3966 6034
213 294 368 362 1397

1185 300 1539 391 EXPOSITIO
1575 301 1646 359 IN
1684 294 2016 358 PSALMOS.
2042 330 2117 345 -
2153 300 2347 359 PSAL.
2394 294 2591 358 CXLIV

3408 288 3545 360 1398

212 432 525 497 virtutem,
548 448 674 505 quae
693 430 814 488 dies
845 431 1130 502 dicuntur,
1154 449 1224 489 eo
1256 434 1411 506 quod
1442 433 1516 488 ad
1545 431 1657 489 diei
1671 430 1829 489 simi-
1859 436 1914 497 Α
1943 430 2048 486 bus
2077 433 2135 487 et
2162 432 2483 489 virtutibus.
2505 432 2668 499 Quod
2686 431 2980 490 estdicere
3009 431 3385 491 :Laudabuut
3401 434 3456 489 te
3473 434 3547 488 de

216 521 538 577 litudinem
568 521 942 593 spiritualiter
961 522 1218 579 animam
1239 523 1731 579 illuminent.Dico
1756 522 1834 576 be-

222 612 478 666 nedicam
502 612 599 666 tibi
622 618 673 666 et
703 612 932 665 laudabo
960 629 1149 667 nomen
1174 619 1344 680 tuum,
1370 613 1431 667 id
1461 617 1545 667 est
1593 612 1839 668 laudabo

214 704 278 754 te
312 700 777 756 consideratione
800 700 1052 755 nominis
1080 701 1161 755 tui
1196 702 1253 754 in
1270 703 1520 756 saeculum
1542 708 1591 755 et
1608 703 1663 756 in
1675 717 1840 755 secu-

214 770 339 843 lmn
367 790 561 843 saeculi.
579 790 695 844 Hoc
708 805 839 845 cum
860 789 1015 844 ilem
1039 789 1111 843 sit
1146 790 1303 862 quod
1328 791 1588 863 superius
1626 790 1843 845 dictum

212 880 331 944 est,
367 878 664 932 benedicam
692 879 923 944 nomini,
969 881 1102 944 etc.,
1131 878 1259 933 ideo
1293 879 1604 951 repetitum
1637 882 1742 946 est,
1778 880 1842 933 ut

219 966 438 1022 subdat
466 983 686 1034 causas,
714 981 816 1020 cur
847 982 981 1021 eum
1014 966 1207 1021 taliter
1254 967 1532 1022 laudabit.
1560 968 1840 1034 Laudabo,

216 1052 489 1128 inquam,
520 1071 554 1110 ο
582 1053 894 1121 auditores,
927 1053 1243 1109 Dominum
1286 1058 1341 1109 in
1386 1057 1638 1111 saeculum
1684 1062 1733 1109 et
1786 1058 1841 1110 in

216 1147 480 1199 sarculum
506 1143 706 1197 saeculi.
726 1142 792 1197 Et
815 1143 921 1197 hoc
952 1158 1017 1197 ca
1043 1142 1527 1212 consideratione,
1562 1144 1698 1216 quia
1726 1161 1840 1197 ma-

221 1249 366 1302 gnus
397 1234 483 1287 est
504 1232 770 1287 Dominus
792 1231 848 1285 in
871 1235 1100 1293 natura,
1122 1231 1181 1285 id
1208 1234 1294 1286 est
1324 1235 1529 1303 potens
1557 1238 1608 1288 et
1651 1232 1841 1286 lauda-

229 1321 370 1388 bilis,
404 1321 461 1375 id
485 1324 569 1376 est
600 1321 808 1392 dignus
834 1321 1021 1376 laude.
1047 1321 1115 1375 Et
1144 1322 1252 1376 hoc
1274 1324 1452 1385 nimis,
1480 1323 1538 1376 id
1565 1326 1648 1378 est
1670 1340 1843 1395 supra

225 1409 556 1465 humanum
607 1409 989 1466 intellectum.
1036 1409 1296 1480 Magnus,
1341 1411 1601 1484 inquam,
1644 1416 1747 1479 est,
1782 1415 1840 1467 et

229 1497 566 1569 adeo,quod
578 1498 961 1567 magnitudinis
979 1497 1027 1569 ej
1039 1515 1102 1553 us
1114 1515 1217 1552 non
1251 1506 1325 1554 est
1352 1500 1502 1569 ﬁnis,
1524 1500 1580 1554 id
1609 1504 1694 1555 est
1723 1504 1839 1555 ter-

232 1587 429 1641 minus
450 1586 661 1641 scilicet
675 1603 792 1641 non
808 1590 998 1659 potest
1016 1587 1461 1655 terminari,non
1476 1592 1662 1660 potest
1674 1607 1840 1645 men-

1941 519 2050 574 boc
2076 522 2229 593 quod
2252 525 2378 578 tuos
2408 522 2467 577 in
2498 522 2797 577 virtutibus
2828 540 3129 594 promoves
3167 527 3224 578 et
3266 522 3544 578 moribus.

1945 608 2011 663 Et
2028 626 2144 664 non
2167 612 2351 665 solum
2374 612 2501 679 hoc,
2522 612 2621 665 sed
2645 612 2820 666 etiam
2859 612 2933 666 ad
2967 612 3045 666 tui
3073 612 3305 667 laudem
3338 618 3549 666 emeta-

1948 697 2097 763 bunt,
2126 699 2183 753 id
2209 702 2292 753 est
2311 700 2564 770 plenarie
2596 698 2850 755 referent
2874 700 2942 755 ad
2978 699 3222 755 invicem
3239 701 3550 755 memoriam

1946 788 2287 842 abundantiae
2305 791 2583 843 suavitatis
2604 795 2737 856 tua»;
2767 788 2827 844 id
2863 792 2949 843 est
2989 788 3336 844 memoriam
3366 789 3549 844 abun-

1948 878 2136 933 dantis
2159 880 2437 932 suavitatis
2455 884 2579 945 tua,
2605 878 2663 935 id
2684 880 2770 933 est
2808 878 3217 933 misericordiae
3238 881 3372 944 tuae,
3399 876 3552 931 scili-

1948 969 2039 1020 cet
2077 968 2397 1022 laudabunt
2438 970 2517 1035 te,
2552 967 2810 1038 plenarie
2859 968 3164 1022 referendo
3205 966 3553 1022 memoriam

1948 1056 2295 1111 abundantis
2328 1056 2734 1111 misericordiae
2764 1056 3079 1120 tum.Quod
3104 1059 3188 1111 est
3216 1055 3405 1111 dicere
3438 1071 3451 1109 :
3477 1055 3557 1109 Ea

1949 1145 2247 1200 occasione
2269 1138 2590 1200 laudabunt
2618 1150 2695 1212 te,
2713 1144 2847 1216 quia
2862 1145 3245 1199 recensebant
3257 1147 3310 1198 te
3324 1142 3558 1214 magni-

1946 1234 2121 1289 ficare
2135 1237 2364 1289 sanctos
2378 1238 2508 1289 tuos
2522 1234 2581 1289 in
2607 1233 2909 1288 sanctitate
2927 1248 3157 1288 morum
3180 1235 3237 1287 et
3258 1232 3554 1297 virtutum,

1947 1339 2064 1378 non
2086 1340 2153 1377 ex
2176 1323 2399 1378 meritis
2418 1324 2549 1389 suis,
2567 1322 2664 1377 sed
2686 1340 2752 1377 ex
2776 1322 3062 1378 memoria
3082 1320 3433 1377 abundantis
3452 1318 3560 1374 mi-

1940 1412 2267 1469 sericordias
2291 1416 2425 1478 tuae,
2451 1411 2663 1466 scilicet
2693 1411 2828 1483 quia
2860 1427 3089 1466 memor
3118 1428 3177 1465 es
3208 1427 3312 1482 per
3332 1408 3556 1464 miseri-

1944 1501 2204 1556 cordiam
2236 1500 2595 1556 sanctiﬁcare
2621 1504 2772 1567 tuos,
2803 1516 2947 1572 quos
2977 1499 3125 1553 visus
3154 1517 3213 1554 es
3234 1514 3339 1570 per
3367 1499 3557 1553 Adam

1948 1589 2224 1645 oblivioni
2266 1589 2509 1643 dedisse.
2558 1588 2635 1642 Et
2685 1588 2859 1643 etiam
2914 1588 3251 1643 exsultabant
3296 1587 3561 1658 justitiam

236 1672 775 1746 surari,nequeloco
792 1674 1285 1747 nequeintellectu
1300 1694 1473 1748 quam
1492 1679 1839 1749 magnussit;
1866 1666 1916 1724 Β
1949 1686 2119 1739 tuam,
2152 1678 2210 1732 id
2240 1680 2326 1732 est
2355 1677 2426 1731 ad
2456 1675 2540 1732 tui
2571 1664 2801 1731 laudem
2848 1677 3201 1731 exsultanter
3236 1673 3560 1730 narrabant

236 1761 767 1834 incircumscriptus
779 1767 864 1818 est
882 1763 972 1817 eni
983 1780 1060 1818 m.
1082 1764 1175 1818 Ve]
1187 1806 1199 1831 ,
1213 1765 1596 1833 magnitudinis
1607 1767 1721 1836 ejus
1736 1784 1845 1823 non

234 1856 313 1905 est
339 1850 493 1923 ﬁnis,
512 1851 569 1906 id
590 1854 675 1905 est
687 1855 908 1907 eeterna
921 1856 1026 1906 est.
1045 1852 1179 1907 Dico
1201 1854 1356 1924 quod
1378 1870 1487 1925 ego
1502 1854 1728 1909 laudabo
1742 1857 1848 1910 Do-

236 1940 469 1994 minum
488 1957 556 1995 ea
569 1940 1034 1995 consideralione
1055 1941 1190 2013 quia
1204 1959 1431 2012 magnus
1442 1944 1527 1995 est
1543 1942 1600 1997 in
1620 1947 1844 2001 natura.

237 2026 525 2083 Generatio
546 2046 664 2082 vero
682 2035 731 2081 et
742 2031 1011 2098 generatio
1040 2046 1168 2101 qua;
1201 2046 1317 2084 non
1340 2033 1426 2084 est
1460 2030 1747 2085 sufﬁciens
1774 2031 1848 2086 ad

233 2117 348 2172 hoc
377 2116 891 2179 considerandum,
914 2118 1118 2172 saltem
1137 2118 1372 2172 laudavit
1392 2135 1547 2189 opera
1571 2125 1723 2181 tua,o
1743 2122 1849 2175 Do-

238 2207 420 2273 mine,
455 2214 505 2260 et
526 2206 815 2261 laudando
838 2222 1015 2277 opera
1026 2207 1449 2278 pronuntiabunt
1471 2207 1623 2263 inter
1641 2226 1698 2264 se
1715 2227 1848 2265 cum

232 2296 404 2349 laude
425 2297 719 2365 potentiam
752 2301 919 2349 tuam.
947 2296 1111 2359 Quod
1134 2299 1218 2350 est
1244 2295 1433 2351 dicere
1462 2313 1475 2351 :
1507 2296 1589 2351 Illi
1607 2298 1701 2368 qui
1716 2300 1850 2353 sunt

237 2383 436 2438 idiolae
450 2386 508 2436 et
527 2383 816 2454 simplices
832 2382 891 2437 in
915 2383 1290 2455 generatione
1307 2387 1359 2438 el
1384 2386 1849 2455 generationc,id

239 2470 399 2526 estin
414 2470 649 2525 diversis
661 2472 1133 2541 generationibus
1152 2472 1532 2544 ﬁdelium,qui
1548 2490 1663 2528 non
1678 2476 1850 2529 erunt

240 2559 592 2614 sufﬁcientes
614 2560 803 2613 videre
819 2564 872 2614 te
891 2577 1171 2632 magnum
1193 2578 1313 2615 esse
1335 2561 1392 2615 in
1417 2567 1641 2627 natura,
1663 2562 1847 2616 consi-

244 2647 741 2702 derabunttamen
756 2648 998 2703 miriﬁca
1010 2665 1187 2720 opera
1200 2651 1297 2703 tua
1312 2649 1758 2715 visibilia,solem
1773 2650 1849 2704 vi-

238 2735 447 2790 delicet
462 2740 519 2790 et
537 2737 759 2802 lunam,
774 2739 832 2791 et
856 2738 1064 2790 caetera
1082 2736 1434 2805 hujusmodi,
1455 2724 1511 2790 et
1531 2738 1850 2792 laudabunt

246 2842 335 2892 ea,
360 2842 428 2879 eo
452 2824 607 2897 quod
639 2825 873 2894 egregia
900 2832 1053 2889 sunt,
1078 2828 1134 2877 et
1168 2824 1457 2877 laudando
1498 2841 1585 2891 ea,
1620 2842 1687 2878 ex
1712 2826 1847 2897 ipsis

238 2929 612 2968 conscensum
652 2912 726 2967 ad
774 2915 829 2965 te
873 2912 1206 2965 Creatorem
1249 2911 1482 2977 facient,
1531 2916 1587 2965 et
1641 2929 1844 2967 eorum

1942 1769 2212 1840 justitiam
2243 1774 2414 1833 tuam,
2434 1765 2646 1819 scilicet
2667 1766 2774 1821 hoc
2792 1766 2943 1835 apud
2964 1781 3023 1819 se
3046 1764 3240 1819 dicent
3260 1761 3560 1836 quiaquod

1950 1858 2043 1912 hic
2073 1857 2282 1929 impios
2308 1855 2496 1928 punis,
2535 1856 2691 1927 justo
2718 1853 2936 1927 judicio
2968 1854 3124 1921 facis,
3148 1857 3207 1909 et
3248 1855 3355 1908 bac
3395 1868 3557 1908 occa-

1952 1947 2111 2000 sione
2141 1948 2197 1999 tc
2224 1945 2561 1999 laudabunt.
2593 1944 2714 1998 Non
2734 1943 2864 1998 idco
2896 1942 3031 1997 dicit
3055 1942 3390 1997 exsultabant
3405 1940 3562 2013 quod

1952 2034 2058 2105 ipsi
2091 2035 2374 2089 exsultent
2412 2034 2483 2087 de
2514 2049 2685 2104 poena
2713 2031 3049 2103 impiorum,
3082 2031 3180 2085 sed
3205 2030 3340 2102 quia
3359 2046 3560 2084 recen-

1953 2122 2132 2177 sendo
2150 2138 2382 2192 poenam
2407 2138 2633 2190 eorum,
2659 2120 2793 2175 inde
2825 2120 2981 2192 quod
3003 2121 3144 2174 tales
3170 2136 3286 2174 non
3304 2117 3559 2181 fuerunt,

1954 2211 2337 2265 exsultabant.

2024 2300 2186 2353 Unde
2218 2297 2518 2352 Psalmista
2548 2297 2683 2352 alibi
2719 2314 2732 2352 :
2768 2319 2795 2349 ‹‹
2825 2297 3136 2352 Laetabitur
3166 2298 3375 2369 justus,
3425 2311 3560 2351 cum

1949 2387 2156 2442 viderit
2197 2387 2476 2443 vindictas
2517 2387 2690 2452 (Psal.
2743 2404 2870 2455 Lvn,
2921 2388 3037 2459 Η),
3093 2405 3126 2439 ι»
3167 2390 3275 2444 etc.
3316 2385 3474 2453 Dico,
3525 2400 3559 2440 o

1952 2476 2262 2541 auditores,
2295 2475 2450 2547 quod
2491 2476 2807 2530 eructabunt
2854 2478 3163 2529 memoriam
3214 2473 3563 2529 abundantis

1950 2567 2233 2618 suavitatis
2249 2563 2502 2620 Domini.
2529 2563 2852 2631 Etmerito;
2879 2581 3016 2619 nam
3038 2564 3301 2618 Dominus
3335 2565 3421 2617 est
3458 2563 3562 2615 mi-

1949 2661 2169 2719 serator,
2191 2652 2507 2706 secundum
2527 2652 2809 2706 beneﬁcia
2839 2651 3252 2707 misericordiae
3275 2650 3559 2721 impensa,

1951 2745 2001 2794 et
2032 2742 2324 2793 misericors
2348 2739 2405 2791 in
2436 2743 2666 2806 natura,
2699 2742 2757 2793 et
2781 2740 2826 2793 si
2857 2739 2998 2794 nulli
3043 2739 3434 2804 benefaceret,
3450 2755 3558 2808 ρας

1952 2829 2086 2882 tiens
2111 2827 2168 2881 in
2200 2827 2585 2899 exspectando
2618 2830 2971 2898 peccatores,
3014 2842 3158 2897 quos
3197 2842 3316 2881 non
3365 2825 3560 2880 statim

1943 2916 2095 2987 juste
2122 2914 2307 2986 punit.
2340 2915 2643 2969 Misericors
2676 2918 2781 2981 est,
2810 2914 3071 2986 inquam,
3099 2921 3148 2968 et
3178 2930 3295 2969 non
3322 2930 3555 2987 parum,

240 3000 700 3056 consideratione
725 3001 778 3054 te
806 3003 1106 3071 potentem
1138 3000 1569 3070 pronuntiando
1596 3001 1668 3054 ad
1700 3000 1842 3055 invi-
1879 3011 1925 3070 Ο
1950 3004 2051 3058 scd
2081 3004 2307 3057 multum
2336 3006 2650 3069 misericors,
2686 3006 2813 3074 plus
2843 3021 3017 3075 quam
3054 3001 3261 3075 aliquis
3309 3002 3556 3058 sufﬁciat

242 3105 367 3143 cem
389 3089 489 3143 tali
520 3091 577 3142 te
610 3087 905 3143 occasione
938 3088 1273 3142 laudabunt.

314 3178 459 3232 Cum
473 3176 611 3230 dicit
632 3176 717 3230 bis
726 3179 1016 3246 generatio,
1039 3175 1466 3247 daturintelligi
1485 3176 1554 3231 de
1577 3177 1845 3232 omnibus

243 3265 503 3320 ﬁdelium
525 3265 1013 3337 generationibus.
1038 3266 1105 3318 Et
1135 3267 1369 3319 notatur
1398 3265 1554 3335 quod
1577 3265 1702 3320 laus
1724 3267 1846 3321 haec

209 3376 225 3394 -
244 3372 308 3410 ex
333 3356 451 3408 sola
473 3355 850 3425 generatione
871 3371 1112 3424 operum
1135 3371 1262 3425 quas
1285 3357 1500 3408 nonest
1523 3371 1844 3426 usquequa-

244 3461 352 3516 que
369 3445 651 3515 perfecta;
678 3443 735 3496 in
760 3443 866 3497 hac
885 3435 1248 3498 solummodo
1270 3443 1386 3497 vita
1421 3444 1723 3497 habebitur
1747 3444 1845 3498 ubi

244 3532 475 3587 diversa:
490 3531 895 3603 generationes
915 3535 1063 3585 sunt.
1090 3533 1151 3584 In
1167 3530 1278 3584 alia
1295 3547 1546 3601 namque
1569 3531 1683 3584 vita
1705 3532 1842 3586 sim-

244 3622 370 3692 plex
401 3619 512 3675 erit
540 3624 871 3674 sanctorum
905 3619 1225 3691 generatio,
1259 3623 1316 3673 et
1346 3619 1401 3672 in
1444 3619 1712 3674 omnibus
1743 3621 1843 3675 Dei

240 3709 495 3781 perfecta
519 3708 773 3780 cognitio
803 3712 861 3762 et
882 3708 1333 3778 laudatio,juxta
1350 3707 1488 3762 illud
1510 3709 1803 3779 prophetae
1826 3725 1840 3763 :

241 3818 271 3850 α
300 3800 477 3854 Nemo
511 3798 650 3854 dicit
678 3797 943 3869 proximo
974 3813 1076 3851 suo
1108 3814 1120 3851 :
1157 3798 1448 3868 Cognosce
1479 3798 1684 3863 Deum,
1709 3798 1845 3869 quia

242 3903 440 3943 omnes
486 3888 670 3943 scient
715 3904 809 3942 me
853 3903 886 3940 a
936 3886 1161 3941 minore
1200 3903 1377 3957 usque
1418 3886 1489 3939 ad
1524 3886 1842 3942 maximum

242 3976 375 4047 (Jer.
405 3994 549 4044 xxxv,
580 3976 686 4047 3st).
721 3998 748 4024 ››
780 3976 902 4030 Non
934 3976 1118 4029 solum
1158 3978 1352 4029 autem
1382 3974 1843 4047 pronuntiabunt

240 4065 557 4134 potentiam
582 4069 739 4119 tuam
763 4064 1021 4119 contuitu
1040 4080 1281 4134 operum
1297 4063 1651 4130 tuorum,sed
1666 4062 1841 4118 etiam

242 4151 516 4221 loquentur
534 4155 983 4221 magniﬁcentiam
1001 4154 1185 4222 gloria:
1209 4155 1505 4207 sanctitatis
1524 4156 1650 4219 tuae,
1670 4151 1727 4205 id
1758 4155 1843 4206 est

1951 3092 2023 3145 ad
2040 3092 2469 3163 exponendum.
2489 3091 2750 3147 Ostendit
2775 3095 2969 3146 autem
2990 3091 3143 3163 quod
3171 3092 3419 3145 multum
3434 3107 3559 3145 sua-

1952 3182 2030 3234 vis
2054 3187 2151 3246 est,
2184 3180 2242 3234 id
2273 3183 2359 3233 est
2398 3181 2725 3247 miserator,
2772 3180 3042 3235 addendo
3097 3179 3173 3234 sic
3206 3194 3219 3233 :
3248 3178 3557 3245 Miserator,

1950 3269 2189 3340 inquam
2211 3272 2269 3322 et
2288 3269 2649 3323 DomiausEt
2671 3285 2785 3323 non
2815 3268 3028 3340 paucis,
3044 3269 3143 3323 sed
3158 3270 3353 3335 suavis,
3386 3267 3446 3321 id
3474 3268 3561 3322 est

1952 3356 2258 3411 miserator
2285 3359 2370 3410 est
2394 3356 2659 3411 Dominus
2686 3359 2962 3424 universis,
2991 3355 3047 3410 id
3077 3358 3163 3411 est
3202 3353 3558 3412 omnismodi

1949 3433 2304 3511 horninibus,
2333 3448 2454 3499 tam
2489 3444 2701 3500 Judaeis
2745 3462 2919 3517 quam
2972 3444 3301 3516 gentilibus,
3345 3444 3559 3499 scilicet

1948 3533 2228 3587 beneﬁcia
2256 3532 2663 3587 misericordiae
2681 3549 2795 3587 suae
2815 3533 3063 3605 plurima
3076 3532 3428 3587 omnismodi
3447 3533 3553 3586 ho-

1950 3622 2203 3676 minibus
2234 3621 2536 3692 impendit.
2566 3620 2641 3675 Et
2668 3623 3049 3688 miserationes,
3081 3620 3138 3675 id
3160 3623 3247 3675 est
3274 3618 3556 3675 beneﬁcia

1949 3708 2358 3764 misericordia}
2372 3709 2485 3779 ejus
2514 3713 2648 3765 sunt
2669 3727 2824 3780 super
2846 3710 3026 3763 omnia
3048 3725 3202 3779 opera
3220 3708 3351 3778 ejus,
3381 3707 3440 3761 id
3467 3710 3554 3761 est

1949 3797 2569 3868 prtesuntomnismodi
2603 3797 2874 3869 operibus
2897 3798 3039 3868 ejus,
3055 3813 3120 3851 ac
3136 3796 3181 3851 si
3204 3796 3385 3850 dicat:
3407 3795 3552 3851 Cum

1949 3886 2006 3940 in
2026 3886 2141 3940 suis
2163 3888 2434 3958 operatur
2455 3885 3028 3951 ﬁdem,charitatem,
3049 3887 3107 3939 et
3125 3887 3362 3939 caeteras
3375 3883 3552 3938 virtu-

1952 3975 2174 4040 tes,boc
2197 3991 2263 4028 ex
2299 3974 2672 4029 miseratione
2695 3974 2851 4028 facit.
2873 3972 3013 4027 Cum
3044 3989 3176 4027 vero
3203 3976 3412 4045 praaest
3440 3970 3549 4026 eis-

1949 4063 2080 4117 dem
2116 4063 2386 4135 operibus
2419 4080 2643 4125 eorum,
2671 4066 2734 4117 ut
2771 4061 2957 4135 magis
2988 4062 3287 4134 magisque
3315 4076 3550 4133 promo-

1944 4155 2205 4220 veantur,
2225 4152 2284 4205 in
2314 4151 2445 4222 ipsis
2471 4152 2644 4206 etiam
2664 4150 3127 4224 promotionibus
3152 4149 3550 4204 miserationes

242 4238 733 4310 magnificentiam
782 4242 1043 4309 gloriosas
1090 4240 1406 4295 sanctitatis
1458 4244 1569 4294 tute
1627 4239 1841 4295 scilicet
1863 4234 1918 4292 D
1943 4240 2064 4312 ejus
2087 4242 2455 4296 denotantur.
2488 4242 2772 4306 Quoniam
2801 4241 3022 4295 dixerat
3050 4239 3203 4310 quod
3230 4252 3407 4307 opera
3435 4237 3548 4289 Do-

240 4325 556 4382 laudabunt
586 4329 663 4392 te,
699 4326 984 4396 loquendo
1019 4326 1091 4380 ad
1122 4326 1366 4380 invicem
1392 4327 1756 4398 magniﬁcam
1780 4332 1839 4383 et

242 4416 550 4487 gloriosam
571 4415 937 4470 sanctitatem
957 4429 1187 4468 morum
1213 4415 1760 4486 etvirtutum,quam
1778 4417 1835 4470 in

239 4505 342 4559 hac
357 4504 469 4558 vita
484 4504 695 4559 sanctis
720 4503 829 4557 tuis
850 4503 969 4556 das.
994 4501 1069 4556 Et
1088 4503 1354 4556 mirabilia
1386 4509 1477 4555 tua
1518 4503 1836 4570 narrabant,

237 4592 772 4647 scilicetlaudabunt
793 4594 846 4647 te
864 4592 1154 4647 narrando
1176 4592 1247 4645 ad
1268 4590 1506 4644 invicem
1530 4590 1835 4659 mirabilia,

239 4680 293 4735 id
314 4685 397 4737 est
412 4682 687 4735 miracula
700 4699 825 4752 quze
839 4698 944 4753 per
956 4684 1182 4734 sanctos
1195 4683 1319 4734 tuos
1331 4679 1729 4750 operaris.Hoc
1743 4697 1838 4734 au-

239 4772 351 4823 tem
367 4773 553 4824 totum
568 4772 651 4824 est
667 4786 731 4823 ac
745 4770 789 4824 si
812 4769 992 4823 dicat:
1015 4768 1353 4823 Laudabunt
1371 4770 1423 4821 te
1435 4768 1694 4823 contuitu
1709 4785 1835 4823 mo-

239 4874 360 4912 rum
371 4862 449 4924 ,ct
460 4858 603 4911 virtu
611 4862 730 4912 tum
742 4863 821 4923 ,ct
835 4858 1245 4911 miraculorum
1259 4859 1587 4912 sanctorum
1600 4858 1836 4911 tuorum

240 4945 313 4999 Et
327 4946 501 5000 etiam
516 4947 587 5000 ad
604 4945 680 4999 tui
698 4947 929 5000 laudem
942 4945 1279 5000 dicentinter
1289 4961 1348 4999 se
1360 4948 1607 5000 virtutem
1630 4945 1835 5001 terribi-

242 5034 388 5101 lium,
402 5039 614 5089 tuorum
634 5035 691 5088 id
711 5038 796 5089 est
814 5034 1127 5089 virtuosam
1150 5034 1467 5105 potentiam
1495 5034 1836 5090 terribilium

241 5121 521 5176 ultionum
537 5125 762 5176 tuarum
775 5140 907 5195 ,qua
920 5123 1010 5177 hic
1024 5122 1228 5195 impios
1244 5122 1636 5194 multipliciter
1645 5124 1834 5194 punis.

244 5208 399 5272 Quod
422 5213 508 5264 est
528 5227 590 5264 ac
613 5210 657 5264 si
682 5210 835 5266 dicat
858 5228 870 5266 :
898 5211 1236 5265 Laudabunt
1251 5214 1305 5264 te
1328 5203 1625 5265 occasibne
1639 5214 1842 5284 poten-

242 5297 329 5351 tim
344 5299 697 5370 tute,quabic
715 5299 888 5354 etiam
904 5300 980 5353 im
989 5300 1112 5370 pios
1124 5299 1392 5372 punis.Et
1403 5300 1475 5354 ad
1491 5300 1719 5355 laudem
1736 5301 1837 5369 tui,

244 5387 658 5456 magnitudinem
689 5394 834 5441 tuam
867 5388 1018 5442 inter
1043 5405 1101 5442 se
1124 5388 1440 5455 narrabant,
1473 5388 1685 5442 scilicet
1716 5391 1837 5443 lau-

244 5458 671 5546 dabunt
696 5479 752 5529 te
782 5477 1075 5531 narrando
1092 5476 1556 5547 magnitudinem
1587 5481 1763 5543 tuan],
1785 5479 1840 5534 id

245 5566 323 5621 est
340 5580 613 5637 magnam
629 5565 1060 5636 promotionem
1077 5565 1333 5623 ﬁdelium
1345 5569 1577 5623 tuorum
1594 5566 1653 5624 in
1671 5569 1846 5625 mori-

1944 4329 2087 4384 mini
2119 4347 2289 4384 causa
2321 4334 2378 4385 et
2398 4330 2640 4385 materia
2672 4332 2861 4383 essent
2890 4344 3069 4398 quare
3096 4326 3265 4396 ipsea
3286 4323 3549 4377 ﬁdelibus

1943 4419 2296 4483 laudaretur,
2324 4422 2449 4473 orat
2479 4422 2537 4471 et
2562 4419 2725 4487 optat
2757 4420 2817 4470 ut
2846 4417 2955 4468 hoc
2991 4415 3063 4467 sit
3087 4411 3248 4467 sicuti
3288 4410 3548 4483 superius

1943 4505 2435 4571 enuntiavit.l)ixi,
2457 4504 2724 4569 Domine,
2744 4502 2896 4574 quod
2912 4503 3180 4573 generatio
3201 4506 3249 4554 et
3274 4501 3545 4569 generatio

1943 4594 2183 4648 laudabit
2213 4611 2365 4663 opera
2398 4599 2510 4657 lua,
2542 4597 2645 4646 etc.
2661 4634 2674 4659 ,
2694 4591 3055 4663 scilicetquia
3077 4607 3252 4663 opera
3269 4592 3388 4655 tua,
3413 4605 3547 4644 con-

1940 4683 2189 4737 siderata
2214 4682 2468 4753 egregia,
2503 4698 2672 4735 causa
2701 4685 2872 4736 erunt
2901 4697 3078 4753 quare
3118 4697 3152 4734 a
3180 4677 3446 4733 ﬁdelibus
3484 4678 3542 4731 in

1941 4770 2099 4825 omni
2122 4771 2496 4841 generatione
2519 4771 2786 4847 lauderis.
2817 4772 2884 4825 Et
2913 4771 2993 4826 ita
3017 4763 3088 4824 sit
3121 4786 3134 4824 :
3169 4768 3545 4837 Con/iteantur

1942 4859 2056 4924 tibi,
2079 4859 2325 4925 Domine,
2359 4859 2417 4913 id
2449 4863 2553 4922 est,
2583 4861 2821 4915 laudent
2855 4864 2910 4913 te
2943 4860 3122 4912 omnia
3152 4874 3308 4928 opera
3336 4862 3451 4918 tua,
3482 4853 3540 4908 id

1940 4950 2025 5002 est
2049 4947 2246 5002 omnia
2266 4964 2442 5019 opera
2467 4951 2565 5003 tua
2590 4949 2951 5003 considerata
2972 4944 3216 4999 materia
3231 4944 3346 4997 sint
3364 4959 3542 5015 quare

1940 5055 1974 5091 a
2000 5036 2261 5092 ﬁdelibus
2277 5037 2542 5093 lauderis.
2567 5037 2643 5091 Et
2667 5034 2947 5108 quidquid
2967 5034 3040 5088 sit
3061 5034 3131 5089 de
3152 5033 3373 5088 caeteris
3400 5049 3540 5103 ope-

1940 5126 2117 5192 ribus,
2150 5127 2353 5180 saltem
2383 5128 2557 5180 sancti
2573 5127 2672 5192 tui,
2697 5141 2840 5197 quos
2865 5124 2922 5178 in
2956 5123 3213 5177 moribus
3238 5125 3296 5176 et
3324 5121 3544 5175 virtuti-

1941 5215 2047 5269 bus
2076 5216 2358 5286 perl'ectos
2371 5213 2849 5279 facis,benedicant
2868 5213 2983 5279 tibi,
3008 5211 3066 5266 id
3092 5214 3177 5266 est
3198 5210 3434 5265 laudent
3459 5211 3536 5263 te.

1943 5302 2103 5367 Quod
2124 5305 2209 5357 est
2226 5302 2415 5356 dicere
2438 5318 2449 5355 :
2477 5299 2759 5356 Sanctitas
2780 5304 3035 5369 tuorum,
3056 5302 3386 5356 sanctorum
3415 5312 3539 5351 ma-

1943 5390 2089 5445 teria
2119 5390 2191 5443 sit
2222 5390 2405 5444 laudis
2448 5392 2577 5444 tua}.
2616 5389 2727 5445 Hoc
2758 5407 2893 5446 vero
2926 5391 3080 5462 quod
3111 5388 3386 5461 sequitur,
3420 5403 3541 5443 non

1944 5483 2027 5533 est
2047 5478 2229 5533 oratio
2260 5480 2341 5532 vel
2368 5479 3173 5551 Optatio,cumdicit,gloriam
3198 5481 3364 5545 regni,
3406 5481 3542 5544 etc.,

1946 5568 2046 5623 sed
2079 5567 2369 5624 enarratio
2400 5571 2483 5623 est
2509 5567 2581 5624 ad
2615 5568 2715 5624 Dei
2738 5569 2970 5624 laudem
3001 5570 3286 5643 spectans,
3311 5583 3438 5640 qua:
3466 5566 3548 5624 sic
