4016 6030
418 280 553 350 1399

1004 281 1065 348 S.
1103 282 1450 347 BRUNONIS
1490 276 2123 340 CARTHUSIANORUM
2162 276 2633 342 lNSTl’l‘U‘l‘ORlS
2669 276 2827 341 OPP.
2868 278 3046 338 PARS
3072 278 3117 340 l.

3582 277 3779 341 1400

409 412 806 488 superioribus
816 412 1244 489 jungitur.Dixi
1264 409 1418 485 quod
1444 408 1661 476 fideles,
1680 405 1739 462 in
1764 420 2005 479 genera-
2035 403 2089 465 A
2115 403 2179 458 In
2211 404 2325 463 hoc
2348 408 2545 462 autem
2577 404 2840 463 Dominus
2864 403 3273 479 comprobatur
3300 420 3423 461 esse
3448 402 3671 478 ﬁdelis,
3690 401 3767 462 id

404 503 565 559 tione
595 506 655 559 et
683 504 1079 577 generatione,
1109 499 1559 570 magniﬁcentiam
1589 495 1851 568 gloriosae
1884 511 2007 548 san-

407 593 627 658 ctitatis,
657 610 833 664 quam
862 595 920 647 tu
954 594 1103 648 Deus
1131 590 1224 644 hic
1246 589 1347 644 das
1372 585 1600 651 sanctis,
1634 585 1929 656 loquentur,
1951 587 2011 637 et

407 677 515 735 bac
535 680 995 736 consideratione
1021 682 1077 733 te
1094 678 1430 734 laudabunt.
1454 676 1521 731 Et
1537 691 1653 729 non
1671 674 1856 727 solum
1876 672 2006 736 hoc,

404 768 509 822 sed
534 768 711 824 etiam
738 770 812 824 ad
828 768 907 823 tui
925 768 1154 823 laudem
1174 766 1249 821 ad
1265 764 1509 819 invicem
1525 763 1753 833 gloriam
1770 762 1920 830 regni
1932 763 2013 814 tui

404 856 601 925 dicent,
636 857 697 913 id
726 861 812 913 est
840 857 1158 912 laudabunt
1182 858 1236 910 te
1281 853 1526 909 dicendo
1558 856 1616 907 et
1657 851 2007 906 recensendo

403 945 678 1015 gloriam,
712 963 886 1020 quam
918 945 977 1001 in
1008 945 1201 1001 futuro
1232 942 1440 1001 sanctis
1471 941 1581 997 tuis
1610 941 1667 996 in
1703 957 1885 1013 regno
1908 942 2007 995 tuo

404 1033 587 1090 dabis.

476 1123 544 1177 Et
565 1122 676 1179 dixi
709 1124 863 1197 quod
891 1124 1153 1179 virtutem
1199 1121 1517 1176 terribilium
1553 1127 1766 1174 tuorum
1812 1119 2004 1183 dicent,

400 1209 617 1267 scilicet
637 1213 709 1268 ad
732 1212 812 1267 tui
834 1213 1068 1268 laudem
1090 1212 1282 1267 dicent
1306 1210 1456 1265 inter
1476 1225 1535 1263 se
1566 1208 1874 1262 virtuosam
1903 1222 2009 1276 po-

399 1299 645 1356 tentiam
672 1301 958 1357 ultionum
986 1304 1217 1356 tuarum
1248 1298 1746 1368 terribilium,qua
1775 1295 1864 1350 hic
1896 1295 2005 1349 im-

399 1387 528 1458 pios
549 1387 817 1458 punisEt
840 1405 957 1443 non
977 1389 1162 1443 solum
1191 1388 1300 1442 hoc
1314 1386 1432 1453 ,sed
1450 1389 1508 1440 et
1527 1386 1805 1456 loquentur
1811 1392 2003 1454 poten-

400 1479 532 1532 tiam
559 1484 726 1543 tuam,
760 1494 875 1549 qua
896 1476 1102 1548 impios
1123 1476 1179 1530 in
1200 1477 1390 1530 futuro
1418 1473 1713 1546 punies,et
1735 1474 1844 1528 hoc
1874 1489 2005 1527 con-

397 1564 546 1619 tuitu
562 1564 878 1620 laudabunt
893 1567 969 1619 te.
998 1565 1322 1637 Loquentur,
1352 1563 1610 1635 inquam,
1642 1561 1795 1616 inter
1823 1578 1881 1616 se
1900 1579 2001 1633 po-

401 1655 624 1709 tentiam
667 1660 837 1719 tuam,
884 1653 965 1709 ita
1008 1656 1206 1708 tamen
1235 1659 1294 1707 ut
1320 1651 1447 1706 aliis
1472 1651 1598 1722 ﬁliis
1622 1652 1912 1715 hominum,
1946 1650 2001 1703 id

396 1745 484 1795 est
512 1741 845 1797 hominibus
875 1740 1060 1814 ipsam
1118 1721 1516 1813 ignorantibus
1564 1745 1745 1793 notam
1794 1721 2072 1808 facz’antB

396 1830 548 1891 hanc
566 1833 867 1902 potentiam
899 1837 1068 1897 tuam,
1098 1832 1156 1885 et
1174 1829 1252 1885 sic
1270 1847 1367 1885 eos
1397 1831 1469 1884 ab
1491 1830 1597 1883 hac
1620 1828 1897 1901 potentia,
1928 1845 2000 1882 ne

396 1935 495 1974 eos
518 1920 723 1991 puniat
748 1937 947 1975 cavere
977 1936 1080 1990 per
1106 1920 1321 1974 bonam
1349 1918 1527 1973 vitam
1558 1916 1999 1972 faciant.EtDixi

396 2005 674 2078 quoniam
696 2007 851 2062 inter
875 2024 934 2062 se
966 2007 1166 2062 dicunt
1181 2008 1411 2076 gloriam
1438 2007 1588 2074 regni
1609 2007 1705 2072 tui,
1727 2012 1775 2059 et
1811 2004 1890 2058 sic
1921 2007 2001 2059 ta-

395 2110 533 2149 men
557 2101 616 2149 ut
643 2095 767 2151 aliis
788 2095 1185 2165 ignorantibus
1204 2102 1383 2149 notam
1403 2095 1611 2165 faciant
1636 2094 1866 2163 gloriam
1887 2108 2000 2148 ma-

392 2184 731 2252 gniﬁcentiee,
766 2167 1035 2255 id
1056 2186 1141 2238 est
1164 2183 1537 2255 magniﬁcam
1566 2181 1811 2255 gloriam
1845 2182 1998 2251 regni

395 2273 493 2338 tui,
526 2275 583 2326 et
614 2272 964 2327 notiﬁcando
979 2290 1076 2327 eos
1099 2272 1173 2327 ad
1202 2271 1620 2343 appetitionem
1640 2270 1804 2341 regni
1829 2270 1998 2340 hujus

394 2360 709 2415 attrahant.
754 2360 931 2431 Regni
969 2363 1051 2416 tui
1082 2361 1229 2427 dico,
1276 2360 1432 2432 quod
1482 2376 1702 2429 regnum
1734 2366 1884 2414 tuum
1913 2359 1999 2412 est

395 2464 618 2516 regnum
646 2451 883 2503 omnium
908 2449 1243 2515 saeculorum,
1272 2449 1330 2523 id
1361 2450 1447 2503 est
1476 2447 1731 2502 durabile
1758 2462 1858 2517 per
1878 2462 1999 2501 om-

392 2533 493 2587 nia
522 2535 748 2601 saacula,
782 2534 996 2589 scilicet
1015 2538 1302 2589 aeternum
1320 2535 1685 2605 est.ldeoque
1700 2533 1878 2588 nimio
1905 2534 2000 2587 de-

394 2620 607 2677 siderio
637 2625 724 2678 est
747 2624 1156 2695 appetendum.
1194 2623 1317 2677 Dixn
1345 2638 1575 2694 quoque
1624 2621 1779 2694 quod
1814 2626 1997 2676 notam

391 2710 557 2780 faciet
575 2714 872 2781 potentiam
893 2719 1064 2779 tuam,
1089 2716 1153 2766 ut
1182 2711 1318 2766 inde
1344 2710 1610 2766 homines
1637 2712 1891 2765 caveant.
1922 2709 1999 2763 Et

390 2799 517 2855 haec
546 2798 856 2867 dominatio,
890 2800 948 2855 id
978 2803 1063 2855 est
1100 2799 1363 2871 potentia
1391 2804 1486 2855 tua
1514 2799 1790 2854 durabilis
1830 2800 1917 2853 est
1942 2800 1999 2852 in

393 2891 543 2945 omni
573 2892 907 2959 generatione
935 2889 1104 2960 hujus
1128 2889 1281 2956 vitae,
1313 2895 1364 2943 et
1392 2905 1572 2960 usque
1604 2890 1658 2942 in
1699 2888 1996 2957 generatio-

392 2993 533 3044 nem,
563 2980 695 3048 post
722 2978 872 3032 hanc
902 2975 1079 3031 vitum
1124 2976 1401 3031 futuram.
1444 2977 1693 3048 Ideoque
1732 2976 1896 3030 valde
1926 2973 1993 3028 ti-
2017 2992 2064 3054 α

392 3064 610 3119 menda
636 3068 722 3120 est
750 3068 807 3119 et
827 3065 1101 3120 cavenda.
1135 3064 1283 3119 Cum
1327 3064 1466 3119 dicit
1501 3064 1562 3119 in
1602 3066 1750 3118 omni
1774 3079 1995 3134 genera-

395 3153 554 3218 tione,
570 3152 1006 3225 datintelligere
1030 3155 1221 3224 plures
1255 3153 1687 3224 generationes,
1707 3155 1763 3206 et
1776 3152 2000 3223 perhoc

391 3240 586 3297 innuit
604 3244 785 3298 totam
816 3243 967 3298 hanc
995 3243 1171 3297 vitam
1196 3243 1252 3297 in
1279 3258 1394 3314 qua
1411 3241 1705 3312 multiplex
1724 3245 1809 3296 est
1821 3256 1998 3312 gene-

390 3329 562 3384 ratio.
598 3330 741 3384 Cum
775 3330 914 3385 dicit
938 3333 995 3384 in
1018 3333 1385 3401 generatione,
1419 3329 1589 3383 aliam
1620 3329 1796 3383 vitam
1814 3331 1997 3395 notat,

392 3416 450 3471 in
473 3434 588 3488 qua
606 3433 722 3472 non
736 3417 848 3472 erit
871 3417 1322 3488 generationum
1346 3417 1756 3489 multiplicitas,
1771 3418 1873 3472 sed
1888 3434 2002 3472 una

393 3503 634 3576 simplex
683 3506 1005 3576 generatio.
1049 3507 1175 3562 Non
1222 3507 1408 3561 solum
1456 3508 1650 3561 autem
1685 3509 1812 3578 post
1852 3506 2001 3560 hanc

390 3592 568 3648 vitam
582 3594 843 3664 potentia
854 3594 1086 3650 Domini
1106 3595 1303 3667 puniet
1327 3594 1556 3666 iniquos
1576 3594 1634 3649 in
1648 3594 2002 3663 inferno,sed

393 3682 651 3752 quandiu
672 3682 849 3737 etiam
879 3687 1005 3739 tota
1038 3684 1160 3739 hmo
1188 3684 1307 3739 vita
1336 3685 1526 3751 durat,
1555 3684 1767 3738 multos
1797 3700 1999 3739 eorum

391 3770 580 3841 punit,
613 3770 695 3826 ibi
719 3772 845 3843 jam
874 3772 1031 3842 juste
1058 3773 1294 3843 positos.
1328 3772 1467 3827 Dico
1505 3773 1661 3844 quod
1695 3789 1915 3842 regnum
1952 3782 2002 3828 et

390 3858 684 3915 dominatio
711 3859 943 3915 Domini
968 3863 1189 3915 aeterna
1210 3863 1364 3915 sunt.
1384 3860 1546 3925 Quod
1568 3877 1813 3932 regnum
1836 3860 2002 3918 bonis

392 3947 681 4019 promisit,
709 3951 769 4003 et
794 3966 970 4022 quam
1004 3948 1465 4005 dominationem
1492 3948 1881 4005 comminatus
1916 3954 2003 4006 est

391 4034 582 4090 malis.
609 4038 676 4090 Et
712 4037 883 4105 ﬁdelis
909 4040 995 4092 est
1023 4038 1308 4106 Dominus,
1337 4038 1396 4093 id
1443 4042 1529 4093 est
1577 4054 1747 4092 verax
1796 4041 1882 4093 est
1945 4041 2001 4093 in

392 4123 637 4177 omnibus
656 4125 825 4178 verbis
852 4126 981 4187 suis,
1000 4128 1121 4179 tam
1143 4126 1201 4181 in
1232 4125 1614 4196 promissione
1643 4125 1808 4198 regni
1824 4143 1998 4198 quam

2111 496 2199 548 est
2221 511 2391 550 verax
2424 497 2480 551 in
2509 496 2752 550 omnibus
2772 496 2941 552 verbis
2959 496 3087 562 suis,
3111 494 3266 566 quia,
3303 510 3432 550 cum
3464 510 3761 566 regnum

2110 599 2277 637 suum
2310 585 2641 656 promiserit
2668 584 2997 640 hominibus
3012 583 3429 650 corruentibus,
3455 584 3600 638 inde
3628 598 3761 654 per

2111 671 2416 743 originalia
2435 677 2669 746 peccata
2682 674 3017 741 etactualia,
3046 676 3104 728 et
3123 689 3232 744 per
3254 690 3313 728 se
3344 691 3463 729 non
3494 673 3758 744 possint

2109 760 2183 814 ad
2213 761 2351 816 illud
2369 763 2696 829 ascendere,
2713 763 2907 817 allevat
2926 762 3188 817 Dominus
3220 776 3324 835 per
3339 761 3750 834 adeptionem

2109 850 2311 918 gratia:
2337 869 2515 906 omnes
2544 853 2643 924 qui
2684 851 2818 906 inde
2844 857 3121 918 corruunt,
3155 850 3214 905 id
3244 853 3332 905 est
3358 849 3747 907 omnismodi

2108 936 2374 994 homines
2385 941 2540 1012 quod
2553 941 2686 995 inde
2699 943 2976 995 corruunt
2985 955 3091 1009 per
3110 943 3408 1011 peccatum
3430 940 3744 1013 originale

2110 1029 2168 1081 et
2196 1044 2299 1099 per
2318 1028 2580 1083 actualia.
2611 1028 2825 1084 Allevat
2854 1027 3089 1101 quidem
3115 1032 3243 1099 post
3272 1029 3529 1100 corporis
3558 1044 3747 1083 mor-

2108 1118 2253 1183 tem,
2287 1118 2478 1173 dando
2504 1118 2584 1172 eis
2611 1118 2665 1172 in
2699 1118 2820 1190 ipso
2848 1135 3030 1190 regno
3062 1118 3377 1190 perfectam
3410 1119 3741 1174 beatitudi-

2109 1205 2698 1272 nem,asimilitudine
2720 1207 2856 1263 boni
2882 1207 3146 1276 pastoris,
3163 1207 3261 1280 qui
3282 1225 3445 1263 ovem
3476 1226 3608 1280 quas
3649 1210 3737 1264 de

2105 1293 2329 1363 pascuis
2352 1295 2437 1348 vel
2461 1294 2531 1348 de
2559 1294 2686 1349 ovili
2720 1294 2935 1349 montis
2952 1294 3255 1365 cujuslibet
3277 1295 3574 1363 corruit,et
3590 1314 3731 1353 non

2106 1385 2294 1453 potest
2311 1399 2482 1454 persc
2506 1384 2835 1450 ascendere,
2854 1383 3200 1439 inbumeros
3216 1401 3346 1439 suos
3372 1386 3540 1451 levat,
3556 1389 3616 1440 et
3641 1386 3731 1441 ad

2107 1486 2336 1540 pascua,
2357 1473 2442 1525 vel
2477 1471 2550 1526 ad
2569 1472 2714 1526 ovile
2738 1475 3021 1542 reportat.
3051 1473 3119 1527 Et
3147 1473 3296 1528 bene
3318 1472 3483 1545 ponit
3505 1490 3726 1540 omnes,

2105 1576 2221 1613 non
2241 1560 2395 1631 quod
2414 1577 2617 1615 omnes
2630 1562 2833 1615 allevet
2854 1561 2951 1632 qui
2972 1561 3108 1616 inde
3140 1565 3435 1628 corruunt,
3458 1563 3559 1617 sed
3571 1562 3728 1635 quia

2104 1664 2169 1701 ex
2190 1647 2353 1702 omni
2368 1665 2581 1718 genere
2608 1648 2999 1704 corruentium
3028 1650 3242 1704 multos
3268 1651 3489 1717 allevat,
3505 1650 3725 1705 videli-

2103 1739 2194 1790 cet
2222 1740 2280 1791 et
2309 1737 2379 1791 de
2400 1737 2591 1792 minus
2615 1737 2888 1809 graviter,
2910 1740 2967 1791 et
2985 1737 3058 1792 de
3089 1738 3274 1809 magis
3298 1738 3547 1809 graviter
3571 1756 3724 1810 pec-

2104 1825 2382 1880 cantibus.
2399 1825 2447 1880 A
2459 1825 2878 1898 lleoat,inquam
2890 1868 2903 1893 ,
2919 1829 3048 1898 post
3068 1828 3417 1883 mortem.Et
3429 1827 3563 1899 quia
3584 1844 3719 1883 non

2074 1918 2333 1984 possent
2365 1913 2594 1969 allevari
2627 1914 2699 1969 ad
2730 1915 2840 1970 hoc
2866 1932 3113 1985 regnum
3140 1919 3272 1985 post
3292 1919 3562 1981 mortem,
3586 1915 3713 1970 nisi

2100 2001 2257 2072 prius
2280 2001 2339 2057 in
2356 2004 2463 2058 hac
2482 2003 2595 2057 vita
2619 2003 2984 2074 erigerentur
3007 2020 3108 2070 per
3124 2006 3488 2075 peccatorum
3503 2004 3720 2058 remis-

2098 2088 2348 2157 sionem,
2375 2090 2533 2162 prius
2557 2093 2719 2162 erigit
2747 2109 2946 2159 omnes,
2975 2091 3031 2146 id
3061 2095 3146 2146 est
3177 2091 3527 2147 omnismodi
3553 2093 3718 2148 olims

2098 2179 2219 2232 tam
2251 2179 2479 2249 gravius
2516 2196 2690 2250 quam
2722 2179 2914 2234 minus
2959 2180 3210 2252 graviter
3250 2180 3440 2247 elisos,
3489 2180 3714 2235 scilicet

2099 2283 2231 2320 cum
2254 2284 2322 2321 ex
2353 2270 2473 2323 toto
2499 2268 2615 2322 sint
2642 2268 2784 2336 elisi,
2811 2268 2868 2322 id
2901 2272 2987 2323 est
3008 2286 3136 2323 cum
3174 2268 3231 2323 in
3280 2269 3361 2323 eis
3393 2270 3709 2324 contractas

2100 2354 2216 2408 sint
2243 2356 2499 2423 virtutes,
2514 2360 2572 2411 et
2595 2357 2843 2412 liberum
2860 2357 3187 2423 arbitrium,
3202 2361 3440 2429 propter
3453 2357 3707 2412 nimium

2100 2444 2327 2513 pondus
2355 2448 2745 2514 peccatorum,
2779 2450 2837 2501 et
2856 2462 2961 2517 per
2987 2463 3047 2500 se
3077 2462 3194 2500 non
3222 2445 3445 2517 possint
3470 2446 3539 2501 de
3560 2462 3705 2501 con-

2098 2532 2379 2587 tractione
2413 2534 2519 2588 hac
2549 2533 2713 2605 erigi,
2735 2535 2905 2606 erigit
2932 2551 3031 2589 eos
3060 2536 3294 2606 peccata
3325 2533 3702 2602 remittendo,

2099 2624 2158 2675 et
2188 2619 2579 2677 innocentiam
2629 2623 2688 2677 in
2719 2622 2802 2678 eis
2838 2622 3216 2689 restituendo,
3249 2639 3284 2676 a
3325 2622 3701 2678 similitudine

2100 2708 2269 2776 illius,
2292 2710 2538 2782 quicum
2559 2711 2629 2766 de
2659 2711 2851 2783 aliquo
2884 2712 3009 2766 loco
3051 2710 3283 2765 sublimi
3318 2710 3603 2778 ceciderit,
3635 2715 3697 2765 et

2100 2798 2353 2869 graviter
2378 2799 2548 2854 elisus
2569 2816 2673 2870 per
2689 2818 2749 2854 se
2776 2799 2921 2871 erigi
2946 2799 3165 2870 nequit,
3191 2816 3223 2853 a
3248 2800 3503 2872 quolibet
3518 2799 3702 2871 erige-

2101 2889 2212 2941 tur.
2223 2887 2375 2941 Facit
2388 2892 2580 2943 autem
2598 2888 3008 2960 apostrOpham
3030 2888 3104 2942 ad
3121 2890 3300 2943 Deum
3317 2904 3384 2942 ex
3397 2888 3703 2943 affectione

2106 2974 2287 3029 nimia
2320 2976 2392 3030 ad
2418 2977 2735 3048 gratiarum
2767 2977 3053 3031 actionem
3087 2976 3165 3031 sic
3196 2992 3210 3031 :
3243 2976 3400 3043 Dico,
3433 2977 3701 3045 Domine,

2104 3063 2259 3133 quod
2288 3064 2641 3119 omnismodi
2668 3064 2840 3143 elisos
2881 3064 3074 3135 erigis.
3115 3065 3185 3119 Et
3219 3065 3360 3119 oculi
3398 3065 3703 3120 interiores

2101 3153 2341 3206 omnium
2367 3156 2715 3220 erecturum,
2734 3152 2788 3207 id
2817 3154 2903 3208 est
2932 3155 3158 3208 mentes
3187 3152 3451 3207 omnium
3479 3156 3702 3209 erecto-

2102 3256 2298 3306 rum,o
2324 3242 2574 3308 Domine,
2589 3243 2645 3295 in
2675 3247 2725 3294 te
2750 3240 3185 3296 misericordem
3216 3244 3277 3295 et
3302 3245 3596 3312 potentem
3618 3258 3704 3295 re-

2102 3326 2406 3399 spicientes
2445 3331 2504 3383 et
2556 3328 2946 3394 intendentes,
2981 3336 3195 3399 sperant
3238 3347 3272 3383 a
3330 3332 3385 3383 te
3431 3328 3531 3384 sibi
3573 3329 3740 3383 dari.

2101 3431 2293 3471 escam
2324 3419 2379 3470 et
2406 3416 2802 3483 salvationem,
2829 3421 2887 3472 et
2910 3417 3251 3484 custodiam,
3284 3420 3341 3471 et
3364 3416 3441 3470 sic
3463 3415 3698 3470 demum

2103 3503 2541 3572 allevationem;
2571 3512 2621 3559 et
2680 3512 2738 3558 tu
2790 3505 2885 3559 das
2925 3504 3197 3571 escam,id
3250 3507 3337 3560 est
3387 3503 3699 3575 spiritalem

2101 3608 2292 3647 escam
2323 3593 2599 3648 doctrinae
2622 3596 2680 3647 et
2707 3592 3051 3660 intellectus,
3084 3608 3253 3648 escam
3300 3593 3427 3648 dico
3468 3593 3697 3657 illorum,

2101 3680 2158 3735 id
2188 3684 2275 3735 est
2305 3682 2413 3736 illis
2438 3668 2779 3755 congruam,
2825 3686 2885 3737 ut
2928 3683 3118 3755 parvis
3165 3683 3399 3754 quidem
3441 3684 3526 3737 lac
3579 3682 3700 3736 aliis

2102 3786 2236 3842 vero
2269 3771 2514 3826 solidum
2546 3771 2737 3827 cibum
2771 3772 2989 3827 tribuas
3017 3770 3213 3842 (Hebr.
3248 3789 3300 3836 v,
3336 3772 3441 3841 l2).

2412 3860 2547 3927 Das,
2584 3860 2845 3932 inquam,
2878 3859 2960 3915 eis
2988 3841 3159 3915 escam
3189 3860 3425 3925 illorum,
3445 3863 3502 3914 et
3522 3858 3627 3915 hoc
3642 3861 3697 3912 in

2104 3954 2327 4018 tempore
2346 3956 2659 4018 Opportune,
2687 3949 2742 4004 id
2767 3953 2854 4005 est
2882 3947 2941 4003 in
2958 3950 3067 4004 hac
3093 3948 3228 4016 vita,
3245 3948 3341 4002 ubi
3366 3952 3452 4002 est
3474 3950 3696 4018 tempus

2101 4039 2518 4108 opportunum.
2548 4040 2609 4093 In
2643 4038 2758 4093 alia
2782 4038 2997 4111 quippe
3027 4038 3142 4093 vita
3186 4053 3303 4092 non
3339 4036 3445 4091 erit
3473 4039 3693 4107 tempus

2100 4123 2397 4181 doctrinae.
2417 4126 2554 4182 Dico
2583 4127 2738 4198 quod
2766 4128 2860 4180 das
2890 4126 2971 4181 eis
2993 4142 3185 4193 escam,
3212 4129 3271 4180 et
3296 4126 3404 4181 hoc
3433 4142 3549 4180 non
3572 4142 3694 4196 par-

391 4209 452 4265 in
490 4211 952 4268 comminatione
980 4213 1152 4284 justas
1188 4213 1664 4283 [dominationis],
1708 4231 1827 4269 non
1856 4215 1999 4270 sicut
2020 4242 2074 4302 D
2099 4214 2300 4279 ce,sed
2331 4216 2500 4284 aperis
2527 4221 2585 4269 tu
2612 4231 2836 4270 manum
2866 4221 3034 4282 tuam,
3059 4215 3117 4269 id
3143 4217 3229 4270 est
3252 4217 3514 4285 apertam
3557 4214 3691 4268 facis

392 4299 632 4372 quidam
663 4300 735 4356 de
767 4300 1162 4357 misericordia
1175 4300 1405 4357 Domini
1419 4301 1594 4356 nimis
1612 4305 1830 4356 temere
1856 4320 1999 4373 pra:-

392 4392 690 4444 sumentes
715 4390 1083 4446 solummodo
1114 4389 1313 4445 dicunt
1337 4406 1471 4444 eum
1492 4406 1614 4444 esse
1643 4406 1905 4445 veracem
1935 4391 1995 4446 in

390 4477 775 4545 promissione
792 4477 980 4551 regni,
1003 4482 1061 4533 et
1088 4478 1278 4534 nonin
1291 4477 1748 4534 comminatione
1770 4479 1992 4534 mortis.

392 4560 560 4625 Quod
578 4565 739 4620 nefas
762 4570 848 4621 est
859 4566 1037 4621 etiam
1049 4568 1119 4623 ad
1150 4566 1544 4639 cogitandum.
1561 4567 1675 4623 Nisi
1699 4566 1856 4623 enim
1876 4585 1997 4624 ma-

388 4650 476 4707 los
492 4651 645 4724 juste
674 4652 734 4707 in
760 4656 1045 4709 aaternum
1077 4655 1405 4724 damnaret,
1435 4658 1490 4711 in
1540 4656 1785 4713 omnibus
1825 4658 1993 4712 verbis

389 4739 514 4812 ejus
532 4740 703 4810 ﬁdelis
726 4757 845 4797 non
877 4744 1043 4797 esset.
1072 4743 1181 4796 Per
1208 4744 1318 4799 hoc
1349 4748 1545 4799 autem
1576 4744 1733 4816 quod
1765 4761 1897 4800 cum
1931 4747 1991 4801 in

386 4830 628 4884 omnibus
652 4846 775 4885 esse
795 4846 1059 4886 veracem
1089 4830 1310 4899 asserit,
1341 4834 1671 4888 consolatur
1701 4836 1759 4888 et
1784 4834 1990 4889 certiﬁ-

378 4917 480 4992 cat
512 4917 695 4973 bonos
726 4918 798 4973 de
827 4917 993 4989 regni
1028 4918 1431 4990 promissione,
1475 4924 1533 4975 et
1578 4923 1755 4976 terret
1802 4923 1989 4978 malos

387 5003 460 5060 de
488 5004 880 5062 damnationis
905 5005 1379 5063 comminatione.

458 5093 683 5162 Fidelis,
716 5094 978 5167 inquam,
1012 5096 1117 5163 est,
1148 5103 1197 5150 et
1236 5095 1410 5150 etiam
1441 5102 1651 5151 sanctus
1680 5099 1784 5164 est,
1813 5097 1870 5153 id
1901 5103 1986 5154 est

374 5180 565 5251 justus
595 5185 650 5236 in
676 5184 917 5238 omnibus
947 5186 1184 5254 operibus
1201 5189 1330 5251 suis,
1349 5184 1560 5239 scilicet
1585 5189 1642 5240 et
1658 5186 1812 5257 juste
1845 5203 1980 5259 ope-

381 5272 545 5326 ratur
568 5271 947 5326 salvationem
965 5273 1274 5341 bonorum,
1291 5277 1349 5328 et
1360 5274 1513 5344 juste
1540 5278 1810 5345 operatur
1822 5276 1982 5332 dam-

380 5359 677 5416 nationem
693 5362 999 5416 malorum.
1019 5362 1131 5418 Hoc
1142 5366 1337 5418 autem
1364 5364 1510 5419 bene
1535 5368 1753 5436 spectat
1773 5365 1845 5419 ad
1862 5367 1978 5421 lau-

2098 4302 2155 4353 et
2166 4302 2422 4371 amplam
2438 4302 2841 4373 operationem
2853 4301 3133 4374 largitatis
3142 4301 3691 4368 tuas,asimilitudine

2095 4388 2241 4462 largi
2267 4390 2693 4461 dispensatoris,
2709 4392 2806 4463 qui
2825 4408 2955 4446 cum
2973 4391 3191 4463 aliquid
3207 4391 3323 4458 dat,
3344 4406 3463 4445 non
3477 4393 3691 4446 contra-

2095 4478 2182 4534 hit
2205 4495 2469 4547 manum,
2486 4480 2585 4536 sed
2607 4482 2841 4552 utlarge
2854 4481 2973 4547 det,
2992 4496 3232 4535 manum
3253 4479 3456 4551 aperit.
3479 4480 3525 4533 A
3528 4482 3685 4551 peris,

2094 4566 2356 4639 inquam,
2403 4585 2644 4636 manum,
2687 4576 2737 4623 et
2773 4568 2850 4623 sic
2894 4569 3073 4640 imples
3114 4567 3486 4634 benedictione,
3519 4567 3576 4622 id
3604 4569 3688 4621 est

2093 4671 2221 4710 esca
2246 4657 2552 4713 benedicta
2579 4674 2734 4712 omne
2759 4658 2982 4725 animal,
3004 4657 3063 4712 id
3093 4660 3179 4712 est
3208 4673 3414 4711 omnes
3442 4656 3567 4711 illos
3593 4655 3686 4727 qui

2090 4748 2224 4798 sunt
2252 4745 2548 4813 animalia,
2581 4747 2792 4803 scilicet
2819 4745 3107 4803 mansueti
3137 4745 3210 4800 ad
3229 4746 3438 4816 jugum
3464 4743 3684 4800 Domini

2089 4831 2652 4901 deferendum,sicut
2680 4835 2873 4900 boves,
2900 4851 3043 4906 quos
3062 4835 3233 4904 vulgo
3260 4832 3537 4888 animalia
3559 4831 3687 4886 dici-

2087 4937 2244 4988 mus;
2274 4923 2361 4976 vel
2386 4921 2481 4994 qui
2502 4924 2632 4976 sunt
2645 4920 2942 4990 animalia,
2960 4921 3172 4977 scilicet
3195 4920 3453 4975 nondum
3470 4918 3685 4991 spirita-

2084 5010 2188 5076 les,
2219 5010 2319 5065 sed
2347 5011 2533 5066 adhuc
2562 5011 2864 5078 animales,
2892 5010 2951 5065 id
2981 5013 3067 5066 est
3097 5011 3377 5065 carnales.
3402 5009 3566 5073 Quod
3601 5011 3681 5063 est

2084 5098 2277 5152 dicere
2305 5115 2318 5153 :
2353 5100 2465 5152 Das
2496 5100 2579 5154 eis
2610 5100 2868 5171 plenarie
2893 5116 3064 5154 escam
3096 5098 3327 5152 illorum.
3348 5099 3471 5152 Non
3497 5098 3676 5152 solum

2082 5190 2301 5255 autem,
2318 5205 2350 5243 o
2375 5189 2685 5255 auditores,
2701 5188 2799 5243 dat
2815 5189 2931 5243 suis
2953 5187 3280 5254 escam,sed
3299 5187 3475 5241 etiam
3496 5186 3673 5240 Domi-

2079 5293 2178 5329 nus
2222 5276 2467 5332 existens
2484 5277 2767 5347 justus-in
2820 5276 3062 5330 omnibus
3109 5278 3209 5329 viis
3256 5277 3383 5341 suis,
3423 5274 3483 5329 id
3508 5277 3595 5328 est
3620 5273 3673 5328 in

2076 5365 2377 5435 praeceptis
2393 5365 2504 5421 suis
2522 5382 2624 5435 per
2643 5381 2771 5436 quae
2792 5364 3105 5419 veniturad
3124 5363 3336 5434 ipsum,
3356 5361 3670 5434 scilicetqui

380 5446 513 5501 dem
547 5448 668 5515 Dei,
696 5466 788 5516 ne,
821 5466 952 5503 cum
980 5449 1239 5505 videatur
1263 5451 1320 5505 in
1341 5452 1633 5522 justorum
1662 5454 1973 5509 salvatione
2076 5453 2218 5509 nihil
2258 5454 2537 5527 prmcipit,
2588 5453 2693 5508 nisi
2742 5454 2899 5525 quod
2926 5453 3145 5523 justum
3190 5456 3295 5519 est,
3336 5459 3387 5506 et
3434 5452 3671 5507 existens

380 5531 554 5600 mitis,
587 5536 645 5589 in
675 5537 965 5593 malorum
992 5539 1367 5597 damnatione
1396 5540 1683 5597 videretur
1705 5542 1964 5599 immitis.

2072 5551 2302 5612 sanctus,
2336 5543 2393 5599 id
2421 5545 2506 5601 est
2538 5542 2863 5599 misericors
2921 5545 2976 5597 in
3032 5541 3297 5611 omnibus,
3355 5542 3417 5599 id
3472 5544 3558 5596 est
3613 5540 3666 5596 in
