4016 6030
350 306 478 373 MO!

1307 312 1662 374 EXPOSlTlO
1696 311 1768 372 IN
1806 308 2139 372 PSALMOS.
2169 342 2243 359 -
2291 308 2484 373 PSAL.
2528 312 2700 373 αην

3523 312 3545 371 Ι
3556 300 3662 370 402

346 434 699 495 omnismodi
730 437 969 510 operibus
996 438 1123 510 suis,
1159 439 1374 498 scilicet
1402 441 1520 515 qui,
1578 458 1710 497 cum
1751 439 1825 495 sit
1846 439 1951 511 ju-
1973 440 2029 501 Α
2052 438 2459 512 temporalium
2481 439 2777 498 conﬁdant
2803 438 2859 497 in
2873 437 3310 515 principibus,in
3323 436 3526 513 quibus
3538 451 3658 493 non

346 530 465 583 stus
479 528 539 583 in
556 528 943 600 praeceptione
955 529 1727 597 mandatorum,misericors
1740 531 1825 584 est
1836 544 1949 601 quo

345 633 458 689 que
483 617 780 688 operando
812 619 870 671 et
897 618 1244 688 complendo
1270 619 1478 673 auxilio
1500 618 1700 690 gratiae
1717 635 1832 672 suae
1862 633 1953 671 ea-

346 704 478 759 dem
501 704 864 778 praeceptain
881 706 1014 759 suis.
1037 705 1215 777 Prope
1232 712 1304 760 est
1324 707 1569 760 omnibus
1587 705 1951 760 invocantibus

343 808 480 860 eum,
512 791 570 847 id
587 797 674 847 est
694 798 927 863 paratus
954 798 1039 848 est
1075 798 1265 849 facere
1291 796 1650 849 voluntatem
1679 794 1950 848 invocan-

342 880 490 936 tium
520 897 674 935 eum.
696 881 872 953 PrOpe
919 889 1010 950 est,
1043 882 1308 954 inquam,
1342 886 1537 954 utpote
1562 882 1862 948 Dominus,
1891 883 1951 935 et

342 983 475 1022 cum
503 969 783 1024 Dominus
808 972 887 1025 sit
928 986 1107 1043 prope
1133 987 1255 1025 esse
1308 971 1479 1025 debet
1521 970 1697 1027 servis
1751 970 1865 1025 suis
1889 986 1948 1024 se

341 1054 758 1112 invocantibus.
785 1058 1147 1113 Deterzninat
1177 1064 1369 1113 autem
1406 1059 1609 1130 quibus
1643 1075 1806 1129 prope
1855 1058 1946 1125 sit,

343 1159 477 1198 cum
509 1144 672 1199 addit
701 1163 714 1200 :
736 1146 911 1217 Prope
929 1153 1022 1213 est,
1046 1147 1280 1214 scilicet,
1303 1148 1547 1202 omnibus
1564 1148 1950 1213 invocantibus,

341 1233 401 1288 id
426 1237 513 1288 est
537 1235 835 1289 orantibus
864 1253 982 1289 eum
1008 1236 1072 1290 in
1114 1241 1352 1301 veritate,
1408 1252 1525 1291 non
1586 1236 1643 1290 in
1702 1235 1953 1290 vanitate

343 1320 602 1393 quidem.
637 1323 736 1376 Ille
764 1339 900 1378 vero
954 1324 1222 1379 invocare
1251 1324 1458 1379 dicitur
1502 1326 1557 1377 in
1584 1326 1822 1390 veritate,
1855 1322 1952 1395 qui

343 1409 487 1481 petit
547 1426 616 1464 ea
662 1427 790 1482 quae
862 1413 1112 1477 petenda
1168 1415 1323 1480 sunt,
1377 1413 1531 1467 bona
1579 1412 1863 1479 videlicet,
1896 1415 1955 1466 et

337 1496 415 1551 sic
448 1498 592 1569 petit
625 1501 685 1553 ut
743 1500 997 1568 petenda
1041 1503 1197 1567 sunt,
1261 1500 1483 1555 scilicet
1534 1499 1764 1555 intonsa
1813 1500 1949 1554 affe-

340 1585 550 1641 ctione.
574 1586 717 1650 Quia
732 1588 1047 1643 Dominum
1062 1589 1282 1659 justum
1306 1589 1443 1643 dicit
1463 1592 1520 1644 et
1536 1592 1822 1655 sanctum,
1842 1589 1950 1643 hoc

343 1675 662 1729 ablaudem
697 1675 821 1746 ejus
850 1676 1000 1731 bene
1051 1677 1299 1731 attinere
1332 1676 1577 1732 videtur.
1630 1677 1806 1748 Prope
1857 1680 1950 1743 est,

2053 533 2138 583 est
2162 546 2364 585 eorum
2388 531 2558 598 salus,
2583 534 2639 585 et
2655 548 2726 586 ne
2744 530 3074 585 conﬁtendo
3096 548 3193 585 eos
3205 527 3657 585 adulatorielau~

2052 618 2209 685 dent,
2240 621 2298 673 et
2323 619 2496 673 etiam
2519 636 2617 673 eos
2637 620 2832 673 fideles
2850 618 3190 673 attrahentis
3211 617 3283 672 ad
3307 616 3406 672 Dei
3427 616 3658 671 laudem

2050 722 2116 760 ex
2181 706 2375 761 multis
2432 707 2847 773 occasionibus,
2908 689 3556 778 qua55785upponit.
3589 703 3661 756 Ut

2050 797 2241 848 autem
2262 795 2720 849 auctorizabilior
2739 794 2812 849 sit
2841 794 2964 865 ejus
3003 792 3405 859 exhortatio,in
3448 789 3656 864 princi-

2048 881 2142 953 pio
2166 883 2369 953 psalmi
2396 883 2712 938 introducit
2735 883 3186 938 rationalitatem
3205 898 3367 936 suam
3388 880 3462 934 ad
3474 882 3655 934 Deum

2048 971 2398 1025 laudandum
2414 972 2841 1027 sensualitatem
2854 970 3277 1037 invitantem,et
3286 967 3658 1040 postmodum

2050 1059 2478 1115 sensualitatem
2512 1077 2571 1115 se
2608 1061 2970 1116 laudaturam
3002 1057 3462 1130 promittentem.
3520 1055 3657 1118 Qum

2052 1151 2294 1221 utraque
2314 1148 2523 1203 locutio
2553 1166 2671 1203 non
2695 1152 2779 1203 est
2806 1149 2861 1202 in
2892 1147 3168 1212 voce,sed
3200 1146 3257 1200 in
3284 1143 3656 1216 cogitatione.

2129 1237 2332 1304 Lauda,
2364 1240 2548 1291 anima
2580 1254 2719 1303 mea,
2751 1237 3065 1302 Dominum,
3104 1252 3167 1289 ac
3222 1234 3265 1288 si
3298 1233 3477 1287 dicat:
3500 1229 3657 1285 Multi

2054 1324 2342 1396 principes
2371 1326 2670 1380 saeculares
2700 1326 2958 1390 laudant,
2992 1322 3313 1379 adulatorie
3342 1321 3398 1375 in
3422 1320 3502 1374 eis
3526 1336 3660 1375 con-

2054 1412 2308 1477 ﬁdendo,
2329 1412 2477 1466 eteis
2496 1414 2650 1467 mala
2666 1413 2779 1467 vita
2799 1412 3234 1467 consentiendo.
3259 1410 3656 1473 Cmterum,tu,

2053 1500 2389 1555 sensualitas
2402 1518 2471 1555 an
2482 1502 2493 1555 i
2504 1518 2611 1556 mas
2626 1518 2792 1568 metu,
2808 1500 3101 1555 Dominum
3112 1500 3273 1552 lauda
3292 1495 3656 1553 solummodo

2053 1587 2267 1642 bonam
2295 1589 2471 1644 vitam
2505 1589 2876 1644 instituendo.
2939 1586 3423 1643 Rationabilitatis
3450 1585 3657 1639 exhor-

2052 1677 2269 1733 tatione
2287 1678 2517 1750 scripta,
2545 1679 2882 1734 sensualitas
2903 1677 3258 1750 respondens
3275 1673 3555 1730 inducitur
3569 1715 3583 1739 ,
3603 1673 3662 1726 et

341 1761 604 1836 inquam,
635 1764 920 1831 Dominus,
946 1769 1004 1820 et
1033 1782 1152 1820 non
1180 1766 1363 1820 solum
1399 1769 1634 1835 paratus
1652 1769 1737 1820 est
1762 1765 1951 1819 facere
1973 1787 2024 1846 B
2051 1784 2109 1821 se
2140 1766 2454 1821 Dominum
2484 1769 2850 1823 laudaturam
2888 1767 3108 1839 jugiter
3154 1765 3233 1821 sic
3292 1763 3659 1837 promittens.

340 1853 665 1907 voluntatem
698 1854 1000 1908 timentium
1024 1872 1097 1921 se,
1158 1855 1257 1921 sic,
1318 1858 1381 1909 ut
1422 1871 1541 1909 non
1601 1854 1791 1921 faciat,
1851 1855 1952 1909 sed

340 1943 514 1997 etiam
546 1942 729 2011 faciet,
750 1941 805 1995 id
825 1946 911 1996 est
936 1943 1251 2015 complebit
1269 1944 1633 1998 voluntatem
1653 1945 1953 1997 timentium

338 2043 391 2082 se
411 2032 624 2083 timore
654 2033 832 2096 casto,
861 2029 919 2084 id
949 2034 1035 2085 est
1079 2031 1443 2103 diligentium
1497 2048 1577 2099 se,
1609 2038 1657 2085 et
1707 2032 1951 2102 depreca-

341 2119 533 2172 tionem
549 2134 729 2172 eorum
758 2118 1020 2185 exaudiet,
1063 2122 1126 2173 ut
1167 2137 1296 2174 eam
1327 2120 1607 2190 perficiat.
1641 2119 1951 2174 Sciendum

341 2206 497 2276 quod
526 2206 708 2260 sancti
722 2206 1237 2273 volunt,hocidem
1270 2208 1792 2278 deprecantur.Sed
1818 2224 1951 2261 cum

342 2294 478 2349 dic1t
502 2299 730 2349 sanctos
760 2295 907 2349 bene
939 2296 1082 2350 velle
1114 2300 1171 2350 et
1195 2297 1491 2368 deprecari
1527 2297 1681 2369 quod
1730 2297 1949 2363 volunt,

339 2383 572 2437 instruit
595 2399 699 2437 nos
725 2400 928 2438 eorum
961 2386 1250 2456 exemplo,
1280 2389 1341 2439 ut
1369 2402 1499 2439 cum
1555 2384 1773 2456 aliquid
1801 2385 1951 2439 bene

338 2472 624 2537 volumus,
654 2471 725 2525 de
754 2471 865 2526 hoc
917 2472 1149 2539 eodem,
1200 2476 1264 2526 ut
1292 2474 1412 2539 fiat,
1459 2475 1643 2527 Deum
1697 2490 1948 2527 oremus.

340 2560 585 2631 Exponit
601 2563 795 2614 autem
827 2560 966 2632 quid
996 2561 1100 2633 ipsi
1124 2562 1300 2617 velint
1328 2567 1386 2617 et
1411 2563 1813 2633 deprecentur,
1836 2562 1947 2616 sic:

337 2649 796 2720 Deprecalionem,
832 2649 1094 2721 inquam,
1117 2668 1305 2705 eorum
1329 2651 1595 2719 exaudiet,
1627 2657 1696 2717 et,
1753 2651 1811 2706 id
1843 2654 1947 2718 est,

338 2737 552 2793 scilicet
604 2737 772 2791 salvos
798 2739 960 2808 faciet
991 2756 1072 2792 eos
1115 2739 1207 2792 hic
1238 2738 1508 2793 faciendo
1543 2740 1692 2793 bene
1722 2740 1952 2808 operari

342 2826 498 2897 quod
526 2825 969 2880 saluberrimum
1005 2829 1110 2880 est.
1143 2828 1207 2880 Et
1235 2842 1368 2880 cum
1398 2827 1548 2880 hanc
1576 2826 1950 2881 salvationem

341 2912 538 2985 adepti
566 2914 701 2979 sint,
751 2915 973 2968 Custodit
1031 2915 1295 2987 Dominus
1337 2914 1656 2970 secundum
1689 2931 1950 2985 perseve-

339 3002 591 3057 rantiam
622 3018 720 3057 eos
758 3019 831 3057 ne
860 3004 1010 3058 hanc
1040 3005 1284 3059 salutem
1316 3003 1607 3057 amittant.
1669 3002 1948 3070 Custodit,

336 3090 599 3163 inquam,
625 3094 828 3162 utpote
844 3092 1115 3162 diligentes
1127 3110 1199 3159 se,
1227 3095 1285 3146 et
1300 3091 1435 3163 quia
1464 3090 1771 3158 diligentes
1789 3091 1952 3161 digni

335 3183 488 3247 sunt,
516 3182 578 3233 ut
602 3180 949 3235 custodiant.
979 3180 1176 3235 Salvos
1203 3182 1387 3250 faciet,
1409 3180 1671 3251 inquam,
1696 3196 1829 3234 suos
1860 3179 1952 3235 hic

337 3270 400 3321 ut
438 3268 673 3322 tandem
704 3284 761 3321 in
783 3284 1031 3340 regnum
1054 3268 1177 3338 ejus
1208 3269 1545 3322 alleventur.
1579 3268 1653 3321 Ex
1683 3269 1947 3339 opposito

334 3373 510 3410 omnes
523 3361 823 3426 peccatores
857 3372 975 3410 non
1035 3355 1436 3426 resipiscentes
1461 3355 1741 3425 disperdet,
1771 3357 1829 3409 et
1858 3355 1950 3409 hic

336 3446 700 3511 excaecando,
735 3444 866 3499 etin
894 3444 1087 3499 futuro
1110 3444 1234 3498 sine
1263 3445 1376 3498 line
1409 3444 1766 3499 damnando.

407 3532 662 3588 Ostensis
690 3532 890 3586 multis
927 3533 1130 3599 causis,
1185 3532 1392 3603 quibus
1446 3533 1596 3586 Deus
1646 3531 1951 3587 laudabilis

335 3621 558 3687 existat,
590 3621 736 3674 sicut
767 3620 823 3673 in
853 3620 1131 3691 principio
1160 3620 1368 3691 psalmi
1400 3638 1458 3674 se
1503 3637 1637 3692 eum
1688 3620 1950 3674 laudatu-

336 3727 465 3765 rum
499 3709 786 3781 promisit,
817 3709 894 3763 ita
933 3726 1161 3780 quoque
1210 3727 1269 3763 se
1310 3726 1445 3762 eum
1478 3709 1844 3763 laudaturum
1890 3709 1949 3763 in

340 3799 456 3852 fine
480 3799 553 3853 ad
580 3799 862 3868 majorem
892 3797 1268 3852 assertionem
1298 3796 1603 3863 promittit.
1629 3795 1888 3862 Ostendi,
1915 3813 1948 3851 ο

340 3886 646 3953 auditores,
703 3886 856 3957 quod
902 3885 1162 3939 Dominus
1207 3888 1384 3939 suavis
1432 3888 1599 3940 estet
1642 3902 1863 3954 magnus
1893 3887 1951 3939 et

342 3974 531 4040 iustus,
554 3977 612 4029 et
636 3974 791 4046 quod
824 3974 1147 4028 voluntatem
1190 3975 1489 4028 timentium
1511 3991 1562 4027 se
1592 3972 1750 4039 facit,
1782 3976 1839 4026 et
1866 3990 1949 4026 eos

340 4063 582 4118 custodit.
616 4063 760 4118 Cum
812 4080 951 4136 ergo
986 4063 1115 4118 talis
1144 4065 1201 4118 et
1258 4062 1387 4117 talis
1438 4062 1528 4129 sit,
1588 4062 1947 4115 laudationem

340 4152 568 4208 Domini
592 4153 825 4223 loquitur
846 4170 901 4206 os
929 4169 1127 4219 meum,
1155 4152 1636 4207 scilicetlaudabo
1665 4166 1801 4205 eum
1823 4165 1944 4205 ore.

340 4239 450 4294 Per
468 4240 579 4293 hoc
607 4244 800 4295 autem
826 4241 1016 4294 innuit
1044 4242 1203 4312 quod
1232 4245 1410 4296 etiam
1446 4239 1703 4295 laudabit
1731 4255 1863 4293 eum
1891 4240 1949 4293 et

2052 1854 2221 1922 Dicis,
2250 1873 2283 1910 ο
2314 1856 2751 1920 rationabilitas,
2785 1862 2847 1910 ut
2874 1857 3057 1911 Deum
3086 1852 3511 1925 laudem,quod
3527 1866 3659 1906 vere

2052 1944 2284 2011 faciam,
2304 1945 2515 1999 scilicet
2537 1946 2763 1999 laudabo
2788 1945 3087 1999 Dominum
3117 1944 3177 1999 in
3204 1944 3313 1996 vita
3338 1959 3454 1995 mea
3480 1941 3655 2005 bona,

2054 2033 2267 2089 scilicet
2284 2035 2501 2089 bonam
2523 2034 3034 2101 vitaminstituam,
3050 2035 3108 2087 et
3138 2032 3217 2087 sic
3229 2049 3361 2086 eum
3381 2029 3651 2086 laudabo.

2054 2123 2121 2176 Et
2144 2123 2254 2176 hoc
2281 2139 2398 2177 non
2431 2122 2680 2190 horarie,
2713 2123 2813 2177 sed
2832 2122 3064 2193 psallam
3108 2121 3220 2175 Deo
3250 2137 3363 2174 meo
3416 2117 3659 2191 quandiu

2050 2211 2224 2281 fuero,
2257 2209 2315 2264 id
2346 2213 2432 2264 est
2461 2211 2717 2281 quamdiu
2737 2210 2794 2264 in
2828 2212 2933 2265 hac
2964 2211 3077 2264 vita
3106 2226 3227 2275 ero,
3276 2209 3430 2263 bona
3461 2221 3661 2279 Opera.

2052 2298 2209 2353 tione
2235 2315 2368 2353 mea
2395 2300 2574 2353 Deum
2606 2300 2873 2355 laudabo.
2897 2298 3115 2353 Dicitur
3163 2300 3357 2352 autem
3387 2293 3660 2351 sensuali-

2049 2390 2137 2443 tas
2167 2388 2317 2442 bene
2343 2388 2592 2459 operari,
2628 2405 2695 2443 eo
2711 2389 2866 2460 quod
2881 2406 2949 2443 ea
2964 2389 3265 2459 vegetante
3288 2402 3493 2458 corpus
3507 2385 3657 2438 bene

2053 2480 2345 2547 operatur.
2377 2479 2686 2549 Postquam
2700 2495 2758 2532 se
2781 2478 3072 2548 Propheta
3093 2474 3658 2530 Deumlaudaturum

2052 2562 2326 2631 ostendit,
2341 2564 2753 2636 apostropham
2771 2563 2843 2618 ad
2860 2563 3152 2617 auditores
3169 2560 3454 2625 faciendo,
3476 2575 3574 2613 eos
3586 2558 3659 2612 ab

2051 2651 2357 2706 hominum
2384 2652 2736 2706 confidentia
2765 2667 3086 2716 removere,
3118 2652 3176 2704 et
3204 2649 3277 2704 ad
3293 2646 3395 2702 Dei
3426 2646 3658 2701 laudem

2055 2738 2134 2793 ita
2163 2743 2406 2794 conatur
2427 2740 2738 2794 attrahere.
2770 2739 3047 2805 Laudabo,
3066 2735 3655 2809 inquam,Dominum.

2054 2827 2239 2895 Unde,
2263 2844 2361 2881 vos
2380 2825 2690 2894 auditores,
2710 2828 2892 2881 Deum
2907 2826 3171 2896 exemplo
3186 2839 3317 2877 meo
3335 2822 3657 2886 laudantes,

2053 2914 2113 2969 in
2144 2915 2269 2987 ipso
2301 2917 2418 2970 Deo
2438 2916 2734 2982 confidite,
2764 2918 2824 2971 et
2850 2914 3010 2969 nolite
3037 2913 3293 2982 conﬁdere
3336 2912 3395 2965 in
3423 2911 3658 2965 saecula-

2052 3002 2211 3058 ribus
2228 3005 2577 3075 principibus,
2600 3008 2662 3060 ut
2692 3003 2796 3076 ipsi
2830 3002 2986 3058 vobis
3015 3001 3231 3073 aliquid
3263 3016 3327 3055 ex
3356 3016 3414 3054 se
3443 2997 3663 3070 possint

1979 3073 2261 3147 Cfacere.
2321 3073 2470 3147 Nihil
2518 3095 2677 3148 enim
2707 3073 2771 3146 in
2812 3091 3107 3147 visibiliter
3143 3094 3241 3145 aut
3294 3087 3658 3154 sensibiliter,

2053 3180 2209 3251 quod
2229 3183 2329 3235 aut
2356 3198 2472 3235 non
2491 3182 2781 3253 jubeatnr,
2816 3179 3294 3251 autpermittatur
3307 3177 3376 3231 de
3398 3176 3490 3230 illa
3519 3174 3663 3229 invi-

2050 3268 2198 3323 sibili
2228 3272 2288 3324 et
2342 3269 2688 3343 intelligibili
2737 3271 2867 3324 aula
2907 3254 3115 3323 summi
3159 3264 3549 3339 Imperatoris.
3593 3262 3661 3316 In

2053 3356 2405 3428 principibus
2435 3359 2565 3414 dico
2576 3360 2707 3428 ﬁliis
2722 3359 3024 3425 hominum,
3049 3356 3262 3411 scilicet
3276 3354 3372 3427 qui
3391 3352 3660 3409 homines

2051 3450 2186 3501 sunt
2216 3463 2333 3502 non
2368 3448 2663 3519 digniores
2706 3447 2867 3503 vobis
2891 3447 2949 3501 in
2978 3448 3202 3513 natura,
3226 3445 3473 3515 ideoque
3523 3439 3660 3495 satis

2053 3533 2358 3605 indignum
2387 3540 2473 3590 est
2501 3553 2599 3590 vos
2620 3536 2677 3590 in
2709 3553 2789 3590 81$
2806 3535 3222 3590 conﬁdentiam
3249 3548 3489 3606 ponere.
3507 3552 3534 3580 «
3554 3530 3663 3584 Ma-

2054 3622 2295 3677 ledictus
2326 3623 2482 3677 enim
2511 3624 2687 3678 homo
2703 3623 2798 3695 qui
2821 3622 3129 3677 conﬁditin
3145 3620 3406 3685 homine,
3419 3621 3477 3672 et
3493 3635 3527 3671 a
3544 3619 3656 3671 Do-

2054 3710 2215 3765 mino
2238 3711 2458 3766 recedit
2487 3728 2586 3765 cor
2638 3711 2762 3781 ejus
2785 3711 2921 3779 (Jer.
2948 3728 3077 3773 xvn,
3111 3710 3184 3779 5).
3220 3730 3245 3756 ››
3267 3707 3335 3760 1η
3385 3707 3509 3776 ﬁliis
3564 3706 3658 3757 ho-

2053 3802 2258 3853 minum
2290 3800 2439 3865 dico,
2471 3802 2525 3853 in
2555 3801 2744 3872 quibus
2768 3815 2876 3854 non
2904 3806 2978 3853 est
3009 3799 3266 3871 pendens
3279 3797 3422 3850 salus
3450 3797 3658 3859 vestra,

2052 3888 2149 3960 qui
2180 3888 2444 3944 videlicet
2492 3906 2609 3943 non
2664 3891 2905 3960 possunt
2960 3889 3179 3942 salvare
3232 3902 3329 3940 vos
3355 3886 3659 3956 plusquam

2050 3993 2149 4031 vos
2175 3993 2293 4044 eos,
2323 3980 2381 4031 et
2406 3976 2616 4032 idcirco
2654 3994 2770 4031 non
2802 3978 2888 4030 est
2926 3975 2985 4031 in
3018 3974 3102 4030 eis
3135 3972 3569 4028 confidendum.
3598 3971 3659 4022 In

2046 4066 2158 4120 hoc
2184 4071 2379 4120 autem
2411 4066 2565 4136 quod
2588 4065 2645 4119 in
2676 4065 2830 4119 nullo
2854 4063 3113 4136 principe
3143 4063 3292 4117 salus
3311 4064 3498 4116 vestra
3528 4074 3665 4131 pen-

2049 4153 2352 4220 det,necin
2374 4151 2565 4225 aliquo
2581 4151 2992 4207 confidendum
3020 4153 3125 4218 est,
3157 4149 3290 4222 quia
3318 4147 3664 4221 quandoque

2052 4243 2217 4297 exibit
2238 4242 2461 4313 spiritus
2486 4242 2619 4312 ejus,
2648 4240 2707 4295 id
2738 4243 2822 4296 est
2871 4239 3232 4311 separabitur
3263 4255 3297 4292 a
3322 4251 3584 4306 corpore,
3611 4238 3662 4287 et

339 4327 642 4383 affectione
669 4331 727 4382 et
752 4344 946 4398 opere.
973 4328 1109 4382 Dico
1127 4328 1546 4398 quodlaudabo
1573 4343 1705 4381 eum
1728 4343 1849 4384 ore.
1870 4327 1949 4382 Et
1972 4356 2024 4415 D
2052 4334 2190 4386 tunc
2221 4347 2428 4403 corpus
2453 4337 2740 4386 revertetur
2770 4332 2826 4384 in
2863 4336 3079 4394 terram,
3126 4330 3190 4381 ut
3222 4330 3374 4380 terra
3401 4325 3660 4415 ﬁat,-ter-

339 4417 603 4488 exemplo
631 4414 748 4470 Πιθί
773 4417 945 4469 Omnis
977 4415 1305 4486 quicunque
1332 4417 1439 4481 est.
1492 4415 1678 4468 adhuc
1696 4430 1820 4468 σανο
1845 4430 1951 4484 per
1972 4410 2011 4415 ⁷
2052 4438 2169 4473 ram
2182 4420 2307 4475 dico
2324 4438 2477 4474 suam
2495 4418 2801 4473 materiam
2820 4416 3183 4471 existentem.
3204 4412 3435 4468 Delimo
3449 4410 3662 4483 quippe

337 4504 685 4577 emphasim,
719 4503 1047 4575 quicunque
1074 4503 1385 4558 scilicetest
1410 4501 1656 4556 carnalis
1686 4502 1872 4556 adhuc
1895 4505 1954 4556 et

334 4593 594 4649 nondum
624 4592 894 4665 spiritalis
924 4592 1042 4664 ipse
1095 4592 1365 4663 spiritalis
1393 4591 1630 4645 etfectus
1682 4590 1954 4644 benedicat

336 4682 542 4736 nomini
566 4688 746 4735 sancto
784 4682 917 4751 ejus,
945 4681 1004 4736 id
1035 4683 1120 4736 est
1150 4679 1494 4735 laudeteum
1528 4694 1595 4733 ex
1621 4677 1954 4733 considera-

335 4770 492 4825 tione
521 4769 701 4823 sancti
730 4769 985 4823 nominis
1010 4770 1153 4839 ejus,
1187 4768 1324 4841 quia
1350 4767 1620 4823 videlicet
1621 4767 1804 4837 justus
1818 4765 1954 4820 dici-

332 4864 427 4915 tur
453 4860 513 4911 et
539 4859 735 4924 suavis,
793 4861 852 4912 et
878 4857 1024 4912 Deus
1066 4860 1126 4912 et
1152 4857 1440 4923 Dominus,
1474 4859 1533 4910 et
1585 4854 1782 4912 multis
1826 4854 1952 4917 aliis

330 4944 540 4999 sanctis
556 4944 845 4999 vocabulis
856 4949 1242 5016 nuncupatur.
1258 4945 1570 5013 Benedicat,
1591 4945 1953 5018 inquam,no-

330 5033 1214 5103 minisanctoejus,benedictione
1232 5035 1567 5089 tendentem
1610 5037 1665 5088 in
1696 5034 1950 5091 servulum

329 5127 377 5173 et
388 5120 709 5175 insaeculum
727 5123 929 5184 saeculi,
944 5122 1156 5176 scilicet
1183 5122 1543 5188 laudeteum,
1567 5125 1624 5179 et
1645 5141 1749 5194 per
1765 5126 1947 5177 totam

328 5207 478 5263 hanc
498 5212 670 5263 Vitam
688 5213 739 5264 et
768 5210 826 5263 in
839 5210 1052 5264 futura.
1072 5210 1169 5263 Hic
1196 5210 1431 5280 quidem
1449 5211 1797 5265 benedicant
1815 5228 1948 5265 eum

330 5295 847 5365 aliectione,ore,ct
861 5298 1122 5368 opere;in
1138 5284 1333 5353 futuro
1349 5300 1632 5365 vero,sola
1649 5299 1947 5354 affectione

818 5388 887 5441 IN
914 5387 1239 5442 PSALMUM
1271 5388 1470 5443 CXLV.

394 5472 609 5528 Titulus
633 5476 934 5530 ccntesimi
961 5477 1397 5548 quadragesimi
1427 5476 1636 5548 quinti.
1679 5476 1936 5532 Alleluia.

326 5561 440 5617 Vox
453 5563 753 5635 Prophetas
773 5564 972 5621 fideles
984 5581 1188 5620 omnes
1213 5565 1550 5634 revocantis,
1580 5582 1653 5619 ne
1665 5566 1925 5621 contuitu

2052 4510 2223 4561 terra:
2250 4508 2460 4577 legitur
2478 4507 2656 4560 homo
2688 4504 2871 4558 factus
2887 4503 3057 4558 fuisse
3101 4502 3256 4575 (Gen.
3278 4518 3337 4567 ιι,
3368 4500 3444 4571 7).
3474 4498 3543 4553 In
3568 4498 3662 4553 illa

2054 4609 2192 4665 ergo
2211 4594 2295 4647 die
2318 4593 2376 4647 in
2390 4610 2502 4664 qua
2516 4592 2745 4664 spiritus
2762 4591 3091 4663 principum
3114 4591 3368 4657 exibunt,
3383 4588 3658 4661 peribunt,

2040 4680 2111 4735 id
2124 4683 2211 4735 est
2228 4681 2710 4736 annihilabuntur
2734 4697 2911 4735 omnes
2936 4682 3279 4751 cogitationes
3320 4696 3521 4745 eorum,
3553 4675 3659 4731 sci-

2051 4767 2264 4823 licetin
2288 4768 2519 4823 irritum
2546 4769 2805 4836 ducetur,
2850 4769 3007 4841 quod
3045 4770 3323 4841 quosdam
3370 4765 3659 4836 cogitave-

2051 4862 2189 4913 runt
2217 4857 2570 4929 deprimere,
2618 4858 2898 4931 quosdam
2926 4861 3121 4913 autem
3152 4857 3212 4910 in
3239 4854 3446 4910 divitiis
3483 4850 3655 4907 subli-

2052 4964 2232 5003 mare.
2266 4946 2429 5002 Unde
2463 4949 2657 5020 palam
2686 4952 2790 5014 est,
2823 4946 3064 5001 miseros
3091 4961 3189 5000 eos
3215 4959 3335 4997 esse
3369 4940 3466 5014 qui
3494 4941 3553 4996 in
3576 4940 3658 4996 eis

2051 5053 2213 5108 spem
2244 5037 2468 5107 ponunt
2490 5036 2780 5106 adjutorii.
2801 5035 2873 5089 Ex
2890 5032 3151 5105 opposito
3169 5048 3326 5098 vero,
3347 5031 3522 5085 beatus
3560 5028 3654 5084 ille

2049 5126 2201 5193 Cujus
2230 5125 2369 5179 Deus
2397 5129 2482 5179 est
2503 5126 2719 5195 adjutor
2748 5124 2881 5193 ejus,
2921 5121 3133 5176 scilicet
3161 5137 3259 5192 qui
3283 5120 3463 5174 Deum
3484 5135 3651 5173 suum

2050 5216 2231 5284 Optat,
2256 5216 2313 5268 et
2338 5214 2553 5283 expetit
2583 5213 2908 5282 adjutorem
2942 5226 3109 5264 suum
3128 5210 3201 5264 ad
3222 5208 3650 5273 omnebonum,

2049 5319 2167 5356 non
2199 5301 2449 5372 aliquem
2482 5300 2802 5370 principem
2835 5302 3153 5353 terrenum.

2116 5390 2261 5445 Deus
2291 5388 2417 5442 dico
2448 5388 2641 5454 Jacob,
2669 5387 2885 5441 scilicet
2914 5387 3013 5458 qui
3042 5387 3185 5441 Deus
3214 5391 3298 5441 est
3343 5388 3401 5440 et
3439 5384 3655 5455 adjutor

2044 5477 2310 5532 omnium
2342 5476 2579 5531 viriliter
2603 5482 2807 5530 contra
2838 5475 2971 5529 vitia
2999 5475 3362 5529 luctantium.
3396 5476 3505 5529 Per
3541 5473 3652 5527 hoc

2041 5569 2237 5622 autem
2265 5563 2554 5621 auditores
2582 5565 2847 5638 impellit,
2880 5567 2943 5618 ut
2969 5564 3143 5620 Jacob
3191 5581 3313 5619 esse
3369 5563 3651 5619 nitantur.
