4016 6030
401 275 536 336 “03

1001 279 1060 338 S.
1102 277 1446 338 BRUNONIS
1485 273 2115 336 CARTHUSIANORUM
2150 274 2616 336 lNSTlTUTORlS
2655 276 2812 338 OPP.
2853 275 3031 334 PARS
3069 279 3091 334 1

3557 271 3726 335 1404·

396 400 556 470 Dico,
587 403 740 476 cujus
757 403 903 462 Deus
949 408 1036 462 est
1063 406 1279 477 adjutor
1301 405 1432 477 ejus,
1465 408 1523 462 et
1549 421 1663 477 spes
1715 422 1985 462 remune-
2023 407 2080 468 Α
2101 403 2243 460 ﬁant
2271 404 2516 478 pupillus
2545 406 2606 461 et
2631 404 2820 472 vidua,
2848 402 3096 477 pupillus
3115 401 3370 476 quidem,
3391 401 3508 458 Deo
3527 402 3718 458 Patre

397 492 637 549 rationis
655 496 773 565 ejus
809 500 882 550 est
915 497 970 550 in
998 495 1229 550 Domino
1256 496 1369 550 Deo
1397 497 1583 567 i'psius,
1610 511 1728 551 non
1755 495 1814 550 in
1841 496 1995 566 prin-

399 579 637 652 cipibus.
668 582 738 637 In
766 583 1018 650 Domino,
1063 584 1322 656 inquam,
1351 585 1446 657 qui
1479 585 1623 639 adeo
1655 586 1860 655 potens
1911 585 1996 638 est

399 671 538 744 quod
555 671 684 742 fecit
711 673 896 728 calum
923 679 974 728 et
994 681 1208 739 terram,
1240 690 1386 727 mare
1411 679 1461 727 et
1489 674 1667 728 omnia
1697 691 1813 744 qua:
1839 675 1893 726 in
1923 674 1995 726 eis

397 763 545 828 sunt,
577 763 702 816 tam
735 761 964 832 spiritus
977 763 1250 828 caelestes,
1268 779 1442 833 quam
1461 762 1726 816 homines
1747 765 1800 816 ct
1819 761 1997 832 pisces

399 844 459 901 et
487 850 723 902 caeteras
751 853 1063 904 creaturas.
1089 849 1335 921 Ideoque
1358 866 1489 904 cum
1515 852 1708 904 tantus
1731 848 1822 916 sit,
1840 849 1899 904 in
1927 865 1995 904 eo

399 935 750 1008 sperandum
806 940 909 991 est.
963 938 1073 991 Nec
1101 955 1244 992 vane
1278 937 1511 1010 ponitur
1538 955 1666 1010 spes
1694 937 1754 992 in
1785 955 1874 1005 eo,
1907 939 2003 1009 qui

399 1039 614 1094 nempe
639 1041 756 1078 non
776 1025 850 1079 ad
878 1024 1084 1082 horam
1107 1025 1165 1080 in
1192 1027 1569 1097 promissione
1583 1043 1748 1080 verus
1767 1029 1872 1093 est,
1898 1025 1999 1081 sed

399 1112 630 1167 custodit
657 1115 932 1167 veritatem
963 1116 1019 1167 in
1043 1115 1315 1182 circulum,
1368 1115 1424 1169 id
1457 1117 1542 1169 est
1572 1114 1629 1168 in
1689 1116 1998 1182 aeternum,

399 1217 698 1272 nunquam
713 1200 926 1256 scilicet
941 1202 1241 1257 veritatem
1257 1201 1594 1270 omittit,sed
1621 1220 1751 1257 eam
1772 1219 1890 1257 sem
1900 1219 2002 1274 per

401 1287 608 1360 diligit,
630 1306 665 1343 a
691 1289 1070 1346 similitudine
1097 1291 1200 1346 viri
1224 1291 1320 1363 qui
1351 1292 1456 1346 hoc
1477 1291 1630 1362 quod
1649 1291 1834 1363 diligit
1853 1291 2000 1346 bene

399 1378 667 1434 custodit.
689 1380 830 1434 Cum
873 1380 1048 1451 igitur
1074 1381 1132 1435 in
1184 1385 1468 1437 internum
1497 1399 1662 1436 verus
1687 1382 1758 1435 sit
1789 1385 1844 1436 et
1872 1397 2001 1452 spe-

391 1467 652 1522 rantibus
666 1467 725 1522 in
739 1485 798 1522 se
812 1469 1054 1522 salutem
1073 1469 1487 1540 promiserit,in
1505 1488 1572 1526 eo
1596 1471 1790 1542 procul
1825 1469 1999 1524 dubio

397 1557 746 1626 sperandum
763 1560 869 1613 est.
902 1558 970 1612 Et
993 1559 1037 1612 si
1065 1575 1167 1630 pro
1200 1576 1268 1614 eo
1301 1559 1730 1630 persecutiones
1761 1559 2003 1629 injuria-

396 1659 526 1699 rum
553 1645 930 1712 occurrerint,
961 1663 1076 1702 non
1094 1649 1180 1701 est
1203 1648 1565 1715 fugiendum.
1593 1651 1714 1721 Ipse
1743 1666 2000 1720 namque

2095 497 2376 562 carentes,
2395 497 2453 550 et
2480 495 2668 562 vidua,
2701 511 2736 549 a
2765 497 2883 550 Deo
2914 493 3272 555 recedentes,
3319 491 3416 564 qui
3441 491 3715 548 adhaese-

2092 586 2229 638 runt
2253 585 2459 639 sicculo
2481 585 2842 654 contempto,
2859 582 3009 653 ipsos
3038 584 3241 637 tamen
3263 581 3444 636 factos
3466 596 3721 652 peccan-

2095 671 2168 726 do
2189 672 2456 742 pupillum
2475 678 2524 726 et
2553 672 2790 738 viduam,
2823 674 2882 726 et
2904 687 3006 742 per
3036 671 3151 725 hoc
3175 687 3210 724 a
3239 667 3432 741 gratia
3458 669 3580 740 ejus
3609 685 3716 724 re-

2093 760 2305 831 pulsos,
2331 761 2598 830 suscipiet,
2621 759 2678 813 in
2717 759 3228 830 participationem
3273 755 3498 829 gratias,
3527 755 3573 811 si
3600 771 3718 830 per

2096 847 2498 918 paenitentiam
2551 847 2837 903 voluerint
2882 847 3096 913 redire,
3127 863 3160 900 a
3191 845 3568 901 similitudine
3625 843 3720 918 pii

2097 935 2312 1008 sponsi,
2343 936 2436 1006 qui
2456 953 2728 1008 sponsam
2748 953 2923 1008 quam
2948 937 3188 1007 propter
3208 933 3649 990 fornicationem
3673 949 3720 988 θ.

2097 1041 2157 1078 sc
2184 1025 2413 1097 repulit,
2443 1041 2511 1078 ex
2565 1023 2958 1080 misericordia
3005 1022 3256 1096 suscipit,
3299 1021 3344 1077 si
3393 1039 3428 1078 a
3455 1022 3715 1077 fornica-

2098 1112 2256 1168 tione
2286 1112 2558 1168 desistere
2577 1112 2840 1168 voluerit.
2871 1113 3154 1182 Suscipiet,
3181 1109 3721 1183 inquam,eoslicet

2099 1204 2445 1274 peccatores.
2479 1201 2556 1256 Et
2585 1201 2950 1273 suscipiendo
2977 1200 3236 1272 disperdet
3266 1216 3370 1271 per
3399 1199 3716 1269 indulgen-

2101 1289 2242 1344 tiam
2260 1293 2770 1361 viampeccatorum,
2798 1289 3013 1345 scilicet
3038 1289 3473 1344 multitudinem
3514 1304 3723 1360 pecca-

2100 1381 2314 1448 torum,
2348 1395 2450 1450 per
2498 1395 2674 1450 quam
2701 1379 2809 1450 ipsi
2840 1378 2998 1450 prius
3023 1381 3353 1448 peccatores
3403 1377 3718 1431 existentes

2101 1466 2507 1522 tendebantad
2528 1467 3094 1537 mortemﬁuscipiet,
3128 1465 3388 1538 inquam.
3417 1465 3483 1519 Et
3499 1463 3717 1536 inipsis

2101 1555 2373 1625 susceptis
2391 1556 2632 1625 regnabit
2661 1556 2920 1610 Dominus
2951 1557 3007 1608 in
3034 1555 3250 1621 saecula,
3273 1553 3330 1608 id
3353 1556 3439 1608 est
3452 1569 3556 1624 per
3583 1568 3714 1607 om-

2101 1642 2198 1698 nia
2215 1645 2423 1698 saecula
2451 1646 2557 1698 ista
2574 1643 2900 1714 praesentia,
2917 1643 3130 1699 scilicet
3144 1643 3250 1714 ipsi
3261 1645 3432 1698 erunt
3454 1656 3711 1712 regnum

395 1733 534 1803 facit
563 1733 782 1804 justum
825 1735 1090 1804 judicium
1136 1737 1402 1806 injuriam
1415 1739 1741 1808 patientibus
1773 1754 1876 1810 pro
1907 1755 1998 1794 eo.
2027 1753 2078 1812 Β
2099 1733 2158 1786 et
2177 1731 2453 1802 possessio
2473 1729 2722 1798 Domini,
2755 1731 3009 1805 quamdiu
3028 1732 3150 1786 haec
3163 1731 3371 1786 saecula
3389 1728 3710 1786 durabunt-

399 1819 490 1875 Sic
520 1821 782 1876 videlicet
811 1823 894 1878 eis
907 1823 1188 1894 judicium
1207 1826 1342 1879 l'acnt
1355 1828 1416 1880 ut
1445 1843 1544 1880 eos
1571 1827 1997 1882 remunerando

398 1908 801 1980 digne,eorum
821 1913 1758 1985 persecutorespuniatjuste.Quia
1779 1915 2000 1969 dixerat

395 1999 451 2050 in
487 1997 600 2053 Deo
622 2002 678 2054 et
697 2016 805 2054 non
825 2003 880 2053 in
893 2001 1227 2072 principibus
1256 2019 1376 2057 esse
1397 2003 1803 2058 conﬁdendum
1819 2045 1832 2070 ,
1866 2019 1996 2074 pos—

396 2088 484 2141 set
503 2087 673 2158 objici
703 2105 715 2142 :
747 2088 885 2144 Vere
927 2089 984 2143 in
1036 2091 1155 2145 Deo
1215 2090 1285 2144 de
1333 2091 1499 2146 bonis
1557 2092 1873 2146 ccelcstibus
1916 2094 2002 2146 est

396 2177 770 2246 sperandum,
799 2177 897 2232 sed
918 2181 1108 2232 tamen
1132 2179 1202 2232 de
1217 2179 1382 2233 bonis
1404 2180 1767 2234 saecularibus
1787 2183 1843 2234 in
1850 2183 2002 2250 prin-

396 2264 595 2334 cipibus
613 2269 697 2319 est
713 2265 1144 2321 conﬁdendum.
1164 2267 1248 2322 Ad
1272 2269 1382 2322 hoc
1409 2285 1546 2339 ergo
1559 2268 1997 2336 removendum,

399 2351 477 2406 sic
530 2353 764 2408 additur
793 2371 806 2408 :
831 2355 966 2410 Dico
1019 2357 1177 2427 quod
1221 2358 1358 2426 facit
1397 2357 1654 2428 injuriam
1677 2357 2002 2428 patientibus

383 2440 672 2510 judicium.
701 2443 766 2495 Et
795 2460 910 2496 non
940 2445 1126 2498 solum
1156 2445 1264 2499 hoc
1303 2445 1646 2500 beneficium
1691 2445 1849 2512 facit,
1900 2445 2001 2500 sed

394 2527 570 2582 etiam
590 2513 1056 2599 dat579escam
1073 2534 1435 2603 corporalem
1446 2535 1818 2588 esurientibus.
1843 2533 2001 2587 Licet

395 2615 552 2670 enim
579 2617 889 2688 aliquando
907 2635 1035 2673 esca
1047 2619 1645 2692 deturaprincipibus,
1666 2637 1782 2675 non
1801 2623 1996 2676 tamen

395 2704 610 2776 absque
635 2706 732 2760 Dei
757 2705 917 2776 jussu
949 2711 1047 2761 aut
1067 2708 1444 2780 permissione
1464 2711 1651 2766 datur.
1682 2713 1790 2765 Per
1807 2727 1997 2765 escam

395 2791 583 2848 innuit
595 2795 869 2864 quoniam
883 2795 1058 2850 etiam
1073 2797 1368 2852 saecularia
1389 2799 1542 2854 bona
1559 2815 1653 2854 om
1665 2798 1760 2853 nia
1776 2798 1995 2853 tribuit.

394 2880 518 2935 Non
549 2883 734 2938 solum
757 2886 952 2938 autem
972 2885 1081 2940 hoc
1111 2886 1454 2941 beneﬁcium
1475 2888 1698 2942 confert
1722 2887 2001 2942 Dominus

394 2971 458 3023 ut
493 2969 592 3024 det
628 2988 818 3026 escam
833 2972 1238 3042 esurientibus,
1265 2975 1366 3030 sed
1396 2979 1454 3030 et
1483 2976 1604 3030 huic
1635 2975 1746 3030 alia
1775 2975 2000 3030 confert

393 3073 521 3129 quae
551 3059 1005 3128 subscribuntur,
1035 3079 1282 3134 quorum
1329 3063 1787 3118 consideratione
1817 3064 1995 3118 conﬁ-
2018 3041 2066 3102 α

395 3145 652 3202 dendum
673 3153 758 3204 est
781 3148 942 3220 ineo,
970 3149 1182 3206 scilicet
1209 3151 1474 3206 Dominus
1492 3152 1644 3206 solvit
1661 3152 1994 3222 compeditos,

393 3233 452 3288 id
485 3239 568 3289 est
593 3235 718 3291 illos
747 3238 845 3309 qui
869 3239 1183 3310 compediti
1197 3243 1349 3303 sunt,
1368 3243 1424 3294 et
1445 3240 1658 3311 alligati
1681 3257 1997 3311 pravacon-

394 3323 697 3378 suetudine
724 3328 962 3394 peccati,
991 3327 1218 3381 volente
1251 3346 1346 3382 eos
1375 3329 1450 3383 ad
1480 3333 1713 3399 peccata
1745 3329 1993 3396 trahere,

397 3425 502 3463 nec
532 3409 868 3467 facilitatem
897 3413 1117 3468 habent
1159 3418 1307 3470 bene
1349 3416 1648 3488 operandi.
1681 3419 1728 3471 A
1772 3417 1994 3472 vinculo

393 3514 582 3570 prava:
618 3498 768 3554 illius
823 3503 1248 3558 consuetudinis
1277 3505 1462 3572 solvit,
1513 3522 1585 3560 ne
1628 3505 1709 3560 eis
1747 3505 1995 3576 graviter

395 3587 540 3642 adeo
570 3587 764 3656 instet,
812 3596 870 3643 et
911 3591 1245 3648 facilitatem
1277 3594 1423 3648 bene
1445 3594 1722 3667 operandi
1749 3595 1829 3648 eis
1857 3611 1994 3648 con-

394 3675 569 3744 cedit,
597 3695 628 3732 a
660 3677 1032 3736 similitudine
1079 3681 1183 3736 viri
1213 3683 1547 3754 compediti,
1577 3682 1674 3754 qui
1731 3699 1862 3737 cum
1911 3681 1995 3736 sui

391 3763 722 3820 libertatem
748 3784 863 3821 non
899 3769 1130 3836 habeat,
1153 3770 1542 3826 sisolvaturab
1565 3771 1754 3842 aliquo
1788 3790 1821 3826 a
1837 3787 1998 3826 com-

391 3851 654 3923 pedibus,
675 3853 732 3908 in
759 3855 844 3909 sui
877 3855 1202 3912 libertatem
1229 3859 1568 3914 restituitur.

465 3941 586 3996 Non
619 3944 805 3998 solum
832 3947 1026 3999 autem
1046 3948 1357 4018 campeditos
1383 3949 1557 4014 solvit,
1575 3948 1676 4002 sed
1695 3947 1872 4002 etiam
1889 3949 1996 4001 Do-

393 4047 566 4084 minus
590 4031 857 4086 illuminat
874 4035 1095 4089 lumine
1117 4035 1250 4106 spiri
1262 4037 1386 4091 talis
1403 4036 1798 4108 intelligentiae
1812 4055 1992 4105 ca'cos,

393 4115 540 4184 illos,
563 4118 776 4173 scilicet
801 4121 894 4190 qui
919 4123 1053 4176 caeci
1082 4127 1216 4177 sunt
1255 4127 1314 4178 et
1349 4129 1610 4196 expertes
1655 4126 1994 4192 intellectus,

393 4205 462 4260 Et
487 4223 603 4260 non
635 4207 757 4261 haec
788 4209 1067 4274 beneﬁcia
1083 4213 1309 4265 tantum
1326 4213 1462 4283 agit,
1482 4214 1584 4268 sed
1597 4213 1828 4284 insuper
1841 4214 1997 4285 quod

2096 1818 2380 1888 Dominus,
2403 1819 2666 1890 inquam,
2691 1821 2951 1890 regnabit,
3001 1819 3270 1875 Dominus
3299 1818 3426 1873 dico
3456 1817 3714 1872 existens

2096 1907 2240 1962 Deus
2271 1915 2389 1962 tuus
2415 1907 2570 1976 Sion,
2621 1909 2838 1964 scilicet
2869 1926 3045 1982 quem
3094 1911 3154 1962 tu
3184 1910 3366 1963 Deum
3399 1909 3564 1960 tuum
3613 1923 3714 1960 re-

2099 1999 2284 2070 putas,
2309 2013 2341 2050 ο
2363 1995 2523 2064 Sion,
2551 1998 2812 2053 collectio
2850 1997 3111 2052 ﬁdelium
3139 1997 3440 2068 speculans
3490 1995 3714 2062 futura,

2099 2102 2217 2140 non
2248 2085 2554 2140 attendens
2581 2086 2908 2156 prmsentia.
2945 2087 3010 2140 Et
3041 2102 3160 2140 non
3215 2085 3402 2139 solum
3461 2083 3718 2153 regnabit

2101 2173 2356 2245 quandiu
2387 2174 2509 2228 haec
2541 2177 2746 2230 saecula
2777 2175 3086 2241 durabunt,
3106 2173 3206 2228 sed
3227 2179 3276 2226 et
3307 2174 3363 2226 in
3374 2174 3720 2241 generatione

2099 2261 2205 2316 hac
2230 2263 2522 2332 praesenti,
2555 2271 2604 2316 et
2635 2264 2899 2318 durando
2933 2279 3108 2334 usque
3131 2264 3187 2315 in
3203 2262 3595 2330 generationem
3623 2259 3717 2314 fu-

2100 2351 2309 2404 turam.
2340 2351 2504 2414 Quod
2527 2355 2611 2406 est
2638 2352 2861 2407 dicere:
2885 2353 2950 2406 Et
2979 2351 3071 2406 hic
3100 2353 3158 2405 et
3187 2351 3245 2404 in
3275 2348 3468 2404 futuro
3515 2365 3714 2416 regna-

2103 2437 2176 2492 bit
2205 2438 2262 2493 in
2290 2441 2390 2507 eis,
2421 2440 2512 2495 hic
2539 2441 2772 2512 quidem
2803 2442 2950 2496 bene
2984 2439 3404 2511 promovendo,
3425 2437 3484 2492 in
3511 2437 3714 2493 futuro

2097 2543 2230 2582 vero
2261 2527 2383 2582 sine
2413 2529 2528 2584 ﬁne
2549 2530 2954 2586 beatiﬁcando.
3213 2527 3222 2536 ’

2561 2619 2630 2672 IN
2669 2618 2992 2673 PSALMUM
3023 2617 3239 2673 CXLVI.

2167 2703 2384 2759 Titulus
2413 2706 2712 2760 centesimi
2751 2705 3178 2778 quadragesimi
3236 2704 3400 2759 sexti.
3443 2702 3696 2757 Alleluia.

2101 2793 2213 2848 Vox
2229 2795 2556 2865 Prophetas,
2581 2797 2779 2850 ﬁdeles
2797 2812 3001 2850 omnes
3015 2795 3086 2850 ad
3101 2795 3202 2849 Dei
3216 2794 3444 2850 laudem
3458 2791 3702 2847 invitan-

2101 2880 2190 2944 tis,
2223 2898 2290 2936 cx
2315 2883 2774 2938 consideratione
2801 2885 2936 2956 quia
2961 2883 3315 2938 Hierusalem
3341 2878 3708 2938 cmlestemin

2096 2970 2290 3024 futuro
2319 2970 2643 3038 aediﬁcabit,
2677 2977 2735 3026 et
2763 2973 2856 3026 hic
2893 2972 3280 3044 dispersmnes
3323 2970 3544 3024 Israelis
3571 2985 3713 3022 con-

2096 3058 2383 3129 gregabit,
2415 3062 2472 3114 et
2498 3077 2565 3114 ex
2595 3059 3054 3115 consideratione
3091 3062 3451 3120 .caiterorum
3481 3056 3710 3112 beneﬁ-

2097 3146 2316 3202 ciorum
2347 3164 2473 3220 quae
2503 3148 2563 3204 in
2589 3149 2697 3204 hoc
2721 3151 2950 3220 psalmo
2978 3149 3250 3206 ostendit.

2166 3235 2408 3290 Laudate
2434 3237 2726 3292 Dominum
2747 3239 3000 3304 Patrem,
3035 3253 3069 3292 o
3099 3237 3320 3302 ﬁdeles,
3344 3235 3402 3289 in
3437 3237 3706 3306 tempore

2097 3323 2296 3394 gratia:
2316 3324 2514 3391 futuri,
2539 3327 2782 3396 psalmo,
2803 3329 3058 3398 quoniam
3083 3327 3244 3380 bonus
3272 3330 3346 3378 est
3363 3324 3626 3394 psalmus,
3647 3320 3706 3376 id

2097 3415 2184 3466 cst
2215 3411 2365 3467 utilis
2381 3414 2637 3469 estvobis
2650 3416 2924 3485 psalmus.
2951 3416 3018 3469 Et
3033 3415 3169 3486 quia
3199 3413 3334 3467 utile
3356 3411 3515 3466 vobis
3535 3413 3620 3466 est
3646 3413 3706 3465 et

2097 3501 2477 3570 salutiferum,
2503 3506 2564 3557 ut
2591 3505 2773 3558 Deum
2797 3505 3018 3574 psalmo
3039 3501 3303 3567 laudetis,
3329 3501 3454 3556 haec
3467 3500 3704 3554 laudatio

2095 3591 2350 3661 psalmus
2379 3591 2639 3645 videlicet
2665 3592 2910 3646 existens
2931 3591 3207 3662 jucunda,
3240 3591 3299 3644 id
3323 3592 3409 3644 est
3448 3591 3563 3644 Deo
3600 3587 3702 3642 de-

2095 3679 2394 3745 lectabilis,
2425 3687 2474 3734 et
2503 3681 2713 3746 decora,
2737 3681 2797 3734 id
2828 3683 2912 3734 est
2927 3681 3170 3734 honesta
3192 3678 3264 3732 sit
3288 3679 3405 3732 Deo
3441 3680 3638 3732 nostro
3667 3692 3704 3730 a

2095 3767 2256 3821 vobis
2286 3767 2454 3835 data;
2482 3785 2548 3822 ac
2579 3769 2620 3822 si
2677 3769 2830 3823 dicat
2855 3785 2866 3822 :
2894 3766 3382 3840 Quandoquidem
3414 3766 3551 3820 utile
3604 3779 3700 3818 vo-

2095 3855 2184 3911 bis
2208 3859 2314 3923 est,
2347 3860 2405 3910 et
2435 3857 2536 3928 ipsi
2552 3857 2874 3928 jucundum
2899 3859 2958 3912 et
2980 3857 3278 3922 decorum,
3313 3857 3376 3908 ut
3391 3870 3524 3908 eum
3551 3851 3698 3924 psal-

2097 3962 2194 4000 mo
2213 3946 2475 4014 laudetis,
2508 3947 2814 4018 persolvite
2845 3948 2894 4002 ei
2921 3947 3070 4001 hanc
3089 3941 3694 4000 talemlaudationem.

2097 4034 2382 4098 Quoniam
2402 4039 2596 4090 autem
2610 4019 3212 4107 cun1580psalmus
3233 4033 3292 4087 in
3309 4029 3570 4105 psalterio
3595 4030 3695 4084 ﬁat

2096 4122 2270 4178 estibi
2285 4126 2343 4177 et
2357 4141 2456 4179 vox
2474 4130 2532 4178 et
2553 4141 2832 4178 manuum
2848 4123 3128 4196 operatio,
3141 4139 3248 4194 per
3259 4123 3546 4194 psalmum
3558 4118 3698 4174 acci-

2097 4211 2250 4280 pitur
2265 4215 2323 4264 et
2343 4213 2466 4266 laus
2484 4212 2582 4267 Dei
2604 4213 2660 4266 in
2689 4211 3278 4286 bonaoperatione,et
3311 4213 3435 4266 laus
3467 4209 3526 4264 in
3564 4225 3698 4263 voce

394 4295 581 4366 majus
609 4299 714 4365 est,
745 4296 1006 4352 Dominus
1027 4301 1184 4370 erigit
1211 4299 1384 4363 elisos,
1417 4301 1630 4355 scilicet
1657 4301 1782 4355 illos
1802 4302 1900 4372 qui
1926 4319 1990 4356 ex
2017 4299 2069 4359 D
2094 4299 2386 4366 exteriori,
2413 4301 2627 4356 scilicet
2659 4301 2716 4355 in
2745 4318 2866 4368 ore,
2901 4304 2958 4356 et
2986 4302 3110 4355 laus
3139 4301 3197 4355 in
3228 4316 3365 4354 voce
3413 4296 3695 4364 interiori,

390 4385 513 4438 toto
545 4390 675 4438 sunt
703 4385 822 4439 elisi
855 4401 960 4456 per
978 4390 1237 4458 peccata,
1263 4388 1320 4442 in
1353 4388 1557 4460 quibus
1578 4406 1645 4444 ex
1669 4392 1792 4443 toto
1820 4389 1993 4444 virtu-

390 4475 495 4538 tes,
519 4475 576 4526 et
603 4473 852 4527 liberum
881 4475 1181 4530 arbitrium
1201 4478 1495 4532 confracta
1518 4481 1655 4532 sunt
1685 4480 1742 4531 et
1788 4478 1988 4533 debili-

396 4564 530 4625 tata,
553 4559 724 4630 erigit
751 4562 822 4614 ad
843 4563 948 4616 hac
987 4564 1223 4619 elisione
1269 4570 1500 4638 peccata
1529 4583 1632 4638 per
1678 4567 1989 4622 confessio-

390 4664 527 4702 nem
553 4647 929 4719 indulgendo,
949 4652 1007 4703 et
1037 4653 1092 4704 in
1128 4653 1207 4706 eis
1237 4653 1474 4709 virtutes
1491 4659 1550 4710 et
1569 4656 1814 4710 liberum
1839 4655 1990 4710 arbi-

388 4735 565 4790 trium
596 4737 1030 4807 reintegrando.
1087 4741 1398 4811 Postquam
1455 4759 1590 4798 vero
1616 4748 1750 4798 sunt
1796 4744 1990 4809 erecti,

387 4827 657 4882 Dominus
687 4825 813 4880 illos
855 4826 1036 4880 factos
1053 4827 1230 4897 justas
1261 4829 1465 4898 dirigit,
1498 4831 1556 4886 id
1581 4835 1667 4886 est
1696 4838 1996 4903 promovet

391 4909 461 4966 de
487 4913 693 4968 virtute
721 4913 781 4968 in
803 4914 1097 4983 virtutem,
1130 4917 1236 4983 vel,
1266 4916 1311 4970 si
1360 4917 1432 4972 sit
1461 4918 1538 4972 ibi
1562 4921 1758 4989 diligit,
1787 4923 1995 4978 eadem

389 5000 676 5056 sententia
687 5005 790 5056 est.
807 5003 872 5057 Et
891 5020 1007 5058 non
1028 5007 1254 5060 tantum
1269 5022 1366 5060 eos
1375 5006 1568 5074 dirigit
1577 5012 1990 5078 promovendo,

387 5088 489 5142 sed
503 5087 677 5143 etiam
697 5091 958 5146 Dominus
982 5093 1207 5146 custodit
1238 5110 1341 5164 per
1359 5094 1607 5164 gratiam
1651 5113 1815 5152 suam
1837 5100 1994 5154 adve-

388 5195 506 5244 nas,
530 5195 603 5232 ne
667 5177 737 5232 ab
767 5179 874 5233 bac
930 5182 1296 5250 promotionc
1350 5183 1640 5238 deﬁciant.
1690 5185 1854 5249 Quod
1910 5191 1996 5242 est

388 5267 616 5322 dicere:
657 5269 1028 5323 Perseverare
1077 5271 1214 5324 facit
1242 5271 1296 5326 in
1329 5272 1436 5326 hac
1467 5275 1832 5343 promotione
1870 5275 1994 5332 illos

388 5355 484 5427 qui
519 5373 634 5410 non
666 5361 936 5428 reputant
961 5375 1020 5411 se
1053 5359 1200 5413 cives
1223 5360 1390 5431 hujus
1416 5361 1638 5432 patriai,
1671 5365 1770 5419 sed
1819 5365 1988 5419 adve-

387 5462 510 5509 nas,
543 5444 602 5499 id
628 5447 714 5500 est
740 5462 1002 5518 supernae
1022 5449 1222 5519 patriai
1252 5449 1418 5504 cives.
1435 5450 1492 5505 Si
1524 5468 1656 5507 vero
1685 5453 1754 5507 de
1787 5453 1990 5524 aliqui-

386 5529 496 5582 bus
540 5533 846 5603 contigerit
892 5538 953 5590 ut
979 5536 1051 5590 ab
1079 5537 1184 5592 hac
1213 5539 1580 5609 promotionc
1611 5541 1899 5610 deﬁciant,
1927 5546 1986 5598 et

2091 4387 2356 4442 videlicet
2378 4389 2436 4442 in
2471 4389 2798 4444 aliectione.
2821 4389 3080 4454 Laudate,
3112 4389 3378 4460 inquam,
3406 4387 3698 4440 Dominum

2092 4478 2340 4531 Patrem.
2368 4477 2433 4532 Et
2461 4478 2568 4532 hoc
2597 4496 2665 4532 ea
2689 4477 3154 4532 consideratione
3177 4478 3313 4548 quia
3342 4475 3606 4529 Dominus
3637 4472 3694 4526 in

2090 4565 2281 4620 futuro
2311 4567 2422 4620 erit
2447 4567 2714 4636 uidi/itam
2737 4567 3075 4622 Hierusalem
3097 4567 3410 4632 caelestem,
3432 4563 3696 4636 supplen-

2092 4655 2165 4709 do
2191 4672 2257 4709 ex
2295 4672 2538 4711 numero
2573 4655 2898 4722 hominum,
2929 4654 3207 4728 quidquid
3238 4670 3342 4725 per
3369 4649 3694 4723 superbiam

2094 4742 2305 4797 decidit
2320 4745 2755 4814 angelorum.Et
2777 4747 2840 4798 ut
2867 4760 2935 4798 ex
2962 4743 3292 4798 hominibus
3311 4740 3553 4796 caelestis
3569 4739 3690 4794 Hie-

2093 4832 2345 4885 rusalem
2370 4833 2704 4900 aediﬁcetur,
2731 4833 3069 4903 congregabit
3093 4831 3184 4886 hic
3236 4830 3521 4885 unitatem
3563 4826 3696 4882 ﬁdei

2093 4919 2433 4990 dispersiones
2449 4921 2692 4988 Israclis,
2726 4922 2940 4976 scilicet
2977 4919 3363 4991 dispersiones
3390 4916 3691 4973 hominum

2096 5008 2194 5080 qui
2229 5008 2403 5063 futuri
2431 5012 2564 5063 sunt
2595 5011 2782 5064 Israel.
2814 5009 2979 5073 Quod
3012 5011 3098 5063 est
3115 5007 3337 5063 dicere:
3359 5004 3689 5072 Salvandos,

2096 5113 2164 5150 ex
2194 5097 2402 5168 quibus
2425 5097 2772 5153 Hierusalem
2787 5095 3183 5164 mdiﬁeabitur,
3194 5095 3351 5168 prius
3369 5095 3428 5150 in
3446 5094 3694 5150 diversos

2094 5201 2320 5240 errores
2347 5186 2685 5242 idololatrias
2701 5185 3071 5257 dispersos,in
3099 5187 3384 5240 unitatem
3413 5183 3546 5238 ﬁdei
3563 5199 3694 5237 con-

2093 5275 2376 5347 gregaliit,
2408 5277 2464 5329 et
2495 5275 2572 5330 sic
2602 5292 2699 5331 eos
2715 5275 2806 5331 hic
2825 5275 2996 5330 faciet
3013 5275 3202 5330 Israel.
3222 5272 3688 5344 Congregabit,in-

2091 5380 2288 5435 quam.
2314 5363 2603 5430 Quietiam
2626 5367 2933 5437 postquam
2953 5363 3285 5436 congregati
3309 5365 3500 5430 erunt,
3517 5369 3688 5428 sanat,

2089 5453 2149 5506 id
2179 5456 2259 5506 est
2283 5453 2510 5508 sanabit
2533 5470 2632 5507 eos
2678 5454 2860 5508 factos
2911 5456 3160 5508 contritas
3205 5453 3376 5508 corde.
3407 5452 3574 5516 Quod
3611 5452 3691 5504 est

2090 5541 2280 5596 dicere
2303 5558 2314 5596 :
2337 5540 2476 5596 Cum
2501 5544 2632 5614 post
2656 5541 2793 5598 ﬁdei
2815 5542 3250 5616 perceptionem
3277 5541 3464 5600 adhuc
3477 5539 3687 5596 inﬁrmi
