3966 6034
330 275 463 336 14οὸ

1265 276 1620 337 EXPOSl'l‘IO
1665 275 1736 336 IN
1771 271 2106 336 PSALMOS.
2145 303 2216 318 --
2253 273 2446 335 PSAL.
2487 276 2684 336 CXLVI

3492 273 3630 338 1460

321 402 496 459 erunt
525 417 593 458 ex
621 401 1033 460 consuetudine
1062 408 1457 476 peccatorum,
1483 405 1556 476 fet
1605 403 1822 461 debiles
1851 403 1924 460 ad
1945 407 2003 468 Α
2033 403 2220 472 reant,
2255 421 2372 460 non
2417 421 2550 461 cum
2577 403 3018 461 mansuetudine
3047 405 3156 461 hoc
3181 401 3500 478 inquirunt,
3531 405 3633 462 sed

322 491 473 547 bene
503 491 1115 564 operandum,sanabit
1145 495 1568 550 medicamento
1586 493 1786 568 gratia:
1816 511 1932 550 suas

323 581 384 636 in
419 580 498 636 eis
527 581 676 635 hanc
707 581 1106 637 infirmitatem
1127 583 1206 638 sic
1228 583 1378 638 uteis
1399 584 1772 639 tribuathene
1795 599 1931 654 ope-

325 669 492 725 randi
536 669 896 738 facilitatem,
930 687 964 724 a
992 670 1622 740 similitudineinﬁrmi,
1654 671 1772 743 qui,
1800 687 1933 726 cum

323 765 454 828 post
493 757 822 814 evasionem
859 760 1068 826 morbi,
1104 761 1460 816 debilitatem
1494 761 1679 816 adhuc
1707 777 1777 816 ex
1807 760 1930 833 ipso

323 846 533 902 morbo
569 846 834 913 retineat,
864 849 1141 919 paulatim
1157 867 1225 903 ex
1244 849 1339 904 illa
1361 849 1653 906 debilitate
1674 853 1927 917 sanatur,

327 934 465 989 dum
512 934 571 989 in
625 935 928 1006 pristinam
972 939 1228 1009 corporis
1270 939 1538 995 virtutem
1571 939 1930 994 medicorum

325 1022 531 1078 auxilio
570 1023 908 1079 restituitur.
957 1027 1020 1080 Et
1053 1027 1182 1082 ideo
1213 1029 1456 1094 sanabit,
1508 1028 1644 1101 quia
1671 1031 1842 1082 erunt
1867 1027 1927 1082 in

323 1113 495 1166 corde
507 1115 956 1184 compunctione
975 1116 1224 1171 contriti.
1247 1138 1274 1167 ‹‹
1303 1118 1414 1172 Cor
1431 1117 1586 1171 enim
1609 1115 1927 1172 contritum

322 1203 379 1255 et
406 1201 772 1256 humiliatum
791 1219 906 1258 non
925 1203 1198 1276 despiciet
1223 1207 1370 1261 Deus
1388 1207 1561 1278 (Psal.
1588 1223 1642 1274 L,
1663 1209 1766 1271 t9).
1784 1224 1816 1257 ιδ
1848 1203 1926 1259 Et

321 1289 655 1361 priusquam
686 1308 783 1346 eos
799 1309 864 1346 ex
887 1293 992 1346 hac
1014 1293 1316 1349 debilitate
1333 1296 1729 1365 sanct,alligat,
1760 1293 1820 1348 id
1839 1295 1924 1348 est

323 1379 928 1449 alligabitcontritiones
945 1399 1144 1451 eorum,
1178 1383 1387 1439 scilicet
1409 1383 1790 1440 consolidabit
1821 1400 1925 1457 per

321 1467 694 1540 baptismum,
724 1474 781 1524 et
809 1487 912 1542 per
935 1475 1144 1527 czeter-a
1165 1477 1525 1529 sacramenta
1545 1473 1924 1529 ecclesiastica

321 1555 556 1611 virtutes
581 1557 789 1612 animus
802 1561 860 1613 et
882 1559 1128 1614 liberum
1147 1561 1608 1635 arbitrium,quae
1629 1563 1924 1634 peccando

323 1644 732 1716 confregerunt
781 1651 839 1702 et
882 1647 1306 1706 destruxerunt.
1361 1651 1524 1715 Quod
1583 1655 1666 1706 est
1695 1651 1919 1706 dicere:

2031 492 2404 548 immansueti
2459 495 2786 562 existentes,
2821 495 2994 550 fidem
3241 477 3455 550 habere
3501 509 3634 548 con-

2030 585 2324 639 temnunt.
2341 585 2728 640 Commendat
2750 585 2881 640 fidei
2905 583 3428 650 mansuetudinem,
3445 584 3634 637 osten-

2032 671 2173 726 dens
2215 673 2370 744 quod
2421 676 2705 729 mansueti
2753 692 2788 728 a
2840 673 3088 730 Domino
3135 672 3540 746 suscipiuntur,
3574 671 3634 725 et.

2030 763 2352 817 econtrario
2380 765 2708 833 peccatores
2739 761 3111 817 immansueti
3140 761 3538 826 humiliantur,
3567 761 3630 814 ut

2029 849 2106 902 sic
2125 865 2228 904 nos
2245 851 2317 904 ab
2343 851 2866 908 immansuetudine
2892 849 3240 906 retrahendo
3265 849 3339 904 ad
3362 865 3626 904 mansue-

2027 937 2288 994 tudinem
2336 940 2552 995 invitet.
2606 940 2742 996 Dico
2788 941 2942 1012 quod
2973 955 3197 1008 magnus
3225 941 3312 992 est
3341 937 3626 1004 Dominus,

2028 1027 2197 1082 Pater
2227 1031 2284 1082 et
2333 1029 2502 1084 Filius
2530 1033 2588 1084 et
2635 1028 2878 1100 Spiritus
2925 1031 3174 1082 sanctus.
3220 1026 3507 1092 Dominus,
3537 1025 3624 1080 in-

2026 1131 2222 1187 quam,
2251 1119 2532 1188 suscipiens
2561 1123 2876 1183 mansuetos,
2911 1117 3008 1189 qui
3057 1115 3110 1170 si
3156 1115 3352 1170 statim
3383 1131 3502 1169 non
3533 1113 3622 1170 in-

2023 1205 2369 1268 tellexerint,
2390 1206 2565 1262 fidem
2588 1225 2707 1263 non
2733 1207 3049 1279 repellunt;
3068 1205 3168 1260 sed
3187 1205 3260 1259 ad
3281 1205 3388 1258 hoc
3415 1201 3625 1257 intelli-

2022 1283 2278 1364 gendum
2301 1294 2546 1366 qualiter
2569 1313 2716 1351 unus
2737 1299 2795 1350 et
2822 1295 3006 1350 trinus
3034 1294 3126 1360 sit,
3147 1293 3444 1348 mansuete
3475 1291 3654 1344 iuver

2021 1379 2291 1452 stigando
2314 1383 2596 1438 nituntur.
2619 1384 2922 1455 Suscipiens
2948 1383 3183 1456 quidem
3214 1386 3532 1444 mansuetos,
3565 1378 3624 1434 id

2024 1472 2108 1523 est
2136 1471 2376 1526 medens
2404 1471 2506 1539 eis,
2529 1476 2591 1528 ut
2614 1473 2954 1544 ignorantiae
2986 1471 3344 1526 debilitatem
3375 1468 3625 1533 auferat,

2023 1562 2082 1613 et
2109 1561 2444 1616 facultatem
2475 1557 2872 1633 intelligentiae
2899 1561 3177 1616 conferat.
3193 1559 3502 1614 Peccatores
3533 1573 3628 1610 au-

2025 1655 2127 1702 tem
2157 1651 2641 1718 antonomasticc,
2671 1649 2886 1706 scilicet
2905 1649 3342 1712 immansuetos,
3367 1662 3470 1716 per
3495 1644 3626 1698 sub-

323 1730 717 1805 Reintcgrabit
743 1735 976 1791 virtutes
1009 1741 1065 1791 et
1099 1737 1344 1794 liberum
1377 1740 1678 1795 arbitrium
1721 1756 1924 1795 eorum
1949 1727 2002 1786 Β
2027 1738 2370 1794 tractionem
2401 1740 2602 1810 gratiae
2633 1757 2748 1794 sua:
2795 1739 3103 1806 humilians,
3155 1737 3211 1792 id
3240 1739 3326 1792 est
3357 1733 3632 1804 dejiciens

321 1837 448 1893 quae
463 1821 564 1892 ipsi
583 1825 872 1894 peccando
887 1825 1408 1897 disperdiderunt,a
1420 1827 1792 1883 similitudine
1810 1845 1927 1882 me-

321 1909 451 1975 dici,
483 1910 580 1982 qui
605 1913 906 1982 cujuslibet
937 1931 1064 1969 ossa
1086 1917 1334 1971 contrita
1375 1917 1489 1971 sive
1530 1919 1763 1972 vulnera
1797 1916 1922 1971 alli-

320 1998 512 2066 gando
531 2004 715 2054 sanat.
739 2001 1274 2076 Laudate,inquam,
1302 2005 1611 2073 Dominum,
1647 2008 1740 2078 qui
1766 2007 1926 2078 post-

321 2101 494 2155 quam
533 2089 811 2144 contritos
863 2091 1034 2146 corde
1087 2092 1334 2162 sanabit,
1366 2095 1629 2150 faciendo
1664 2112 1765 2167 per
1803 2095 1925 2149 illu-

321 2175 704 2232 minatinnem
735 2179 934 2249 gratias
957 2198 1026 2234 ex
1063 2181 1166 2252 ipsi
1204 2183 1595 2238 multitudinem
1628 2185 1918 2255 stellarum,

321 2263 376 2317 id
391 2269 477 2320 est
489 2267 700 2321 multas
715 2269 906 2322 stellas
924 2279 1186 2338 numerat,
1207 2271 1262 2326 id
1277 2275 1363 2326 est
1378 2273 1710 2328 numerabit
1728 2274 1922 2328 multi-

319 2353 582 2408 tudinem
601 2354 827 2409 illarum
843 2359 1160 2426 stellarum,
1180 2359 1393 2414 scilicet
1407 2361 1684 2416 custodiet
1703 2361 1827 2416 illos
1848 2378 1920 2417 ne

319 2439 710 2514 deficiant,qui
727 2446 921 2501 multa:
934 2447 1034 2500 stel
1045 2449 1110 2502 lac
1123 2451 1569 2515 erunt,lucentes
1585 2450 1845 2506 videlicet
1860 2449 1918 2504 in

317 2530 510 2586 medio
543 2533 790 2588 nationis
808 2551 997 2605 pravae
1013 2537 1186 2607 (Phil,
1207 2539 1362 2608 11,23)
1391 2543 1448 2595 et
1468 2540 1728 2596 doctrina
1743 2541 1918 2596 etho-

316 2637 391 2674 na
412 2619 581 2687 vita,a
593 2621 966 2680 similitudine
987 2627 1478 2695 stcllarum,nocte
1497 2629 1553 2683 in
1577 2630 1915 2685 firmamen-

312 2711 371 2762 to
399 2708 732 2766 lucentium.
770 2712 1086 2767 Numerare
1117 2733 1222 2786 pro
1255 2719 1544 2772 custodire
1581 2719 1913 2788 ponitur,eo

309 2798 462 2870 quod
493 2799 565 2853 ad
594 2799 701 2854 hoc
733 2816 825 2854 res
856 2803 1148 2856 numerari
1179 2805 1341 2872 solet,
1380 2809 1438 2859 ut
1484 2811 1788 2861 numerata
1815 2824 1912 2861 cu-

309 2885 609 2942 stodiatur.
645 2887 934 2956 Numérat,
971 2889 1234 2962 inquam,
1263 2894 1780 2950 multasstellas.Et
1804 2913 1914 2950 om-

2025 1825 2098 1880 ab
2125 1826 2508 1900 intelligentia
2555 1847 2716 1901 usque
2761 1830 2832 1882 ad
2884 1835 3098 1894 terram,
3140 1825 3198 1880 id
3227 1828 3314 1880 est
3343 1839 3520 1894 usque
3552 1821 3627 1876 ad

2027 1917 2322 1970 terrenum
2353 1915 2733 1972 intellectum.
2759 1917 2922 1982 Quod
2938 1919 3023 1971 est
3051 1915 3241 1970 dicere
3275 1929 3288 1967 :
3324 1912 3457 1966 ldeo
3491 1909 3626 1981 quia

2025 1999 2395 2077 immansueti
2445 2009 2598 2072 sunt,
2626 2007 3016 2061 subtrahendo
3055 2006 3253 2058 lumen
3283 1999 3483 2074 gratias
3509 2015 3625 2053 suae

2023 2091 2288 2147 humiliat
2299 2109 2396 2148 eos
2409 2095 2706 2160 Dominus,
2725 2097 2788 2148 ut
2805 2111 2918 2149 non
2935 2095 3122 2148 solum
3141 2108 3256 2146 non
3276 2087 3622 2159 intelligant,

2021 2179 2122 2234 sed
2144 2181 2426 2252 utetiam,
2448 2183 2602 2254 quod
2619 2183 3018 2254 gravissimum
3045 2184 3148 2250 est,
3173 2180 3244 2235 de
3261 2181 3377 2234 Deo
3394 2181 3626 2232 terrena

2021 2269 2292 2338 sentiant,
2320 2275 2494 2344 utque
2524 2272 2594 2327 de
2621 2271 2878 2344 quolibet
2901 2269 3140 2326 homine
3170 2269 3242 2324 de
3270 2267 3394 2338 ipso
3425 2267 3621 2337 agant.

2092 2357 2379 2422 Quoniam
2405 2377 2546 2430 ergo
2566 2361 2896 2415 mansuetos
2920 2357 3171 2429 suscipit,
3190 2359 3248 2412 et
3268 2356 3618 2427 peccatores,

2018 2465 2078 2503 se
2108 2451 2353 2519 superbe
2381 2453 2437 2504 et
2462 2449 2846 2508 immansuete
2875 2449 3174 2514 habentes,
3205 2444 3490 2508 humiliat,
3521 2458 3622 2497 vos

2018 2537 2218 2592 fideles
2238 2539 2584 2610 quicunque,
2619 2541 2681 2592 ut
2719 2537 2764 2592 si
2797 2537 3060 2592 nondum
3089 2533 3333 2604 suscepti
3364 2531 3498 2588 estis
3527 2547 3618 2586 su-

2017 2625 2367 2697 scipiamini;
2400 2627 2445 2681 si
2476 2615 2612 2682 vero
2653 2627 2776 2697 jam
2811 2623 3056 2694 suscepti
3105 2621 3292 2694 magis
3345 2623 3406 2675 et
3435 2618 3619 2690 magis

2015 2713 2404 2784 suscipiamini
2442 2714 2727 2769 mansueti
2753 2713 3078 2778 existentes,
3088 2711 3370 2782 prere-inite
3386 2709 3617 2764 Domino

2015 2803 2070 2854 in
2097 2803 2421 2872 confessione
2439 2805 2806 2874 peccatorum
2837 2804 3181 2856 vestrorum.
3215 2797 3382 2862 Quod
3411 2798 3497 2850 est
3525 2793 3613 2849 di-

2011 2906 2140 2944 cere
2174 2907 2186 2944 :
2228 2892 2292 2945 In
2326 2890 2526 2963 primis
2555 2894 2791 2962 peccata
2820 2894 3005 2944 vestra
3048 2885 3344 2942 humiliter
3373 2883 3612 2940 confite-

308 2975 467 3028 m’bus
512 2976 584 3028 eis
608 2977 825 3029 nomina
881 2983 1056 3044 vocat,
1098 2977 1158 3032 id
1199 2983 1282 3034 est
1314 2982 1591 3037 vocabula
1625 2983 1907 3056 imponet.
1937 3011 1985 3070 α
2011 2977 2176 3046 mini,
2211 2995 2338 3050 quae
2391 2979 2671 3035 confessio
2704 2979 2883 3035 dulcis
2921 2982 3128 3070 cantus
3149 2978 3209 3031 et
3254 2973 3489 3070 primus.
3505 2970 3614 3070 erit

309 3062 472 3126 Quod
490 3065 575 3116 est
597 3063 817 3118 dicere:
845 3065 1012 3120 Dabit
1037 3065 1119 3120 eis
1132 3067 1354 3124 diversa
1369 3071 1736 3140 charismata,
1766 3089 1908 3145 quo-

311 3168 441 3206 rum
465 3151 764 3206 occasione
796 3153 1022 3208 diversa
1047 3156 1286 3212 nomina
1312 3157 1392 3212 eis
1433 3158 1824 3231 imponentur,
1849 3162 1911 3216 ut

309 3239 405 3293 alii
433 3241 734 3310 martyres,
768 3245 825 3296 et
851 3241 944 3296 alii
976 3243 1350 3313 contessores,
1385 3264 1482 3301 seu
1497 3248 1668 3305 etiam
1704 3265 1908 3304 mona-

308 3327 398 3381 chi
436 3327 550 3382 sive
595 3329 851 3384 eremitze
904 3335 1198 3401 vocentur,
1231 3338 1330 3390 aut
1359 3335 1484 3390 aliis
1512 3329 1776 3408 plurimis
1805 3337 1908 3391 hc-

311 3415 488 3471 ncstis
523 3418 852 3474 nominibus
881 3425 1304 3493 nuncupentur.

383 3505 666 3568 Quoniam
682 3510 875 3562 autem
894 3511 1112 3564 natura}
1135 3511 1338 3567 divina:
1353 3513 1713 3569 identitatem
1728 3518 1914 3570 osten-

313 3593 498 3661 derat,
533 3595 628 3648 ubi
656 3595 833 3651 dixit:
874 3598 1115 3652 Laudote
1148 3601 1465 3670 Dominum,
1521 3604 1911 3674 pluralitatem

312 3681 486 3736 etiam
517 3700 896 3754 personarum
923 3687 1194 3755 ostendit,
1227 3689 1305 3743 sic
1333 3707 1345 3744 :
1370 3690 1908 3764 Lamlatc,inquam,

309 3772 691 3840 Dominum,et
716 3774 823 3828 hoc
855 3791 924 3830 ea
965 3777 1286 3845 occasione,
1320 3779 1454 3851 quia
1484 3798 1708 3851 magnus
1736 3787 1820 3838 est
1852 3783 1909 3840 in

311 3864 516 3915 natura
544 3861 686 3915 Deus
703 3868 894 3930 noster,
917 3865 1102 3931 Pater,
1126 3865 1340 3922 scilicet
1366 3871 1570 3938 potens
1594 3873 1697 3936 est,
1734 3889 1906 3943 quem

309 3967 414 4004 nos
444 3951 743 4022 prophetae
774 3951 878 4005 viri
904 3953 1336 4009 auctorizahiles
1379 3957 1559 4011 Deum
1590 3975 1710 4012 csse
1741 3977 1907 4032 repu-

307 4041 516 4092 tamus.
546 4039 1012 4108 Etmagnuvirlus
1040 4043 1172 4112 ejus,
1210 4044 1267 4098 id
1310 4049 1392 4100 est
1413 4045 1582 4100 Filius
1606 4048 1702 4120 qui
1734 4049 1910 4103 virtus

309 4127 492 4180 Patris
520 4129 747 4194 dicitur,
773 4147 840 4182 co
871 4131 1028 4201 quod
1053 4133 1222 4188 Pater
1247 4135 1446 4190 omnia
1479 4153 1584 4207 per
1618 4155 1751 4192 eum
1795 4138 1908 4194 dis-

311 4212 474 4286 ponit
512 4217 570 4267 et
601 4217 956 4272 moderatur.
991 4221 1099 4274 Per
1132 4222 1232 4276 has
1263 4223 1404 4278 duas
1449 4243 1726 4296 personas
1769 4247 1910 4302 quas

2012 3067 2146 3120 Deo.
2168 3068 2235 3120 Et
2254 3070 2384 3137 post
2409 3067 2828 3124 confessionem
2847 3067 3059 3139 psallite
3082 3065 3196 3120 Deo
3224 3069 3420 3128 nostro,
3437 3060 3496 3116 id
3525 3059 3611 3114 est

2009 3154 2158 3208 bene
2185 3155 2511 3228 operamini
2543 3157 2618 3212 ad
2647 3157 2935 3212 honorem
2962 3153 3216 3210 Domini.
3241 3151 3490 3216 Psallite,
3519 3146 3609 3202 in-

2011 3259 2207 3313 quam,
2227 3238 2522 3300 existendo
2547 3247 2602 3299 in
2631 3246 2857 3312 cithara,
2881 3244 2936 3299 id
2963 3247 3049 3299 est
3073 3243 3131 3296 in
3164 3235 3610 3296 mortiﬁcatione

2009 3332 2214 3386 carnis.
2232 3334 2299 3387 Et
2319 3350 2450 3390 vere
2472 3335 2902 3407 prmcinendum
2925 3336 2984 3389 et
3003 3329 3366 3406 psallendum
3387 3329 3474 3382 est
3493 3327 3610 3380 Deo

2009 3424 2228 3475 nostro.
2253 3421 2362 3488 Qui
2385 3439 2594 3494 nempe
2631 3440 2760 3478 cum
2783 3423 2893 3476 hoc
2935 3425 3020 3476 est
3065 3419 3220 3492 quod
3241 3419 3406 3490 aperit
3425 3414 3611 3470 caelum

2012 3506 2080 3560 in'
2098 3509 2344 3578 nubibus,
2367 3511 2424 3565 id
2451 3514 2538 3566 est
2561 3529 2692 3566 cum
2737 3512 2983 3566 occultet
3004 3508 3245 3582 mystica
3273 3521 3486 3560 arcana
3508 3519 3610 3556 sua

2014 3595 2072 3650 in
2117 3597 2608 3668 praedicatoribus,
2641 3600 2738 3672 qui
2778 3601 3015 3672 propter
3061 3597 3148 3652 sui
3195 3592 3610 3650 sublimitatem

2011 3687 2219 3741 coitum
2247 3687 2534 3751 dicuntur,
2563 3687 2716 3743 idem
2749 3691 2946 3743 tamen
2993 3687 3202 3741 costum
3220 3689 3409 3754 parat,
3441 3680 3498 3735 id
3524 3682 3612 3734 est

2009 3775 2147 3829 facit
2154 3777 2425 3847 pluviam,
2442 3777 2500 3832 id
2525 3779 2610 3832 est
2637 3779 2902 3848 apertam
2935 3779 2992 3830 et
3017 3774 3361 3846 irrigantem
3392 3767 3608 3825 doctri-

2010 3883 2144 3920 nam
2177 3873 2329 3920 terra?
2359 3884 2474 3921 suae
2529 3867 2810 3922 Ecclesiae.
2847 3865 3012 3930 Quod
3043 3866 3130 3920 est
3187 3878 3254 3917 ac
3311 3861 3357 3915 si
3415 3859 3605 3914 dicat:

2010 3953 2150 4008 Cum
2185 3955 2304 4027 ipse
2331 3954 2388 4010 in
2423 3956 2694 4028 apostolis
2725 3958 2783 4010 et
2811 3953 3110 4028 prophetis
3139 3951 3386 4007 occultet
3415 3945 3608 4018 mysti-

2009 4060 2139 4097 cum
2169 4043 2525 4100 intellectum
2559 4049 2909 4100 secretorum
2941 4041 3347 4110 suorum,ideo
3369 4055 3441 4107 ne
3472 4035 3608 4090 vile-

2008 4134 2146 4198 scat,
2163 4133 2437 4187 eumdem
2453 4137 2647 4188 tamen
2673 4134 3028 4188 intellectum
3041 4130 3326 4198 ﬁdelibus,
3341 4127 3439 4200 qui
3457 4130 3611 4180 terra

2009 4221 2132 4291 ejus
2154 4224 2304 4288 sunt,
2323 4221 2634 4294 aliquando
2653 4219 3251 4294 perilluminationem
3268 4217 3470 4289 gratiae
3491 4230 3606 4268 suae

310 4303 506 4356 ﬁrmat
518 4318 638 4355 esse
655 4305 1199 4376 magnas,Spiritum
1213 4313 1476 4365 sanctum
1495 4331 1614 4368 esse
1631 4300 1909 4387 magnum
1936 4300 1988 4358 Ῑ)
2009 4311 2242 4378 revelat,
2277 4315 2338 4366 ιιι
2359 4311 2432 4365 Sil
2457 4310 2539 4364 eis
2563 4311 2618 4365 ίιι
2642 4311 2766 4366 10εο
2795 4309 3024 4380 Ριυνίων
3043 4307 3257 4362 5οηίοοί
3281 4307 3343 4359 ιιι
3370 4321 3468 4358 θοδ
3499 4302 3604 4356 ίω·

312 4389 684 4444 innuitur.Ne
715 4407 848 4445 vero
881 4397 1653 4467 proptervocabuladiversa,
1679 4403 1911 4461 innatu-

307 4497 372 4533 ra
385 4479 676 4533 videretur
702 4497 821 4534 esse
845 4481 1161 4554 diversitas,
1180 4491 1439 4541 removet
1455 4488 1562 4542 hoc
1580 4505 1708 4546 cum
1727 4495 1904 4548 addit:

305 4567 381 4621 Et
426 4569 556 4622 licet
584 4587 617 4622 a
659 4570 826 4624 Patre
851 4569 922 4624 sit
951 4571 1062 4627 alia
1090 4591 1336 4645 persona
1367 4575 1558 4644 Filius,
1604 4582 1798 4635 tamen
1826 4602 1910 4637 sa-

294 4659 531 4726 pientiai,
557 4656 612 4710 id
632 4661 717 4712 est
733 4658 871 4713 Filio
885 4660 1007 4730 ejus
1033 4663 1214 4717 Patris
1227 4681 1330 4717 non
1347 4671 1423 4719 cst
1443 4681 1708 4736 muneras,
1745 4669 1801 4724 id
1825 4673 1910 4726 est

305 4745 596 4800 diversitas
627 4748 684 4799 ct
717 4747 1106 4820 n'iultiplicitas
1135 4753 1445 4809 etvarietas
1462 4753 1516 4808 in
1549 4758 1905 4815 natura.Non

302 4834 458 4888 enim
480 4837 824 4889 muneratur
885 4837 994 4892 alia
1056 4840 1259 4908 Patris,
1305 4841 1416 4897 alia
1470 4843 1590 4898 Filii
1638 4849 1904 4917 essentia,

303 4923 402 4977 sed
432 4924 686 4994 perfecte
725 4930 810 4978 est
843 4925 925 4979 eis
971 4927 1177 4983 eadem
1211 4933 1268 4984 et
1296 4929 1644 4988 invariabilis
1674 4938 1900 4993 natura.

304 5010 616 5066 Nnmernm
651 5030 754 5084 pro
776 5013 1100 5070 diversitate
1126 5020 1184 5072 et
1203 5019 1624 5092 multiplicitate
1642 5025 1903 5094 ponit,eo

305 5101 458 5171 quod
490 5117 579 5155 res
596 5100 846 5157 diversas
876 5108 932 5157 et
957 5105 1297 5178 multiplices
1329 5126 1634 5165 numerare
1665 5130 1902 5170 consue-

303 5187 509 5243 vimus.
530 5190 674 5253 Quia
701 5209 834 5246 vero
866 5197 923 5246 et
952 5193 1231 5250 unitatem
1268 5197 1325 5250 in
1353 5201 1580 5265 natura,
1615 5202 1672 5254 et
1692 5199 1746 5255 in
1778 5221 1904 5274 per-

306 5268 462 5323 sonis
518 5287 638 5323 esse
671 5271 1156 5340 multiplicitatem
1191 5277 1545 5346 ostenderat,
1579 5297 1706 5334 cum
1742 5268 1908 5352 l'I-UjltS

307 5358 506 5411 secreti
541 5358 860 5412 intellectus
901 5362 1170 5416 omnibus
1223 5365 1485 5420 ﬁdelibus
1524 5385 1642 5423 non
1689 5371 1904 5440 pateat,

305 5445 685 5516 omnibnspue
710 5450 903 5502 tamen
934 5449 1066 5503 inde
1101 5451 1238 5506 ﬁdes
1267 5454 1552 5510 habenda.
1585 5456 1903 5514 Suntcnim

288 5533 544 5590 haeretici
559 5535 746 5606 multi,
773 5537 1024 5610 quicum
1048 5539 1219 5612 hujus
1237 5545 1413 5598 tanta:
1449 5543 1532 5600 rei
1558 5544 1769 5602 notitia
1801 5565 1895 5604 ca-

2009 4400 2148 4453 buat
2171 4403 2228 4452 et
2243 4399 2458 4454 fertiles
2484 4399 2673 4464 faciat,
2697 4398 2770 4451 ad
2792 4394 3237 4451 similitudinem
3259 4392 3482 4464 pluviae,
3498 4392 3608 4445 ter-

2008 4503 2134 4539 ram
2163 4486 2403 4556 rigantis
2435 4489 2491 4539 et
2521 4485 2774 4539 fertilem
2797 4483 3078 4538 facientis.
3115 4482 3390 4558 Dicuntur
3427 4479 3603 4534 etiam

2008 4573 2338 4645 hujusmodi
2377 4589 2587 4627 arcana
2617 4575 2845 4640 ccelum,
2868 4589 2936 4627 eo
2963 4573 3139 4645 quod,
3170 4571 3314 4626 sicut
3333 4569 3605 4644 caelestia,

2005 4663 2285 4716 celantur.
2317 4660 2562 4732 Exponit
2580 4661 2776 4716 autem
2797 4660 3092 4734 quomodo
3107 4661 3315 4717 coelum
3331 4661 3440 4714 hoc
3469 4659 3608 4714 facit

2005 4751 2278 4823 pluviam,
2332 4749 2411 4804 sic
2443 4765 2457 4804 :
2491 4751 2684 4817 Paret,
2727 4749 2987 4822 inquam,
3019 4751 3169 4805 Deus
3216 4749 3424 4804 coelum
3457 4754 3608 4801 terra:

1995 4841 2264 4912 pluviam.
2292 4839 2401 4908 Qui
2431 4839 2692 4895 videlicet
2711 4838 2853 4894 illud
2878 4839 3083 4895 coelum
3110 4837 3354 4892 existens
3373 4837 3436 4898 in
3457 4853 3606 4890 mon-

2006 4930 2164 4997 tibus,
2181 4929 2238 4984 id
2254 4932 2360 4998 est,
2377 4929 2435 4985 in
2467 4927 2738 5001 apostolis
2769 4931 2826 4982 et
2847 4927 3163 5000 prophetis,
3182 4942 3326 4999 quos
3345 4925 3605 4998 superius

2006 5020 2186 5074 nubes
2215 5018 2452 5087 vocavit,
2475 5018 2750 5089 producit,
2775 5017 2835 5071 id
2863 5019 2948 5071 est
2977 5015 3162 5088 aperit
3191 5017 3251 5070 et
3272 5014 3606 5071 manifestat

2006 5107 2433 5171 tidelibus'suis,
2455 5109 2663 5164 coelum
2707 5105 2836 5159 dico
2885 5104 3132 5160 existens
3160 5105 3367 5174 fenum,
3399 5110 3450 5158 et
3490 5106 3606 5160 her-

2009 5197 2148 5263 bam,
2183 5213 2286 5268 pro
2324 5195 2619 5250 frumento
2672 5195 2856 5266 ponit,
2891 5210 2958 5248 eo
2991 5192 3146 5266 quod
3198 5193 3336 5248 dum
3386 5195 3471 5247 est
3522 5193 3604 5248 vi-

2007 5285 2150 5352 ride,
2173 5286 2354 5339 herba
2376 5285 2600 5338 dicitur.
2635 5285 3010 5338 Frumentum
3035 5287 3228 5338 autem
3249 5281 3456 5337 dicitur
3487 5299 3607 5356 my-

2007 5374 2177 5443 sticus
2195 5371 2794 5443 intellectus,quisolis
2809 5371 3158 5444 spiritalibus
3187 5374 3246 5426 et
3270 5371 3418 5426 bene
3435 5373 3608 5429 ratio-

2007 5461 2230 5516 nalibus
2261 5460 2551 5533 congruit,
2584 5459 2728 5516 sicut
2758 5461 3119 5514 frumentum
3171 5459 3606 5516 rationabilium

2007 5550 2366 5620 animalium,
2407 5549 2620 5606 scilicet
2676 5548 2984 5605 hominum
3023 5554 3110 5606 est
3155 5547 3332 5608 cibus.
3388 5549 3610 5608 Fenum
