4016 6030
394 256 529 327 lter

994 265 1053 325 S.
1077 264 1419 325 BRUNONIS
1460 261 2089 327 CARTHUSIANORUM
2126 264 2592 347 INSTITUTORIS
2629 268 2785 327 OPP.
2822 264 3020 324 PARS.
3062 263 3085 322 Ῑ

3549 252 3702 323 1408

383 392 577 447 autem
604 388 757 464 quod
782 388 917 446 solis
945 387 1430 447 irrationabilibus
1458 388 1731 446 idoneum
1762 392 1866 457 est,
1892 388 1979 444 in-
2011 389 2067 451 Α
2089 406 2221 445 vero
2240 394 2621 464 partem,qua3
2637 389 2806 461 ignea
2821 385 3108 461 apparuit,
3135 383 3368 456 superbi
3384 380 3702 456 signaban-

380 479 673 534 tellectum
706 479 779 534 ad
803 479 1056 535 litteram
1088 478 1377 551 designat;
1410 496 1522 550 quo
1552 479 1671 534 solo
1704 479 1897 534 idiota:
1922 480 1981 533 et

382 568 555 622 rudes
578 568 776 624 ﬁdeles
800 571 1060 631 utuntur,
1094 568 1190 639 qui
1240 568 1398 638 quasi
1450 567 1871 622 irrationabiles
1901 567 1980 620 vi-

382 656 1220 730 dentur,quosetiamjumenta
1233 658 1477 711 vocatad
1488 656 1983 728 comparationem

382 746 621 817 mystice
654 746 1123 817 intelligentium.
1150 745 1391 816 Exponit
1411 748 1604 800 autem
1638 745 1840 817 quibus
1856 762 1984 815 pro-

382 834 528 889 ducit
571 838 780 906 fenum,
815 843 863 889 et
916 836 1118 908 quibus
1162 836 1397 901 herbam,
1447 834 1544 889 sic.
1579 835 1860 899 Producit,
1894 834 1980 887 in-

385 939 559 995 quam
590 925 777 993 fenum
818 931 867 978 et
895 924 1132 978 herbam.
1164 924 1403 976 Herbam
1434 922 1560 978 dico
1592 924 1789 977 datam
1820 924 1981 976 servi-

384 1014 489 1065 tuti
538 1014 832 1080 hominum,
866 1014 921 1069 id
971 1015 1055 1067 est
1102 1011 1536 1085 perfectioribus
1575 1011 1856 1076 ﬁdelibus,
1886 1008 1982 1082 qui

384 1100 654 1157 dicuntur
682 1101 921 1157 servitus
946 1102 1272 1166 hominum,
1297 1119 1364 1156 eo
1392 1102 1547 1174 quod
1574 1100 1765 1154 minus
1796 1100 1982 1170 perfe-

380 1189 481 1244 ctis
500 1190 834 1245 hominibus
853 1191 1101 1246 serviant
1129 1190 1184 1244 in
1209 1189 1489 1256 doctrina,
1506 1192 1566 1243 ut
1585 1189 1982 1259 Hieronymus,

382 1279 754 1351 Augustinus,
784 1279 1481 1350 Ambrosius,'Gregorius,
1510 1282 1566 1332 et
1596 1276 1788 1331 caeteri
1822 1278 1981 1331 tales.

382 1365 674 1432 Producit,
707 1367 969 1440 inquam,
1008 1368 1246 1423 herbam
1280 1365 1535 1420 servituti
1567 1364 1892 1429 hominum,
1930 1363 1985 1417 id

383 1457 468 1509 est
513 1456 799 1526 perfectis.
824 1456 933 1522 Qui
958 1457 1131 1511 etiam
1158 1456 1250 1509 dat
1285 1456 1566 1524 jumenlis,
1597 1454 1653 1507 id
1682 1456 1766 1507 est
1798 1452 1987 1506 minus

381 1543 650 1612 perfectis
677 1547 736 1598 et
764 1544 959 1599 idiotis
1000 1563 1169 1599 escam
1196 1545 1449 1615 ipsorum,
1473 1542 1529 1597 id
1575 1545 1661 1596 est
1688 1557 1879 1596 escam
1906 1540 1988 1595 eis

383 1645 725 1702 congruam,
759 1632 1022 1688 videlicet
1055 1634 1276 1687 fenum.

2088 481 2264 546 tur,et
2281 479 2593 534 mundanis
2622 476 3012 549 voluptatibus
3030 472 3229 539 dediti,
3258 472 3415 545 quod
3431 489 3533 546 pro
3553 471 3697 528 deli-

2085 568 2187 622 etis
2203 567 2447 639 suisigni
2469 569 2718 622 tartareo
2737 567 2867 620 sunt
2888 562 3309 618 tradendi.Non
3326 561 3697 632 erit,inquam

2086 656 2461 726 bc'neplacitum
2484 658 2533 709 ei
2548 656 2604 710 in
2628 652 3095 725 superhis,necin
3112 649 3525 713 luxuriosis,se¢l
3547 651 3697 704 bene-

2070 744 2333 814 placitum
2346 752 2418 799 est
2434 746 2658 798 Domino
2672 741 2945 814 reSpicien
2956 741 2995 794 li
3009 742 3266 812 respectu
3286 737 3694 793 misericordiae

2082 850 2236 904 super
2248 836 2484 887 timentes
2497 850 2613 886 etiam
2632 836 2785 886 casto
2811 830 3037 885 timore.
3064 828 3226 892 Quod
3257 831 3344 881 est
3364 827 3553 882 dicere
3573 827 3695 880 :Be-

2084 939 2155 976 ne
2178 922 2611 992 placetDomino
2646 921 2701 974 in
2737 918 3072 974 timentibus
3097 934 3177 983 se,
3201 933 3344 987 quos
3364 915 3694 986 respicitre-

2044 1085 2048 1088 ἠ
2082 1014 2276 1082 spectu
2306 1010 2735 1075 misericordias,
2764 1012 2827 1063 ut
2850 1007 3019 1063 faciat
3048 1024 3147 1061 eos
3182 1005 3452 1060 timentes
3477 1022 3556 1059 se.
3582 1004 3689 1058 Be-

2074 1099 2335 1170 placilum
2385 1106 2457 1153 est
2495 1102 2545 1152 ei
2594 1100 2654 1153 in
2695 1101 2766 1152 eis
2813 1100 2908 1169 qui
2951 1101 3164 1166 sperant
3215 1112 3332 1148 non
3359 1094 3606 1163 superbe
3630 1093 3690 1146 in

2085 1187 2300 1258 seipsis,
2334 1188 2433 1242 sed
2462 1205 2616 1258 super
2645 1185 3023 1251 misericordia,
3054 1184 3111 1237 id
3158 1186 3243 1236 est
3272 1183 3342 1236 de
3377 1181 3693 1236 misericor-

2086 1276 2181 1330 dia
2210 1277 2337 1346 ejus.
2378 1277 2498 1329 Non
2540 1275 2697 1330 enim
2730 1274 2937 1329 sufﬁcit
2987 1272 3215 1336 timere,
3277 1270 3384 1324 nisi
3413 1269 3587 1325 etiam
3618 1266 3690 1322 sit

2087 1367 2452 1437 sperare.Ete
2477 1363 2941 1427 converso.0uod
2963 1365 3047 1416 est
3063 1361 3252 1415 dicere
3274 1378 3287 1415 :
3313 1359 3590 1415 Dominus
3605 1358 3689 1412 di-

2089 1454 2212 1522 ligit
2238 1455 2510 1509 timentes
2539 1471 2620 1520 se,
2653 1456 2712 1507 et
2731 1455 3030 1524 sperantes
3060 1452 3305 1505 salutem
3354 1449 3413 1504 in
3440 1466 3534 1517 eo,
3569 1463 3686 1503 non

2088 1541 2568 1613 praesumentibus
2587 1541 2659 1595 de
2692 1540 2910 1595 meritis
2939 1538 3053 1594 suis
3083 1539 3446 1608 arroganter.

2538 1630 2606 1685 1N
2638 1629 2961 1685 PSALMUM
3001 1627 3238 1683 CXLVII.

452 1718 532 1772 Ne
582 1737 712 1775 vero
761 1720 1049 1776 videretur
1077 1723 1187 1776 hoc
1234 1721 1435 1774 fenum
1476 1723 1533 1774 et
1574 1719 1813 1773 herbam
1849 1717 1986 1771 dare
2014 1708 2065 1766 Β
2161 1719 2367 1776 Psalmi
2397 1718 2694 1773 centesimi
2725 1716 3155 1790 quadragesimi
3179 1714 3428 1788 septimi.
3454 1713 3691 1768 Titulus.

386 1805 519 1861 solis
548 1808 811 1863 fidelibus
836 1827 903 1864 ex
949 1810 1179 1875 Judaeis,
1213 1808 1466 1863 ostendit
1499 1807 1776 1878 quoniam
1810 1805 1987 1860 etiam

380 1894 489 1948 hoc
512 1895 669 1951 dabit
692 1898 952 1952 ﬁdelibus
971 1916 1036 1953 ex
1057 1898 1343 1969 gentibus,
1364 1897 1442 1951 sic
1472 1913 1484 1950 :
1516 1895 1700 1962 Dabit,
1724 1896 1983 1966 inquam,

384 1999 573 2039 eseam
601 1985 717 2040 feni
749 1988 807 2040 et
837 1987 1051 2042 herbae.
1074 1987 1142 2041 Et
1172 2003 1286 2041 non
1316 1987 1500 2041 solum
1529 1983 1790 2038 ﬁdelibus
1812 2000 1877 2037 ex
1898 1984 1988 2037 Ju-

384 2070 546 2127 daico
591 2076 825 2144 populo,
858 2075 958 2129 sed
1006 2082 1054 2128 et
1082 2074 1246 2145 pullis
1303 2091 1597 2140 corvorum,
1631 2071 1690 2126 id
1743 2073 1829 2125 est
1858 2069 1988 2125 ﬁliis

385 2159 691 2230 gentilium
711 2161 1171 2229 idololatrarum,
1200 2162 1297 2234 qui
1318 2161 1533 2215 similes
1562 2163 1693 2214 sunt
1719 2159 1900 2213 corvis
1928 2158 1987 2211 in

384 2246 686 2319 nigredine
721 2253 1109 2321 peccatorum,
1138 2250 1326 2321 pullis,
1355 2249 1616 2321 inquam,
1650 2264 1764 2302 non
1797 2245 1985 2301 omni-

382 2335 507 2401 bus,
545 2338 645 2391 sed
673 2339 1041 2394 invocantibus
1065 2357 1207 2405 eum,
1244 2338 1298 2392 id
1325 2341 1409 2391 est
1439 2336 1732 2391 orantibus
1764 2351 1895 2390 eum
1928 2333 1988 2388 in

382 2423 631 2495 puritate
648 2425 1022 2492 ﬁdei,scilicet
1033 2427 1225 2482 ﬁdelib
1236 2445 1298 2481 us
1519 2443 1584 2480 ex
1599 2422 1989 2496 gentibus,qui

386 2526 641 2581 congrue
674 2513 842 2582 pullis
870 2530 1169 2568 corvorum
1203 2512 1808 2585 comparantur.,Sicut
1831 2510 1988 2565 enim

384 2613 687 2654 corvorum
710 2600 1024 2671 pulli,dum
1047 2603 1232 2656 adhuc
1264 2602 1521 2672 patribus
1540 2598 1843 2671 nigredine
1875 2596 1986 2652 dis-

382 2685 598 2742 similes
636 2693 789 2755 sunt,
822 2690 894 2744 ab
927 2689 1066 2761 ipsis
1097 2707 1214 2745 non
1255 2692 1582 2762 pascuntur,
1617 2688 1720 2744 sed
1755 2688 1826 2742 de
1858 2701 1988 2741 rore

338 2775 568 2831 [vivere
621 2794 655 2833 a
714 2777 1062 2851 physiologis
1115 2782 1467 2845 asseruntur,
1515 2778 1596 2833 ita
1633 2793 1862 2850 quoque
1922 2792 1991 2830 cx

388 2865 653 2935 gentibus
684 2866 868 2922 ﬁdelis
895 2868 993 2939 qui
1030 2867 1154 2938 jam
1189 2885 1291 2940 per
1342 2867 1695 2939 baptismum
1729 2866 1989 2936 ipsorum

382 2953 638 3053 patribus
668 2954 726 3008 in
756 2955 1059 3026 nigredine
1088 2959 1453 3029 peccatorum
1479 2954 1782 3010 dissimiles
1833 2955 1985 3019 sunt,
2019 2992 2066 3055 Ο

386 3058 505 3096 non
535 3042 791 3113 ipsorum
820 3048 1048 3115 patrum
1080 3045 1372 3100 erroribus
1394 3046 1707 3116 replentur,
1738 3043 1836 3097 sed
1860 3058 1989 3097 rore

386 3129 662 3185 doctrina:
684 3131 953 3203 spiritalis
974 3132 1327 3187 reﬁciuntur.
1349 3132 1469 3187 Dixi
1509 3133 1663 3204 quod
1683 3131 1807 3202 jam
1833 3148 1992 3184 man-

386 3220 575 3273 suetos
602 3219 979 3290 praecinentes
1009 3224 1066 3275 et
1090 3222 1395 3292 psallentes
1425 3220 1716 3290 suscipiet,
1748 3222 1807 3273 et
1835 3218 1993 3272 dabit

387 3305 467 3359 eis
483 3306 683 3361 fenum
714 3308 1054 3362 etherbam.
1084 3308 1153 3361 In
1174 3309 1495 3377 fortitudine
1512 3325 1643 3363 vero
1656 3309 1794 3379 equi,
1820 3306 1878 3360 id
1906 3308 1993 3360 est

388 3391 446 3445 in
480 3393 615 3447 forti
658 3411 828 3466 equo,
863 3395 1078 3450 scilicet
1102 3397 1160 3451 in
1192 3396 1431 3451 homine
1460 3397 1728 3467 superbo,
1761 3394 1857 3466 qui
1890 3410 1993 3465 per

387 3498 600 3553 equum
623 3483 833 3539 fortem
860 3484 1238 3556 accipitur,eo
1268 3486 1425 3558 quod
1451 3486 1521 3541 sit
1546 3486 1761 3539 animal
1794 3500 1990 3556 super-

386 3570 708 3638 bissimum,
759 3591 865 3627 non
913 3573 1122 3629 habebit
1179 3576 1506 3629 voluntatem
1566 3573 1988 3645 beneplacenliw.

390 3658 554 3722 Quod
573 3664 658 3715 est
674 3661 890 3717 dicere:
920 3663 1043 3717 Non
1079 3662 1279 3733 diliget
1300 3664 1594 3735 superbos,
1618 3678 1801 3733 neque
1818 3660 1992 3715 susci-

390 3748 650 3818 piet.Nec
664 3750 1042 3822 beneplacitum
1060 3754 1161 3806 erit
1190 3753 1243 3807 ei
1268 3755 1322 3805 in
1349 3753 1489 3806 tibiis
1518 3753 1646 3818 viri,
1672 3751 1729 3805 id
1760 3754 1845 3805 est
1876 3766 1992 3805 non

389 3836 590 3909 diliget
617 3840 937 3911 voluptates
963 3842 1264 3896 saecularcs
1293 3840 1547 3895 hominis
1576 3839 1835 3909 alicujus,
1869 3854 1997 3909 quas

390 3940 494 3995 per
528 3926 696 3981 tibias
744 3928 1122 3999 accipiuntur,
1157 3946 1285 4001 quae
1344 3931 1479 3984 sunt
1516 3928 1732 3983 musica
1784 3926 1992 3980 instru-

392 4016 611 4079 menta,
640 4015 713 4069 ad
754 4017 1124 4087 voluptuosos
1170 4017 1505 4084 attinentia;
1554 4017 1639 4070 vel
1695 4015 1865 4070 tibias
1892 4013 1996 4069 viri

392 4099 530 4155 dicit
544 4101 866 4156 subteriora
884 4103 1135 4158 hominis
1152 4122 1278 4176 qua:
1303 4104 1481 4159 etiam
1512 4121 1680 4159 crura
1704 4104 1994 4166 dicuntur,

391 4205 496 4260 per
525 4206 652 4261 qua:
674 4190 944 4246 luxuriosi
974 4191 1244 4246 homines
1259 4192 1643 4263 accipiuntur,
1659 4210 1726 4247 eo
1758 4192 1913 4264 quod
1937 4192 1995 4245 in

2086 1809 2347 1863 Alleluia.
2378 1808 2493 1863 Vox
2520 1808 2821 1878 Propheta:
2851 1805 2967 1877 qui,
3000 1822 3130 1858 cum
3157 1803 3214 1857 in
3239 1802 3518 1873 superiori
3550 1801 3695 1873 psal-

2092 1914 2185 1952 mo
2214 1897 2408 1951 ﬁdeles
2434 1896 2505 1950 ad
2538 1895 2891 1950 laudandum
2924 1896 3105 1948 Deum
3131 1891 3452 1947 invitaverit
3472 1908 3537 1944 ex
3556 1906 3695 1944 con-

2087 1986 2434 2040 sideratione
2470 1982 2865 2038 aadiﬁcationis
2921 1981 3274 2035 Hierusalem
3334 1979 3595 2044 cielestis,
3638 1979 3697 2031 et

2087 2072 2550 2145 congregationis
2564 2072 2997 2127 idololatrarnm
3017 2070 3185 2124 Israel
3204 2067 3570 2131 factorum,iu
3588 2068 3696 2121 hoc

2088 2179 2315 2235 quoque
2339 2162 2561 2232 psalmo
2588 2160 2784 2214 ﬁdeles
2806 2159 2881 2213 ad
2924 2156 3025 2211 Dei
3052 2156 3282 2212 laudem
3326 2155 3693 2217 adhortatur,

2089 2269 2154 2305 ex
2185 2268 2254 2305 ea
2284 2249 2602 2315 occasione,
2628 2248 2761 2319 quia
2782 2264 2936 2302 seras
2962 2249 3259 2317 portarum
3282 2243 3541 2298 Ecclesia:
3565 2259 3697 2297 con-

2088 2338 2420 2406 fortavit,ne
2447 2338 2673 2391 valeant
2702 2336 2774 2390 ab
2798 2334 3081 2389 haereticis
3096 2333 3406 2404 confringi.
3441 2330 3695 2385 Etetiam

2089 2444 2155 2481 ex
2182 2424 2638 2481 consideratione
2659 2423 3048 2478 conversionis
3066 2422 3453 2495 quorumdam
3474 2417 3699 2474 haereti-

2089 2533 2312 2581 corum,
2340 2531 2515 2587 quam
2544 2514 2719 2568 etiam
2744 2513 2800 2567 in
2830 2513 2938 2566 hoc
2959 2512 3182 2583 psalmo
3214 2510 3481 2566 ostendit.

2158 2603 2368 2670 Lauda,
2391 2603 2747 2669 Hierusalem,
2767 2602 3079 2667 Dominum,
3115 2600 3276 2653 lauda
3305 2598 3479 2653 Deum
3507 2605 3678 2664 tuum,

2088 2692 2221 2749 Sion
2246 2710 2309 2747 ac
2341 2692 2385 2746 si
2411 2692 2563 2746 dicat
2590 2710 2602 2746 :
2632 2694 2735 2758 Tu,
2760 2690 3024 2757 Ecclesia,
3061 2690 3220 2743 lauda
3249 2689 3533 2742 Dominum
3572 2689 3678 2741 Pa-

2090 2786 2240 2837 trem
2264 2798 2332 2835 eo
2354 2781 2631 2847 contuitu,
2655 2779 3068 2852 quiaDominus
3091 2781 3194 2832 est.
3219 2777 3688 2846 Lauda,inquam,

2090 2872 2167 2926 sic
2189 2874 2251 2925 ut
2266 2887 2340 2924 sxs
2359 2870 2732 2936 Hierusalem,
2767 2869 2823 2923 id
2844 2871 2930 2922 est
2943 2867 3471 2940 paciﬁcata,pacem
3497 2864 3694 2919 videli-

2091 2962 2183 3015 cet
2201 2960 2417 3014 habens
2432 2958 2503 3013 ad
2524 2960 2706 3012 Deum
2734 2961 2792 3012 et
2812 2957 2884 3011 ad
2907 2956 3394 3029 proximumque:
3410 2970 3516 3025 pax
3536 2955 3623 3007 est
3642 2952 3695 3008 ei

2090 3064 2318 3103 summa
2345 3049 2487 3102 laus.
2516 3047 2584 3100 Et
2613 3046 2783 3123 lauda
2814 3063 2947 3100 eum
2981 3062 3050 3100 eo
3088 3045 3369 3111 contuitu,
3428 3042 3565 3114 quia
3613 3044 3700 3096 est

2090 3137 2238 3192 Deus
2260 3138 2407 3201 tuus,
2442 3136 2679 3190 Creator
2710 3137 2854 3201 tuus,
2891 3133 3104 3200 Lauda,
3139 3131 3493 3203 inquam,sic
3530 3133 3590 3184 ut
3623 3130 3699 3184 sis

2093 3224 2253 3288 Sion,
2286 3223 2585 3294 speculans
2609 3221 2821 3276 scilicet
2838 3221 3109 3283 caelestia,
3140 3238 3269 3292 quae
3289 3217 3598 3291 spcculatio
3615 3218 3703 3271 est

2093 3316 2151 3366 et
2181 3313 2320 3378 laus,
2354 3310 2409 3365 in
2446 3328 2559 3382 qua
2590 3310 2709 3382 ipse
2760 3310 2922 3365 valde
2950 3310 3285 3363 delectatur.
3349 3307 3481 3361 Dico
3531 3305 3699 3360 lauda

2091 3401 2383 3455 Dominum
2410 3401 2582 3455 Deum
2617 3408 2786 3455 tuum.
2832 3400 2900 3452 Et
2927 3398 3057 3453 ideo
3089 3414 3223 3452 eum
3251 3397 3413 3451 lauda
3449 3397 3701 3467 quoniam

2091 3490 2416 3559 con/ortaait
2432 3506 2572 3543 seras
2586 3495 2867 3558 portarum
2894 3494 3132 3551 tuarum,
3157 3485 3371 3539 scilicet
3407 3484 3697 3537 conforta—

2094 3580 2242 3633 tatos
2263 3581 2321 3633 et
2358 3577 2770 3648 insuperabiles
2802 3576 2973 3634 faciet
3005 3579 3207 3631 contra
3223 3572 3698 3643 haereticos,praa~

2095 3668 2241 3722 latos
2272 3670 2419 3731 tuos,
2454 3666 2549 3738 qui
2576 3669 2748 3720 erunt
2779 3682 2919 3720 sera:
2940 3672 3227 3737 portarum
3245 3670 3481 3726 tuarum,
3514 3659 3571 3714 id
3605 3663 3691 3714 est

2094 3753 2415 3808 munitores
2430 3753 2856 3825 Scripturarum
2880 3754 3317 3825 pr0phetarum,
3341 3767 3411 3803 ne
3433 3748 3503 3803 ab
3525 3749 3706 3803 haere-

2096 3842 2221 3897 ticis
2251 3844 2480 3898 valeant
2510 3842 2772 3913 dissipari
2798 3861 2811 3911 ;
2841 3843 2939 3914 qui
2965 3858 3167 3895 earum
3201 3838 3598 3894 auctoritatem
3624 3836 3699 3891 ad

2098 3930 2342 3986 nihilum
2391 3931 2654 4002 redigere
2710 3930 3041 3991 intendent,
3090 3932 3150 3983 ut
3186 3926 3477 3983 Manichazi
3514 3928 3573 3979 et
3602 3924 3703 3979 alii

2137 4021 2309 4085 lures,
2344 4019 2702 4073 afﬁrmantes
2732 4018 2882 4089 ipsas
2899 4035 3019 4072 esse
3046 4016 3304 4072 funditus
3325 4012 3700 4070 evacuandas.

2138 4037 2309 4085 iures,
2344 4037 2702 4073 amrmantes
2732 4037 2882 4089 ipsas
2899 4037 3019 4072 esse
3047 4037 3304 4072 Iunonius
3325 4037 3700 4070 evacuauuas.

2328 4108 2550 4161 Dictum
2586 4111 2669 4161 est
2700 4105 3128 4161 asimilitudine
3158 4120 3441 4170 serarum,
3472 4118 3599 4174 qua:
3632 4100 3713 4155 ad

2096 4197 2206 4250 hoc
2245 4195 2428 4266 portis
2455 4196 2781 4266 inﬁguntur
2812 4198 2873 4248 ut
2902 4211 2998 4249 eas
3024 4193 3313 4259 muniant,
3342 4209 3414 4246 ne
3464 4189 3716 4262 quilibet

392 4276 647 4345 renibus,
677 4277 774 4351 qui
807 4278 959 4333 tibiis
989 4278 1241 4350 contigui
1275 4283 1428 4345 sunt,
1462 4280 1682 4334 luxuria
1711 4279 1996 4351 prmcipue
2017 4282 2069 4340 D
2098 4288 2298 4356 raptor
2328 4285 2566 4339 domum
2600 4284 2851 4338 introeat
2881 4284 2953 4338 ad
2987 4282 3422 4338 devastandum.
3445 4278 3717 4334 Ecclesia:

393 4365 901 4423 dominatur.Cum
924 4385 1063 4440 ergo
1096 4367 1235 4422 dicit
1261 4371 1317 4423 in
1335 4367 1474 4422 tibiis
1490 4370 1596 4422 viri
1617 4368 1996 4438 beneplacitum

393 4471 501 4507 non
550 4457 651 4508 erit
691 4458 758 4522 ei,
795 4457 949 4512 idem
981 4457 1131 4512 valet
1159 4472 1222 4511 ac
1252 4456 1298 4511 si
1330 4456 1554 4511 dicatur
1607 4456 1667 4511 in
1697 4455 1995 4510 luxuriosis

368 4539 730 4597 .hominibus
760 4544 1199 4616 beneplacentia
1237 4562 1356 4600 non
1388 4545 1498 4599 erit
1527 4543 1599 4611 ei,
1632 4544 1846 4599 scilicet
1876 4560 1996 4598 non

401 4627 604 4700 diliget
629 4630 965 4697 luxuriosos,
996 4649 1182 4704 neque
1214 4632 1501 4705 suscipiet,
1550 4633 1651 4687 sed
1705 4648 1802 4686 eos
1845 4631 1998 4702 juste

396 4716 708 4789 disperdet.
735 4718 900 4782 Quod
930 4719 1206 4774 nimirum
1233 4736 1337 4790 per
1363 4721 1640 4777 visionem
1671 4720 2002 4793 praeﬁgura-

396 4807 522 4858 tum
540 4808 625 4859 est
641 4805 943 4860 Ezechielis
965 4806 1287 4877 prophetas,
1306 4807 1397 4862 cui
1426 4808 1704 4863 Dominus
1717 4825 1751 4862 a
1768 4807 2001 4879 cingulo

399 4893 681 4965 superius,
714 4893 773 4948 in
805 4895 1001 4950 electri
1032 4895 1242 4966 specie,
1276 4914 1309 4951 a
1333 4896 1561 4969 singulo
1592 4914 1729 4953 vero
1762 4895 2005 4952 inferius

399 4979 459 5035 in
487 4981 676 5053 specie
702 4981 852 5054 ignis
878 4984 1090 5055 legitur
1136 4985 1488 5057 apparuisse.
1522 4985 1739 5057 (Ezech.
1783 5004 1900 5051 νιιι,
1927 4988 2001 5053 7).

402 5070 541 5124 Cum
576 5070 733 5125 enim
756 5071 831 5124 sic
862 5072 1149 5143 apparuit,
1185 5074 1435 5129 formam
1451 5075 1713 5128 omnium
1744 5074 2009 5129 Christia-

405 5163 702 5227 norum,et
729 5161 1133 5217 salvandorum
1155 5166 1211 5216 et
1228 5164 1656 5233 perdendorum
1676 5164 1731 5217 in
1751 5180 1809 5216 se
1823 5178 2007 5216 susce-

404 5249 506 5321 pit.
541 5249 681 5303 Nam
732 5266 837 5320 per
877 5252 1100 5321 partem
1139 5252 1499 5323 superiorem
1525 5269 1654 5324 quae
1685 5251 1880 5306 electri
1902 5253 2013 5305 cla-

402 5354 527 5391 ram
543 5337 794 5409 speciem
810 5338 1335 5405 obtinuit,salvandi
1351 5341 1423 5395 ad
1439 5358 1744 5412 supernam
1761 5341 2014 5415 patriam

403 5426 776 5480 intendentes
790 5427 965 5498 accipi
977 5429 1273 5500 .mtnr,qui
1286 5430 1345 5483 in
1360 5429 1504 5484 virtu
1514 5431 1664 5486 tibus
1678 5436 1734 5485 et
1746 5418 2016 5503 operibus

408 5512 545 5567 boni
584 5513 873 5573 habentur
909 5517 1049 5572 clari
1095 5520 1153 5572 et
1181 5518 1494 5589 conspicui.
1531 5520 1638 5575 Per
1678 5521 2018 5579 inferiorem

2098 4376 2279 4445 portas.
2298 4373 2595 4443 propheta:
2610 4372 2975 4438 dicuntur,eo
2994 4370 3148 4442 quod
3162 4386 3263 4441 per
3280 4368 3567 4424 doctrinas
3583 4383 3720 4421 suas

2097 4460 2230 4516 ﬁdei
2249 4459 2515 4514 introitus
2534 4458 3291 4531 t'uerunt,quemadmodum
3309 4459 3489 4527 porta:
3503 4454 3723 4509 domus

2099 4550 2336 4620 alicujus
2366 4549 2635 4604 introitus
2665 4552 2816 4603 sunt.
2846 4550 2956 4603 Per
2995 4550 3103 4603 hoc
3138 4551 3334 4602 autem
3372 4545 3526 4617 quod
3556 4560 3723 4599 seras

2101 4636 2475 4703 cozifortabit,
2504 4654 2577 4691 ne
2610 4638 2818 4692 cedant
2848 4634 3385 4708 impugnationibus
3410 4631 3723 4687 haeretico-

2104 4742 2257 4792 rum,
2281 4724 2563 4793 benedixit,
2596 4724 2654 4780 id
2699 4729 2784 4779 est
2811 4724 3118 4780 benedicet
3145 4723 3269 4792 ﬁliis
3301 4724 3405 4775 tuis
3437 4723 3492 4773 in
3519 4728 3565 4773 te
3589 4735 3727 4790 per-

2108 4813 2506 4880 manentibus,
2528 4829 2646 4868 non
2674 4830 2742 4868 ex
2764 4812 2897 4867 ﬁdei
2919 4816 3032 4867 tua:
3054 4809 3472 4867 communitate
3492 4823 3594 4880 per
3611 4806 3723 4862 de-

2109 4902 2439 4975 ceptionem
2483 4900 2886 4957 haereticorum
2918 4900 3374 4973 egredientibus.
3410 4896 3727 4953 Benedicet

2112 4991 2343 5063 quidem
2364 4991 2495 5060 ﬁliis
2525 4993 2647 5057 tuis,
2682 4994 2739 5045 et
2770 4990 3037 5061 augendo
3061 5006 3158 5044 eos
3181 4987 3496 5044 secundum
3518 5002 3731 5041 nume-

2116 5096 2268 5147 rum,
2301 5084 2359 5134 et
2389 5080 2752 5135 sublimando
2786 5079 2841 5133 in
2885 5079 3207 5140 virtutibus,
3236 5076 3332 5149 qui
3367 5075 3624 5147 profecto
3643 5075 3725 5129 ab

2114 5168 2399 5223 haereticis
2429 5168 2862 5239 dissiparentur,
2898 5167 3001 5221 nisi
3044 5183 3185 5220 sera).
3230 5163 3728 5218 confortarentur.

2116 5257 2253 5311 Dico
2285 5258 2444 5311 lanula
2492 5256 2805 5323 Dominum,
2855 5255 2949 5327 qui
2983 5272 3101 5309 non
3134 5255 3319 5308 solum
3375 5249 3737 5305 contortabit

2117 5363 2256 5400 seras
2277 5352 2557 5416 portarum
2590 5362 2830 5410 suarum,
2856 5344 3120 5397 videlicet
3150 5338 3556 5412 Augustinum,
3591 5338 3728 5391 Hie-

2120 5451 2454 5506 ronymum,
2480 5433 2752 5488 Hilarium
2775 5435 2831 5485 et
2850 5436 3108 5494 cretcros,
3133 5434 3320 5485 etnon
3336 5429 3520 5482 solum
3552 5427 3734 5481 bene-

2120 5524 2267 5579 dicet
2288 5524 2412 5592 ﬁliis
2435 5524 2556 5591 tuis,
2580 5522 2681 5578 sed
2700 5521 2874 5577 etiam
2903 5522 2997 5592 qui
3019 5521 3205 5591 posuit
3236 5520 3364 5588 ﬁnes
3397 5523 3511 5569 tuos
3538 5530 3733 5585 pacem

2202 5754 2228 5779 κ
