4016 6030
400 266 540 341 ἶ).ᾱῦ
587 281 591 285 ’

1327 262 1686 339 tenesmo
1717 278 1789 337 m
1826 257 2163 339 pSAu‘ios.
2201 308 2273 326 --
2310 278 2505 341 PSAL.
2546 263 2768 341 CXLVfI

3555 288 3698 360 tuo

407 423 516 480 per
528 402 942 481 emphasim,id
988 398 1072 463 est
1097 403 1194 479 qui
1221 408 1401 478 ponet
1427 405 1488 461 af
1490 406 1630 460 fines
1648 408 1792 473 tuos,
1814 405 2026 462 scilicet
2034 422 2089 481 Α
2106 404 2369 463 videlicet
2392 421 2491 464 eos
2519 408 2577 464 in
2607 407 2990 483 intelligentia
3019 398 3078 469 et
3100 396 3267 474 bonis
3293 417 3562 493 operibus
3589 424 3705 481 fer-

404 496 704 553 hazrcticos
725 498 1011 570 paciﬁcos.
1042 496 1201 560 Quod
1219 499 1305 550 est
1327 495 1543 550 dicere:
1571 494 1675 558 Qui
1700 495 1871 549 faciet
1892 496 2009 549 lue-

404 588 609 641 reticos
638 587 1078 659 impugnatores
1121 585 1200 639 tui
1256 589 1445 638 tecum
1479 599 1681 654 pacem
1711 584 1923 639 habere
1954 588 2012 638 et

404 676 797 737 concordiam,
831 673 1219 728 convertendo
1274 689 1392 739 eos,
1422 690 1495 727 ne
1528 672 1773 744 amplius
1798 672 2012 727 instent

402 762 507 817 tibi
522 763 679 818 falsis
698 761 1324 835 argumentationibus.
1353 761 1570 815 Afflnes
1600 759 1861 815 Ecclesiae
1892 761 2009 815 hae-

401 852 612 906 reticos
632 850 786 917 dicit,
807 868 875 906 eo
894 852 1049 923 quod
1066 851 1172 920 ipsi
1194 849 1251 904 in
1279 851 1389 904 hoc
1410 849 1715 904 videantur
1742 848 1863 919 ejus
1888 865 2009 903 esse

403 939 595 1006 vicini,
627 939 904 1011 quoniam
945 939 1163 993 eisdem
1214 937 1591 992 sacramentis
1620 936 2008 991 ecclesiasticis

403 1031 664 1095 utuntur,
701 1031 758 1083 et
787 1028 1019 1082 easdem
1071 1027 1458 1092 auctoritates,
1492 1042 1633 1097 quas
1664 1025 1814 1079 male
1842 1041 2011 1095 expo-

404 1118 597 1171 nendo
613 1119 945 1187 pervertunt
964 1114 1220 1187 recipere
1243 1114 1524 1168 videntur.
1539 1112 2004 1183 Ponet,ihquam,

401 1203 533 1275 ﬁnes
560 1210 676 1260 tuos
708 1220 916 1274 pacem,
957 1211 1007 1256 et
1056 1203 1229 1256 etiam
1265 1204 1451 1268 satiat,
1492 1201 1547 1255 id
1579 1204 1663 1255 est
1696 1201 1923 1254 satiabit
1952 1204 2006 1254 te

404 1293 555 1361 adipe
564 1294 841 1361 frumenti,
861 1308 976 1345 non
996 1291 1213 1344 furfure
1236 1293 1459 1343 tantum
1471 1289 1753 1355 ,videlicet
1768 1288 2005 1359 mystico

401 1380 692 1433 intellectu
714 1380 875 1449 legis,
913 1396 1025 1433 non
1054 1396 1123 1432 eo
1152 1382 1374 1431 tantum
1408 1378 1502 1448 qui
1525 1378 1595 1431 ad
1621 1378 1868 1431 litteram
1900 1380 2003 1429 est.

401 1469 645 1540 Adipem
672 1470 809 1523 dicit
833 1468 1110 1522 frumenti
1136 1468 1471 1534 medullam,
1495 1484 1622 1539 qua:
1639 1467 1815 1521 etiam
1838 1467 2006 1536 vulgo

403 1556 592 1612 farina
611 1556 832 1611 dicitur.
865 1559 975 1611 Per
1002 1557 1232 1629 adipem
1263 1572 1403 1627 ergo
1436 1555 1711 1609 frumenti
1740 1555 1837 1626 qui
1866 1554 2009 1608 inte-

403 1644 521 1699 rius
543 1648 648 1708 est,
681 1649 737 1699 et
780 1645 1098 1717 pretiosum
1126 1645 1264 1717 quid
1297 1647 1353 1698 et
1379 1646 1549 1715 gustu
1579 1643 1801 1698 dulcior
1828 1660 2002 1714 quam

2113 495 2258 551 tiles.
2293 497 2443 561 Quos
2472 498 2702 570 ipsimet
2731 500 2887 571 prius
2918 519 3021 575 per
3050 504 3417 578 deceptiones
3465 529 3596 568 suas
3635 517 3707 571 ab

2114 585 2358 640 Ecclesia
2386 587 2636 643 sublatos
2689 588 3020 645 reddiderat
3074 596 3313 651 steriles.
3342 599 3489 653 Dicit
3517 606 3710 659 autem

2109 673 2218 728 hoc
2248 691 2282 729 a
2310 675 2686 730 similitudine
2719 676 2948 745 cineris,
2983 681 3079 751 qui
3111 699 3145 737 a
3173 685 3392 742 rusticis
3652 692 3710 748 in

2109 762 2235 817 loco
2266 763 2389 817 ﬁmi
2428 780 2600 835 super
2626 767 2843 820 terram
2889 767 3197 839 spargitur,
3231 776 3293 827 ut
3330 792 3460 832 eam
3498 778 3711 851 impin-

2110 850 2341 919 guando
2362 850 2613 906 fertilem
2634 852 2824 908 faciat.
2856 853 2978 908 Non
3007 856 3191 911 solum
3215 862 3410 916 autem
3442 850 3606 920 dabit
3634 870 3717 922 ni-

2108 953 2225 992 vem
2248 940 2383 992 sicut
2415 939 2617 1003 lanam,
2667 944 2725 995 et
2752 946 2989 1012 sparget
3018 944 3271 1000 nebulam
3299 951 3436 1004 sicut
3459 954 3709 1024 cinerem,

2108 1024 2207 1112 sed
2236 1026 2414 1080 etiam
2447 1028 2631 1094 mittit,
2664 1027 2723 1082 id
2749 1031 2835 1083 est
2863 1029 3057 1085 mittet
3109 1033 3233 1088 aliis
3262 1037 3401 1090 sicut
3439 1038 3709 1112 buccellas,

2109 1110 2168 1164 id
2198 1115 2284 1165 est
2315 1114 2739 1185 comparabilcs
2789 1116 3056 1171 buccellis
3085 1123 3395 1189 crystallum
3438 1143 3591 1183 suam
3622 1110 3707 1185 fa;

2109 1202 2281 1266 ctam,
2315 1201 2471 1271 quod
2497 1206 2582 1257 est
2612 1203 2840 1257 dicere:
2874 1205 2997 1259 Non
3032 1209 3217 1263 solum
3248 1211 3709 1285 luerelicosillos,

2108 1288 2205 1359 qui
2230 1290 2321 1343 uix
2345 1296 2534 1358 erunt,
2559 1292 2617 1346 id
2637 1295 2720 1346 est
2746 1294 2856 1347 cito
2880 1296 3174 1364 possibilcs
3205 1300 3277 1353 ad
3306 1305 3711 1364 resolvendum

2108 1376 2178 1429 dc
2212 1378 2562 1432 infidelitatis
2588 1379 2978 1446 duritia,sicut
3001 1384 3090 1436 nix
3124 1386 3236 1440 cito
3266 1392 3455 1458 potest
3483 1397 3710 1464 resolvi,

2108 1466 2207 1519 sed
2238 1469 2295 1519 et
2325 1466 2449 1520 illos
2482 1468 2576 1538 qui
2608 1468 2752 1523 adeo
2780 1469 3029 1524 indurati
3065 1478 3236 1528 erunt
3268 1476 3325 1529 in
3351 1478 3710 1549 infidelitate,

2106 1557 2169 1607 ut
2190 1555 2275 1609 vix
2304 1555 2766 1625 possintresolvi.
2788 1558 2947 1612 Unde
2979 1559 3156 1615 etiam
3187 1567 3482 1633 crystallus
3508 1570 3708 1627 dicun-

2104 1643 2218 1709 tur,
2246 1659 2366 1713 prze
2399 1643 2697 1699 nimietate
2725 1645 2986 1702 videlicet
3006 1649 3234 1706 duritiae
3260 1655 3711 1728 suae.Crystallus

403 1732 590 1787 furfur
616 1733 886 1805 mysticus
915 1732 1054 1804 legis
1076 1734 1400 1788 intellectus
1425 1731 1722 1804 accipitur,
1747 1731 1851 1821 qui
1864 1731 2006 1821 inte-
2030 1729 2338 1821 B‘quippe,
2370 1734 2431 1785 ut
2452 1732 2666 1804 physici
2696 1734 3023 1805 perhibent,
3044 1753 3110 1791 ex
3140 1740 3322 1810 glacie
3356 1759 3459 1813 per
3489 1745 3707 1803 diutur-

402 1822 522 1877 rior
552 1825 655 1888 est,
689 1826 746 1877 et
775 1822 995 1877 subtilis
1045 1826 1102 1876 et
1130 1822 1414 1892 pretiosus
1445 1823 1503 1875 et
1545 1822 1716 1891 longe
1762 1820 2001 1888 dulcior,

401 1926 577 1982 quam
636 1910 895 1966 litteralis
941 1910 1285 1976 intellectus,
1320 1926 1433 1981 quo
1488 1909 1690 1963 fideles
1742 1908 2002 1962 Ecclesim

400 1998 622 2053 Christo
645 2001 934 2054 rcvelante
964 1999 1264 2053 satiantur.
1282 2000 1390 2053 Per
1410 1997 1596 2051 furfur
1622 1999 1815 2050 autem
1849 1996 2003 2067 quod

398 2088 645 2142 exterius
675 2092 762 2142 est
791 2092 849 2142 et
893 2104 1155 2159 gressum
1187 2087 1426 2159 aliquid,
1454 2089 1512 2139 et
1551 2102 1667 2139 non
1700 2085 1843 2139 adeo
1872 2102 1987 2156 pre

398 2175 631 2243 tiosum,
652 2175 972 2229 intellectus
988 2175 1059 2229 ad
1078 2176 1326 2228 litteram
1352 2172 1707 2244 intelligitur,
1728 2172 1823 2242 qui
1839 2172 1997 2243 quasi

398 2264 666 2330 exterior,
700 2267 757 2318 et
786 2264 858 2317 ad
889 2263 1381 2334 comparationem
1427 2261 1647 2333 mystici
1680 2262 1998 2315 intellectus

398 2370 658 2423 grossum
679 2353 892 2424 aliquid
910 2357 1012 2419 cst,
1028 2357 1084 2406 et
1098 2370 1215 2407 non
1230 2369 1637 2424 usquequaque
1658 2352 1995 2421 pretiosum,

398 2458 512 2511 quo
544 2443 664 2495 solo
695 2441 1014 2513 Synagogze
1065 2440 1165 2495 filii
1197 2444 1413 2495 veteres
1444 2441 1800 2494 imbuuntur.
1839 2440 1995 2493 Unde

398 2530 676 2583 Dominus
709 2530 781 2583 ad
812 2530 1115 2601 discipulos
1143 2531 1377 2585 testatus
1402 2533 1486 2583 est
1515 2546 1527 2583 :
1565 2548 1590 2580 α
1610 2529 1781 2583 Vobis
1795 2528 1993 2582 datum

398 2619 483 2669 est
534 2632 700 2669 nosse
732 2617 1065 2686 mysterium
1100 2618 1261 2688 regni
1295 2617 1415 2683 Dei,
1449 2616 1668 2671 cmteris
1699 2620 1893 2670 autem
1934 2618 1992 2671 in

396 2704 704 2772 parabolis,
725 2707 785 2757 ut
809 2705 1063 2759 videntes
1085 2723 1200 2760 non
1224 2706 1474 2771 videant,
1490 2708 1547 2758 et
1562 2705 1862 2758 audientes
1876 2720 1992 2758 non

396 2792 724 2862 intelligant
757 2793 904 2861 (Luc.
932 2810 1047 2859 vin,
1076 2797 1179 2862 10).
1213 2814 1239 2841 ››

465 2881 710 2961 Exponit
733 2884 925 2934 autem
950 2880 1243 2951 quomodo
1258 2882 1434 2950 ponet
1455 2878 1715 2939 Ecclesia:
1738 2878 1880 2931 flues
1902 2895 1997 2947 pa-

393 2984 542 3036 cem,
594 2969 671 3023 sic
705 2987 718 3024 :
752 2968 964 3036 Lauda,
997 2969 1258 3040 inquam,
1292 2969 1606 3034 Dominum,
1647 2968 1744 3038 qui
1777 2969 1989 3036 emittit,

2104 1834 2245 1873 num
2270 1821 2498 1890 tempus
2514 1819 2781 1877 indurata
2810 1823 3076 1895 efficitur,
3092 1827 3250 1898 cujus
3273 1834 3521 1901 crystalli
3545 1838 3710 1891 tanta

2104 1909 2190 1960 est
2219 1906 2433 1962 duritia
2462 1911 2526 1962 ut
2555 1907 2643 1962 vix
2670 1910 2863 1982 frangi
2894 1912 3080 1967 valeat
3109 1919 3208 1969 aut
3232 1919 3430 1973 secari.
3467 1920 3710 1993 Crystal-

2102 1994 2221 2049 lum
2236 1999 2430 2050 autem
2451 1997 2599 2051 hanc
2615 1998 3164 2067 htereticos,scilicet
3183 2020 3250 2057 ex
3277 2008 3439 2062 tanta
3460 2009 3709 2066 obstina-

2102 2082 2260 2138 tione
2292 2083 2518 2138 duritize
2544 2085 2776 2139 resolvit
2806 2088 2973 2152 Deus,
2999 2104 3130 2144 cum
3163 2107 3264 2145 eos
3312 2109 3417 2163 per
3447 2096 3705 2154 fidelium

2100 2172 2571 2242 praedicationem
2593 2189 2916 2243 conversos,
2933 2177 3004 2231 ad
3030 2179 3293 2236 Ecclesize
3319 2199 3509 2239 comm
3521 2187 3705 2242 unita-

2100 2261 2218 2313 tem
2252 2261 2492 2326 reducit,
2526 2264 2584 2314 et
2635 2278 2838 2317 eorum
2871 2265 3046 2319 corda
3086 2267 3244 2336 prius
3272 2269 3434 2337 dura,
3465 2274 3536 2327 ad
3568 2274 3702 2329 fidei

2099 2349 2641 2421 perceptibilitatem
2670 2352 2869 2405 mollia
2897 2352 3054 2407 facit.
3088 2355 3242 2409 Hanc
3273 2362 3604 2429 crystallum
3639 2364 3700 2417 li-

2098 2437 2422 2507 quefactam
2453 2440 2572 2492 tam
2607 2438 2922 2508 perfectam
2954 2441 3013 2495 in
3045 2442 3284 2499 scientia
3325 2450 3381 2500 et
3402 2450 3702 2505 sanctitate

2098 2542 2328 2579 morum
2353 2526 2561 2589 reddit,
2591 2531 2652 2579 ut
2680 2543 2808 2581 eam
2842 2528 3017 2583 etiam
3053 2529 3176 2583 aliis
3195 2534 3290 2602 qui
3349 2535 3505 2604 prius
3534 2537 3605 2592 ab
3636 2556 3703 2594 ea

2097 2613 2319 2683 decepti
2350 2618 2483 2668 sunt
2509 2619 2565 2667 ct
2586 2632 2620 2669 a
2645 2615 2758 2669 fide
2790 2618 3061 2688 separati,
3096 2619 3484 2678 buccellarum
3516 2626 3698 2682 vicem

2097 2700 2347 2755 retinere
2400 2701 2591 2769 faciat,
2624 2703 2838 2757 scilicet
2865 2709 2926 2758 ut
2960 2722 3058 2760 eos
3106 2708 3368 2764 reficiant
3400 2712 3700 2770 dulcedine

2096 2788 2520 2858 prtedicationis
2545 2806 2683 2858 suae,
2711 2791 2783 2844 ad
2803 2792 3044 2846 modum
3073 2794 3702 2871 buccellarum,quibus

2070 2875 2300 2947 .aliquis
2325 2877 2580 2931 esuriens
2608 2878 2879 2933 reficitur.

2171 2965 2319 3018 Bene
2341 2982 2474 3019 vero
2499 2965 2636 3019 dicit
2661 2983 2760 3020 cos
2790 2983 2907 3021 non
2941 2985 3122 3039 panes
3154 2970 3428 3044 integros,
3448 2976 3547 3031 sed
3570 2977 3701 3033 buc-

392 3058 451 3113 id
477 3062 563 3112 est
600 3060 696 3131 qui
746 3059 973 3113 emittet
1001 3037 1263 3129 elo—quium
1292 3075 1449 3111 suum
1478 3037 1669 3124 terrae,
1700 3057 1756 3111 id
1782 3059 1868 3110 cst
1898 3058 1994 3111 do-
2019 3037 2066 3097 Ο
2096 3053 2298 3119 cellas;
2333 3058 2394 3107 ut
2424 3070 2525 3124 per
2549 3054 2658 3108 hoc
2688 3054 2914 3123 innuat,
2942 3037 3106 3129 quod
3129 3037 3314 3115 nullus
3334 3037 3477 3119 adeo
3509 3068 3697 3136 perfe-

395 3146 641 3201 ctrinam
664 3164 827 3201 suam
860 3146 1124 3212 terrenis,
1154 3145 1370 3200 scilicet
1402 3144 1704 3211 haereticis,
1737 3162 1802 3199 ac
1832 3145 1878 3199 si
1906 3145 1991 3199 di-

391 3239 484 3291 cat
515 3253 529 3292 :
563 3236 679 3291 Hoc
730 3236 903 3290 modo
954 3235 1156 3289 affines
1213 3234 1471 3289 Ecclesia:
1523 3233 1819 3289 haereticos
1860 3251 1992 3288 cum

394 3325 645 3380 Ecclesia
672 3324 1013 3397 pacificabit,
1044 3324 1179 3396 quia
1224 3340 1328 3395 per
1357 3324 1555 3378 fideles
1594 3324 1855 3379 Ecclesiae
1900 3342 1989 3380 sa-

391 3414 562 3469 tiatos
581 3413 769 3484 adipe,
786 3414 1010 3468 emittet
1027 3413 1349 3467 doctrinam
1363 3411 1495 3466 fidei
1511 3412 1793 3467 haereticis
1809 3416 1987 3467 terre-

392 3502 479 3557 nis
506 3501 806 3556 sentcntiis
827 3502 1272 3556 adhazrentilius.
1290 3502 1412 3557 Non
1438 3504 1632 3555 autem
1664 3500 1775 3555 erit
1800 3501 1987 3555 ineffi-

2095 3145 2215 3196 ctus
2232 3144 2337 3207 est,
2362 3142 2458 3213 qui
2490 3158 2729 3196 omnem
2763 3143 3063 3199 scientiam
3089 3148 3172 3201 vel
3197 3148 3520 3206 doctrinam
3552 3154 3698 3209 obti-

2092 3232 2247 3295 neat,
2269 3229 2371 3283 scd
2392 3229 2779 3301 unusquisque
2802 3235 3028 3302 partem
3052 3234 3302 3306 aliquam
3326 3238 3566 3309 obtinet,
3596 3257 3699 3297 ceu

2092 3316 2345 3372 buccella
2374 3318 2541 3389 panis
2557 3334 2691 3388 pars
2718 3324 2822 3376 est.
2857 3321 3125 3392 Congrue
3146 3340 3373 3397 quoque
3399 3328 3562 3398 ponit
3580 3347 3697 3385 non

2092 3405 2412 3477 simplicem
2448 3407 2779 3476 crystallum,
2814 3409 2915 3463 sed
2944 3411 3255 3479 crystallum
3297 3431 3471 3483 suam,
3505 3420 3567 3471 ut
3594 3434 3701 3489 per

2088 3492 2239 3547 hanc
2267 3510 2465 3548 vocem
2486 3495 2859 3563 determinet,
2889 3498 3043 3568 quod
3067 3516 3183 3554 non
3204 3516 3441 3557 omnem
3463 3506 3697 3576 crystal-

391 3609 493 3648 cax
519 3609 712 3648 sermo
743 3592 1021 3647 doctrinm
1047 3592 1304 3663 ejus,sed
1335 3591 1585 3646 velociter
1613 3593 1801 3657 currit,
1821 3590 1877 3645 id
1905 3592 1989 3644 est
2088 3580 2209 3635 lum
2232 3598 2353 3636 8550
2383 3583 2634 3636 ὒιιεσθίίαε
2662 3584 2855 3651 Ῑθοίοι,
2884 3586 2981 3638 8θά
3009 3585 3165 3640 illam
3189 3590 3416 3644 tantum
3441 3608 3568 3662 quae
3598 3611 3699 3648 sua

385 3684 575 3737 curret
616 3698 784 3736 sermo
815 3680 1093 3735 doctrina:
1123 3680 1281 3750 cjus,,
1307 3679 1365 3733 id
1397 3681 1480 3733 est
1509 3677 1778 3732 citissime
1810 3696 1986 3750 pene-
2089 3670 2219 3738 erit,
2253 3670 2467 3725 soilicct
2491 3688 2619 3744 quae
2638 3672 2765 3743 jam
2792 3675 2878 3726 est
2908 3673 2979 3727 ad
2997 3674 3372 3731 salvationem
3400 3680 3696 3750 praedesti-

387 3770 564 3825 trabit
614 3769 673 3824 in
713 3770 891 3825 corda
921 3774 1313 3835 terrenorum,
1346 3767 1431 3822 vel
1477 3766 1748 3821 velociter
1798 3770 1991 3820 curret
2090 3758 2899 3831 nata.Dabit,iuquam,nivem
2918 3767 2975 3813 ut
2999 3761 3272 3832 lanam,et
3293 3768 3700 3838 mittetcrystal-

383 3874 554 3911 ,ςενηιο
583 3859 715 3927 ejus,
744 3858 800 3913 id
820 3863 905 3913 est
925 3858 1036 3912 cito
1051 3855 1505 3928 prornovcbilur,
1527 3858 1584 3909 et
1610 3871 1738 3909 cum
1759 3871 1986 3908 summo
2090 3844 2199 3899 lum
2244 3853 2303 3899 ut
2349 3846 2621 3901 buccellas.
2657 3848 2725 3901 Et
2756 3850 2891 3902 tunc
2915 3850 3031 3919 quis
3057 3850 3305 3907 existens
3335 3861 3460 3910 ante
3498 3857 3697 3926 faciem

384 3944 607 4018 impetu
630 3946 972 4018 eloquentia;
996 3945 1156 4013 ﬂuet,
1182 3947 1245 3999 ιιι
1274 3961 1392 3998 non
1419 3943 1596 4014 possit,
1622 3959 1656 3997 θ,
1686 3942 1839 3996 falsis
1868 3943 1987 3997 ιιω..
2086 3934 2308 4004 frigoris
2327 3935 2439 4005 ejus
2454 3936 2727 3989 sustinebit
2743 3935 2924 4006 ipsam
2937 3936 3147 3992 faciem
3166 3939 3194 3994 ?
3211 3940 3425 4011 Nullus,
3446 3960 3512 3998 ac
3533 3944 3577 3999 si
3610 3946 3694 4001 di-

380 4035 697 4089 reticorum
756 4034 1176 4106 objectionibus
1201 4032 1521 4104 .impcdiri,
1550 4031 1709 4102 juxta
1746 4030 1887 4085 illud
1917 4031 1988 4086 de
2089 4027 2207 4078 cat:
2233 4024 2506 4094 Cumipse
2525 4041 2624 4079 eos
2637 4024 2928 4097 quifrigus
2941 4026 3049 4081 dici
3068 4044 3173 4099 per
3191 4031 3512 4102 emphasim
3534 4039 3698 4106 pote-

384 4120 674 4191 Stephano
709 4141 723 4177 :
760 4145 787 4172 »
819 4124 943 4178 Non
974 4116 1246 4194 poterant
1271 4120 1537 4175 resistere
1576 4119 1896 4192 sapientim,
1928 4122 1987 4173 et
2088 4114 2321 4179 runt,eo
2338 4111 2835 4183 quodacharitate
2862 4113 3056 4185 frigidi
3082 4117 3310 4187 penitus
3336 4124 3697 4195 erunt,quod

383 4209 609 4282 spiritui
639 4210 738 4280 qui
769 4212 1110 4280 loquebatur
1148 4210 1299 4284 (Act.
1333 4227 1407 4277 vr,
1436 4212 1541 4280 10).
1576 4230 1604 4259 ››
1639 4209 1861 4275 Curret,
1894 4208 1982 4262 in-
2090 4203 2290 4272 postea
2315 4200 2496 4270 frigus
2514 4198 2572 4253 in
2595 4201 2848 4260 calorem
2875 4202 3168 4258 cbaritatis
3191 4210 3699 4282 mutatum,ipsius

384 4314 581 4371 quam,
612 4297 856 4352 velociter
880 4315 1047 4350 sermo
1077 4298 1209 4367 ejus.
1244 4297 1349 4362 Qui
1364 4298 1786 4368 perefficatiam
1818 4299 1988 4370 hujus
2015 4319 2067 4378 D

383 4385 667 4441 sermonis
700 4384 812 4451 dat,
842 4384 897 4437 id
922 4387 1007 4438 est
1037 4383 1198 4437 dabit
1226 4386 1404 4437 nivem
1433 4387 1575 4438 sicut
1604 4385 1804 4451 (ariam,
1837 4387 1985 4441 scili-

382 4474 638 4544 cetipsos
660 4473 959 4528 lurreticos
975 4472 1069 4543 qui
1104 4474 1275 4525 erunt
1308 4471 1422 4538 nix,
1443 4471 1499 4525 id
1529 4474 1615 4525 est
1644 4473 1717 4526 ad
1745 4475 1985 4528 modum

382 4543 525 4617 nivis
555 4562 729 4617 nimis
758 4561 1070 4633 congelati,
1105 4562 1163 4613 ct
1193 4577 1226 4614 a
1254 4559 1531 4614 charitate
1562 4560 1781 4630 frigidi,
1818 4543 1989 4615 faciet

381 4653 524 4706 adeo
544 4652 600 4705 in
626 4651 906 4706 charitate
935 4649 1203 4716 fervidos,
1248 4651 1309 4702 ut
1335 4648 1513 4701 etiam
1541 4648 1638 4702 det
1667 4664 1766 4702 eos
1794 4650 1985 4703 lanam

381 4740 504 4794 aliis
532 4739 774 4810 frigidis,
812 4738 1023 4793 scilicet
1045 4741 1106 4791 ut
1131 4754 1228 4792 eos
1251 4736 1346 4809 qui
1375 4735 1653 4790 charitate
1678 4741 1850 4790 erunt
1888 4737 1989 4791 fri-

382 4829 497 4899 gidi
526 4828 777 4895 foveant,
811 4832 868 4881 ct
899 4826 955 4880 in
988 4826 1264 4880 charitate
1294 4825 1515 4879 fervere
1539 4824 1773 4893 faciant,
1808 4824 1880 4878 ad
1915 4824 1986 4877 si-

381 4916 766 4971 militudinem
794 4917 961 4981 lanae,
982 4932 1046 4968 ex
1070 4931 1183 4986 qua
1208 4913 1615 4967 vestimentum
1649 4914 1735 4979 fit,
1771 4917 1831 4966 ut
1861 4929 1990 4966 cor—

380 5020 486 5074 pus
516 5005 705 5059 foveat
729 5006 787 5059 et
806 5004 1057 5058 calidum
1078 5002 1301 5056 reddat.
1324 5002 1511 5070 Dabit,
1540 5001 1989 5072 inquam,nitem

377 5095 518 5148 sicut
548 5094 749 5161 lanam,
783 5101 831 5146 et
868 5093 1116 5147 nebulam
1146 5093 1281 5143 sicut
1306 5092 1530 5144 cinerem
1560 5091 1787 5158 spargit,
1818 5090 1872 5143 id
1904 5094 1989 5144 est

380 5185 632 5252 sparget,
657 5182 713 5235 id
739 5185 825 5236 est
846 5180 969 5235 illos
987 5179 1289 5234 htercticos
1315 5178 1410 5248 qui
1439 5177 1594 5247 prius
1618 5181 1789 5231 erunt
1806 5179 1985 5233 nebu-

381 5268 484 5322 losi
515 5271 572 5322 et
602 5268 659 5321 in
692 5268 1075 5337 intelligentia
1125 5264 1437 5329 obscurati,
1471 5263 1819 5317 illuminabit
1849 5281 1982 5319 vero

382 5354 516 5409 fidei
540 5356 850 5421 intellectu,
892 5358 948 5409 et
973 5371 1068 5409 eos
1098 5353 1450 5409 illuminatos
1481 5354 1714 5423 sparget
1744 5354 1881 5405 sicut
1911 5356 1982 5406 ci-

380 5460 576 5510 nerem,
608 5443 666 5497 id
705 5446 791 5496 est
819 5442 1119 5497 distribuet
1149 5459 1245 5497 eos
1293 5441 1365 5495 ad
1396 5439 1831 5511 praedicandum
1865 5442 1989 5495 aliis

382 5532 692 5605 nebulosis,
712 5534 773 5588 ut
796 5530 1053 5588 videlicet
1076 5530 1191 5587 sint
1221 5531 1282 5587 in
1313 5531 1439 5586 loco
1468 5528 1981 5599 cineris,facientes

2090 4289 2187 4343 Dei
2204 4288 2479 4362 possessio
2492 4289 3151 4362 fiet,addisperdendum
3165 4293 3697 4365 etimpugnandum

2088 4379 2354 4432 czeterosf
2354 4378 2397 4431 ri
2406 4378 2570 4448 gidos
2585 4378 2929 4449 mittet,quis
2941 4380 3697 4454 haereticorumantcfaciem,

2089 4466 2144 4518 id
2177 4469 2263 4519 cst
2291 4469 2425 4520 ante
2454 4468 2801 4535 praesentem
2835 4481 3037 4518 eorum
3070 4466 3405 4523 instantiam
3429 4472 3694 4542 existens,

2090 4553 2301 4621 poterit
2315 4556 2539 4606 tantam
2554 4551 3197 4608 instantiamverborum
3214 4556 3561 4617 etfacundiaz
3577 4561 3700 4618 illo-

2090 4658 2219 4695 rum
2249 4640 2531 4694 sustinere
2558 4642 2616 4693 et
2641 4639 2929 4707 resistere,
2956 4645 3020 4696 ut
3050 4649 3349 4716 superetur
3377 4648 3454 4702 sic
3484 4652 3547 4703 ut
3577 4668 3694 4706 non

2088 4729 2298 4783 habeat
2319 4728 2473 4800 quod
2497 4728 2893 4785 contradicat?
2924 4731 3139 4786 Nullus.
3173 4732 3287 4788 Hoc
3313 4738 3507 4790 autem
3541 4738 3694 4809 quod

2090 4818 2191 4871 sub
2224 4817 2681 4887 interrogatione
2712 4834 2843 4873 cum
2872 4821 3096 4890 majore
3115 4821 3297 4875 laudis
3318 4824 3576 4893 pondere
3601 4845 3699 4900 po-

2091 4905 2546 4976 nit,a3quivalens
2562 4909 2647 4960 est
2675 4924 2741 4961 ac
2764 4907 2807 4961 si
2836 4907 3026 4962 taliter
3046 4913 3383 4979 poneretur.
3400 4912 3543 4968 Cum
3574 4915 3694 4987 ipse

2090 4994 2214 5048 illos
2230 4994 2324 5065 qui
2348 4995 2504 5064 prius
2534 4995 2726 5065 frigidi
2751 4995 2899 5048 adeo
2919 5001 3086 5048 erunt
3116 4999 3178 5048 ut
3197 4996 3289 5050 nix
3313 5001 3370 5051 et
3400 5004 3695 5072 crystallus

2089 5081 2199 5136 dici
2231 5083 2451 5154 possint
2480 5083 2767 5137 ferventes
2803 5081 3055 5150 effectos,
3087 5084 3159 5138 ad
3190 5086 3490 5142 haereticos
3511 5089 3694 5164 impu-

2088 5171 2388 5242 gnandum
2416 5171 2626 5237 mittet,
2649 5173 2808 5223 tanta
2838 5171 2948 5224 erit
2977 5188 3178 5226 eorum
3213 5175 3513 5247 sapientia,
3531 5183 3693 5237 tanta

2086 5259 2355 5315 facundia
2374 5262 2438 5311 ut
2458 5259 2539 5311 eis
2564 5258 2719 5312 nulla
2741 5260 2917 5328 possit
2937 5261 3340 5319 haereticorum
3365 5268 3693 5340 eloquentia

2088 5349 2371 5403 resistere.
2406 5346 2552 5409 Quia
2583 5362 2717 5399 vero
2766 5347 2835 5401 de
2876 5349 3281 5406 haereticorum
3317 5357 3692 5415 conversione

2089 5439 2307 5510 egerat,
2339 5435 2459 5489 vult
2506 5435 2813 5489 ostendere
2861 5438 3009 5492 hanc
3048 5441 3488 5497 conversionem
3521 5448 3693 5504 totius

2092 5522 2501 5597 cooperationc
2514 5522 2806 5581 Trinitatis
2832 5541 2949 5580 esse
2967 5526 3221 5584 futuram
3243 5530 3397 5607 quod
3420 5531 3497 5588 sic
3522 5533 3689 5597 dicit:
