3966 6034
413 276 539 342 till

1019 260 1079 325 S.
1117 250 1463 323 BRUNONIS
1503 244 2135 318 CARTHUSIANOBUM
2170 248 2640 317 INSTITUTORIS
2678 246 2834 315 OPP.
2872 242 3049 313 PARS
3088 256 3111 313 Ι

3574 258 3733 315 Ml?

408 401 597 467 Dabit,
626 397 886 469 inquam,
915 391 1067 446 Deus
1113 390 1281 443 Pater
1329 388 1502 441 nivem
1548 384 1683 437 sicut
1721 382 1923 448 lanam,
1957 387 2009 436 et
2027 396 2081 454 Α
2109 381 2367 436 turarum
2397 381 2615 452 ejus,et
2637 379 2896 435 contuitu
2921 376 3285 433 exaltationis
3316 377 3511 451 populi
3545 380 3627 433 sui
3661 380 3729 433 in

410 490 720 564 crystallum
740 488 877 541 sicut
906 478 1177 536 buccellas.
1215 477 1284 530 Ut
1304 476 1437 564 haec
1453 477 1647 564 autem
1676 472 1836 538 ﬁant,
1864 473 2009 564 emit?

411 560 494 649 tit,
518 580 576 635 id
606 580 690 633 est
730 574 957 629 emittet
983 568 1197 625 verbum
1218 581 1391 632 suum,
1426 562 1482 616 id
1523 563 1608 616 est
1639 577 1704 615 ex
1736 576 1793 614 se
1819 560 2010 615 mittet

408 670 611 726 Filium
638 679 805 720 suum
829 660 902 715 ad
917 660 1026 714 hoc
1054 653 1401 711 faciendum.
1420 650 1600 706 Mittet
1624 649 1858 721 quidem
1888 663 2006 702 non

407 757 685 821 localiter,
710 767 827 806 non
852 742 1281 808 visibiliter,sed
1312 738 1643 811 spiritaliter
1660 739 1717 790 et
1748 735 2007 791 ineffabi-

408 848 557 904 liter.
585 844 681 897 Vel
740 840 941 893 emittet
997 833 1208 886 verbum
1256 846 1432 894 suum,
1467 827 1524 880 id
1573 828 1656 879 est
1695 825 1752 879 in
1805 828 2003 894 aperto

408 936 600 991 mittet
637 929 842 985 Filium
868 938 1056 985 suum,
1098 921 1381 990 quantum
1414 916 1484 969 ad
1516 912 1806 968 notitiam.
1841 912 2003 975 Quod

406 1029 489 1080 est
509 1023 728 1078 dicere:
766 1014 931 1071 Dabit
950 1012 1027 1065 eis
1046 1008 1312 1063 notitiam
1336 1004 1454 1059 Filii
1473 1004 1555 1057 sui
1580 1002 2002 1068 scilicetﬁdem,

406 1118 469 1169 ut
494 1127 627 1166 eum
649 1120 847 1162 verum
866 1105 922 1155 et
943 1101 1123 1153 Deum
1139 1100 1197 1151 et
1226 1094 1549 1159 hominem,
1565 1095 1623 1145 et
1640 1091 1742 1145 sibi
1774 1094 2005 1144 comter-

407 1217 569 1266 num,
587 1200 645 1252 et
668 1188 1217 1250 consubstantialem
1240 1183 1500 1238 credant.
1526 1181 1600 1234 Et
1619 1196 1721 1251 per
1750 1179 2004 1234 emissio-

403 1305 539 1344 nem
564 1282 721 1341 verbi
742 1279 1011 1353 lique/acit
1033 1292 1112 1341 ea,
1131 1272 1319 1326 nivem
1335 1269 1548 1323 scilicet
1565 1270 1621 1321 et
1647 1266 1999 1353 crystallum.

405 1375 569 1442 Quod
595 1376 679 1428 est
699 1352 888 1425 dicere
911 1382 925 1420 ε
951 1364 1093 1419 Cum
1112 1364 1284 1416 antea
1310 1358 1471 1413 valde
1490 1355 1704 1410 fuerint
1726 1352 1997 1442 indurati,

403 1440 461 1520 et
490 1464 634 1519 adeo
666 1462 728 1514 ut
758 1457 852 1511 nix
910 1457 966 1508 et
1021 1450 1315 1522 crystallus
1374 1447 1657 1510 dicantur,
1692 1443 1811 1515 ipse
1858 1440 1995 1495 Filio

402 1552 748 1623 cooperante
771 1562 835 1599 ex
857 1540 1066 1598 duritia
1091 1539 1352 1603 resolvet,
1369 1539 1426 1589 et
1448 1552 1544 1588 eos
1563 1532 1809 1603 liquidos
1834 1529 2001 1584 faciet

401 1622 692 1703 etmolles,
711 1638 769 1688 et
781 1633 852 1686 ad
866 1627 1219 1684 credendum
1237 1623 1582 1679 faciles.Non
1602 1622 1786 1675 solum
1808 1622 2002 1673 autem

2110 468 2323 524 futuro.

2181 558 2439 625 Laudato,
2473 574 2675 613 omnes
2705 556 2923 620 ﬁdeles,
2937 556 3261 623 Dominum,
3289 556 3572 611 Christum
3592 573 3731 611 om-

2110 644 2353 701 nimoda
2399 647 2590 714 laude,
2620 648 2682 701 de
2725 647 2880 712 caelis,
2911 646 2973 701 id
3004 649 3089 700 est
3137 646 3209 700 de
3255 645 3728 702 consideratione

2107 736 2383 790 caelorum
2431 752 2573 807 quos
2620 736 2852 791 creavit.
2890 736 2996 789 Per
3042 737 3215 789 caelos
3267 735 3358 788 hic
3405 736 3727 805 accipimus

2108 823 2258 895 ipsos
2285 826 2457 879 caelos
2482 824 2829 891 materiales,
2858 828 2915 877 et
2942 841 3147 879 omnes
3177 827 3468 877 creaturas
3498 842 3619 895 quas
3654 824 3722 878 in

2108 912 2189 965 eis
2218 917 2367 979 sunt,
2401 916 2521 966 tam
2551 913 2885 975 rationales,
2911 915 2974 964 ut
3000 912 3232 983 spiritus
3257 914 3722 983 cwlestes,quam

2109 999 2489 1069 irrationales,
2522 1004 2586 1055 ut
2615 1002 2797 1055 solem
2844 1005 2901 1053 et
2942 1001 3141 1055 lunam
3188 1005 3246 1054 et
3297 1002 3507 1054 stellas.
3540 1002 3721 1055 Mate—

2105 1088 2274 1143 riales
2306 1106 2439 1145 vero
2469 1092 2641 1145 C(elos
2671 1089 2935 1155 dicimus,
2969 1092 3027 1143 et
3057 1106 3277 1167 aerem,
3309 1094 3368 1144 et
3392 1091 3624 1157 aethera,
3658 1094 3722 1143 et

2107 1176 2296 1247 ipsum
2340 1179 2802 1245 ﬁrmamentum,
2858 1181 2916 1231 et
2972 1177 3149 1231 etiam
3193 1182 3416 1247 septem
3474 1178 3723 1232 circulos

2107 1271 2327 1335 septem
2362 1268 2749 1337 planetarum.
2784 1266 3071 1330 Quoniam
3104 1269 3301 1320 autem
3330 1282 3461 1320 eum
3492 1266 3719 1336 simpli-

2108 1353 2249 1408 citer
2274 1354 2496 1410 dixerat
2524 1372 2537 1409 :
2568 1355 2810 1409 Laudate
2838 1355 3133 1410 Dominum
3161 1355 3226 1407 de
3272 1354 3425 1422 caelis,
3454 1371 3559 1425 per
3597 1371 3717 1409 cce-

2108 1443 2213 1509 los,
2247 1445 2310 1497 ut
2338 1443 2608 1513 diximus,
2636 1446 2936 1513 acceperat
2963 1446 3021 1497 et
3050 1443 3204 1514 ipsos
3239 1444 3429 1509 caelos,
3470 1447 3529 1497 et
3555 1460 3717 1497 crea-

2110 1532 2267 1585 turas
2304 1531 2445 1597 illas,
2482 1549 2609 1599 qum
2659 1532 2718 1586 in
2768 1531 2849 1585 eis
2896 1535 3049 1597 sunt,
3083 1531 3155 1584 ad
3204 1531 3717 1601 exaggerationem

2109 1618 2315 1673 divinae
2348 1620 2531 1673 laudis
2560 1620 2710 1690 ipsas
2736 1623 3027 1674 creaturas
3057 1619 3361 1689 designare
3388 1636 3494 1690 per
3521 1625 3721 1692 partes

400 1733 523 1785 hinc
552 1744 654 1799 per
704 1722 908 1777 Filium
964 1716 1317 1788 operabitur,
1345 1712 1443 1766 sed
1493 1716 1549 1765 et
1588 1726 1689 1781 per
1720 1707 1997 1799 Spiritum
2035 1708 2459 1799 Bintenditsic
2488 1709 2800 1799 :7Laudate,
2840 1709 3425 1799 inquain,ipaminum
3449 1709 3717 1799 (letalis,

400 1796 845 1873 sanctum.Nam
862 1810 1090 1861 sanctus
1108 1804 1345 1872 Spiritus
1381 1802 1495 1871 ejus
1516 1799 1695 1867 ﬂabit,
1728 1797 1781 1851 id
1816 1800 1901 1850 est
1931 1796 2003 1849 ad

400 1908 591 1962 nivem
625 1906 681 1956 et
711 1898 1038 1970 crystallum
1067 1891 1306 1946 interius
1338 1887 1630 1959 aspirabit,
1654 1893 1701 1939 et
1732 1886 1809 1939 sic
1837 1888 2003 1952 [luent

399 2013 550 2069 aqua:
578 1991 731 2046 facti.
753 1987 948 2041 Fluent
980 1983 1241 2055 quidem,
1275 1979 1329 2033 id
1364 1982 1449 2033 est
1482 1975 1650 2047 proni
1678 1978 1736 2028 et
1767 1973 1899 2027 ﬂuxi
1931 1972 2003 2027 ad

398 2087 571 2141 ﬁdem
605 2085 662 2136 et
690 2076 1029 2132 ebaritatem
1062 2071 1221 2124 ﬁent.

466 2176 643 2244 Aquae
670 2182 804 2221 vero
829 2159 1158 2224 eruntaliis,
1179 2157 1236 2210 id
1253 2159 1337 2210 est
1359 2155 1577 2226 aliquos
1594 2149 2001 2244 induratos,_ad

396 2239 637 2321 modum
662 2269 942 2328 aquarum
966 2248 1291 2319 irrigahunt
1321 2244 1583 2297 doctrina
1607 2258 1728 2307 sua,
1752 2243 1810 2293 et
1834 2257 1867 2293 a
1893 2239 1997 2328 du-

395 2353 528 2409 ritia
556 2364 657 2404 sua
676 2327 962 2401 resolvent
992 2339 1051 2391 et
1078 2335 1295 2390 fertiles
1317 2332 1549 2397 facient,
1569 2348 1602 2385 a
1619 2327 1995 2383 similitudine

395 2439 570 2497 austri
604 2437 820 2490 dictum
850 2431 958 2493 est,
1009 2441 1124 2496 quo
1155 2424 1332 2478 ﬂante
1380 2421 1536 2473 nives
1567 2421 1624 2472 et
1654 2416 1863 2488 glacies
1912 2432 1997 2469 re-

397 2528 713 2589 solvuntur,
733 2522 790 2573 et
804 2532 966 2588 aqua:
986 2515 1152 2568 facta:
1173 2507 1631 2579 ﬂuunt.Exponit
1649 2508 1842 2559 autem
1859 2520 1997 2575 quo-

397 2615 573 2673 modo
604 2610 701 2666 nix
731 2611 788 2663 et
812 2603 1108 2676 crystallus
1136 2599 1403 2654 resoluta:
1434 2599 1493 2649 et
1518 2593 1850 2676 liquefactas

752 2663 936 2767 aqua),
964 2691 1040 2745 sic
1069 2707 1082 2744 :
1118 2688 1253 2744 Dico
1284 2685 1441 2759 quod
1483 2663 1765 2739 Dominus

392 2792 703 2867 lique/actu
732 2784 921 2840 nivem
972 2782 1029 2833 et
1074 2776 1403 2867 crystallum
1440 2776 1552 2867 :_et
1608 2771 1779 2827 faciet
1818 2786 1995 2842 aquas

392 2862 666 2945 ﬂuentes;
690 2876 784 2948 qui
805 2886 1015 2942 nempe
1038 2866 1314 2921 Dominus
1338 2880 1441 2934 per
1464 2862 1567 2917 has
1589 2877 1764 2932 aquas
1778 2877 1991 2913 annun-

393 2969 583 3037 tiat,id
601 2969 687 3022 est
704 2956 1075 3018 annuntiabit
1097 2953 1219 3009 aliis
1242 2951 1523 3006 induratis
1548 2948 1864 3003 efﬁciendis
1889 2964 1993 3018 per

390 3064 500 3119 hoc
525 3054 713 3120 Jacab,
748 3051 805 3106 id
836 3050 922 3103 est
946 3039 1182 3100 viriliter
1206 3039 1554 3095 luctantibus
1583 3039 1795 3092 verbum
1812 3053 1987 3103 suum,

392 3150 451 3206 id
499 3149 586 3202 est
611 3140 877 3197 notitiam
928 3133 1050 3189 Filii
1098 3131 1203 3197 sui,
1236 3130 1322 3183 vel
1355 3128 1573 3184 verbum
1614 3143 1790 3201 suum,
1817 3125 1876 3179 id
1906 3128 1992 3178 est

390 3231 863 3310 praedicationem
894 3222 1047 3277 ﬁdei.
1066 3220 1131 3273 Et
1155 3221 1284 3310 post
1294 3214 1810 3310 Aannuntiatione-m
1833 3213 1987 3310 verbi

389 3302 524 3381 fidei
574 3312 944 3375 annuntiabit
973 3310 1188 3363 eisdem
1228 3305 1546 3360 efﬁciendis
1574 3303 1763 3370 Israel,
1798 3302 1855 3356 id
1903 3305 1989 3356 est

388 3419 572 3472 Deum
596 3410 654 3463 in
678 3397 1166 3469 contemplatione
1180 3394 1501 3449 videntibus
1517 3394 1767 3462 jus-tilias
1780 3391 1989 3461 etjutli-

387 3506 475 3560 ciu
496 3517 617 3565 sua,
652 3496 709 3549 id
739 3495 823 3547 est
839 3490 996 3561 justa
1028 3483 1247 3556 judicia
1276 3499 1397 3549 sua,
1418 3484 1703 3553 praecepta
1728 3480 1987 3534 videlicet

388 3611 489 3651 sua
513 3605 640 3662 qute
669 3582 936 3640 dicuntur
965 3592 1069 3648 per
1096 3571 1417 3645 emphasim
1438 3571 1698 3662 ijustitire,
1732 3586 1800 3662 eo

378 3658 549 3755 justa—
564 3678 718 3742 sunt,
747 3674 803 3727 et
843 3667 1199 3755 complentes
1229 3680 1287 3717 se
1301 3661 1657 3755 justiﬁeant;
1691 3664 1761 3755 et.
1770 3658 1988 3755 judicia

387 3747 674 3832 dicuntur,
702 3779 770 3817 eo
820 3756 975 3830 quod
1032 3753 1151 3826 ipse
1182 3768 1255 3806 ea
1293 3749 1555 3805 facienda
1587 3764 1707 3803 esse
1740 3747 1980 3818 judicat.

387 3857 671 3927 Quoniam
689 3866 827 3921 ergo
843 3844 1080 3919 justitia:
1094 3844 1228 3897 sunt
1253 3844 1309 3895 et
1329 3838 1568 3911 judicia,
1587 3837 1985 3893 enuntiatione

384 3953 519 4008 sunt
543 3946 740 4017 digna.
761 3937 905 3995 Dicit
921 3937 1117 3990 autem
1135 3930 1291 4003 quod
1309 3932 1433 3984 haac
1454 3927 1783 4017 supradicta
1812 3928 1986 4017 bene-

383 4039 513 4095 ﬁcia
543 4016 660 4089 non
691 4028 862 4084 faciet
881 4021 1163 4079 hazreticis
1184 4016 1589 4084 omnibus,sed
1616 4016 1981 4087 quibusdam,

384 4132 446 4184 ut
462 4140 565 4198 per
578 4123 689 4176 hoc
708 4133 805 4170 eos
830 4112 1035 4184 quibus
1051 4110 1172 4198 haec
1195 4107 1337 4161 ﬁent
1353 4105 1669 4198 benevolos
1696 4104 1900 4198 magis,
1925 4107 1982 4198 et

380 4192 535 4275 haud
552 4210 808 4281 ingratos
826 4201 1047 4264 reddat,
1068 4197 1201 4250 Dico
1220 4194 1374 4266 quod
1390 4192 1688 4247 luereticos
1701 4193 1891 4246 nivem
1923 4196 1979 4248 et

379 4303 708 4378 crystallum
727 4285 1373 4351 cxistentesresolvet,et
1392 4282 1562 4335 etiam
1583 4298 1679 4335 eos
1704 4298 1823 4335 esse
1855 4281 1979 4335 aliis

381 4369 560 4467 aquas
588 4386 777 4444 faciet.
809 4380 940 4436 Non
984 4379 1177 4467 autem
1203 4374 1353 4467 fecit,
1493 4372 1577 4467 est
1606 4369 1775 4467 faciet
1803 4371 1981 4424 taliter

379 4459 525 4538 omni
542 4470 842 4534 uaticni,id
871 4470 957 4522 est
982 4464 1141 4520 omni
1171 4459 1525 4516 multitudini
1550 4459 1974 4525 haereticorum,

378 4570 596 4629 scilicet
617 4579 733 4618 non
754 4559 832 4613 sic
851 4555 1114 4619 resolvet,
1131 4555 1189 4606 et
1215 4566 1391 4621 aquas
1429 4566 1550 4604 esse
1577 4548 1748 4602 faciet
1773 4564 1975 4604 omnes

375 4654 697 4718 haereticos,
723 4654 771 4701 et
799 4662 904 4698 non
934 4639 1303 4709 manifestabit
1330 4639 1401 4691 eis
1442 4638 1598 4707 justa
1613 4636 1827 4707 judicia
1855 4653 1971 4702 sua,

376 4745 589 4804 scilicet
640 4755 759 4794 non
799 4731 970 4789 faciet
998 4728 1266 4783 omnibus
1300 4726 1675 4779 manifestum
1729 4726 1975 4796 qualiter

376 4833 654 4909 quosdam
680 4841 781 4900 per
798 4815 1249 4877 misericordiam
1264 4814 1547 4867 resolvere
1562 4817 1620 4867 et
1645 4813 1972 4867 illuminare

368 4901 606 4999 judicet;
624 4913 905 4990 quosdam
922 4922 1054 4962 vero
1059 4906 1216 4976 justo
1233 4901 1450 4999 judicio
1465 4917 1565 4956 suo
1578 4902 1971 4999 subtrahendo

373 4989 620 5085 gratiam
643 4989 892 5059 induret
922 5000 981 5051 et
1008 4994 1274 5058 exczeeet,
1306 4991 1391 5045 vel
1442 5006 1549 5044 non
1582 4989 1972 5045 manifestabit

374 5077 468 5158 om
480 5097 642 5152 nibus
642 5091 859 5164 judicia
873 5084 1053 5152 sua,id
1071 5085 1157 5136 est
1169 5082 1454 5153 praecepta
1467 5094 1588 5144 sua,
1611 5077 1824 5131 scilicet
1851 5095 1967 5133 non

370 5188 543 5248 faciet
568 5180 837 5239 omnibus
853 5173 1247 5237 manifestum,
1269 5168 1513 5241 qualiter
1538 5166 1586 5237 ej
1598 5183 1659 5219 us
1682 5171 1968 5236 prmcepta

368 5280 484 5338 sint
513 5266 877 5343 complenda.

801 5354 868 5408 IN
900 5347 1223 5406 PSALMUM
1254 5341 1544 5415 CXLvnu

438 5448 647 5509 Psalmi
660 5439 955 5501 centesimi
971 5433 1394 5510 quadragesimi
1411 5431 1592 5487 octavi
1604 5432 1911 5488 .Titulus.A
1925 5433 1963 5487 l-

375 5542 557 5594 leluia.
576 5538 695 5589 Vox
723 5529 1025 5600 Pr0pheta:
1051 5525 1247 5579 ﬁdeles
1276 5538 1479 5577 omnes
1505 5522 1576 5575 ad
1605 5522 1961 5577 laudandum

377 5625 560 5685 Deum
581 5614 960 5685 adhortantis,
979 5629 1048 5669 ex
1058 5609 1517 5667 consideratione
1532 5609 1795 5665 omnium
1806 5626 1963 5668 crea-

2107 1797 2369 1851 videlicet
2394 1798 2608 1852 laudate
2627 1815 2744 1850 eum
2772 1800 2827 1850 in
2856 1798 3090 1864 excelsis,
3119 1796 3175 1850 id
3197 1801 3282 1850 est
3305 1798 3361 1851 in
3384 1798 3718 1853 considera-

2108 1887 2264 1940 tione
2296 1887 2527 1941 illarum
2554 1890 2973 1953 creaturarum,
3003 1902 3130 1956 quae
3177 1886 3233 1939 in
3262 1888 3403 1940 coelo
3441 1890 3575 1940 sunt
3615 1904 3712 1940 ex-

2106 1977 2291 2042 celsze,
2324 1976 2383 2029 id
2411 1978 2496 2029 est
2516 1975 2794 2046 dignioris
2829 1978 3070 2029 natura).
3096 1975 3339 2045 Exponit
3370 1979 3564 2029 autem
3590 1976 3715 2029 illas

2106 2068 2397 2119 creaturas
2427 2065 2674 2117 excelsas
2694 2079 2797 2134 per
2828 2067 3187 2135 partes,cum
3230 2064 3393 2117 addit
3420 2082 3433 2117 :
3470 2064 3712 2116 Laudute

2103 2170 2244 2219 eum,
2278 2169 2452 2207 euntes
2486 2152 2664 2221 angeli
2691 2153 2823 2221 ejus,
2860 2152 2914 2205 id
2943 2156 3087 2206 esto
3131 2169 3229 2206 vos
3268 2168 3472 2206 omnes
3497 2153 3708 2223 angeli,

2103 2241 2199 2311 qui
2231 2243 2408 2295 tanta:
2441 2240 2740 2311 dignitatis
2772 2240 3081 2294 existentes
3115 2241 3248 2294 estis
3295 2242 3367 2294 ab
3412 2257 3479 2294 eo
3508 2241 3705 2306 creati,

2102 2332 2285 2383 estote
2311 2329 2577 2383 ﬁdelibus
2599 2328 3133 2382 matcrialaudandi
3155 2346 3311 2383 eum.
3340 2328 3505 2392 Quod
3534 2333 3615 2383 est
3641 2344 3705 2383 ac

2102 2417 2147 2470 si
2180 2417 2331 2471 dicat
2355 2435 2367 2472 :
2397 2418 2647 2471 Laudato
2674 2434 2880 2485 eum,o
2909 2417 3127 2484 ﬁdeles,
3150 2435 3213 2471 ex
3245 2418 3701 2473 consideratione

2101 2507 2465 2577 angelorum,
2497 2523 2641 2578 quos
2670 2507 2814 2561 adeo
2847 2506 3054 2577 dignos
3079 2507 3308 2560 creavit.
3342 2507 3458 2561 Nec
3496 2508 3701 2561 solum-

2077 2595 2278 2649 .modo
2310 2612 2407 2649 vos
2438 2596 2631 2666 angeli
2678 2594 2924 2650 materia
2956 2594 3077 2649 sitis
3122 2595 3391 2654 ﬁdelibus
3420 2612 3548 2650 eum
3577 2597 3692 2650 lau-

2098 2683 2413 2751 dandi,sed
2435 2685 2609 2739 etiam
2633 2684 2847 2738 laudate
2888 2702 3030 2750 eum,
3066 2700 3244 2738 omnes
3294 2692 3512 2739 virtutes
3550 2687 3677 2754 ejus,

2096 2771 2153 2825 id
2175 2776 2260 2826 est
2290 2789 2323 2826 o
2354 2790 2450 2828 vos
2473 2790 2676 2827 omnes
2692 2774 3008 2828 cmlestium
3040 2773 3345 2843 spirituum
3363 2773 3683 2839 ordines,ab

2096 2876 2163 2915 eo
2196 2861 2519 2933 dignissimi
2545 2862 2602 2916 in
2632 2865 2839 2916 natura
2859 2861 3061 2923 creati,
3085 2865 3268 2916 estote
3301 2862 3561 2916 fidelibus
3580 2878 3691 2914 ma-

2094 2949 2241 3005 teria
2270 2967 2403 3004 eum
2450 2950 2745 3005 laudandi.
2781 2952 2889 3004 Per
2939 2950 3174 3004 virtutes
3205 2967 3332 3021 quer
3376 2954 3508 3004 sunt
3554 2968 3692 3004 unus

2094 3038 2237 3091 ordo
2268 3039 2583 3093 caelestium
2615 3039 2943 3110 spirituum,
2990 3055 3192 3094 omnes
3232 3039 3467 3094 ordines
3492 3043 3694 3109 pra'ter

2094 3128 2331 3197 angelos
2361 3128 2644 3199 designat,
2678 3129 2833 3200 quod
2873 3147 2939 3183 ex
2989 3128 3267 3183 Hebraica
3320 3128 3691 3183 translatione

2090 3216 2492 3287 perpenditur,
2528 3217 2586 3270 in
2621 3233 2735 3288 qua
2763 3217 3012 3271 habetur
3039 3234 3054 3272 :
3077 3217 3319 3269 Laudate
3347 3234 3489 3282 eum,
3519 3235 3692 3271 omnes

2090 3305 2345 3358 exercitus
2366 3306 2497 3375 ejus.
2521 3305 2848 3360 Notandum
2871 3306 3025 3378 quod
3047 3322 3300 3376 congrue
3333 3306 3500 3377 ponit
3516 3306 3693 3376 angeli

2089 3392 2200 3462 ejus
2230 3396 2286 3445 et
2311 3396 2533 3447 tirtutes
2568 3395 2701 3464 ejus,
2732 3411 2861 3448 cum
2927 3398 3053 3465 post
3101 3398 3296 3449 tamen
3349 3412 3466 3450 non
3517 3396 3688 3461 dicat,

2086 3480 2166 3533 sal
2191 3483 2307 3552 ejus
2350 3481 2473 3536 sine
2514 3482 2645 3536 luna
2676 3482 2810 3552 ejus.
2839 3483 2962 3536 Non
2996 3483 3150 3554 quod
3188 3488 3245 3537 et
3291 3485 3380 3537 ha:
3414 3487 3688 3538 creatura:

2088 3570 2201 3640 ejus
2228 3586 2346 3624 non
2381 3569 2631 3638 sint,sed
2658 3588 2790 3625 cum
2814 3573 3067 3625 cwlestes
3092 3571 3321 3643 spiritus
3342 3573 3438 3643 qui
3468 3572 3688 3642 dignio.

2088 3674 2181 3711 res
2215 3662 2348 3713 sunt
2391 3660 2504 3730 ejus
2553 3677 2673 3715 esse
2712 3664 3003 3715 creaturas
3045 3661 3320 3723 afﬁrmat,
3371 3662 3443 3715 de
3475 3661 3690 3715 caeteris

2088 3749 2283 3817 procul
2318 3748 2491 3803 dubio
2517 3752 2762 3803 constat.
3508 3768 3513 3771 '

2157 3836 2400 3891 Excelsis
2431 3837 2608 3892 etiam
2640 3841 2697 3891 et
2719 3837 3080 3911 dignioribus
3110 3839 3385 3894 caelorum
3417 3839 3686 3893 creaturis

2086 3940 2192 3996 per
2217 3929 2409 3995 partes
2429 3926 2737 3995 denotatis,
2772 3926 2893 3997 agit
2917 3928 2988 3983 de
3020 3928 3680 3998 indigniorihuscmlesti-

2084 4012 2189 4066 bus
2219 4014 2517 4077 creaturis,
2549 4033 2677 4086 qua:
2703 4019 2924 4083 tamen,
2966 4021 3246 4087 quantum
3282 4017 3358 4070 ad
3389 4016 3475 4070 sui
3517 4020 3673 4069 natu.

2082 4117 2234 4168 ram,
2263 4102 2398 4156 satis
2438 4104 2670 4175 egregie
2709 4107 2862 4171 sunt,
2903 4121 3033 4158 cum
3073 4105 3304 4159 subdit:
3334 4105 3459 4160 Non
3495 4104 3677 4160 solum

2082 4191 2320 4245 laudent
2350 4191 2511 4246 illum
2539 4193 2729 4262 angeli
2766 4197 2823 4247 et
2850 4194 3221 4260 virtutes,sed
3243 4193 3421 4248 etiam
3446 4193 3682 4248 Laudatc

2079 4295 2219 4344 eum,
2246 4280 2325 4333 sol
2363 4287 2414 4333 et
2445 4280 2607 4345 luna;
2643 4281 2858 4336 lazulate
2899 4298 3038 4348 eum,
3070 4299 3246 4335 omnes
3288 4282 3468 4335 stella».
3514 4281 3681 4345 Quod

2079 4370 2163 4422 est
2189 4368 2379 4423 dicere
2404 4384 2417 4423 :
2439 4369 2546 4423 Vos
2563 4371 2667 4436 sol,
2692 4372 2920 4436 etluna,
2940 4374 2998 4424 et
3028 4372 3204 4425 stella:
3236 4370 3477 4424 miriﬁce
3507 4370 3581 4423 ab
3611 4386 3681 4425 eo

2079 4458 2433 4528 compositae,
2467 4462 2647 4513 estote
2679 4459 2941 4513 ﬁdelibus
2966 4459 3210 4514 materia
3227 4476 3359 4514 eum
3386 4459 3681 4514 laudandi.

2078 4546 2200 4599 Non
2229 4546 2417 4600 solum
2448 4550 2645 4601 autem
2683 4548 2765 4601 sol
2800 4550 2857 4601 et
2878 4549 3033 4612 luna,
3054 4550 3112 4601 et
3131 4547 3329 4616 stellre,
3363 4547 3682 4603 secundum

2075 4638 2181 4691 hoc
2213 4637 2369 4708 quod
2390 4637 2658 4702 existunt,
2686 4637 2801 4693 sint
2831 4638 3076 4693 materia
3101 4638 3547 4701 cumlaudandi,
3580 4639 3683 4693 sed

2074 4734 2123 4780 et
2143 4726 2317 4781 lumen
2342 4742 2407 4779 ex
2430 4726 2512 4780 eis
2760 4727 3077 4799 procedens
3107 4727 3322 4795 laudet,
3352 4727 3411 4782 id
3449 4730 3532 4782 est
3558 4744 3683 4781 ma-

2072 4815 2219 4869 teria
2240 4815 2313 4869 sit
2337 4815 2611 4869 laudandi
2629 4816 2940 4870 Dominum
2951 4858 2964 4869 .
2981 4816 3107 4871 Alia
3120 4816 3330 4887 quippe
3344 4816 3677 4871 considera-

2072 4903 2153 4958 tio
2185 4906 2270 4957 est
2296 4904 2529 4958 laudare
2542 4904 2855 4959 Dominum
2871 4907 2941 4959 de
2958 4906 3065 4960 hoc
3083 4906 3236 4977 quod
3263 4906 3386 4959 lucc
3403 4904 3675 4971 existunt,

2072 4991 2184 5045 alia
2213 5007 2349 5045 vero
2381 4991 2452 5045 de
2483 4991 2590 5045 hoc
2631 4993 2785 5063 quod
2818 4994 3013 5047 lumen
3056 4994 3349 5048 emittunt.
3386 4994 3677 5049 Coalorum

2069 5080 2346 5135 creaturis
2375 5097 2480 5151 per
2506 5085 2697 5152 partes
2726 5082 2988 5149 ostensis,
3021 5082 3091 5136 de
3132 5082 3270 5154 ipsis
3304 5083 3460 5137 coalis
3491 5082 3674 5137 etiam

2069 5171 2189 5241 agit
2219 5185 2349 5224 cum
2380 5169 2677 5240 subjungit
2709 5187 2721 5224 :
2758 5171 2878 5224 Non
2912 5172 3099 5225 solum
3130 5171 3369 5225 laudent
3394 5189 3528 5226 eum
3560 5173 3672 5239 sol,

2068 5264 2125 5312 et
2152 5260 2307 5325 luna,
2350 5260 2407 5312 et
2451 5260 2648 5325 stellae,
2695 5263 2753 5312 et
2804 5260 3024 5326 lumen,
3066 5258 3164 5313 sed
3219 5259 3395 5314 etiam
3454 5260 3675 5314 laudate

2064 5365 2204 5415 eum,
2238 5347 2294 5401 id
2326 5350 2412 5401 est
2438 5347 2679 5401 materia
2699 5350 2879 5402 estote
2908 5348 3177 5402 laudandi
3209 5364 3343 5401 eum
3375 5363 3472 5403 vos
3496 5365 3671 5421 supe-

2036 5484 2039 5485 ν
2066 5435 2248 5489 riores
2276 5434 2389 5488 caeli
2433 5435 2676 5491 calorum
2709 5436 3046 5490 inferiorum
3085 5434 3444 5507 complexivi.
3478 5437 3667 5509 Supé-

2060 5523 2243 5579 riores
2263 5522 2544 5594 quiceelos
2569 5523 2870 5579 inferiores
2890 5525 3156 5579 ambiunt
3171 5522 3309 5580 dicit
3326 5526 3668 5583 ﬁrmamen-

2060 5614 2185 5667 tum
2199 5614 2257 5666 et
2271 5612 2507 5685 aethera,
2534 5611 2837 5670 inferiores
2858 5629 2993 5672 vero
3024 5613 3262 5671 circulos
3290 5616 3663 5691 planetarum
