4016 6030
336 254 494 329 ltili}

1270 246 1625 322 EXPOSITIO
1663 262 1734 320 IN
1772 246 2106 320 Psxtnos.
2147 294 2215 306 —
2256 262 2451 322 es“-
2494 262 2736 322 CXLVIII

3521 268 3659 348 tm

353 402 412 452 et
430 411 649 451 aerem.
676 394 743 449 Et
776 409 893 448 non
932 390 1114 448 solum
1148 390 1323 447 modo
1350 392 1475 447 coeli
1502 392 1813 447 Dominum
1836 390 1956 445 lau-
1980 397 2035 455 Α
2060 394 2460 463 corrumpunt,
2492 392 2571 447 sie
2601 395 2661 445 ut
2683 391 2813 445 inde
2836 388 3026 447 clades
3066 394 3364 451 mortifera
3394 396 3613 454 oriatur
3646 419 3657 469 ;

363 486 522 547 dent,
554 485 651 539 sed
674 491 723 537 et
747 501 901 554 aquze
913 500 1030 554 qum
1042 499 1195 552 super
1213 481 1360 535 cwlos
1379 488 1500 536 sunt
1527 481 1742 535 laudenl
1770 497 1957 534 nomen

352 575 596 640 Domini,
629 573 686 628 id
721 576 807 627 est
838 588 1021 626 caussa
1052 571 1166 624 sint
1191 587 1369 641 quare
1404 588 1434 624 a
1471 570 1733 624 ﬁdelibus
1761 570 1958 624 laude-

354 664 449 717 tur
478 678 695 717 nomen
710 660 962 725 Domini,
978 659 1034 713 id
1056 661 1141 713 est
1160 674 1338 730 quare
1360 658 1641 713 Dominus
1669 658 1956 723 laudetur,

350 767 420 804 ex
469 747 933 804 consideratione
976 746 1175 817 magni
1214 745 1467 799 nominis
1497 746 1640 815 ejus,
1695 745 1848 816 quod
1873 748 1959 798 est

351 836 631 892 Dominus
662 837 719 889 et
763 835 1022 899 Creator,
1055 832 1150 904 qui
1198 833 1255 885 in
1290 833 1397 886 hoc
1445 833 1605 886 valde
1656 836 1859 902 potens
1898 833 1955 884 et

350 924 628 979 mirabilis
641 925 902 994 apparet,
923 921 1074 994 quod
1091 937 1207 974 non
1231 922 1412 973 solum
1440 920 1543 973 sub
1556 912 1949 985 ﬁrmamento,

350 1015 449 1069 sed
479 1013 658 1068 etiam
685 1027 857 1082 super
882 1011 1317 1065 ﬁrmamentum
1349 1026 1524 1080 aquas
1541 1009 1771 1075 creavit,
1785 1007 1952 1078 juxta

352 1101 511 1174 quod
542 1102 602 1156 in
631 1100 833 1155 Genesi
873 1099 1116 1170 legitur:
1154 1098 1390 1152 «Divisit
1414 1099 1563 1151 Deus
1592 1113 1791 1169 aquas,
1821 1114 1948 1168 qua:

349 1189 631 1244 erantsub
654 1182 1025 1242 ﬁrmamento
1049 1186 1120 1240 ab
1141 1185 1227 1239 his
1249 1202 1376 1257 qua:
1389 1189 1556 1239 erant
1576 1185 1951 1257 superﬁrma-

346 1281 612 1333 mentum
640 1275 796 1348 (Gen.
824 1293 863 1342 ι,
895 1276 967 1345 7).
1003 1273 1189 1338 Quare
1213 1277 1408 1328 autem
1442 1274 1519 1328 ibi
1553 1276 1760 1328 creatae
1793 1277 1947 1339 sunt,

345 1365 470 1420 etsi
496 1383 600 1419 nos
621 1365 817 1429 lateat,
860 1378 979 1417 non
996 1365 1192 1417 tamen
1217 1362 1433 1432 absque
1456 1362 1682 1416 ratione
1707 1366 1765 1416 et
1796 1361 1948 1415 utili-

345 1455 461 1506 tate
510 1450 766 1505 maxima
809 1450 1027 1504 factum
1088 1466 1208 1503 esse
1258 1450 1583 1519 putandum
1623 1453 1725 1504 est.
1760 1451 1953 1503 Potest

346 1539 525 1611 quaari
560 1556 572 1593 ε
605 1538 791 1602 Quare
814 1540 997 1593 Deum
1024 1538 1388 1591 laudabimus
1406 1554 1471 1590 ex
1493 1537 1951 1591 consideratione

345 1628 478 1682 solis
516 1631 573 1681 et
607 1629 778 1693 lunas,
814 1630 871 1680 et
899 1627 1218 1692 stellarum,
1252 1630 1312 1680 et
1354 1627 1654 1692 caalorum,
1683 1629 1740 1680 et
1773 1642 1953 1697 aqua-

2076 479 2343 534 homines
2372 480 2665 534 interdum
2693 480 2989 547 devorant,
3013 486 3285 538 eteorum
3318 502 3544 556 pecora,
3576 490 3662 541 vel

2061 567 2202 620 ﬂatu
2225 584 2325 622 suo
2358 568 2694 622 incendunt.
2728 570 2788 621 In
2822 569 3034 639 abyssis
3064 588 3199 625 vero
3219 588 3369 643 saepe
3390 574 3660 630 homines

2059 654 2515 727 submerguntur
2541 659 2598 711 et
2612 659 2877 728 pereunt,
2901 657 3033 711 utin
3050 658 3241 713 nimiis
3260 660 3662 731 profunditati-

2056 742 2161 796 bus
2173 743 2501 798 ﬂuminum.
2513 744 2768 808 Qualiter
2779 747 2972 799 autem
2986 744 3135 815 ignis
3149 749 3204 799 et
3217 748 3527 817 grando,et
3543 751 3658 819 nix,

2055 832 2114 881 et
2143 831 2373 898 glacies,
2403 838 2460 885 et
2489 832 2719 902 spiritus
2733 834 3116 902 procellarum
3136 834 3651 906 homineslaadant,

2056 934 2184 971 cum
2220 919 2380 973 valde
2413 920 2483 973 sit
2514 926 2837 991 expertum,
2871 938 2985 974 non
3038 926 3123 975 est
3158 924 3433 992 exemplis
3463 930 3653 981 osten-

2055 1004 2190 1058 dere
2222 1008 2628 1061 necessarium.
2672 1009 2880 1061 Etcum
2908 1009 3027 1061 haec
3050 1010 3653 1082 omniajustojudicio

2051 1094 2151 1148 Dei
2182 1099 2665 1162 noceant,tamen
2697 1096 2895 1151 omnia
2925 1097 2999 1149 ad
3022 1097 3251 1151 laudem
3276 1097 3511 1168 justitiaz
3535 1102 3659 1172 ejus

2053 1186 2332 1257 spectant.
2356 1183 2500 1248 Quia
2525 1189 2719 1239 autem
2738 1186 2859 1239 hzec
2885 1185 3255 1255 adjustitiam
3272 1187 3370 1241 Dei
3386 1189 3657 1257 attinent,

2298 1272 2593 1326 evidenter
2619 1272 2875 1327 innuitur
2900 1254 3029 1327 cum
3069 1273 3264 1333 addit:
3290 1274 3427 1338 Quae
3460 1254 3659 1334 omnia

2056 1359 2332 1414 dracones
2346 1360 2560 1414 scilicet
2576 1364 2632 1415 et
2657 1361 2977 1432 abyssi,etc.
2990 1403 3003 1428 ,
3022 1361 3240 1417 faciunt
3256 1364 3493 1419 verbum
3512 1367 3655 1437 ejus,

2053 1449 2110 1503 id
2133 1454 2218 1504 est
2246 1453 2602 1521 praeceptum
2630 1451 2749 1521 ejus
2777 1451 3040 1505 nocendo
3062 1451 3149 1505 his
3178 1452 3383 1523 quibus
3391 1453 3549 1523 justo
3569 1457 3659 1527 ju-

2054 1538 2200 1593 dicio
2236 1539 2332 1593 Dei
2365 1555 2573 1593 nocere
2589 1542 2894 1609 coguntur.
3524 1561 3571 1608 ι

2090 1626 2211 1679 Non
2225 1627 2409 1680 solum
2433 1630 2625 1680 autem
2644 1627 2731 1680 hee
2760 1626 2971 1681 nocivze
2990 1632 3263 1683 creatura:
3282 1630 3396 1684 sint
3416 1632 3658 1687 materia

341 1732 470 1768 rum
494 1716 521 1769 ?
548 1715 630 1768 Ad
665 1715 817 1785 quod
844 1714 1155 1785 respondet
1178 1714 1254 1768 sic
1289 1729 1302 1768 :
1330 1713 1564 1781 Idcirco,
1598 1714 1949 1780 ﬁdeles,eum
1979 1751 2030 1809 B
2055 1714 2260 1769 divinas
2292 1715 2493 1781 laudis,
2522 1715 2691 1768 sedet
2722 1715 2886 1768 utiles
2905 1718 3147 1771 terrenae
3174 1721 3450 1773 creaturas
3472 1721 3655 1775 Deum

341 1803 571 1857 laudate
602 1803 864 1857 contuitu
910 1802 1175 1856 omnium
1218 1804 1450 1867 horum,
1489 1804 1616 1873 quia
1654 1803 1764 1871 ipse
1793 1802 1949 1869 dixit,

341 1890 401 1945 id
432 1896 517 1945 est
545 1890 761 1957 statuit,
809 1890 1006 1958 voluit,
1064 1890 1360 1961 disposuit,
1409 1895 1458 1944 et
1498 1907 1562 1944 ex
1597 1890 1772 1944 nihilo
1802 1892 1950 1959 facta

339 1988 469 2036 sunt
499 1982 747 2052 quatuor
781 1981 1092 2048 elementa,
1115 1997 1243 2052 quae
1274 1980 1511 2034 fuerunt
1541 1981 1787 2035 materia
1821 1982 1953 2035 isto-

343 2087 474 2124 rum
500 2069 808 2124 ommium.
840 2068 960 2139 Ipse
983 2072 1182 2138 postea
1209 2070 1487 2126 mandavi!
1517 2070 1574 2123 in
1598 2070 1804 2124 eadem
1836 2070 1948 2124 dis-

339 2158 546 2212 sitione
569 2174 689 2224 sua,
716 2165 764 2210 et
794 2163 970 2211 creata
1006 2163 1133 2211 sunt
1189 2158 1309 2210 Ιιωε
1364 2158 1596 2224 omnia,
1630 2158 1686 2212 id
1743 2162 1827 2211 est
1882 2175 1948 2211 ex

342 2246 433 2300 his
473 2250 721 2317 quatuor
760 2247 1062 2300 elementis
1111 2246 1384 2300 formata.
1454 2249 1768 2317 Postquam
1812 2263 1945 2300 vero

338 2337 532 2389 creata
556 2337 817 2407 sunt,per
842 2334 1108 2388 eamdem
1142 2334 1570 2405 dispositionem
1585 2352 1744 2388 suam
1758 2338 1947 2388 statuit

342 2442 402 2478 ea
435 2441 593 2495 usque
632 2426 687 2477 in
725 2423 977 2491 saeculum
1016 2424 1198 2477 δᾶνι-υἰέ
1234 2422 1535 2491 duratura,
1566 2424 1619 2477 id
1652 2427 1737 2477 est
1774 2423 1853 2477 ita
1878 2441 1946 2480 ea

339 2512 609 2568 stabilivit
633 2517 696 2567 ut
740 2513 798 2565 in
859 2516 1143 2565 aeternum
1199 2512 1479 2566 durabilia
1511 2512 1644 2566 sint.
1680 2512 1756 2565 Et
1800 2530 1942 2583 prer—

338 2606 565 2670 Cepiu-m,
598 2601 655 2655 id
696 2604 798 2666 est,
832 2603 1108 2653 statutum
1160 2617 1327 2654 suum
1364 2603 1546 2671 posuit
1584 2600 1640 2654 in
1686 2603 1759 2656 eis
1789 2601 1943 2672 quali

342 2690 518 2744 modo
566 2689 1020 2759 unumquodque
1060 2705 1117 2742 se
1154 2689 1413 2757 haberet,
1438 2696 1486 2743 et
1512 2690 1650 2743 illud
1666 2694 1942 2745 statutum

340 2793 449 2830 non
459 2777 780 2846 praeteribit,
812 2775 872 2831 id
898 2780 982 2830 est
1017 2792 1133 2830 non
1167 2777 1548 2844 exinanietur,
1580 2777 1681 2830 sed
1716 2793 1944 2848 semper

344 2862 453 2916 erit
482 2862 710 2917 firmum
744 2868 801 2918 et
829 2863 1054 2918 stabile.

412 2952 717 3022 Postquam
735 2952 931 3006 ﬁdeles
950 2951 1206 3017 invitavit
1224 2953 1293 3006 ad
1310 2952 1409 3007 Dei
1428 2953 1658 3008 laudem
1678 2971 1742 3008 ex
1759 2954 1946 3008 consi-

2052 1803 2372 1871 laudent,id
2394 1806 2478 1858 est
2496 1803 2739 1858 materia
2760 1803 2873 1857 sint
2890 1804 3150 1874 ﬁdelibus
3166 1807 3344 1860 Deum
3363 1808 3655 1876 laudandi,

2053 1898 2253 1945 montes
2274 1891 2538 1946 videlicet
2566 1891 2801 1945 laudent
2830 1893 3037 1957 Deum,
3072 1897 3128 1946 et
3159 1909 3335 1949 omnes
3367 1896 3521 1950 colles
3558 1898 3656 1967 qui

2054 1980 2511 2034 necessariisunt
2540 1980 2887 2046 hominibus,
2947 1980 3081 2051 quia
3140 1980 3197 2034 in
3231 1982 3309 2036 eis
3358 1999 3570 2037 messes
3599 1989 3657 2038 et

2059 2068 2239 2122 vineae
2264 2073 2414 2135 sunt,
2446 2069 2596 2123 unde
2630 2068 2894 2122 homines
2924 2070 3155 2122 aluntur
3178 2074 3233 2124 et
3262 2074 3570 2141 petantur;
3597 2073 3653 2126 in

2052 2155 2186 2227 ipsis
2213 2173 2443 2227 quoque
2497 2174 2699 2210 eorum
2745 2159 3011 2211 armenta
3046 2161 3375 2226 pascuntur.
3410 2160 3477 2212 Et
3509 2161 3652 2229 ligna

2048 2246 2334 2315 fructi/era
2348 2245 2773 2299 laudentDeum
2797 2262 2923 2316 quae
2938 2245 2993 2298 in
3013 2247 3304 2301 montibus
3322 2253 3657 2319 nascuntur,

2051 2350 2297 2404 quorum
2330 2334 2606 2387 fructibus
2636 2333 2902 2387 homines
2928 2333 3281 2389 reﬁciuntur.
3311 2335 3435 2390 Non
3463 2339 3651 2393 solum

2050 2425 2147 2475 aut
2189 2422 2350 2493 ligna
2391 2421 2705 2488 fructifera,
2745 2421 2846 2475 sed
2902 2429 2950 2475 et
3006 2439 3180 2476 omnes
3232 2423 3375 2477 cedri
3416 2425 3656 2481 laudent

2049 2512 2251 2564 Deum.
2287 2512 2394 2565 Per
2429 2511 2630 2566 cedros
2645 2512 2839 2565 autem
2859 2527 2984 2581 quae
3000 2512 3235 2566 arbores
3261 2514 3650 2577 suntsteriles,

2046 2603 2284 2654 emteras
2319 2600 2553 2654 arbores
2575 2600 2796 2655 steriles
2818 2599 3043 2670 accipit,
3071 2617 3197 2670 quae
3232 2602 3364 2655 licet
3392 2601 3652 2660 infructi-

2046 2687 2203 2755 ferae,
2231 2687 2303 2741 ad
2320 2688 2723 2742 aediﬁcandum
2752 2691 2948 2741 tamen
2964 2687 3236 2743 domoset
3267 2689 3338 2743 ad
3371 2690 3654 2746 aliosusus

2046 2774 2350 2829 hominum
2368 2780 2499 2830 sunt
2512 2776 2754 2831 idoneae.
2772 2776 3028 2830 Laudent
3045 2793 3271 2847 quoque
3286 2778 3465 2832 Deum
3485 2780 3657 2835 bestiae

2048 2861 2351 2924 silvestres,
2367 2879 2610 2933 quarum
2633 2862 2760 2916 alia:
2772 2863 2927 2932 justo
2937 2861 3155 2933 judicio
3180 2863 3479 2919 Deinoxiaa
3496 2870 3649 2935 sunt,

2048 2953 2110 3002 ut
2135 2951 2331 3004 leones
2358 2955 2414 3004 et
2443 2950 2594 3020 lupi;
2629 2949 2754 3004 alia:
2772 2966 2903 3004 vero
2936 2950 3447 3007 Deimisericordia
3464 2954 3649 3023 utiles,

340 3036 643 3093 deratioue
668 3041 965 3107 caelorum,
997 3044 1054 3094 et
1082 3041 1282 3113 quaain
1301 3043 1546 3110 eissunt,
1572 3043 1646 3096 ad
1676 3043 1943 3101 eamdem
1969 3032 2015 3092 C
2051 3040 2111 3091 ut
2151 3039 2374 3109 lepores
2404 3042 2461 3092 et
2491 3037 2659 3092 cervi.
2694 3025 2950 3092 Lauderit
2980 3038 3157 3092 etiam
3182 3042 3431 3094 universa
3451 3059 3648 3111 pecora

339 3126 573 3181 laudem
600 3144 697 3181 eos
726 3127 930 3182 invitat
955 3145 1021 3183 ex
1051 3130 1512 3185 consideratione
1536 3134 1705 3186 terrae
1719 3135 1776 3185 et
1795 3148 1948 3186 crea-

339 3217 623 3281 turarum,
645 3232 772 3287 quos
803 3215 861 3269 in
895 3232 963 3271 ea
991 3220 1124 3271 sunt
1149 3218 1417 3273 addendo
1448 3218 1525 3272 sic
1558 3235 1570 3271 :
1604 3218 1763 3272 Dixi:
1795 3219 1944 3272 Lau-

341 3303 464 3356 date
482 3303 774 3357 Dominum
802 3304 867 3358 de
892 3305 1047 3358 caelis.
1081 3306 1203 3359 NOII
1238 3308 1421 3361 solum
1449 3308 1645 3360 autem
1667 3324 1799 3361 eum
1824 3308 1943 3362 lau-

339 3390 485 3445 detis
513 3390 582 3444 de
614 3392 1074 3447 consideratione
1090 3395 1387 3460 caelorum,
1411 3394 1511 3449 sed
1538 3394 1715 3448 etiam
1733 3396 1946 3450 laudate

340 3479 633 3534 Dominum
648 3479 711 3531 de
732 3487 894 3546 terra,
918 3480 975 3533 id
991 3485 1075 3535 est
1097 3482 1165 3535 de
1197 3482 1662 3537 consideratione
1684 3487 1857 3539 terrae
1872 3485 1943 3538 ab

339 3583 408 3622 eo
439 3571 669 3633 creatae,
698 3567 841 3622 sicut
858 3568 1118 3639 superius
1133 3587 1236 3641 per
1259 3573 1429 3625 cmlos
1460 3572 1679 3643 accepit
1708 3577 1764 3627 et
1792 3574 1943 3644 ipsos

339 3657 532 3723 ccelos,
565 3658 623 3708 et
652 3656 862 3726 quee’in
886 3656 966 3709 eis
987 3660 1151 3712 sunt:
1184 3658 1266 3713 ita
1296 3659 1389 3713 hic
1413 3677 1644 3732 quoque
1694 3679 1794 3732 per
1828 3666 1940 3716 ter-

336 3761 464 3799 ram
498 3747 679 3812 notat,
708 3748 765 3798 et
792 3745 978 3816 ipsam
1011 3748 1246 3816 terram,
1280 3751 1337 3802 et
1356 3753 1645 3804 creaturas
1661 3766 1787 3821 quae
1811 3767 1943 3805 eon-

340 3831 596 3886 tinentur
626 3832 683 3886 in
710 3849 798 3887 ea.
834 3832 984 3897 Quas
1013 3835 1391 3891 adcumulum
1419 3837 1944 3909 divinaalaudisper

341 3923 534 3989 partes
561 3920 824 3992 designat
852 3938 987 3976 cum
1031 3922 1109 3977 sic
1136 3922 1297 3978 addit
1328 3940 1341 3978 :
1387 3925 1663 3979 Videlicet
1709 3927 1944 3981 laudent

341 4024 474 4062 eum
507 4008 755 4065 dracones
777 4027 954 4065 omnes
1008 4011 1204 4081 abyssi,
1246 4016 1295 4068 et
1337 4014 1494 4082 ignis,
1546 4020 1595 4067 et
1621 4014 1848 4083 grando,
1892 4021 1942 4069 et

340 4098 455 4157 nix,
502 4107 551 4149 et
606 4099 825 4167 glacies,
875 4106 926 4155 et
979 4102 1197 4171 spiritus
1246 4101 1522 4157 excitator
1557 4103 1937 4173 procellarum,

339 4185 542 4237 ventus
590 4184 802 4240 scilicet
845 4189 943 4258 qui
988 4195 1320 4246 commovet
1360 4193 1641 4263 procellas
1681 4192 1741 4246 in
1770 4193 1937 4249 mari.

2048 3125 2264 3181 scilicet
2297 3126 2519 3181 domita
2534 3126 2829 3194 animalia,
2858 3127 3106 3181 utboves
3122 3130 3180 3181 et
3205 3127 3496 3198 jumenta,
3524 3148 3651 3202 quze

2050 3215 2123 3268 ad
2150 3231 2285 3268 usus
2340 3213 2649 3268 hominum
2697 3217 2829 3268 sunt
2878 3214 3056 3268 utilia.
3114 3214 3390 3286 Serpentes
3420 3234 3651 3290 quoque

2048 3302 2304 3368 laudent,
2339 3319 2465 3374 quas
2488 3302 2645 3372 justo
2667 3302 2887 3373 judicio
2934 3303 3032 3356 Dei
3080 3308 3313 3371 nocent,
3339 3313 3391 3359 et
3419 3306 3652 3360 volucres

2038 3398 2305 3462 pennam,
2340 3407 2466 3461 qum.
2498 3389 3032 3459 prosunt.Pennat:e
3046 3407 3161 3445 non
3191 3394 3278 3445 est
3304 3392 3553 3462 positum
3577 3394 3651 3448 ad

2046 3478 2456 3547 differentiam,
2477 3477 2576 3531 sed
2593 3477 2664 3531 ad
2679 3478 2958 3546 majorem
2978 3478 3250 3547 potentias
3276 3480 3375 3534 Dei
3392 3481 3646 3536 laudem.

2042 3566 2213 3621 Aliud
2242 3564 2401 3620 enim
2430 3568 2515 3617 est
2541 3564 2641 3618 Dei
2666 3564 2989 3633 potentiam
3008 3566 3262 3633 laudare,
3287 3584 3353 3620 eo
3388 3569 3649 3623 contuitu

2045 3653 2198 3724 quod
2228 3654 2482 3706 volucres
2499 3650 2767 3717 existunt,
2785 3650 2936 3704 aliud
2961 3654 3155 3705 autem
3176 3653 3331 3722 quod
3355 3671 3489 3709 cum
3505 3673 3647 3726 pen-

2045 3743 2195 3796 nata:
2227 3740 2362 3806 sint,
2395 3740 2467 3794 ad
2498 3738 2807 3794 velandum
2837 3741 3103 3810 potentes
3123 3742 3273 3793 sunt.
3310 3741 3438 3795 Sint
3466 3744 3646 3799 etiam

2046 3828 2291 3883 materia
2317 3827 2587 3883 laudandi
2616 3829 2819 3893 Deum,
2852 3844 2991 3897 reges
3015 3833 3167 3882 terra:
3190 3833 3240 3884 ει
3269 3846 3445 3885 omnes
3456 3832 3652 3903 populi

2043 3916 2278 3984 subditi,
2294 3919 2350 3970 et
2361 3915 2537 3970 etiam
2552 3915 2739 3970 caeteri
2749 3917 3012 3986 prinipes
3033 3915 3288 3971 minores
3310 3918 3562 3989 regibus,
3586 3926 3648 3976 ut

2044 4005 2217 4060 duces
2228 4008 2285 4059 et
2301 4004 2622 4071 comites,et
2634 4020 2751 4058 non
2765 4004 2950 4058 solum
2967 4003 3380 4077 principes,sed
3396 4014 3445 4060 et
3470 4025 3649 4064 omnes

2030 4094 2246 4164 judices
2274 4100 2445 4160 terrae,
2475 4095 2593 4146 tam
2624 4092 2705 4145 illi
2731 4092 2827 4164 qui
2849 4095 2982 4147 sunt
3011 4092 3319 4165 principes,
3351 4112 3525 4167 quam
3549 4098 3649 4169 qui
3674 4148 3684 4158 ,

2042 4182 2331 4255 principes
2358 4198 2475 4236 non
2499 4184 2649 4235 sunt.
2668 4181 2864 4236 Plures
2890 4180 3048 4235 enim
3072 4185 3203 4236 sunt
3220 4183 3645 4256 minoresjudi-

344 4271 507 4335 Quod
537 4275 622 4326 est
641 4272 859 4326 dicere:
878 4275 1005 4330 Hmc
1019 4279 1220 4331 omnia
1245 4295 1370 4348 quae
1385 4284 1650 4348 potenter
1674 4287 1940 4354 operatus
1963 4277 2015 4336 D
2040 4272 2255 4343 ces,qui
2271 4270 2373 4326 etsi
2386 4270 2639 4343 quodam
2653 4270 2826 4325 modo
2838 4269 3125 4340 principes
3142 4270 3257 4323 sint
3272 4274 3464 4325 tamen
3489 4290 3649 4329 usua-

341 4362 430 4414 est
458 4362 515 4413 et
546 4359 806 4427 miriﬁce,
827 4362 1073 4416 materia
1094 4364 1227 4431 sint,
1251 4381 1429 4436 quare
1461 4383 1496 4419 a
1522 4367 1785 4425 ﬁdelibus
1816 4371 1936 4424 lau-

341 4447 529 4505 detur.
565 4447 708 4503 Cum
760 4452 957 4505 autem
1002 4450 1073 4505 de
1128 4450 1372 4506 terrenis
1416 4454 1689 4508 creaturis
1734 4457 1805 4509 ad
1836 4458 1937 4511 Dei

337 4535 569 4590 laudem
598 4540 752 4609 agat,
784 4539 887 4593 has
905 4538 1355 4612 nonincongrue
1386 4542 1763 4613 prazposuisse
1788 4543 1937 4598 vide-

335 4624 449 4677 tur.
480 4623 690 4680 Omnia
707 4627 863 4681 enim
890 4627 999 4682 ista
1030 4631 1088 4682 et
1115 4628 1161 4683 si
1197 4629 1535 4683 hominibus
1565 4629 1680 4684 sint
1710 4631 1933 4695 nociva,

334 4710 443 4764 hoc
460 4711 648 4782 ipsum
671 4717 891 4783 tamen,
914 4717 1393 4789 quodaliquando
1422 4722 1653 4784 nocent,
1664 4718 1819 4787 justo
1836 4720 1931 4790 ju-

337 4799 483 4855 dicio
509 4800 608 4855 Dei
654 4804 954 4876 contingit,
996 4805 1093 4877 qui
1140 4823 1244 4877 per
1282 4808 1488 4861 harum
1535 4810 1933 4862 creaturarum

334 4887 610 4958 ofﬁcium,
644 4892 926 4947 ultionem
954 4893 1024 4948 de
1056 4894 1479 4951 offendentibus
1506 4913 1566 4951 se
1595 4897 1834 4969 accepit.
1866 4898 1934 4951 Et

334 4976 467 5046 quia
515 4979 704 5034 minus
734 4982 805 5035 de
841 4981 926 5035 his
973 4985 1291 5051 constabat,
1335 5003 1407 5040 an
1456 4986 1529 5040 ad
1562 4986 1661 5040 Dei
1698 4986 1932 5040 laudem

330 5065 678 5135 pertineant,
709 5069 777 5123 de
801 5069 886 5123 bis
905 5071 1060 5142 prius
1085 5072 1238 5143 agit;
1272 5076 1329 5126 et
1358 5090 1487 5129 ecce
1513 5075 1806 5146 quomodo
1834 5093 1933 5131 no-

335 5157 520 5208 ceant.
544 5157 833 5212 Dracones
870 5160 1028 5214 enim
1062 5177 1193 5215 cum
1219 5160 1404 5233 ignem
1437 5167 1657 5218 natura),
1703 5165 1837 5231 sint,
1875 5168 1933 5218 et

334 5239 485 5295 inter
522 5246 729 5299 caetera
757 5247 1077 5302 animantia
1102 5253 1271 5304 terra:
1312 5251 1606 5322 praecipui,
1651 5256 1715 5305 ut
1756 5252 1932 5307 etiam

335 5329 667 5398 elephantes
687 5333 981 5390 strictione
1015 5336 1211 5391 caudae
1244 5354 1408 5409 posse
1438 5354 1711 5409 rumpere
1738 5341 1931 5411 perbi-

335 5416 600 5487 beantur,
618 5420 775 5491 justo
813 5422 1031 5493 judicio
1055 5424 1154 5479 Dei
1185 5425 1493 5498 aliquando
1523 5428 1597 5481 ad
1626 5428 1933 5484 correctio-

2039 4360 2171 4415 liter
2184 4360 2472 4432 principes
2494 4376 2611 4414 non
2637 4358 3047 4412 dicuntur.Hoc
3064 4360 3258 4411 autem
3280 4360 3468 4413 totum
3482 4365 3567 4416 est
3581 4380 3646 4417 ac

2037 4448 2082 4501 si
2096 4449 2331 4503 dicatzln
2346 4450 2453 4503 hoc
2467 4463 2754 4519 quoque,o
2769 4444 3196 4511 ﬂdeles,habete
3212 4447 3514 4503 materiam
3529 4450 3647 4505 lau-

2039 4535 2212 4588 dandi
2254 4538 2460 4602 Deum,
2504 4534 2659 4605 quod
2700 4534 2780 4586 ita
2820 4532 3058 4603 pulchre
3090 4534 3147 4586 et
3172 4533 3435 4589 ordinate
3466 4554 3647 4609 genus

2034 4623 2358 4678 humanum
2398 4621 2749 4693 disposuitut
2768 4621 2861 4674 alii
2884 4637 3069 4691 reges,
3092 4621 3185 4677 alii
3210 4623 3517 4696 principes,
3546 4628 3641 4681 alii

2027 4711 2269 4781 judices,
2303 4714 2360 4766 et
2380 4710 2475 4764 alii
2504 4709 2711 4765 subditi
2738 4708 2870 4764 sint.
2895 4708 3152 4773 Quorum
3175 4711 3407 4782 quidem
3435 4729 3640 4783 regum

2034 4804 2093 4854 et
2112 4799 2466 4872 principum,
2492 4798 2585 4852 alii
2590 4798 2611 4869 j
2623 4802 2743 4853 usta
2757 4798 2856 4852 Dei
2872 4799 3249 4869 promissione
3265 4799 3369 4851 sibi
3386 4800 3644 4856 subditos

2034 4888 2339 4958 tyrannide
2368 4905 2468 4942 sua
2506 4887 2895 4958 multipliciter
2913 4885 3309 4956 afﬂigunt,alii
3332 4902 3465 4941 vero
3495 4889 3641 4944 bene

2035 4976 2429 5031 misericordia
2460 4976 2559 5031 Dei
2578 4975 3178 5047 regunt.Siutquoque
3196 4974 3443 5029 materia
3459 4977 3640 5033 Deum

2034 5065 2305 5120 laudandi
2329 5065 2553 5135 juvenes
2595 5070 2643 5119 ei
2690 5065 2937 5132 virgines,
2953 5060 3167 5115 scilicet
3197 5061 3371 5116 virilis
3397 5081 3562 5120 sexus
3578 5070 3638 5121 et

2033 5154 2367 5210 feminiuus.
2386 5155 2493 5208 Per
2516 5153 2775 5224 juvenes,
2808 5166 3003 5204 sexum
3036 5149 3258 5203 virilem
3285 5168 3299 5218 ;
3332 5168 3435 5222 per
3472 5153 3640 5225 virgi-

2035 5262 2140 5300 nes
2163 5247 2378 5310 autem,
2404 5258 2600 5296 sexum
2639 5239 2981 5294 muliebrem
3009 5238 3290 5309 designat.
3321 5238 3483 5295 Senes
3511 5243 3638 5299 insu

2035 5351 2140 5405 per
2167 5349 2288 5388 cum
2301 5332 2609 5403 junioribus
2638 5329 2859 5384 laudent
2889 5343 3076 5382 nomen
3106 5325 3348 5394 Domini,
3378 5328 3436 5383 id
3452 5333 3642 5385 estse-

2034 5440 2137 5477 nes
2156 5427 2213 5477 et
2216 5423 2479 5493 juniores
2489 5420 2603 5474 sint
2616 5417 2858 5473 materia
2869 5415 3632 5488 quarelaudeturDominus,

333 5521 471 5566 nem
492 5510 859 5586 peccantium
890 5529 1086 5571 aerem
1124 5519 1514 5590 commovent,
1545 5520 1604 5573 et
1632 5516 1772 5574 ﬂatu
1827 5534 1929 5574 suo
2016 5532 2108 5575 sex
2121 5504 3624 5585 considerationenominissui,quodestcreatoretom
