3966 6034
224 1601 253 1619 ,
307 1549 581 1623 dignitas,
608 1549 855 1623 testante
879 1550 1135 1623 Domino
1177 1550 1238 1623 in
1288 1549 1594 1623 Evangelio
1635 1549 1797 1623 sic:_«

296 303 432 357 1417

1312 297 1668 352 EXPOSITIO
1705 297 1775 350 IN
1813 295 2149 352 PSALMOS.
2187 328 2258 337 —-—
2294 295 2490 352 PSAL.
2534 299 2618 353 CL

3491 302 3630 358 1418

296 425 561 500 gloriosa:
573 424 937 548 guietisqua:
956 438 1060 493 per
1072 422 1282 477 cubilia
1300 422 1729 493 designatur,eo
1753 421 1911 494 quod
1932 429 1986 487 Α
2012 439 2167 489 rum,
2194 423 2253 476 id
2284 426 2370 477 est
2397 424 2524 478 illos
2545 425 2842 480 haereticos
2874 427 2969 497 qui
3002 426 3223 481 nobiles
3246 431 3302 481 et
3318 428 3625 497 digniores

296 497 508 548 cubilia
536 513 569 548 a
639 494 844 548 ouietis
894 510 1025 548 usus
1072 494 1286 547 idonea
1316 498 1539 548 sunt.ac
1555 493 1600 546 si
1628 493 1912 547 dieatzlta
2014 493 2168 547 inter
2196 497 2434 548 cazteros
2454 499 2813 548 renutentur.
2852 502 2911 548 ut
2942 498 3114 548 etiam
3139 500 3324 548 facere
3344 499 3625 548 miracula

295 493 508 552 cubilia
536 493 847 567 adiquietisi
894 510 1025 548 usus
1072 494 1286 547 idonea
1316 498 1539 567 sunt,ac
1555 493 1600 546 si
1628 493 1912 567 dicatdita

296 569 371 623 de
400 584 469 622 ea
488 562 676 638 gloria
697 565 1051 638 laetabuntur
1082 567 1144 638 ut
1170 563 1565 638 unusquisque
1604 568 1777 633 prout
1805 562 1911 638 sibi

298 633 627 708 congruum
676 635 806 701 erit,
840 639 898 708 et
950 634 1194 708 meritus
1221 633 1414 708 fuerit,
1465 633 1685 708 diverso
1736 633 1912 708 modo

342 703 626 787 articipet,
660 723 807 787 umis
832 707 979 787 plus,
1014 708 1077 787 et
1123 705 1268 787 alios
1315 705 1550 785 minust
1581 705 1743 775 juxta
1774 703 1915 787 iliud

352 775 672 834 ominicum
690 793 704 830 :
721 799 747 826 «
766 775 1023 830 ludomo
1039 776 1222 830 Patris
1236 775 1350 829 mei
1369 776 1700 829 mansiones
1718 775 1916 828 multa:

301 849 762 920 sunt(Joan.x1v,
788 847 865 920 2).
898 848 1023 920 >3AI)_e
1047 847 1157 900 hoc
1180 847 1356 920 etiam
1406 848 1712 920 Apostolus
1734 848 1914 920 {testa-

303 926 431 975 tur:
460 914 485 967 ἒ(
505 918 662 973 Sicut
700 914 863 971 stella
892 916 1088 970 differt
1140 933 1173 970 a
1203 918 1367 971 stella
1418 914 1479 969 iri
1529 916 1807 982 claritate,
1840 914 1919 967 sic

303 996 363 1046 et
408 988 750 1044 resurrectio
805 991 1167 1042 mortuorum
1205 987 1259 1056 (Ι
1286 985 1412 1040 Cor.
1463 1003 1552 1053 xv,
1580 988 1692 1054 41).
1723 1004 1754 1036 »
1784 986 1919 1040 Dico

302 1062 462 1134 quod
485 1060 543 1113 in
566 1060 777 1134 futuro
819 1058 1075 1134 exaltabit
1100 1065 1401 1134 mansuetos
1456 1058 1511 1109 in
1541 1057 1796 1134 salutem.
1822 1056 1922 1134 [lie

305 1126 502 1187 autem
535 1130 613 1183 sic
644 1129 880 1198 eosdem
912 1129 1186 1194 exaltabit,
1238 1128 1373 1198 quia
1402 1128 1780 1181 exsultationes
1817 1126 1923 1178 Det

303 1205 480 1258 erunt
510 1203 567 1253 in
594 1194 1040 1269 gutlureieorum,
1066 1198 1123 1251 id
1146 1200 1230 1252 est
1251 1194 1600 1252 exsultanter
1619 1200 1789 1269 erunt
1810 1213 1925 1269 ser:

306 1289 513 1328 mones
538 1265 962 1340 praedicationis
995 1268 1093 1322 Dei
1124 1269 1197 1340 in,
1215 1271 1449 1340 gutture
1496 1284 1719 1340 eorum.
1756 1265 1922 1330 Quod

306 1346 394 1398 est
425 1338 615 1397 dicere
640 1340 1026 1409 :Exsrultanter
1046 1338 1444 1409 praedicabunt
1459 1339 1581 1392 aliis
1595 1338 1921 1409 doctrinam

307 1413 410 1468 Dei
443 1427 580 1466 voce
608 1408 897 1480 exteriori,
926 1406 1061 1480 quai
1086 1409 1371 1462 formatur
1402 1408 1459 1461 in
1492 1412 1743 1479 gutture,
1766 1406 1920 1479 quod

306 1482 581 1554 equidem
611 1479 961 1552 praedicare,
977 1495 1193 1549 magna
1214 1479 1608 1532 estexsultatio
1631 1483 1689 1532 et
1708 1496 1803 1532 ma
1849 1493 1924 1529 na

307 1553 581 1610 dignitas,
608 1553 855 1603 testante
886 1550 1135 1603 Domino
1182 1550 1238 1602 in
1288 1549 1594 1610 Evangelio
1635 1549 1742 1603 sic:
1769 1494 1922 1610 «ᾗΗί

1868 1564 1922 1599 ιιι

312 1619 407 1677 me
437 1621 726 1676 confessus
746 1620 918 1673 fuerit
948 1635 1146 1673 coram
1176 1619 1852 1685 hominibus,conlitebor
1866 1620 1925 1671 et

311 1709 420 1763 ego
451 1708 582 1746 eum
638 1706 836 1745 coram
886 1692 1056 1763 Patre
1110 1705 1251 1763 meo
1277 1689 1698 1763 (Mattli.ix,32).
1732 1688 1922 1763 »_Quia

311 1745 713 1833 vgropossent
743 1762 1095 1839 exsultanter
1126 1760 1195 1813 de
1212 1745 1340 1839 Deo
1356 1745 1691 1839 praadicare,
1727 1745 1920 1839 sieta-
1943 1745 1993 1803 Β

313 1850 448 1887 men
478 1830 547 1884 ut
577 1847 693 1884 non
722 1834 868 1884 esset
890 1847 1141 1901 pronum
1173 1833 1230 1883 et
1264 1830 1450 1896 facile,
1474 1831 1662 1901 ipsum
1683 1831 1920 1901 verbum

310 1901 739 1975 praedicationis
770 1917 872 1972 pro
890 1900 1206 1955 ’voluntate
1238 1917 1359 1967 sua,
1393 1905 1451 1955 et
1471 1900 1921 1975 pro_capacitate

309 1972 672 2028 audientium
704 1975 873 2025 conte
888 1988 986 2042 mp
1001 1987 1184 2037 crare,
1206 1988 1309 2025 nec
1340 1975 1487 2025 esset
1507 1972 1705 2025 efﬁcax
1719 1985 1922 2024 eorum

310 2042 1023 2116 praedic_atio_,_det_erminat
1041 2042 1335 2116 quomodo
1352 2042 1766 2116 praedicabunt,
1789 2055 1923 2093 cum

313 2112 394 2168 sic
425 2113 587 2167 addit
607 2112 708 2165 :Et
732 2112 809 2165 sic
839 2116 1009 2166 erunt
1038 2112 1444 2165 exsultationes
1480 2112 1581 2164 Dei
1607 2115 1661 2165 in
1704 2117 1925 2179 gutture

312 2201 518 2248 eorum,
554 2182 708 2253 quod
742 2184 794 2235 in
828 2184 1073 2235 manibus
1102 2198 1305 2248 eorum,
1335 2181 1511 2253 idest
1540 2182 1595 2235 in
1629 2179 1923 2253 potestati-

313 2256 421 2311 bus
448 2251 652 2308 eorum
681 2257 853 2306 erunt
879 2253 1054 2321 gladii
1082 2255 1354 2322 ancipites,
1406 2252 1461 2305 id
1522 2256 1607 2306 est
1630 2251 1925 2322 doctrinae

315 2325 493 2379 verba
519 2320 927 2376 interﬁcientia
956 2320 1243 2387 homines,
1276 2322 1591 2376 secundum
1611 2322 1767 2392 quod
1788 2320 1925 2392 mali

312 2398 469 2460 sunt,
490 2394 739 2464 ideoque
772 2392 949 2464 gladii
980 2393 1152 2464 dicta.
1182 2394 1467 2464 Dicuntur
1482 2391 1674 2446 autem
1702 2391 1923 2464 ancipi-

316 2469 423 2531 tes,
438 2481 506 2519 eo
531 2463 685 2535 quod
698 2464 770 2517 ad
784 2463 1218 2517 similitudinem
1237 2463 1563 2534 gladiorum
1584 2463 1899 2535 ancipitum
1913 2503 1927 2528 ,

317 2553 387 2591 ex
420 2533 663 2615 utraque
687 2538 850 2615 parte
876 2534 1013 2588 vitia
1039 2533 1319 2615 resecant,
1355 2537 1416 2614 et
1445 2551 1547 2615 per
1567 2537 1821 2615 veterem
1846 2533 1926 2585 le-

322 2622 475 2678 gem,
508 2603 804 2678 scilicetet
830 2621 933 2678 per
952 2621 1184 2678 novam.
1211 2603 1471 2678 Velquia
1488 2605 1709 2658 duabus
1721 2603 1933 2678 de__c_au_-

321 2672 395 2732 sis
426 2676 483 2729 in
515 2672 851 2730 hominibus
908 2674 1311 2729 infidelitatem
1340 2672 1666 2745 perimunt,
1721 2672 1933 2745 scilicet

319 2745 722 2820 promittendo
746 2746 896 2813 590
918 2746 1283 2820 credentibus
1314 2743 1371 2820 εἰ
1386 2746 1743 2820 corporalem
1758 2743 1935 2820 sospi-

318 2811 526 2877 tatem,
555 2818 614 2866 et
642 2811 921 2867 aeternam
953 2812 1475 2875 felicitatem.Quod
1489 2811 1575 2865 est
1601 2829 1664 2865 ac
1678 2812 1720 2866 si
1752 2811 1929 2864 dicat:

322 2885 417 2940 Sic
449 2884 800 2937 exsultanter
831 2882 1106 2935 doctrinm
1138 2883 1379 2936 verbum
1422 2882 1847 2936 annuntiabunt
1873 2883 1936 2933 ut

320 2956 656 3011 facultatem
688 2952 940 3024 habeant
966 2969 1120 3024 eam,
1140 2956 1311 3024 prout
1326 2956 1717 3024 opportunum
1738 2950 1933 3024 fuerit,

2014 493 2168 547 inter
2196 497 2434 549 cazteros
2454 499 2813 564 reputentur,
2852 493 2911 550 ut
2942 498 3115 551 etiam
3138 500 3324 552 facere
3344 493 3626 553 miracula

2016 564 2339 639 videantur,
2367 566 2784 639 praetendendo
2814 569 3129 639 quamdam
3173 569 3421 639 speciem
3453 586 3621 623 vanae

2017 634 2335 699 religionis.
2372 635 2537 699 Quod
2569 639 2654 688 est
2692 634 2879 689 dicere
2909 638 3029 691 :Ad
3076 634 3308 693 hoe-eis
3344 640 3625 699 ancipites

2021 705 2523 780 gladiidabuntur
2564 705 2763 780 uit‘illis
2791 707 3219 780 luereticorum,
3259 710 3353 780 qui
3401 705 3629 765 nobiles

2020 791 2141 827 esse
2169 775 2457 848 videntur,
2490 776 2684 848 multis
2728 781 2783 829 et
2812 777 3136 831 fortissimis
3165 775 3631 848 argumentatio-

2020 862 2161 898 num
2210 847 2443 909 nexibus
2497 847 2798 914 astringat,
2829 864 2901 900 ne
2941 847 3257 902 resistendi,
3288 850 3626 905 facultatem

2018 916 2291 988 habeant.
2326 917 2393 969 Et
2421 916 2494 970 ad
2521 919 2629 971 hoc
2661 918 2837 970 etiam
2864 918 3038 986 gladii
3063 922 3321 988 ancipites
3362 926 3532 975 erunt
3564 924 3622 975 in

2021 987 2264 1058 inanibus
2293 1002 2494 1053 eorum,
2526 994 2606 1054 ut,
2633 992 2937 1058 postquam
2969 1006 3132 1058 reges
3167 987 3223 1043 et
3253 991 3472 1045 nobiles
3498 991 3626 1045 alli-

2024 1057 2288 1131 gaverint
2312 1060 2370 1110 et
2407 1057 2832 1131 superaverint,
2858 1057 3065 1127 faciant
3104 1062 3167 1131 in
3205 1064 3275 1113 eis
3313 1062 3544 1131 regibus
3571 1064 3630 1115 et

2012 1127 2376 1206 principibus
2389 1127 2668 1206 judicium
2698 1132 3092 1206 conscriptum,_
3116 1130 3185 1206 id,
3219 1133 3303 1183 est
3338 1127 3627 1206 judicium

2022 1198 2161 1278 iliud
2175 1198 2567 1278 ecclesiastica:
2587 1199 2921 1278 disciplinae,
2942 1200 3194 1278 quodest
3209 1198 3622 1278 conscriptum,

2115 1272 2200 1321 est
2227 1269 2289 1341 in
2310 1269 2505 1341 multis
2531 1267 3272 1341 auctoritatibusiscriptum
3296 1288 3309 1336 ;
3344 1267 3631 1341 pce-niten-

2024 1337 2174 1410 tibus
2199 1340 2434 1409 quidem
2462 1339 2814 1410 poenitentiae
2842 1337 3501 1410 poridus,proutjustuin
3521 1344 3629 1409 est,

2024 1407 2353 1478 imponant,
2409 1407 2527 1462 non
2582 1407 2925 1472 poenitentcs
2970 1407 3367 1479 autem,justo
3392 1407 3631 1465 anathei-

2025 1482 2181 1531 mate
2212 1480 2512 1533 damnant.
2546 1480 2677 1531 Hmc
2704 1482 2893 1533 autem
2928 1480 3105 1548 gloria
3135 1487 3209 1534 est
3238 1483 3480 1534 omnibus
3505 1500 3632 1536 san-

2024 1551 2119 1621 ctis
2148 1550 2572 1621 ejus,_scilicet,
2630 1551 2780 1603 hanc
2825 1551 3071 1618 gloriam
3126 1554 3399 1621 reputant
3445 1550 3630 1606 sancti

2025 1620 2168 1692 ejus,
2201 1619 2413 1692 scilicet
2442 1620 2650 1692 ﬁdeles
2668 1621 2993 1690 quicunque
3024 1636 3130 1690 pro
3167 1619 3397 1675 summa
3418 1622 3630 1692 gloria,

2025 1693 2089 1742 ut
2115 1690 2327 1743 laudent
2351 1706 2484 1743 eum
2518 1692 2572 1742 in
2601 1691 2779 1758 choro,
2814 1693 2868 1743 in
2892 1698 3164 1760 tympano,
3199 1695 3255 1744 et
3280 1690 3554 1760 psalterio,
3575 1695 3635 1746 et

2024 1761 2277 1813 exaltent
2305 1761 2362 1813 in
2393 1762 2660 1821 salutem,
2689 1763 2745 1813 et
2785 1762 3023 1829 alligent
3071 1779 3213 1829 reges
3245 1766 3301 1814 et
3340 1763 3545 1817 nobiles
3575 1765 3635 1816 in

2025 1832 2249 1884 manicis
2297 1838 2344 1883 et
2391 1831 2739 1900 compedibus,
2785 1836 2843 1884 et
2888 1832 3100 1899 faciant
3154 1834 3207 1883 in
3254 1835 3325 1884 eis
3361 1834 3645 1901 judicium

2024 1904 2407 1971 conscriptum.
2441 1902 2554 1955 Hoc
2582 1906 2774 1954 autem
2800 1902 2929 1954 ideo
2964 1902 3119 1966 dicit,
3147 1905 3207 1955 ut
3231 1904 3415 1971 magis
3435 1903 3642 1956 invitet

2027 1971 2318 2026 auditores
2347 1970 2418 2024 ad
2450 1972 2570 2024 hmo
2596 1971 2797 2025 omnia
2823 1988 2949 2092 qum
2978 1972 3035 2024 in
3069 1973 3290 2043 psalmo
3307 1970 3633 2029 admonuit.

2028 2043 2142 2092 Hoc
2165 2044 2358 2092 autem
2385 2041 2537 2092 quod
2568 2041 2710 2092 dixit
2739 2058 2835 2092 exn
2862 2042 2993 2092 tabit
3033 2050 3346 2092 n'mnsuelos-
3391 2046 3525 2092 ειη.-
3559 2043 3633 2092 sic

2028 2043 2142 2095 Hoc
2165 2044 2358 2094 autem
2385 2041 2537 2110 quod
2568 2041 2710 2094 dixit
2739 2041 2993 2094 exultabit
3033 2041 3346 2109 mansuetos,
3391 2046 3525 2109 ete.,
3559 2043 3639 2097 sic

2028 2112 2194 2184 aliter
2224 2109 2450 2181 legitur.
2477 2110 2777 2184 Exaltabit,
2804 2111 3066 2184 inquam,
3091 2109 3153 2184 ut
3173 2113 3433 2182 superius
3460 2130 3637 2184 expo-

2029 2182 2201 2236 situm
2231 2185 2335 2247 est,
2364 2188 2683 2246 mansuetos,
2713 2181 2976 2236 ducendo
2996 2199 3093 2235 eos
3124 2183 3183 2236 in
3211 2181 3453 2237 salutem
3469 2181 3636 2237 aeter-

2030 2270 2120 2306 na:
2153 2252 2374 2321 gloriw,
2408 2254 2463 2303 in
2507 2268 2621 2322 qua
2658 2252 2829 2319 gloria
2869 2254 3178 2305 exultabant
3220 2255 3416 2321 sancti,
3450 2254 3509 2307 id
3555 2255 3643 2307 est

2033 2322 2137 2394 ipsi
2166 2322 2474 2394 mansueti,
2522 2322 2946 2394 oblectabantur
2993 2325 3047 2376 in
3084 2324 3344 2377 cubilibus
3373 2326 3499 2389 suis,
3533 2325 3644 2377 hoc

2030 2391 2093 2446 ut
2122 2393 2386 2463 superius
2410 2391 2733 2462 exponitur.
2770 2392 2841 2445 Ut
2858 2396 3050 2447 autem
3068 2396 3121 2445 in
3138 2394 3310 2461 gloria
3334 2395 3641 2459 exsultent,

2029 2464 2123 2518 hic
2154 2462 2387 2516 interim
2433 2462 2804 2517 exsullationes
2832 2463 2938 2515 Dei
2965 2464 3079 2517 sint
3109 2466 3163 2516 in
3190 2471 3407 2531 gutture
3435 2481 3639 2517 eorum.

2032 2533 2301 2603 Alioquin
2334 2532 2490 2586 enim
2522 2532 2579 2585 in
2611 2532 2806 2585 futuro
2835 2536 2890 2584 in
2919 2535 3141 2586 salutem
3172 2551 3292 2588 non
3319 2536 3645 2588 exaltaren-

2032 2607 2147 2675 tur,
2175 2602 2282 2657 hoc
2312 2602 2489 2657 etiam
2519 2605 2577 2655 et
2605 2607 2813 2657 caetera
2835 2620 2961 2673 quae
3003 2608 3343 2674 sequuntur,
3380 2608 3442 2658 ut
3484 2619 3649 2675 supe-

2033 2674 2152 2727 rius
2174 2676 2563 2743 exponuntur.

2466 2811 2596 2881 59|
2647 2812 2713 2863 IN
2747 2812 3083 2878 ‘PSALMUM
3114 2813 3218 2868 CL.

2108 2950 2320 3006 Psalmi
2341 2950 2651 3024 centesimi
2666 2951 3125 3024 quinquagesimi
3141 2953 3377 3008 Titulus.
3398 2954 3433 3008 4
3446 2955 3645 3009 lleluia.

322 3024 731 3097 disponendi,a
744 3022 1120 3097 similitudine
1141 3021 1505 3097 strenuorum
1526 3022 1932 3097 militum,qui,
1960 3025 2006 3083 C
2037 3024 2167 3097 Vox
2187 3021 2517 3097 PrOphetai_
2538 3021 2904 3097 adhortantis
2924 3021 3147 3097 :omnes
3189 3025 3387 3097 fideles
3429 3026 3503 3097 ad
3546 3025 3646 3080 Dei

322 3094 546 3170 gladios
563 3094 625 3170 in
643 3094 911 3170 manibus
926 3094 1218 3170 habendo,
1233 3094 1569 3147 facultatem
1582 3094 1799 3170 habent
1815 3108 1935 3158 eos,

323 3162 499 3241 prout
525 3165 905 3241 eisplaeitum
930 3168 1035 3241 est,
1069 3162 1814 3241 circumquaquevertendi.

396 3234 659 3292 Ostendit
680 3239 875 3288 autem
895 3235 966 3288 ad
987 3251 1160 3305 quem
1192 3234 1461 3288 effeetum
1476 3234 1744 3289 utilitatis
1769 3234 1941 3305 erunt

321 3308 500 3379 gladii
544 3307 795 3379 ancipites
821 3308 875 3357 in
922 3304 1174 3379 manibus
1204 3320 1404 3379 eorum,
1464 3310 1595 3358 cum
1624 3306 1710 3379 sic_
1733 3304 1893 3358 addit
1923 3319 1936 3355 :

324 3376 531 3441 Gladii,
558 3377 821 3447 inquam,
852 3379 1027 3447 erunt
1056 3377 1118 3429 in
1148 3377 1605 3441 manibuseurum,
1629 3376 1805 3447 ethoc
1818 3390 1939 3447 ma-

324 3466 443 3519 gna
482 3445 749 3519 utilitate,
785 3445 1019 3519 scilicet,
1076 3446 1146 3499 ad
1187 3446 1495 3519 faciendam
1532 3446 1832 3519 vindictam
1888 3446 1944 3496 in

323 3517 649 3584 nationibus,
686 3517 742 3570 id
767 3519 853 3569 est
882 3517 957 3570 ad
1001 3518 1110 3571 hoc
1133 3521 1309 3571 urunt
1338 3517 1397 3570 in
1430 3517 1700 3571 manibus
1736 3531 1943 3569 eorum

322 3589 523 3661 gladii,
541 3591 603 3641 ut
621 3586 927 3641 vindictam
946 3587 1380 3661 Deiexerceant
1398 3587 1457 3661 in
1481 3585 1945 3661 multitudinibus

325 3655 754 3723 hwreticorum,
788 3674 915 3727 quae
954 3656 1219 3712 nationes
1250 3658 1536 3723 dicuntur,
1594 3674 1661 3712 eo
1707 3655 1943 3727 quodin

327 3730 562 3799 diversis
581 3726 895 3799 hxeresibus
926 3732 1076 3799 natae
1097 3732 1249 3799 sunt.
1286 3728 1607 3782 Vindictam
1626 3726 1863 3799 quidem
1884 3726 1945 3779 in

328 3801 410 3857 eis
440 3797 558 3857 Deo
602 3797 1259 3869 praedicatoresfaciunt,
1292 3800 1381 3853 vel
1400 3816 1530 3853 cum
1559 3797 1761 3853 eorum
1784 3813 1950 3869 quos-

325 3873 467 3927 dam
490 3867 798 3924 conversos
829 3868 1087 3923 Ecclesiae
1104 3869 1502 3936 reconciliant,
1522 3870 1608 3923 vel
1635 3885 1767 3923 cum
1802 3867 1949 3921 alios

333 3944 598 3998 nolentes
629 3939 908 4004 converti,
951 3941 1321 3993 anathemate
1372 3940 1751 3994 ecclesiastico
1784 3954 1947 3992 more

331 4013 641 4069 damnant.
676 4009 964 4072 Quoniam
982 4013 1175 4064 autem
1195 4010 1531 4079 simpliciter
1548 4010 1769 4064 dixerat
1784 4008 1855 4061 ad
1864 4009 1951 4077 fa-

328 4084 573 4137 ciendam
604 4080 923 4145 vindictam,
957 4097 1030 4134 ne
1062 4081 1356 4134 videretur
1385 4080 1540 4151 quod
1554 4080 1809 4151 aliquam
1830 4079 1951 4151 vin-

334 4153 553 4206 dictam
586 4152 918 4222 saacuiarem
938 4154 1127 4205 essent
1146 4151 1280 4206 inde
1299 4149 1731 4222 accepturi,dat
1746 4149 1953 4222 intelli-

334 4235 688 4301 ge_re_qu_am‘
702 4220 1017 4301 vindictam
1038 4222 1292 4301 facient,
1309 4220 1451 4276 cum'
1469 4221 1546 4301 sic
1561 4221 1827 4301 adiungit
1850 4236 1863 4273 :
1885 4220 1956 4300 iit

338 4278 412 4347 ad
463 4278 758 4363 faciendas
804 4293 1188 4362 increpationes
1256 4278 1311 4343 in
1355 4294 1588 4363 populis,
1630 4278 1698 4346 id
1744 4278 1858 4363 est,
1896 4290 1953 4344 in
1981 4278 2029 4337 Ῑ)

336 4362 803 4418 multitudinibus
850 4361 1290 4423 haereticorum;
1324 4361 1390 4415 ac
1427 4361 1474 4414 si
1508 4362 1660 4415 dicat
1693 4378 1705 4414 :
1734 4362 1819 4415 Ad
1847 4362 1958 4415 hoc

335 4434 636 4513 habebunt
663 4433 885 4513 gladios
911 4433 1186 4513 ancipites
1218 4431 1647 4513 praedicationis
1669 4430 1726 4483 in
1776 4431 1961 4513 mani-

340 4506 467 4566 bus,
495 4507 559 4558 ut
586 4519 690 4573 per
714 4502 1786 4573 hancprsedicationem,hazreticorum
1819 4502 1964 4573 mul—

340 4570 626 4653 titudines
654 4570 1062 4653 redarguendo
1094 4573 1511 4653 increpant,‘et
1535 4572 1611 4626 sic
1642 4572 1701 4625 in
1730 4571 1811 4653 eis
1842 4570 1965 4653 vin-

334 4646 552 4701 dictam
568 4641 1085 4714 faciant,q‘uosdam
1099 4684 1112 4706 ,
1128 4647 1191 4696 ut
1212 4641 1350 4710 dixi,
1368 4642 1502 4697 fidei
1516 4641 1968 4706 reconciliando,

336 4715 624 4789 quosdam
654 4729 789 4789 vero
812 4714 1514 4789 anathematizandoﬁon
1555 4715 1739 4789 solum
1776 4714 1972 4789 autem

340 4782 403 4842 in
432 4785 701 4840 manibus
714 4784 936 4855 gladios
951 4785 1267 4852 habebunt,
1282 4784 1350 4838 ad
1372 4783 1757 4838 devincendos
1786 4782 1973 4855 mino-

345 4874 439 4913 res
458 4853 790 4922 htereticos;
815 4855 915 4910 sed
942 4856 1117 4909 etiam
1144 4855 1215 4909 ad
1238 4855 1534 4925 alligandos
1563 4856 1617 4907 in
1645 4853 1976 4925 compedibus

348 4927 805 4999 disputationum
838 4942 981 4994 reges
1012 4926 1281 4999 eorum,id
1313 4923 1399 4980 est
1408 4923 1761 4999 principales
1791 4924 1971 4999 luere:

350 4993 517 5062 ticos,
550 4997 647 5068 qui
673 5012 840 5067 reges
869 4993 1002 5050 sunt
1028 5000 1086 5050 et
1102 4996 1274 5051 duces
1288 4993 1546 5068 perfidia:
1567 4993 1789 5049 eurum.
1809 4993 1974 5057 Quod

344 5073 439 5124 est
467 5069 659 5123 dicere
693 5084 706 5121 :

424 5139 511 5192 Ad
542 5139 651 5192 hoc
676 5136 758 5189 eis
789 5136 1082 5192 dabuntur
1120 5135 1299 5208 gladii
1334 5134 1606 5208 scientiae,
1657 5138 1719 5189 ut
1749 5152 1846 5208 eos
1876 5134 1972 5206 qui

356 5207 645 5279 principes
675 5210 810 5279 sunt
834 5206 1657 5279 errorum,disputationibus
1679 5206 1794 5260 suis
1811 5222 1973 5276 supe-

357 5277 509 5350 rent,
543 5277 601 5331 et
630 5278 791 5350 quasi
834 5279 1210 5350 compedibus
1238 5277 1500 5349 alligent,
1535 5294 1606 5331 ne
1638 5278 1972 5350 facultatem

359 5349 616 5404 habeant
668 5347 994 5403 resistendi.
1048 5349 1118 5402 Et
1142 5365 1260 5403 non
1310 5347 1543 5403 tantum
1582 5349 1652 5401 ad
1675 5347 1973 5417 alligandos

360 5420 619 5491 minores
641 5419 1159 5491 principesbabent
1179 5418 1401 5491 gladios
1434 5437 1493 5473 ιη
1543 5419 1829 5491 manibus,
1872 5417 1975 5491 sed

361 5493 421 5562 et
447 5489 747 5562 alligandos
765 5489 1080 5562 inmanicis
1100 5489 1307 5559 ferreis,
1336 5489 1393 5545 id
1438 5494 1523 5562 est
1551 5491 1609 5544 in
1644 5489 1971 5562 multiplici-

351 5561 464 5619 bus
480 5559 807 5631 fortissimis
824 5560 1060 5614 vinculis
1072 5561 1669 5631 argumentationum,
1687 5559 1839 5616 unde
1858 5578 1972 5615 non

360 5629 585 5709 possint
603 5631 868 5709 evadere,
896 5632 1040 5709 sicu_t
1071 5629 1161 5686 de“
1175 5632 1419 5709 manicis
1432 5633 1633 5687 ferreis
1653 5649 1771 5709 non
1789 5635 1977 5709 potest

351 5702 585 5763 iunctus
609 5702 853 5776 quilibet
887 5703 1151 5758 evadere.
1193 5702 1411 5761 Nobiles
1452 5721 1633 5759 eorum
1679 5702 1975 5759 heretico-

792 5801 1026 5855 PATROL.
1061 5799 1213 5855 CLll.

2038 3093 2272 3149 laudem
2305 3091 2565 3145 eontuitu
2596 3092 2965 3147 beatitudinis
2990 3098 3319 3149 sanctorum
3346 3095 3406 3149 in
3451 3096 3648 3151 futuro

2036 3162 2344 3237 habendas,
2379 3178 2553 3237 quam
2583 3162 2760 3237 etiam
2774 3180 2896 3237 per
2924 3168 3115 3237 partes
3145 3166 3330 3237 ponit,
3369 3169 3434 3219 ut
3462 3166 3651 3237 magis

2042 3234 2334 3289 auditores
2353 3233 2427 3286 ad
2456 3233 3045 3301 hujusmodi’laudem
3076 3233 3293 3289 incitet.

2113 3303 2357 3358 Laudate
2386 3304 2679 3358 Dominum
2708 3304 3014 3372 Christum,
3044 3309 3102 3359 et
3129 3321 3248 3373 ore,
3276 3309 3332 3359 et
3362 3306 3557 3373 corde,
3589 3308 3650 3361 et

2045 3392 2241 3447 opere,
2276 3391 2308 3429 o
2338 3374 2554 3441 fideles,
2590 3377 2647 3447 in
2670 3377 2864 3447 sanctis
2882 3376 3014 3447 ejus,
3038 3376 3095 3429 id
3124 3378 3288 3430 estin
3320 3377 3651 3431 considera-

2044 3444 2204 3500 tione
2235 3447 2568 3499 sanctorum
2582 3444 2723 3515 ejus.
2741 3446 3100 3499 Determinat
3117 3451 3309 3501 autem
3334 3449 3651 3503 secundum

2046 3532 2221 3588 quem
2249 3518 2462 3568 statum
2489 3519 2822 3588 sanctorum
2856 3516 3196 3588 adhortetur
3216 3518 3411 3571 ﬁdeles
3443 3519 3517 3572 ad
3546 3518 3651 3572 Dei

2044 3584 2303 3649 laudem,
2336 3600 2465 3637 cum
2495 3584 2655 3637 addit
2681 3584 2759 3637 sic
2805 3604 2818 3640 :
2853 3585 3113 3653 Laudate,
3164 3588 3395 3654 scilicet,
3440 3605 3562 3642 eum
3589 3589 3653 3644 in

2046 3658 2404 3726 ﬁrmamento,
2456 3654 2514 3707 id
2555 3653 2737 3726 estin
2792 3657 3249 3712 consideratione
3293 3653 3651 3713 firmamenti

2046 3725 2261 3781 virtutis
2291 3728 2439 3795 ejus;
2464 3740 2528 3779 ac
2558 3725 2602 3779 si
2630 3725 2783 3781 dicat
2806 3727 3078 3781 :Laudate
3096 3729 3383 3782 Dominum
3398 3746 3466 3783 ea
3482 3745 3651 3783 oeca-

2049 3798 2230 3863 sione,
2265 3795 2399 3867 quia
2424 3798 2651 3867 sanctos
2681 3812 2811 3850 suos
2834 3797 2894 3851 in
2922 3798 3115 3853 futuro
3136 3799 3217 3853 sic
3242 3799 3300 3853 in
3324 3799 3531 3854 virtute
3556 3800 3653 3853 fir-

2049 3867 2234 3922 mabit
2254 3865 2316 3920 ut
2343 3866 2401 3919 in
2436 3865 2517 3918 eis
2548 3867 2735 3920 nullus
2763 3867 2835 3921 sit
2857 3869 3091 3923 ulterius
3110 3869 3447 3924 defectionis
3468 3871 3647 3924 locus.

2052 3938 2158 4011 Qui
2181 3937 2284 4011 etsi
2313 3936 2407 3990 hic
2428 3936 2544 3990 sint
2571 3937 2767 4011 fortes,
2796 3941 2873 4005 et,
2892 3943 2968 4011 ut
2993 3940 3071 4011 ita
3089 3941 3300 4008 dicam,
3319 3940 3658 4011 spiritaliter

2050 4007 2310 4073 virtuosi,
2334 4023 2402 4061 ex
2432 4007 2618 4061 carnis
2644 4010 2841 4062 tamen
2875 4010 3169 4064 debilitate
3186 4007 3427 4066 locus'in
3458 4010 3538 4064 eis
3566 4012 3656 4063 est

2054 4078 2380 4134 deﬁciendi.
2415 4077 2676 4152 Ostendit
2694 4083 2887 4152 autem
2908 4080 2979 4134 ad
3003 4082 3287 4152 majorem
3308 4081 3407 4135 Dei
3430 4080 3665 4135 laudem

2046 4153 2246 4221 plures
2278 4165 2397 4202 esse
2425 4150 2681 4221 virtutes,
2704 4149 2762 4203 in
2792 4151 2996 4221 quibus
3029 4149 3551 4217 confirmabuntur,
3585 4167 3662 4205 ne

2056 4220 2358 4293 putaretur
2406 4237 2521 4274 una
2551 4220 2671 4293 sola
2703 4220 2843 4286 esse,
2879 4221 3013 4293 quia
3043 4222 3413 4293 singulariter
3441 4222 3668 4275 dixerat

2058 4295 2113 4346 in
2140 4292 2479 4360 ﬁrmamento
2523 4292 2737 4344 virtutis
2765 4292 2909 4361 ejus;
2932 4292 3195 4358 Laudate,
3236 4293 3500 4361 inquam,
3540 4307 3667 4344 eum

2060 4366 2114 4417 in
2152 4363 2490 4431 ﬁrmamento
2520 4363 2753 4423 virtutis,
2779 4378 2905 4432 quin
2939 4362 3114 4415 virtus
3140 4362 3373 4432 quidem
3408 4378 3525 4415 non
3554 4361 3668 4416 erit

2062 4433 2327 4503 simplex,
2351 4433 2458 4503 sed
2486 4433 2697 4503 plures.
2725 4432 2982 4503 Ideoque
2996 4432 3207 4485 laudate
3226 4448 3344 4486 eum
3365 4434 3420 4485 in
3450 4433 3670 4503 virtuti-

2069 4505 2160 4575 bus
2178 4501 2322 4572 ejus,
2346 4501 2406 4554 id
2438 4501 2524 4575 est
2543 4502 2611 4575 in
2643 4501 3111 4575 consideratione
3132 4503 3429 4575 virtutum,
3452 4503 3510 4557 in
3547 4502 3675 4575 qui-

2068 4574 2173 4626 bus
2192 4570 2422 4624 sanctos
2452 4570 2509 4623 in
2536 4571 2727 4626 futuro
2776 4571 3163 4630 confirmabit.
3195 4574 3348 4629 Licet
3375 4576 3533 4630 enim
3564 4570 3677 4628 vir-

2071 4646 2262 4715 tuium
2290 4641 2523 4694 effectus
2552 4644 2686 4715 tunc
2716 4658 2841 4715 non
2884 4645 3253 4715 exercebunt,
3291 4645 3440 4715 ipsas
3471 4658 3669 4699 tamen

2074 4710 2424 4775 aifectiones,
2454 4727 2595 4780 quas
2623 4712 2856 4767 virtutes
2877 4714 3139 4781 dicimus,
3169 4710 3486 4771 habebunt.
3528 4715 3675 4769 Nam

2074 4782 2178 4857 etsi
2201 4798 2316 4857 non
2344 4783 2527 4857 restet
2547 4782 3023 4857 beneoperandi,
3054 4803 3153 4840 seu
3184 4802 3293 4857 pro
3321 4786 3544 4857 Christo
3570 4800 3677 4857 pa-

2075 4852 2256 4926 tiendi
2271 4851 2827 4926 locus,nihilominus
2840 4851 3035 4911 tamen
3054 4851 3680 4926 natu-raliterpatientia

2075 4923 2188 4976 sive
2206 4922 2801 4988 charitas,habebitur.
2813 4927 2876 4978 Et
2898 4927 2967 4980 de
2980 4926 3200 4980 caeteris
3211 4922 3511 4981 virtuti—bus
3522 4925 3681 4980 simio

2074 4993 2205 5066 liter
2236 4992 2582 5063 erit,praz.ter
2602 5012 2763 5066 spem
2785 4999 2842 5066 et
2870 4996 3043 5049 fidem
3071 5013 3198 5066 quae
3226 4997 3675 5052 evacuabuntur.

2073 5065 2198 5118 Non
2231 5066 2415 5119 solum
2440 5065 2644 5119 autem
2668 5065 2910 5119 laudetis
2936 5068 2991 5119 in
3021 5065 3323 5135 viftutibus,
3356 5069 3456 5123 sed
3497 5068 3676 5123 etiam

2075 5135 2291 5207 laudate
2344 5152 2465 5188 eum
2518 5135 2804 5207 secundum
2862 5137 3263 5193 multitudinem
3293 5140 3681 5207 magnitudinis

2073 5208 2206 5280 ejus,
2240 5205 2299 5280 id
2325 5208 2411 5258 est
2439 5205 2753 5280 secundum
2768 5212 3093 5280 respectum
3107 5205 3679 5280 multiplicismagui-

2074 5275 2308 5351 tudinis,
2337 5291 2452 5351 qua
2482 5279 2710 5351 sanctos
2738 5276 2798 5330 in
2840 5275 3033 5351 futuro
3081 5275 3497 5351 magnificabit,
3530 5275 3679 5334 sEili-

2074 5350 2185 5414 cet,
2212 5346 2356 5419 sicut
2382 5362 2480 5400 eos
2502 5346 2755 5419 multum
2797 5346 3219 5419 magniﬁcabit,
3250 5350 3333 5404 ita
3363 5366 3495 5404 eum
3528 5350 3680 5404 mul-

2074 5423 2199 5473 tum
2226 5416 2475 5493 laudate.
2502 5417 2745 5493 Exponit
2774 5416 2969 5493 autem
3014 5420 3164 5475 hanc
3198 5420 3683 5493 magnitudinem

2077 5506 2179 5562 per
2202 5488 2393 5562 partes
2418 5504 2549 5562 cum
2580 5487 2879 5562 subjungit
2899 5489 2977 5562 sic
3010 5507 3022 5544 :
3054 5492 3296 5546 Laudate
3315 5487 3444 5547 cum
3477 5493 3531 5543 in
3563 5507 3695 5545 sono

2077 5556 2235 5636 iubae,
2270 5556 2441 5636 idest
2474 5558 2539 5636 in
2570 5556 3036 5636 consideratione
3072 5562 3197 5618 soni
3232 5563 3411 5636 tubze,
3446 5562 3694 5636 scilicet,

2075 5630 2135 5702 in
2160 5628 2626 5702 consideratione
2643 5630 2930 5702 Avictoriaa,
2957 5648 3137 5702 quam
3162 5632 3275 5688 suis
3292 5651 3351 5688 in
3372 5628 3569 5689 futuro
3591 5628 3701 5687 da-

2076 5701 2185 5771 bit,
2215 5715 2348 5755 cum
2376 5699 2459 5755 eis
2487 5700 2726 5756 ulterius
2757 5719 2946 5775 neque
2975 5699 3164 5772 iners,
3191 5720 3377 5778 neque
3408 5702 3713 5772 diabolus,

3399 5803 3467 5855 43
