4046 6204
431 383 491 447 ll
1684 385 2074 446 MANUELIS
2115 385 2416 447 CALEGE
3611 392 3677 452 12

431 507 562 550 tom.
590 493 656 561 ll,
692 509 744 564 p.
779 496 879 550 171
908 497 1013 551 283
1072 497 1165 569 (al.
1199 513 1251 567 p.
1290 495 1546 568 181-197]
1633 512 1757 551 cum
1791 499 1958 552 notis.
2000 497 2154 553 Unde
2182 482 2426 553 recustis-
2448 497 2656 564 Latine,
2685 497 2902 554 omissis
2937 500 3102 566 notis,
3136 510 3218 557 est
3247 502 3298 555 in
3323 510 3474 557 tomo
3499 504 3672 563 XXVI

425 583 570 639 Bibl.
617 583 844 637 Patrum
895 583 1093 654 Lugd.,
1133 600 1185 655 p.
1220 585 1343 638 545.
1375 583 1517 637 Idem
1552 581 1758 636 Calecae
1806 585 2067 651 scriptum
2097 584 2150 637 in
2180 585 2316 639 duos
2348 584 2576 641 divisum
2618 585 2784 641 libros
2831 586 3022 640 Latina
3076 589 3325 644 versione
3371 591 3671 648 donaverat

425 669 666 726 Jacobus
697 671 998 738 Pontanus,
1036 688 1195 741 quam
1222 672 1498 728 editurqu
1529 686 1589 725 se
1619 670 1863 740 promisit
1898 670 2168 736 Labbeus,
2199 681 2334 726 tom.
2375 671 2417 725 ll
2458 671 2530 725 De
2574 674 2928 740 scriptoribus
2961 675 3148 730 coclea.
3175 713 3191 739 ,
3224 691 3350 746 pag.
3395 679 3485 733 45.
3527 679 3668 735 Idem

425 775 559 830 opus
591 758 774 813 Graece
804 761 1001 830 legisse
1031 776 1090 814 se
1123 774 1335 814 summa
1366 775 1490 813 cum
1523 760 1688 813 animi
1718 759 2079 814 delectatione
2143 768 2376 814 testatur
2399 760 2652 823 Allatius,
2679 775 2744 814 ex
2772 777 2873 815 ms.
2908 760 3202 816 Mediolani
3243 764 3298 817 in
3337 769 3668 822 monasterio

433 849 608 900 sancti
658 847 956 910 Ambrosii,
999 863 1128 905 ann.
1165 848 1329 909 6910,
1375 848 1467 916 qui
1498 847 1666 902 fuerit
1691 848 1897 902 Christi
1925 848 2082 912 1402,
2114 848 2352 916 fortasse
2387 863 2496 901 non
2532 848 2705 902 multo
2746 857 2869 916 post
2913 849 3158 915 ejusdem
3185 850 3400 905 (Zalecze
3450 863 3666 907 aetatem

425 946 731 988 exaratum.
767 934 908 986 Idem
937 933 1166 986 laudans
1212 932 1506 998 Arcadius,
1537 949 1587 987 c.
1619 934 1668 997 7,
1701 933 1950 987 Calecam
1984 935 2159 990 virum
2190 913 2347 990 vocai
2373 951 2501 988 sane
2523 937 2739 1006 antiqua
2768 936 2974 991 Gracia
2994 937 3232 1007 dignum,
3259 949 3306 991 et
3329 939 3664 995 catholicum.

424 1022 568 1075 Idem
621 1023 700 1074 vir
750 1037 940 1088 magna
980 1029 1030 1073 et
1077 1019 1323 1074 doctrina
1379 1030 1427 1074 et
1461 1022 1567 1090 ﬁde
1612 1030 1839 1078 vocatur
1867 1036 1896 1075 a
1933 1020 2224 1080 Francisco
2256 1025 2526 1078 Turriano
2558 1024 2698 1078 libro
2733 1024 2801 1080 de
2855 1039 2909 1080 νι
2949 1034 3003 1079 et
3032 1040 3130 1080 vm
3180 1014 3419 1095 synodo.‘
3449 1025 3662 1095 (ΒΑΜ.)

422 1107 666 1162 Florent.
691 1109 741 1160 in
767 1107 894 1159 bibl.
925 1106 1212 1172 Laurent.,
1241 1109 1363 1161 cod.
1385 1109 1473 1172 15,
1505 1126 1558 1162 n.
1581 1109 1670 1173 41,
1692 1109 1824 1178 plut.
1846 1107 1931 1172 76,
1951 1108 2020 1164 Co

2244 1112 2302 1163 iis
2327 1112 2446 1181 (τῆς
2478 1110 2940 1182 ὲξομολογήσεως)
2968 1114 3182 1176 modus,
3206 1116 3351 1167 dom.
3387 1114 3529 1166 Man.
3563 1112 3664 1168 Ca-
3827 1110 3842 1118 ’

424 1199 552 1250 lecze
598 1197 974 1264 interpretatio
1014 1212 1078 1248 ex
1117 1196 1337 1257 Latino,
1372 1186 1467 1252 séu
1500 1197 1671 1252 forma
1711 1198 2081 1256 confessionis
2121 1206 2175 1251 et
2219 1198 2580 1252 absolutionis
2610 1209 2957 1266 peccatorum
3003 1201 3302 1252 secundum
3345 1197 3660 1252 Latinorum

421 1287 606 1348 ritum,
654 1297 682 1337 a
736 1284 880 1337 Man.
924 1285 1118 1338 Caleca
1174 1285 1227 1337 in
1287 1285 1528 1340 Graecam
1585 1287 1822 1354 linguam
1882 1300 2019 1339 conv

2064 1300 2167 1348 rsa,
2259 1285 2366 1338 inc.
2413 1283 2875 1353 Ἐξομολογοῦμαι
2916 1284 2993 1354 τῷ
3023 1285 3215 1354 Κυρίῳ
3252 1300 3356 1351 μου
3380 1323 3396 1348 ,
3427 1287 3505 1355 τῷ
3545 1285 3662 1357 Θεῷ

423 1390 551 1441 μου,
597 1382 702 1427 etc.
751 1372 1132 1442 Subjiciuntur
1183 1374 1380 1428 deinde
1429 1374 1793 1429 confessionis
1847 1374 2264 1429 sacramentalis
2317 1373 2716 1442 praerogativae,
2771 1387 2892 1442 quae
2922 1381 3285 1426 numerantur
3321 1375 3655 1440 quindecim.

419 1483 721 1536 earumque
756 1470 1179 1524 declarationes.
1223 1470 1286 1527 V.
1308 1470 1531 1524 Bandin.
1567 1470 1684 1524 Cat.
1719 1469 1880 1524 codd.
1909 1469 2003 1524 Gr.
2039 1467 2206 1522 Laur.
2237 1481 2370 1523 tom.
2407 1467 2494 1533 III,
2523 1484 2575 1537 p.
2606 1466 3045 1522 HO.—Monae.
3083 1469 3135 1522 in
3165 1471 3286 1524 cod.
3319 1471 3657 1534 Bavar.127,

420 1558 554 1624 (sec.
589 1565 695 1610 cat.
726 1572 806 1625 gr.
837 1572 971 1610 mss.
1007 1556 1199 1612 Davar.
1235 1573 1288 1626 p.
1323 1558 1414 1619 55,
1460 1558 1529 1611 ab
1559 1558 1784 1629 Ilardtio
1815 1567 2136 1612 numeratur
2181 1556 2303 1610 cod.
2337 1555 2441 1609 262
2496 1556 2558 1609 de
2592 1555 2859 1609 elementis
2901 1555 3174 1610 catholica:
3209 1559 3334 1625 ﬁdei
3371 1559 3660 1612 secundum

419 1642 760 1695 traditionem
795 1654 994 1696 sancta:
1024 1644 1318 1712 Scriptura:
1350 1653 1400 1698 et
1441 1645 1821 1696 catholicorum
1853 1645 2146 1697 doctorum.
2187 1643 2413 1713 (IIARL.)

489 1729 544 1781 4.
588 1729 724 1798 Περὶ
792 1731 890 1798 τῆς
927 1730 1089 1797 ἁγίας
1125 1731 1376 1800 Τριάδος,
1419 1732 1486 1783 de
1523 1739 1714 1784 sancta
1757 1728 2044 1792 Trinitale,
2071 1731 2087 1782 ‘l

2071 1731 2368 1784 tractatum
2397 1730 2870 1799 opulentissimum
2906 1731 3137 1786 Allatius
3168 1731 3369 1787 vidisse.
3397 1747 3456 1788 se
3484 1742 3657 1788 testa-

421 1823 511 1866 tur
546 1829 597 1881 p.
630 1814 754 1876 855,
790 1815 856 1868 de
883 1831 1179 1877 consensu,
1219 1817 1399 1887 adhuc
1432 1818 1576 1884 quod
1606 1817 1776 1871 sciam
1829 1817 2019 1871 ineditl

1712 1833 1776 1870 tm
1829 1817 2113 1871 ineditum.
2145 1817 2338 1886 Incipit
2362 1833 2394 1874 ,ι
2433 1818 2556 1870 Τῶν
2595 1819 2841 1871 παλαιῶν
2883 1818 3174 1888 αἱρετικῶν
3205 1813 3294 1888 ἦν.

491 1903 545 1956 5:
588 1903 753 1968 Λόγοι
791 1903 1106 1970 Θεολογικοί
1126 1946 1141 1972 ,
1174 1904 1451 1960 Orationes
1481 1906 1786 1975 theologica:
1814 1921 1844 1960 e
1875 1921 2089 1975 quarun

2058 1921 2108 1959 m
2151 1915 2302 1960 sexta
2334 1903 2541 1973 profert
2570 1907 2823 1976 quaedam
2856 1906 2996 1960 idem
3020 1905 3272 1969 Allatius.
3315 1920 3366 1974 p.
3401 1906 3506 1960 155
3538 1922 3654 1977 seq.

420 1996 610 2042 contra
645 1989 1070 2043 Crevahtonum.

492 2007 610 2041 utra
645 2007 778 2043 ure'
822 2007 912 2043 nto
959 2007 1070 2043 unt.

489 2076 545 2130 (ἱ.
591 2007 870 2130 Oratiirgde
895 2008 1077 2132 siincto
1118 2078 1386 2148 Stephano
1442 2089 1855 2150 protomartyre.
1891 2079 2035 2134 Citat
2061 2079 2202 2132 idem
2235 2079 2330 2132 lib.
2365 2077 2441 2132 De
2479 2079 2682 2151 synodo
2723 2077 3011 2139 Photiana,
3042 2093 3096 2146 p.
3130 2077 3255 2139 512.
3302 2079 3659 2148 meminitque

416 2164 555 2219 libro
584 2165 665 2239 de_
693 2163 1048 2227 Simeonibus,
1081 2182 1132 2233 ι).
1173 2167 1292 2221 115.
1333 2169 1528 2238 Incipit
1563 2187 1578 2223 :
1620 2169 1830 2237 Ὥσπερ
1872 2169 1901 2219 ὁ
1944 2167 2010 2237 ἦ).

1695 2185 1830 2237 σπερ
1872 2169 1901 2219 ὁ
1944 2167 2095 2237 ἥλιος
2133 2166 2430 2235 πανταχοῦ.
2463 2163 2551 2234 [ν.
2602 2181 2788 2236 supra,
2820 2166 2929 2219 vol.
2957 2165 3026 2230 Χ,
3059 2182 3111 2235 p.
3138 2163 3293 2235 327.]

488 2251 539 2304 7.
584 2251 649 2304 In
683 2254 1135 2306 circuntcisionem
1176 2254 1406 2309 Domini.
1438 2255 1676 2323 Incipit:
1715 2255 1806 2323 Τῷ
1835 2254 2014 2323 καιρῷ
2071 2255 2086 2306 ἔ

2071 2253 2268 2323 ἐκείνῳ
2335 2252 2688 2321 ἐπλήσθησαν
2743 2254 2801 2305 al
2844 2254 3067 2323 ἡμέραι.
3105 2251 3248 2308 Idem
3291 2254 3522 2307 Allalius
3556 2255 3649 2308 Iilt.

417 2339 484 2392 de
511 2337 861 2392 Simeonibns
887 2355 941 2408 ι).
984 2340 1108 2394 112.
1139 2339 1231 2410 [γ.
1260 2355 1422 2406 supra
1456 2342 1493 2394 I.
1523 2357 1571 2394 c.
1600 2358 1652 2409 p.
1687 2339 1841 2411 2A).]

489 2425 542 2478 8.
583 2423 946 2477 Grammatica
997 2442 1101 2480 ms.
1154 2425 1207 2478 in
1259 2426 1393 2479 bibl.
1443 2425 1755 2480 Colbertina
1789 2427 1911 2481 cod.
1963 2426 2121 2481 1992.
2171 2429 2357 2497 Itaque
2394 2443 2491 2498 per
2541 2427 2843 2494 Mannelem
2915 2430 3328 2497 grammaticum
3361 2431 3412 2482 in
3446 2429 3648 2485 Catena

414 2511 634 2566 Macarii
671 2512 1093 2580 Clwysoccphali
1134 2513 1186 2565 in
1220 2511 1421 2566 Lucam
1474 2514 1701 2581 intelligi
1731 2514 1874 2568 hunc
1909 2514 2213 2567 Manuel-m
2245 2515 2523 2578 Calecam,
2564 2509 2878 2584 suspicatur
2914 2515 3146 2570 Wolﬁus
3190 2525 3375 2580 noster
3417 2518 3468 2569 in
3504 2516 3646 2570 Ihss.

414 2602 482 2654 tle
513 2599 722 2654 catenis
756 2600 1000 2664 Patrum,
1031 2616 1084 2669 p.
1117 2601 1208 2655 52.
1251 2600 1463 2670 (Fluxa)
1490 2600 1648 2655 Conl.
1686 2617 1849 2670 supra
1879 2605 1944 2655 ad
1975 2605 2081 2657 vol.
2118 2605 2204 2668 Vl,
2240 2620 2292 2673 p.
2321 2605 2445 2658 59.5.
2471 2633 2538 2644 -—
2561 2603 2704 2656 Man.
2737 2604 2947 2657 Calecaa
2977 2606 3348 2659 Grammatira
3380 2609 3649 2674 qmedam,

415 2691 589 2743 Paris.
626 2689 680 2742 in
717 2689 839 2742 cod.
872 2687 1136 2743 Mazariu.
1167 2689 1256 2743 9|.
1299 2687 1360 2742 V.
1391 2688 1687 2743 Montfauc.
1719 2689 1859 2744 Bibl.
1895 2692 2132 2746 biblioth.
2169 2709 2319 2754 mss.,
2355 2708 2404 2760 p.
2439 2691 2579 2745 1519
2628 2691 2696 2743 Ε.
2727 2691 2950 2760 (Hann)
3051 2743 3068 2768 χ

485 2775 718 2847 [Calecze
747 2775 810 2828 ad
846 2773 1192 2852 Joannicium
1227 2776 1490 2844 epistolae,
1526 2777 1579 2830 in
1613 2777 1739 2830 cod.
1773 2776 2061 2832 Vossiano.
2101 2778 2163 2832 γ.
2193 2780 2314 2832 Cat.
2381 2795 2514 2832 mss.
2547 2780 2752 2848 Anglia:
2788 2789 2892 2834 etc.
2923 2779 3034 2833 vol.
3076 2780 3142 2840 ll.
3176 2795 3232 2832 n.
3266 2779 3407 2832 22m
3435 2779 3454 2851 ]

486 2861 753 2931 Hymnus,
788 2861 858 2916 Te
886 2862 1050 2916 Deum
1077 2865 1376 2926 laudamus,
1411 2862 1599 2917 Graace
1633 2866 1934 2918 translatus
1969 2881 2062 2934 per
2095 2865 2363 2928 Calecam,
2390 2867 2468 2920 uti
2493 2867 2691 2935 legitur
2726 2867 2778 2919 in
2812 2867 3057 2934 margine
3086 2868 3206 2920 cod.
3236 2866 3472 2920 Florcnt.
3505 2867 3647 2920 Lan-

413 2962 553 3007 rcut.
611 2967 665 3004 n.
695 2951 752 3011 2,
808 2951 945 3018 plut.
992 2951 1048 3003 4.
1099 2951 1204 3003 Alii
1257 2952 1564 3005 versionem
1620 2952 1764 3005 illam
1827 2954 2008 3023 hymni
2059 2953 2408 3007 Ambrosiani
2459 2953 3009 3020 tribuunt,Sisebuto
3063 2957 3356 3021 monacho,
3391 2957 3482 3024 qui
3519 2957 3650 3008 vixit

413 3055 540 3095 saec.
570 3056 646 3098 xi.
682 3040 774 3091 alii
831 3038 974 3092 aliis.
1015 3036 1079 3092 ν.
1117 3038 1344 3092 Bandin.
1374 3037 1495 3093 Cat.
1532 3039 1692 3092 codd.
1725 3037 1820 3093 Gr.
1853 3040 2017 3095 Laur.
2049 3039 2090 3103 Ι,
2124 3057 2176 3109 p.
2211 3041 2338 3095 555.
2906 3048 2911 3054 '

483 3127 688 3181 Calecte
725 3126 979 3180 Mouodia
1049 3141 1206 3188 super
1251 3125 1541 3192 Meledone,
1592 3126 1726 3181 ibid.
1765 3128 1818 3181 in
1869 3128 1992 3182 cod.
2031 3129 2193 3183 Laur.
2236 3130 2305 3183 15
2377 3146 2432 3182 n.
2478 3129 2564 3196 I9,
2602 3131 2738 3198 plut.
2790 3129 2876 3183 74.
2930 3130 2994 3185 V.
3055 3128 3285 3184 Bandin.
3349 3130 3390 3183 l.
3452 3144 3502 3182 c.
3555 3127 3641 3192 Ill,

412 3213 875 3358 p.AltimCalecatn-
901 3301 1134 3371 epistola
1184 3299 1440 3357 Demetrii
1487 3266 1696 3387 Cydon.
1752 3303 1804 3358 in
1847 3302 1968 3358 cod.
1999 3302 2225 3361 Coisliu.
2262 3303 2366 3357 515
2401 3303 2492 3357 lin.
2530 3302 2592 3360 ν.
2647 3303 2944 3360 Montlauc.
2987 3304 3120 3358 Bibl.
3167 3304 3390 3358 Coislin.
3427 3319 3479 3357 η.
3511 3303 3636 3357 429.

411 3390 630 3463 (Hann)

1090 3749 2062 3948 MANUELIS
2183 3790 2964 3948 CALEC/E

885 4080 1463 4197 CONTRA
1564 4081 2388 4206 GR/ECORUM
2513 4081 3162 4199 ERRORES

1523 4353 1847 4440 LIBRI
1929 4347 2541 4476 QUATUOR,

555 4558 725 4620 Olim
754 4553 971 4618 Latine
1014 4552 1176 4616 versi
1220 4553 1298 4615 ab
1337 4548 1677 4611 Ambrosio
1714 4547 2235 4625 Camdldulensi;
2279 4557 2496 4630 postea
2544 4567 2618 4612 ex
2663 4549 3048 4612 bibliotheca
3107 4550 3400 4615 Bavarica
3433 4552 3499 4615 in

713 4683 918 4744 luCem
954 4676 1178 4757 prolati
1227 4682 1288 4737 et
1321 4673 1491 4736 notis
1523 4671 1820 4734 illustrali
1872 4689 1905 4734 ο
1939 4675 2126 4736 Petro
2172 4675 2503 4749 Stevartio,
2553 4676 2816 4747 Leodio,
2855 4675 2959 4738 SS.
3009 4673 3380 4754 'I‘heologite

812 4812 881 4870 D.
948 4807 1330 4887 professorc,
1388 4810 1448 4863 et
1511 4801 1873 4862 Academico
1915 4801 2449 4880 lngolsladiensis
2543 4797 3068 4880 procanccllario,
3132 4811 3250 4864 etc.

1820 5127 2272 5188 PRAQFATIO.

1259 5296 1461 5352 Damno
1491 5294 1546 5350 S.
1579 5312 1642 5348 ac
1678 5293 1980 5348 beatissimo
2011 5307 2158 5362 papae
2193 5289 2424 5345 Mart"in
2453 5289 2782 5346 Ambrosius.

489 5451 658 5506 Parui
700 5453 974 5520 praeceptis
1017 5435 1153 5520 tuis,
1200 5453 1389 5506 domne
1425 5451 1760 5513 beatissime,
1802 5461 2030 5514 opusque
2065 5443 2200 5498 illud
2263 5445 2397 5500 clari
2447 5457 2494 5500 et
2527 5449 2722 5503 eruditi
2764 5451 2864 5504 viri
2901 5448 3173 5503 Manuelis
3223 5448 3432 5504 Calccte
3471 5457 3662 5504 contra

417 5543 614 5596 σταται
642 5539 866 5594 levitatis
899 5556 1126 5604 errores,
1157 5541 1296 5611 quod
1329 5539 1548 5607 insignis
1584 5535 1878 5606 Tlteologia:
1915 5534 2094 5586 cultor
2131 5535 2386 5604 Magister
2425 5537 2684 5592 Autmtius
2729 5539 3036 5601 Massanus,
3068 5541 3176 5592 zelo
3202 5526 3326 5608 ﬁdei
3359 5555 3660 5594 succensus.

419 5628 879 5695 Constantinopoli
909 5645 972 5682 ca:
1002 5630 1127 5682 urbe
1155 5631 1298 5697 regia
1331 5643 1503 5681 secum
1533 5627 1743 5678 advexit
1767 5668 1782 5688 ,
1813 5623 2082 5677 commode
2111 5626 2314 5677 utinam
2379 5637 2535 5696 atque
2559 5628 2782 5690 utiliter,
2809 5637 3048 5696 prompte
3079 5639 3217 5680 certe
3276 5637 3430 5695 atque
3460 5628 3660 5678 obtent-

418 5729 664 5791 peranter
691 5735 753 5774 ex
783 5720 960 5774 Cra'co
996 5719 1245 5771 converti.
1285 5717 1400 5779 Quo
1432 5732 1554 5768 sane
1586 5717 1638 5767 in
1676 5732 1848 5778 opere,
1883 5717 1961 5769 vir
1994 5715 2083 5768 ille
2113 5717 2341 5782 optimus
2409 5717 2484 5768 ita
2516 5717 2745 5785 suscepti
2779 5719 3008 5770 muneris
3044 5717 3273 5786 implerit
3308 5718 3566 5783 ofﬁcium,
3603 5723 3654 5764 ut

415 5807 746 5878 diligentiam
775 5809 824 5860 in
851 5823 902 5859 se
935 5805 1228 5860 desiderari
1269 5806 1400 5874 (meo
1433 5804 1638 5856 nuitlent
1669 5802 1894 5874 judicio)
1923 5821 2109 5875 passus
2141 5821 2242 5859 non
2274 5805 2363 5858 sit.
2392 5804 2555 5860 Caute
2589 5806 2723 5857 cnim
2751 5817 2802 5858 ut
2841 5806 2889 5858 in
2934 5821 2986 5858 rc
3022 5816 3173 5858 tanta
3207 5821 3494 5878 couqruunt
3529 5803 3648 5864 fuit,
