4046 6204
458 394 524 462 13
732 384 743 397 ’
1570 394 1970 456 smnusus
2008 395 2054 454 θ

2152 350 2485 458 εοοδίιῐι.
2528 399 2578 459 I.
3479 318 3517 359 ‘
3628 404 3695 467 tt

460 510 827 578 subtiliterque
901 525 996 577 pro
1040 510 1278 562 materia:
1311 509 1570 577 dignitate
1614 508 1887 577 procedit,
1919 523 2103 576 eosque
2143 509 2392 575 pra'clari
2427 510 2697 562 bellatoris
2733 509 2925 575 instar,
2958 514 3068 565 suis
3108 513 3441 580 potissimum
3477 518 3695 570 revincit

462 599 669 659 cratis;
696 606 855 663 atque
890 595 1138 647 inoliturn
1167 610 1422 655 errarem,
1458 595 1565 647 into
1606 596 1901 660 ingenitum
1932 594 2279 647 contentionis
2307 596 2567 662 studium,
2598 596 2662 649 ab
2684 598 2844 665 ipsis,
2882 609 2940 651 ut
2980 599 3058 652 ita
3095 601 3295 666 diram,
3332 602 3693 669 fundamentis

468 685 656 753 aperit.
690 683 914 751 detegit,
950 682 1151 741 nudat,
1189 681 1461 749 ipsumque
1497 681 1757 733 radicitus
1786 679 1985 733 evellit.
2720 692 2727 699 '
2975 730 2984 738 ,

540 770 606 823 Id
634 769 874 834 equidem
911 785 972 822 eo
1003 768 1255 820 libentius
1290 767 1564 829 transtuli,
1592 782 1694 835 quo
1720 775 1769 818 et
1798 784 1827 816 a
1863 775 1932 825 te.
1965 763 2050 818 cui
2076 762 2255 816 omnia
2283 763 2429 831 ﬁdeli
2451 766 2695 835 obsequio
2723 764 2904 828 debeo,
2932 766 3309 837 injungebatur
3337 783 3355 821 :
3385 778 3433 821 et
3456 769 3519 822 ob
3546 770 3695 822 anti-

464 873 618 926 quum
659 864 887 924 gentem,
938 872 1003 908 ac
1041 855 1241 908 dudum
1284 855 1561 924 inclytam,
1588 864 1640 907 et
1672 854 1814 906 omni
1851 867 2034 922 genere
2070 849 2245 902 laudis
2280 849 2562 903 illustrem.
2635 851 2764 914 Quis
2791 853 2927 905 enim
2959 854 3158 905 nesciat
3183 852 3395 907 (Succos
3418 855 3541 907 olim
3577 873 3699 909 cum

456 945 726 1006 sitpiettlt'a
757 952 804 994 et
863 942 1189 1010 eloquentia,
1229 950 1335 995 tum
1387 941 1491 1008 fide
1530 956 1592 993 ac
1625 940 1897 1007 religione,
1928 939 2233 1004 ceterisque
2265 939 2517 997 virtutum
2554 941 2778 1003 meritis,
2811 941 3011 993 cunctis
3046 940 3152 1007 fere
3184 941 3495 994 mortalilus
3524 944 3699 995 excel-

460 1032 667 1084 lnisse?
699 1028 885 1098 cEgre,
916 1041 974 1081 ut
993 1047 1092 1098 par
1120 1040 1256 1091 erat,
1291 1046 1353 1082 ac
1384 1029 1598 1083 moleste
1625 1029 1890 1097 ferebam,
1924 1025 2230 1094 hujnsmodi
2263 1025 2463 1077 diutius
2495 1025 2802 1093 impeditam
2858 1026 3060 1095 laqueis
3090 1027 3361 1095 plagisque
3392 1030 3651 1082 irrétitaat
3677 1046 3701 1083 :

454 1118 627 1185 cbque
656 1117 733 1175 id.
763 1116 880 1182 jam
918 1118 1121 1184 pridem
1161 1116 1383 1169 summis
1412 1114 1810 1167 calamitatibus
1837 1116 1914 1166 ita
1959 1113 2206 1166 obtritam
2245 1118 2293 1162 et
2334 1122 2719 1179 consumptam.
2752 1125 2808 1166 ut
2834 1114 2922 1166 vix
2952 1112 3117 1165 ullum
3150 1117 3419 1182 vestigium
3457 1116 3700 1183 pristina:

456 1204 644 1271 gloria:
701 1218 763 1254 ac
801 1202 1081 1271 dignitatis
1132 1211 1294 1255 servet
1321 1217 1338 1254 :
1368 1201 1770 1269 cupiebamque,
1849 1210 1897 1252 te
1932 1198 2266 1265 potissimum
2311 1208 2527 1249 auctore
2574 1214 2635 1250 ac
2683 1199 2829 1259 duce,
2868 1215 3006 1263 eam,
3054 1201 3153 1251 etsi
3197 1215 3300 1251 non
3330 1201 3383 1251 in
3412 1202 3703 1266 pristinam

463 1293 802 1356 dignitatem,
841 1290 1078 1357 priscam
1113 1290 1483 1352 sanctitatem,
1511 1288 1803 1356 faciemque
1834 1286 2061 1349 restitui,
2088 1284 2140 1337 id
2171 1282 2362 1351 quippe
2393 1284 2565 1353 majus
2597 1293 2696 1348 est,
2728 1300 2892 1353 quam
2922 1295 2976 1336 ut
3002 1284 3292 1351 optandum
3324 1286 3472 1340 nobis
3498 1288 3566 1340 sit
3593 1328 3607 1352 ,
3642 1296 3699 1340 at

458 1377 653 1428 saltem
690 1375 755 1428 ab
784 1375 1139 1427 internecione
1172 1373 1411 1427 liberari.

537 1460 706 1513 Tuum
747 1461 937 1528 quippe
974 1469 1051 1511 est
1074 1498 1089 1522 ,
1126 1468 1176 1512 et
1207 1474 1318 1513 esse
1346 1457 1631 1527 intelligis,
1676 1455 1829 1527 Papa
1875 1454 2199 1522 beatissime,
2232 1468 2478 1510 errantes
2511 1456 2744 1510 homines
2777 1444 2850 1512 ad
2876 1468 3076 1512 rectum
3117 1475 3359 1512 revocare
3395 1460 3515 1523 iter,
3546 1470 3701 1526 atque

462 1548 539 1598 ad
576 1547 930 1598 imitationem
960 1544 1066 1597 veri
1094 1546 1378 1616 tetergtique
1406 1545 1656 1612 pastoris,
1678 1545 1828 1611 cujus
1855 1544 1987 1596 vices
2021 1543 2076 1594 in
2108 1541 2260 1595 terris
2291 1542 2424 1610 agis,
2447 1558 2586 1595 ovem
2612 1543 2898 1611 perditam,
2923 1560 2985 1596 ac
3018 1560 3109 1611 per
3139 1546 3278 1598 devii
3294 1548 3489 1597 erroris
3516 1551 3702 1610 anfra—

466 1646 582 1685 ctus
619 1632 761 1685 male
817 1632 1062 1691 liberam,
1095 1641 1251 1700 atque
1282 1634 1335 1683 in
1361 1631 1641 1695 perniciem
1671 1646 1823 1682 suant
1862 1630 2189 1698 gradientem
2216 1629 2451 1681 studiose
2486 1631 2766 1697 requirere,
2791 1631 3152 1700 inventumque
3177 1647 3239 1683 ac
3264 1618 3431 1685 sacris
3469 1631 3701 1684 humeris

470 1721 769 1785 impositam
789 1720 858 1770 ad
882 1718 1015 1772 ovile
1047 1719 1302 1773 revehere.
1347 1716 1504 1780 Tute,
1545 1717 1786 1785 inquam,
1817 1716 2001 1785 gloria:
2028 1716 2085 1766 in
2113 1714 2299 1782 primis
2333 1720 2432 1777 est,
2473 1720 2602 1767 adeo
2625 1714 2860 1768 divinum
2895 1733 3047 1784 opus,
3081 1727 3189 1769 tam
3214 1717 3531 1785 pra'clarum
3566 1717 3701 1784 faci-

465 1823 587 1866 rtus,
614 1815 727 1858 tota
755 1807 923 1858 animi
953 1806 1247 1859 intentione
1270 1806 1555 1874 suscipere.
1590 1803 1824 1871 nihilque
1855 1802 2143 1871 diligentiae
2171 1802 2430 1860 omittere,
2454 1800 2579 1853 dum
2610 1802 2664 1854 id
2691 1803 2944 1871 conficias
2972 1819 2993 1856 .'
3022 1812 3077 1854 ut
3098 1819 3198 1873 quo
3227 1812 3437 1870 pastore
3466 1804 3703 1858 Occidua

459 1890 710 1945 Ecclesia
741 1893 917 1960 plures
940 1902 1063 1945 ante
1093 1908 1260 1944 annos
1309 1893 1478 1944 divisa
1510 1890 1767 1960 fcederata
1799 1898 1903 1953 est,
1937 1904 1996 1942 eo
2032 1895 2267 1951 auctore,
2308 1886 2544 1940 Orientis
2585 1891 2747 1943 etiam
2786 1889 3047 1953 Ecclesia,
3097 1892 3297 1958 majore
3327 1892 3472 1961 longe
3523 1909 3586 1944 ac
3609 1898 3702 1969 de:

458 1980 663 2031 teriore
694 1981 929 2032 scissura
956 1988 1251 2048 segregata,
1282 1979 1378 2032 sub
1406 1994 1511 2032 una
1537 1979 1734 2046 capite,
1764 1978 1967 2045 reliquo
1993 1974 2245 2027 Ecclesite
2274 1975 2487 2041 corpori
2511 1975 2776 2043 jungatur
2803 1992 2824 2029 :
2855 1992 2915 2030 ne
2936 1978 3136 2055 digtius
3169 1994 3201 2029 a
3231 1990 3422 2031 cratera
3451 1994 3701 2048 compage

456 2070 698 2137 ἀνήκω
723 2071 917 2139 praedic
972 2086 1038 2123 ac
1065 2069 1258 2136 pabulo
1290 2068 1544 2121 Barbaris
1579 2070 1650 2122 sit
1679 2082 1698 2120 :
1730 2083 1831 2119 neu
1890 2065 2015 2119 inde
2041 2062 2404 2118 Christianum
2431 2078 2618 2116 nomen
2648 2064 2887 2132 funditus
2921 2065 3167 2130 tollatur,
3204 2067 3293 2118 ubi
3320 2068 3495 2135 primo
3544 2083 3709 2122 exor-

466 2166 583 2208 tum
603 2164 702 2219 est,
726 2172 829 2218 qua
851 2156 980 2223 quid
1016 2156 1124 2208 dici
1154 2155 1394 2223 gravius,
1417 2155 1544 2221 quid
1572 2152 1801 2221 cogitari
1832 2150 2099 2219 indignius
2124 2156 2292 2216 potest
2312 2149 2338 2201 .’

547 2241 797 2297 Gratulor
827 2252 1029 2297 sanctae
1054 2242 1214 2295 menti
1245 2252 1371 2297 tute.
1431 2239 1634 2292 Domne
1669 2238 1995 2301 beatissime,
2034 2239 2277 2308 gratulor
2299 2239 2567 2307 felicitati,
2623 2250 2769 2309 teque
2792 2242 2865 2295 ad
2884 2242 2938 2297 id
2959 2257 3088 2310 opus
3116 2229 3368 2298 divinitus
3391 2245 3705 2300 instinctum

459 2330 692 2397 miriﬁce
709 2330 956 2393 exsulto;
1009 2345 1111 2398 quo
1139 2328 1272 2381 nihil
1299 2326 1605 2396 gloriosius,
1646 2325 1778 2378 nihil
1816 2338 1927 2378 esse
1979 2327 2145 2393 possit
2178 2325 2465 2380 illustrius.
2509 2326 2621 2380 Hoc
2665 2329 2711 2381 si
2740 2328 2936 2396 elicere
2968 2331 3222 2397 potueris,
3273 2334 3471 2398 poteris
3506 2347 3703 2401 autem,

462 2416 683 2470 Christo
710 2418 1018 2481 miserante,
1048 2420 1142 2486 qui
1173 2427 1222 2469 te
1255 2420 1323 2467 ad
1352 2416 1448 2468 hoc
1479 2429 1671 2467 munus
1706 2411 1900 2482 elegit;
1929 2410 2220 2478 plurimum
2249 2413 2319 2465 ad
2346 2421 2557 2465 tuorum
2593 2416 2901 2469 meritorum
2932 2417 3205 2470 cumulum
3226 2418 3530 2482 accessisse,
3553 2436 3705 2474 nemo

466 2506 571 2558 nisi
602 2506 798 2572 judicii
852 2522 915 2558 ac
938 2505 1165 2556 rationis
1198 2504 1416 2573 ignarus
1442 2502 1740 2570 denegabit,
1770 2499 1980 2570 quando
2010 2513 2111 2551 non
2135 2499 2309 2552 solum
2343 2500 2641 2568 reficiendis
2668 2502 2761 2554 diu
2787 2503 3041 2571 collapsis
3065 2506 3233 2558 sacris
3256 2505 3477 2571 (edibus,
3504 2521 3704 2575 verum,

462 2593 639 2645 multo
668 2593 881 2659 dignius
912 2591 1281 2644 instauranda:
1315 2590 1601 2649 universali
1645 2586 1915 2651 Ecclesiae,
1953 2585 2096 2639 omni
2131 2587 2308 2640 studia
2343 2588 2622 2642 incumbis.
2653 2588 2759 2643 Sed
2780 2591 2918 2668 enim
2942 2591 3128 2645 laudes
3157 2602 3277 2646 tuas
3302 2596 3546 2663 prosequi
3578 2602 3706 2663 pro-

464 2682 702 2748 positum
733 2696 835 2733 non
865 2689 966 2733 est.
995 2679 1123 2733 Sum
1158 2695 1354 2732 memor
1387 2680 1496 2746 ipse
1532 2679 1669 2743 mei,
1713 2676 1910 2746 facient
1939 2676 2035 2730 hac
2059 2673 2435 2729 excellentiam
2470 2675 2680 2745 ingenia
2706 2691 2727 2731 :
2755 2676 2888 2729 mihi
2921 2685 3004 2730 sat
3027 2676 3219 2746 fuerit,
3256 2693 3355 2747 pro
3384 2679 3585 2751 ingenii
3631 2690 3708 2736 te-

467 2772 674 2820 nuitate
699 2767 1022 2827 satisfecisse
1044 2766 1275 2835 jussioni
1307 2774 1433 2820 tute.
3212 2818 3238 2841 ‘

540 2852 706 2917 Sane,
739 2856 793 2908 id
821 2870 974 2922 opus,
1003 2855 1145 2923 quod
1169 2862 1356 2906 auctor
1378 2853 1488 2921 ipse
1520 2849 1835 2905 continuata
1860 2852 2088 2905 dictione
2121 2865 2226 2903 uno
2261 2849 2524 2904 uolumine
2547 2850 2786 2913 inclusit,
2817 2867 2913 2905 nos
2939 2852 3171 2906 utilitati
3197 2853 3511 2923 legentium,
3542 2854 3710 2922 facti-

460 2945 661 3011 dioque
698 2934 1052 3003 consulentes,
1092 2940 1218 3010 quia
1258 2939 1527 3008 prolixum
1554 2938 1704 2992 valde
1726 2939 2024 3003 videbatur,
2053 2939 2107 2991 in
2140 2936 2299 2991 libros
2324 2946 2581 3003 quatuor.
2607 2940 2883 2991 commoda
2911 2940 3255 2995 distinctione
3278 2942 3592 3008 divisimus,
3649 2955 3715 2998 ut

460 3045 564 3095 per
588 3028 904 3096 hujusmodi
939 3026 1098 3080 veluti
1130 3035 1319 3087 metas,
1359 3025 1570 3076 lectoris
1615 3024 1827 3077 animus
1856 3039 1893 3077 a
1917 3020 2036 3093 jugi
2081 3027 2391 3080 certaminis
2435 3028 2810 3081 exercitatione
2854 3029 3317 3098 requiesceret,.et
3361 3032 3600 3087 alacrior
3638 3038 3709 3085 art

468 3116 681 3184 reliqua
708 3112 1044 3183 perlegenda,
1076 3113 1431 3180 intentiorque
1457 3127 1660 3175 semper
1685 3120 2005 3182 assurgeret.
2041 3109 2099 3165 Si
2125 3112 2250 3180 quid
2284 3122 2459 3166 autem
2492 3114 2545 3166 in
2579 3116 2680 3168 hac
2712 3115 3148 3181 interpretatione
3176 3117 3252 3170 vel
3286 3117 3563 3173 obscurius
3595 3119 3713 3187 far-

464 3212 635 3263 tasse,
688 3203 768 3254 vel
809 3200 1181 3254 inconcinnius
1220 3197 1451 3267 positum
1496 3197 1726 3265 prudens
1771 3200 1933 3250 lector
1972 3197 2271 3266 offenderit,
2305 3201 2499 3266 partim
2533 3203 2585 3255 id
2649 3204 3107 3272 interpretationis
3154 3208 3480 3272 necessitati,
3513 3210 3713 3277 partim

464 3296 628 3343 etiam
658 3288 958 3342 immodicae
982 3287 1246 3341 celeritati
1281 3297 1551 3353 acceptum
1590 3286 1808 3352 referat.
1850 3282 1992 3337 Nam
2018 3293 2066 3337 et
2092 3278 2314 3338 materia
2356 3302 2418 3340 ea
2459 3298 2560 3352 est,
2593 3288 2825 3358 adeoque
2881 3292 3394 3359 angustisterminis
3422 3298 3715 3349 constricta

468 3388 528 3427 ut
557 3368 836 3446 interpre‘ti
866 3385 1036 3428 tutum
1069 3389 1174 3428 non
1198 3373 1381 3440 fuerit,
1431 3374 1671 3424 auctoris
1704 3371 1917 3439 vestigia
1953 3371 2158 3440 longius
2198 3373 2440 3427 deserere
2468 3388 2485 3426 :
2512 3391 2726 3441 ne,.sua
2759 3378 2937 3443 potius
2977 3374 3313 3445 compii'assc,
3342 3398 3501 3449 quam
3528 3379 3717 3449 aliena

464 3462 819 3514 transtulisse
863 3463 1170 3525 videretur;
1201 3471 1251 3513 et
1283 3459 1524 3513 celeritas
1554 3467 1704 3510 tanta
1728 3458 1831 3525 fuit
1851 3497 1866 3521 ,
1893 3466 1949 3508 ut
1984 3471 2111 3523 opus
2144 3460 2425 3523 mensium,
2461 3477 2563 3513 uno
2605 3461 2713 3529 fere
2745 3480 2922 3517 mense
2951 3467 3309 3521 traduxerim.
3348 3446 3533 3541 Neque
3568 3446 3723 3533 enim,

480 3549 697 3614 ignorat
725 3559 900 3600 sancta
932 3548 1165 3601 eruditio
1206 3558 1321 3611 tua,
1359 3561 1476 3615 qute
1510 3544 1775 3602 celeriter.
1815 3543 1924 3595 imo
1952 3545 2127 3595 verius
2164 3546 2561 3612 prwcipitanter
2597 3547 2966 3615 effundantur,
3000 3551 3065 3604 de
3098 3568 3153 3605 re
3195 3560 3494 3621 praesertim
3544 3559 3716 3610 ardua

468 3645 527 3687 et
566 3636 962 3703 augustissima,
998 3646 1046 3687 et
1072 3633 1356 3702 qua-nulla
1400 3632 1620 3685 tractari
1669 3632 1880 3682 cautius
1920 3628 2067 3680 dtbet
2114 3629 2198 3695 (de
2224 3629 2482 3683 Trinitate
2509 3632 2648 3705 enim
2680 3635 2850 3686 omnis
2880 3635 2991 3701 fere
3021 3653 3189 3690 sermo
3213 3638 3342 3705 est),
3374 3656 3438 3693 ea
3467 3658 3716 3699 accurate

462 3722 589 3774 dici
632 3733 909 3790 ornateque
934 3736 1038 3773 nan
1060 3734 1233 3787 posse.
1259 3717 1512 3772 Fideliter
1536 3727 1709 3770 tamen
1737 3730 1817 3768 me
1845 3713 2203 3776 transtulisse,
2231 3726 2534 3770 constanter
2560 3703 2996 3773 asseveraverim.
3019 3703 3344 3794 Incolumem
3377 3729 3715 3782 sanctitatem

466 3826 662 3877 tuam,
697 3828 762 3866 ac
794 3812 1009 3881 prolixa
1068 3820 1222 3864 (etate
1267 3807 1648 3876 tranquillam,
1695 3815 1744 3859 et
1783 3806 2086 3873 ﬂorentem,
2130 3801 2375 3857 Christus
2420 3802 2559 3857 Deus
2607 3817 2784 3859 noster
2831 3808 3161 3878 omnipotens
3211 3828 3420 3865 servare
3446 3814 3715 3884 dignetur,

477 3899 687 3952 Dorum
716 3909 920 3965 sancte,
953 3896 1342 3951 acbeatissime
1374 3892 1558 3948 Pater.

1434 4130 1775 4209 INCIPIT
1823 4144 2253 4209 AUCTORIS
2302 4141 2761 4205 PROLOGUS.

538 4298 815 4365 Quoniam
868 4294 1088 4364 quidem
1139 4293 1394 4348 fraternae
1428 4292 1741 4351 dilectionis
1768 4308 1899 4348 cura
1928 4308 2044 4345 ma-
2073 4299 2118 4357 Α
2152 4292 2410 4349 Ecclesiae
2440 4290 2660 4358 divisio,
2690 4292 2999 4348 necessario
3029 4301 3215 4350 secuta
3248 4303 3351 4351 est.
3391 4294 3543 4351 Scire
3569 4299 3719 4353 enim

464 4394 624 4445 :ima
672 4387 922 4442 habenda
974 4393 1099 4447 est.
1156 4395 1460 4455 cunctaque
1519 4399 1619 4454 pro
1678 4384 1772 4437 illa
1838 4383 2044 4452 agenda

467 4494 642 4552 atque
688 4480 960 4534 molienda
1001 4487 1152 4540 sunt,
1200 4481 1271 4530 ita
1315 4476 1546 4546 jubentc
1585 4477 1854 4541 Domino;
1911 4474 2046 4528 nihil

467 4589 605 4626 vero
637 4571 870 4640 gratius,
898 4569 1151 4638 nihilque
1186 4568 1375 4622 utilius
1421 4574 1525 4634 est,
1564 4582 1724 4636 quam
1758 4567 1824 4621 de
1860 4565 1968 4620 Dco
1995 4576 2048 4620 et

464 4664 667 4718 audire
696 4671 752 4716 et
803 4661 988 4730 loqui;
1020 4676 1083 4715 ex
1116 4675 1222 4729 quo
1256 4661 1427 4723 lit,:ut
1463 4671 1524 4713 ot
1557 4658 1650 4728 qui
1684 4658 1832 4718 dant.
1866 4666 1924 4711 et
1953 4654 2046 4728 qui

422 4753 774 4823 -accipiunt,
828 4767 1023 4820 Inagna
1078 4757 1486 4819 consequantur
1518 4748 1920 4809 etuolumeuta;
1971 4749 2047 4801 vi-

468 4858 702 4911 tamque
738 4843 861 4896 inde
890 4841 1275 4910 sempiternam
1303 4841 1655 4909 adipiscimur
1681 4856 1696 4893 :
1731 4836 1861 4893 Han:
1886 4840 2045 4907 enim,

466 4935 682 5002 inquit,
718 4933 932 4986 estvita
968 4930 1187 4994 aeterna,
1234 4938 1292 4984 ut
1340 4940 1657 4999 cognoscant
1689 4938 1738 4982 te
1764 4928 1933 4981 soluat
1961 4944 2048 4982 ve-

467 5043 591 5079 rum
649 5024 834 5087 Deum,
884 5033 934 5078 et
983 5041 1133 5093 quem
1184 5026 1378 5079 misisti
1428 5026 1612 5082 Iesum
1662 5029 1932 5084 Christum
1987 5030 2044 5094 ';

464 5122 706 5186 quaequo
738 5116 953 5169 scilicet
1002 5115 1327 5183 divinitatis,
1373 5127 1428 5172 et
1474 5136 1595 5187 qum
1651 5121 1899 5176 humana:
1932 5121 2046 5176 dis-

465 5206 816 5276 pensationis
875 5215 1066 5271 sunt;
1129 5216 1298 5277 tuque
1352 5224 1381 5262 a
1438 5211 1596 5265 nobis
1655 5213 1885 5282 exegisti
1948 5229 2048 5283 pro

466 5299 701 5353 modulo
739 5298 937 5351 virium
975 5308 1287 5353 nostrarum
1324 5300 1539 5353 edoceri
1568 5344 1580 5365 ,
1616 5312 1674 5356 ut
1707 5320 1826 5358 sese
1850 5305 2050 5359 habent

464 5382 794 5443 sanctorum
843 5386 1067 5443 Patrum
1102 5389 1169 5444 de
1201 5392 1551 5459 proeessimle
1596 5391 1833 5461 Spiritus
1863 5396 2052 5449 rectis-

463 5482 612 5534 sima
643 5480 871 5546 Opinio:
900 5480 968 5533 de
996 5495 1103 5548 qua
1130 5480 1359 5543 scilicet,
1390 5496 1513 5534 cum
1543 5480 1712 5535 (Συ-ειςοί
1766 5482 2051 5551 Latinique

461 5569 848 5637 dissentiant,
915 5568 1192 5623 dissensio
1252 5569 1460 5629 etiam,
1541 5579 1703 5639 atque
1766 5574 2050 5641 utriusque

547 5758 1022 5835 Herminius.
1101 5771 1555 5838 'Matth.x,27.
1636 5748 2157 5839 {umquam

1210 6007 1247 6023 ο

2149 4386 2328 4455 cupis,
2358 4385 2561 4454 quibus
2598 4393 2828 4453 utraque
2874 4383 3114 4440 Ecclesia
3161 4387 3467 4444 rationibus
3503 4390 3721 4455 nititur,

2149 4492 2310 4545 atque
2344 4490 2466 4529 utra
2500 4490 2568 4528 ex
2600 4475 2685 4529 his
2747 4477 3128 4531 rationabilius
3158 4478 3381 4541 sentiat,
3427 4488 3723 4547 pra-terens

2149 4582 2277 4637 que,
2316 4567 2535 4621 dicente
2562 4564 2792 4621 Domino
2821 4583 2836 4619 :
2868 4568 2999 4630 Quae
3047 4567 3165 4620 dico
3191 4568 3335 4623 vobis
3377 4569 3430 4622 in
3471 4570 3717 4633 tenebris,

2148 4662 2308 4714 dicite
2337 4663 2395 4714 in
2426 4662 2624 4716 lumine
2645 4700 2663 4727 ,
2694 4672 2745 4716 et
2792 4679 2907 4732 qua:
2930 4663 2982 4714 in
3004 4678 3136 4715 aure
3161 4662 3407 4721 audistis.
3438 4663 3725 4731 praedicata

2149 4770 2304 4822 super
2339 4764 2476 4807 tecta
2506 4756 2548 4807 '.
2581 4732 3004 4824 Apostoloitem
3049 4754 3297 4810 terribile
3343 4755 3543 4810 silentii
3575 4755 3725 4821 judi-

2152 4846 2295 4902 cium
2325 4845 2662 4909 iusinuaizte,
2699 4863 2760 4900 ac
2789 4848 3034 4901 dicente:
3066 4845 3336 4915 Testi/icor
3370 4846 3725 4912 vobishadie,

2149 4939 2275 5008 quia
2308 4938 2531 4991 mundus
2561 4934 2675 4991 sum
2707 4955 2737 4991 a
2768 4938 3031 5007 sanguine
3073 4938 3346 5000 omnium;
3394 4954 3557 5000 neque
3584 4938 3727 4991 enim

2151 5029 2478 5082 dissimulavi
2527 5022 2772 5082 nuntiare
2802 5029 2944 5082 vobis
2992 5043 3196 5080 onmem
3240 5030 3514 5081 veritatem
3564 5040 3718 5097 atque

2151 5120 2433 5174 consilium
2484 5120 2580 5174 Dei
2613 5122 2676 5188 a;
2715 5130 2878 5188 atque
2927 5119 3029 5174 hoc
3076 5118 3256 5188 ipsum
3287 5118 3595 5189 iaciendum
3625 5121 3723 5178 τιή»

2154 5221 2450 5266 mouente:
2485 5209 2614 5265 Ila-c
2641 5212 2800 5276 enim,
2831 5211 3029 5279 inquit,
3072 5212 3315 5272 admone.
3351 5220 3398 5264 et
3432 5223 3729 5268 contestare

2154 5320 2331 5357 coram
2367 5303 2476 5356 Deo
2505 5302 2547 5357 ⁸.
2609 5301 2719 5356 Etsi
2753 5303 2819 5356 du
2854 5301 2961 5356 Ι)ρο
3016 5318 3080 5357 ac
3126 5304 3323 5357 divinis
3355 5304 3519 5358 rebus
3577 5306 3723 5373 loqui

2157 5395 2263 5448 illis
2303 5396 2483 5463 potius
2534 5394 2845 5457 conveniat,
2878 5395 2970 5464 qui
3015 5410 3231 5465 semper
3275 5396 3328 5449 in
3366 5396 3480 5467 lege
3511 5398 3724 5452 Domini

2158 5486 2505 5549 inluditanles,
2546 5485 2846 5553 purgatim‘i
2909 5486 3012 5539 vita
3076 5496 3129 5541 ct
3172 5488 3526 5558 intelligentia
3574 5498 3725 5552 sunt,

2160 5588 2191 5627 a
2236 5575 2437 5629 ouihus
2481 5589 2581 5628 nos
2627 5574 2946 5644 longissime
2981 5579 3178 5633 remoti
3211 5594 3425 5641 sumus,
3480 5579 3728 5649 pluriuns

3638 5694 3673 5709 η

2257 5774 2275 5803 ⁸
2318 5772 2425 5828 Tit.
2466 5790 2525 5838 ιι,
2582 5776 2662 5830 l5.
