4046 6204
357 356 423 419 15
1612 348 2007 411 MANUELIS
2040 350 2342 412 CALECJE
3539 352 3604 416 16

355 480 538 525 tamen
577 463 883 521 rationibus
917 477 1003 518 me
1051 462 1117 518 ad
1165 462 1518 519 scribendum
1583 462 1931 515 hortantibus
1962 465 2007 520 Α
2037 464 2181 522 ferre
2241 478 2405 537 atque
2446 465 2570 521 aliis
2603 465 2863 520 tradere?
2904 480 3049 521 nunc
3084 466 3306 535 quidem
3352 467 3609 520 amicitiae

358 569 521 629 atque
584 555 1034 626 impellentibus,
1098 554 1406 621 aggrediar,
1472 552 1752 616 facultate,
1820 567 1928 621 qua

356 660 571 719 potero,
622 664 744 716 qua:
790 662 821 701 a
856 645 1061 701 sanctis
1095 643 1352 698 Patrihus
1386 644 1452 697 de
1488 644 1589 697 hac
1636 658 1695 697 re
1729 644 1931 713 scripta

358 754 522 806 sunt,
594 739 814 794 Christo
871 739 1029 802 duce,
1090 736 1364 790 moderate
1397 744 1562 803 atque
1592 734 1931 805 simpliciter,

358 840 576 889 servato
618 829 964 900 compendio,
1033 826 1126 880 tibi
1200 840 1511 895 exponere:
1550 826 1797 895 plurimis
1830 829 1935 881 sci-

359 923 492 978 licet
549 922 769 977 omissis
821 922 987 990 (nam
1064 918 1443 985 longissimum
1499 926 1682 982 esset,
1752 919 1934 973 omnia

358 1014 664 1086 prosequi),
719 1012 1023 1083 paucisque
1078 1011 1426 1065 solummodo
1474 1010 1689 1079 positis,
1737 1011 1937 1079 quibus

358 1120 613 1163 constare
664 1106 839 1175 possit
891 1118 1141 1174 quamam
1190 1102 1296 1157 illis
1349 1102 1415 1156 de
1481 1102 1579 1156 hac
1665 1116 1720 1155 re
1767 1101 1938 1155 fuerit

358 1198 546 1268 opinio
577 1215 590 1251 :
627 1206 687 1252 ut
711 1212 775 1251 ex
801 1196 902 1250 hac
932 1195 1309 1250 moderatione
1343 1203 1554 1258 nostra,
1588 1202 1642 1246 et
1674 1204 1753 1257 tu,
1786 1191 1934 1260 quod

358 1290 427 1342 ab
480 1288 661 1342 amico
709 1286 1010 1355 requisisti,
1064 1285 1465 1353 consequaris;
1518 1292 1571 1337 et
1622 1284 1757 1353 ipse,
1806 1284 1933 1336 dum

357 1381 578 1434 illorum
641 1379 954 1450 prolixitate
1018 1392 1126 1449 non
1188 1386 1435 1439 terreor,
1503 1374 1937 1442 brevitatemque

361 1472 622 1541 temporis
650 1486 759 1525 non
794 1471 1145 1540 pertimesco,
1178 1469 1400 1523 meliore
1432 1468 1543 1537 jam
1576 1467 1767 1551 animo
1792 1467 1894 1519 sim
1921 1506 1936 1531 ,

358 1564 434 1616 illi
474 1577 561 1615 me
591 1561 843 1616 vindicta:
872 1560 1220 1615 subdendum
1268 1574 1378 1613 non
1411 1573 1554 1623 esse,
1589 1573 1710 1627 qua:
1739 1556 1815 1611 illi
1850 1557 1937 1610 in-

357 1660 623 1715 tentatur,
653 1649 747 1719 qui
782 1650 1048 1703 talentum
1080 1648 1387 1703 abscondit.

429 1739 545 1794 Non
603 1740 771 1810 igitur
820 1738 1031 1803 tacebo,
1082 1752 1207 1792 cum
1260 1735 1536 1807 praecipue
1583 1736 1651 1791 de
1704 1736 1931 1792 veritate

358 1831 485 1887 ﬁdei
516 1830 649 1885 mihi
682 1844 864 1886 sermo
892 1822 1115 1884 futurus
1147 1828 1238 1894 sit,
1265 1843 1438 1897 neque
1473 1827 1767 1897 ambigam,
1797 1825 1931 1896 quin

358 1938 455 1992 per
489 1932 539 1976 te
570 1921 646 1975 ad
680 1921 820 1976 alios
884 1934 1105 1989 quoque
1138 1928 1435 1973 manatura:
1468 1920 1576 1973 sint
1608 1920 1803 1972 littera:
1844 1931 1945 1971 no—

360 2025 511 2078 striae,
564 2027 704 2086 quos
748 2011 951 2080 alloqui
1006 2010 1107 2079 ipsi
1160 2024 1266 2062 non
1312 2012 1704 2078 possumusﬁct
1751 2023 1973 2081 eorum‘

359 2103 622 2158 obtestari
670 2099 738 2156 de
771 2102 1003 2154 veritate
1048 2100 1170 2154 ﬁdei
1198 2099 1336 2164 ;'his
1383 2109 1565 2153 autem
1603 2098 1787 2153 licebit
1821 2099 1944 2154 iilos

362 2195 565 2265 alloqui
594 2194 750 2264 juxta
782 2192 1023 2247 edictum
1056 2208 1071 2257 ;
1126 2203 1292 2260 atque
1339 2190 1432 2255 ita,
1460 2190 1588 2244 dum
1624 2191 1947 2260 multiplica-

364 2289 511 2343 bitur
558 2287 708 2341 verbi
761 2284 1173 2348 ministerium,
1223 2284 1358 2337 mihi
1414 2284 1515 2352 ipsi
1570 2283 1747 2337 ﬁdelis
1800 2285 1944 2341 servi

365 2393 575 2433 merces
624 2360 1166 2445 excompensabitur.
1222 2374 1551 2443 Quanquam
1597 2390 1725 2429 vero
1774 2390 1947 2444 pauca

365 2473 433 2535 de
474 2466 663 2523 multis
711 2466 1067 2537 appositurus
1111 2466 1238 2531 sim,
1281 2465 1327 2520 si
1358 2465 1485 2533 quis
1526 2474 1704 2519 tamen
1764 2465 1948 2535 jurgio

365 2574 421 2619 et
480 2559 837 2617 contentione
896 2558 1188 2628 sepositis,
1262 2558 1458 2626 ipsam,
1507 2572 1603 2626 per
1685 2556 1947 2626 seipsavn,

364 2654 649 2710 veritatem
684 2644 802 2717 rei,
852 2652 916 2706 e'x
978 2651 1085 2715 his,
1162 2633 1283 2721 quae
1336 2650 1493 2703 ﬁrma
1543 2659 1597 2704 et
1646 2658 1764 2703 rata
1820 2657 1950 2704 sunt

367 2746 627 2815 indagare
661 2750 869 2820 pergat,
896 2742 1056 2813 longe
1084 2741 1451 2803 brevioribus,
1482 2750 1643 2808 atque
1673 2740 1805 2810 ipsis
1835 2752 1952 2795 tan-

370 2846 486 2891 tum
518 2835 642 2891 ﬁdei
688 2834 981 2905 principiis
1029 2834 1173 2888 hanc
1223 2831 1488 2887 illustrari
1526 2847 1687 2902 posse
1731 2847 1951 2902 compe—

368 2930 511 2985 riet:
563 2941 741 2997 eoque
771 2925 1027 2997 “acilius,
1078 2939 1189 2996 quo
1236 2924 1403 2979 Deum
1452 2924 1652 2978 talibus
1696 2924 1949 2979 auxiliari

370 3030 580 3078 certum
618 3028 725 3085 est,
756 3019 850 3089 qui
886 3033 1009 3074 cum
1044 3019 1247 3089 pietate
1271 3027 1561 3085 quaerunt:
1596 3015 1948 3084 Cooperatar,

370 3112 569 3182 inquit,
601 3110 743 3165 Deus
774 3119 851 3165 est
887 3111 1032 3164 omni
1060 3109 1318 3179 querenti
1352 3109 1541 3162 bonum
1571 3109 1613 3161 ⁸.
1665 3106 1824 3178 lsque
1854 3110 1947 3179 qui
1979 3096 2022 3154 ο

375 3204 697 3273 Scripturas
762 3203 1013 3257 hortatur
1073 3201 1306 3255 scrutari
1356 3201 1408 3265 ⁸,
1469 3200 1638 3269 seque
1697 3202 1949 3255 daturum

373 3293 672 3363 petentibus
739 3292 1173 3362 pulsantibusque
1207 3290 1225 3321 '
1266 3283 1609 3359 aperturum
1679 3291 1952 3360 pollicitus

374 3397 477 3454 est,
534 3401 643 3442 non
694 3386 975 3457 permittet
1018 3382 1332 3453 hujusmodi
1382 3383 1596 3453 longius
1648 3398 1678 3437 a
1728 3385 1953 3439 veritate

378 3482 657 3533 aberrare.

449 3565 719 3633 Quoniam
749 3563 914 3633 igitur
942 3563 1147 3618 dictum
1176 3574 1258 3617 est
1287 3581 1298 3615 :
1343 3561 1423 3616 Da
1456 3563 1683 3629 sapienti
1720 3566 1954 3619 occasio-

376 3675 515 3725 nem,
543 3668 592 3711 et
619 3655 908 3725 sapientior
931 3656 1028 3709 erit
1058 3655 1118 3719 ⁸;
1150 3654 1364 3723 qualem
1393 3663 1444 3708 te
1473 3669 1594 3710 esse
1622 3656 1757 3719 scio,
1789 3671 1953 3725 quem

380 3751 516 3806 nihil
568 3764 668 3819 pro
719 3747 1094 3810 contentione,
1133 3746 1268 3799 nihil
1319 3760 1416 3815 pro
1463 3748 1705 3801 vanitate
1756 3750 1954 3813 facere,

379 3840 667 3909 solamque
703 3852 885 3892 rerum
918 3835 1200 3889 veritatem
1236 3835 1513 3902 sapienter
1573 3850 1635 3888 ac
1665 3835 1957 3903 prudenter

380 3931 662 4001 inquirere
710 3942 811 3997 pro
868 3929 1165 3995 comperto'
1209 3923 1424 3977 habeo:
1483 3924 1783 3993 promptius
1820 3925 1955 3995 jam,

382 4021 530 4094 quod
574 4019 860 4089 quazritur,
910 4016 1185 4084 explicare
1233 4014 1538 4083 aggrediar.
1592 4014 1780 4085 Neque
1828 4030 1960 4072 sane

384 4117 610 4182 ignarus
644 4124 789 4173 sum,
835 4108 1149 4176 complures
1197 4099 1304 4177 iam
1353 4106 1622 4175 plurimos
1667 4108 1736 4163 de
1764 4110 1867 4165 hac
1899 4108 1963 4167 re

382 4204 673 4275 scripsisse
721 4202 893 4256 libros
923 4240 939 4266 ,
992 4200 1111 4269 qui,
1167 4198 1295 4253 licet
1357 4199 1561 4253 veritas
1612 4201 1959 4269 paucioribus

383 4297 659 4367 indigeret
704 4293 911 4359 verbis,
951 4289 1139 4346 multis
1170 4300 1353 4345 tamen
1402 4289 1540 4359 ipsis
1584 4290 1961 4360 indiguerunt,

386 4397 451 4445 ut
503 4402 624 4442 eam
668 4394 859 4441 contra
914 4384 1039 4438 illos
1090 4392 1398 4447 tuerentur,
1456 4382 1549 4451 qui
1593 4383 1960 4439 contentionis

385 4479 571 4535 studio
606 4478 752 4531 illam
786 4478 1054 4531 lacessere
1087 4474 1387 4529 tentabant.

452 4570 743 4636 Cmterum,
781 4568 926 4624 sicut
971 4568 1356 4637 unusquisque
1406 4566 1644 4621 ﬁdelium
1683 4566 1803 4620 fidei
1831 4583 1959 4637 pro-

386 4664 491 4717 fert
539 4660 943 4715 confessionem
974 4678 986 4713 :
1039 4657 1208 4713 Corde
1242 4661 1377 4712 ctrina
1411 4660 1646 4713 creditur
1687 4661 1756 4713 ad
1784 4662 1961 4729 justi-

392 4757 564 4817 giam:
609 4769 697 4806 ore
758 4762 933 4805 autem
970 4752 1228 4820 confessio
1273 4752 1332 4820 ﬁt
1377 4752 1444 4805 ad
1496 4752 1720 4806 salutent
1750 4758 1802 4807 ἐ
1834 4754 1963 4823 quid

387 4846 639 4916 prohibet
670 4845 811 4899 hanc
841 4843 1007 4898 etiam
1054 4846 1330 4898 communi
1369 4845 1472 4899 ﬁde
1510 4846 1961 4915 comprehensam

388 4940 697 5006 veritatem,
729 4937 874 4993 siem
904 4951 933 4991 a
961 4939 1165 4991 sanctis
1192 4936 1449 4993 Patrihus
1474 4938 1811 5007 aecrpimus,
1845 4952 1955 5006 pro.

492 5118 513 5149 '
544 5117 703 5173 Rom.
736 5133 852 5185 viti,
882 5117 972 5173 ‘28.

1090 5119 1110 5149 ‘
1139 5117 1294 5174 Joan.
1330 5134 1382 5183 v,
1428 5116 1514 5172 59.
1596 5117 1781 5190 "Luc.
1818 5134 1889 5183 xi,
1925 5118 1979 5173 9.

2034 559 2309 628 implendo
2366 573 2606 623 munus;
2668 572 2815 611 nunc
2870 565 3050 610 autem
3104 558 3396 621 docendo,
3462 571 3609 611 nunc

2035 649 2295 704 studiosis
2320 650 2463 704 illius
2489 648 2826 703 consulendo
2850 665 2865 714 ;
2898 663 3044 701 nunc
3074 648 3403 703 revincendo
3423 649 3614 702 adver-

2036 741 2213 795 sarios
2241 760 2255 807 ;
2288 749 2454 810 atque
2498 740 2724 794 omnino
2768 750 3084 793 sanctorum
3131 740 3234 793 hac
3270 742 3335 794 de
3384 740 3615 793 veritate

2037 832 2367 897 doctrinam,
2401 834 2585 901 'qnam
2639 847 2667 885 a
2726 830 2984 885 Patribus
3033 831 3242 886 nostris
3276 832 3610 899 accepimus,

2038 938 2312 993 quamque
2359 922 2438 977 illi
2489 938 2517 976 a
2569 923 2871 991 majoribus
2906 924 3022 976 suis
3055 938 3150 991 per
3203 923 3611 977 successionem

2037 1025 2356 1083 acceperant
2414 1015 2790 1084 proponendo,
2864 1024 3031 1084 atque
3069 1014 3255 1069 omnia
3302 1014 3514 1069 honesti
3563 1023 3615 1068 et

2037 1107 2200 1175 mqui,
2237 1106 2495 1159 fraternae
2528 1106 2840 1160 dilectionis
2876 1120 3043 1160 causa
3094 1107 3484 1175 dispensanilo,
3532 1092 3615 1160 ni:

2041 1200 2228 1267 hilque
2275 1199 2504 1252 omnino
2556 1198 2862 1252 omittendo
2913 1199 3232 1268 diligentiae.
3282 1197 3399 1251 Non
3433 1200 3615 1266 itaque

2039 1288 2225 1357 gloria:
2272 1289 2457 1358 cupidi
2508 1288 2820 1353 scribimus,
2870 1290 2962 1343 sed
3007 1289 3165 1343 amici
3218 1291 3355 1343 votis
3405 1305 3611 1342 morem

2038 1389 2315 1448 gerentes,
2346 1395 2540 1435 eorum
2571 1394 2691 1448 qua:
2714 1379 3096 1449 praediximus,
3133 1381 3324 1450 gratia,
3373 1379 3613 1433 laborem

2040 1471 2187 1525 hunc
2218 1473 2581 1538 suscepimus.
2628 1470 2739 1526 Nec
2774 1482 2965 1526 nostra
3013 1472 3271 1537 dicimus,
3310 1472 3404 1526 sed
3438 1486 3556 1540 quae
3585 1484 3615 1523 a

2042 1565 2248 1618 sanctis
2279 1565 2537 1620 Patribus
2581 1566 2910 1634 illorumque
2972 1564 3384 1620 successoribus
3411 1564 3617 1631 scripta

2041 1655 2293 1724 legimus.
2349 1672 2435 1721 ea,
2498 1665 2715 1711 servato
2768 1656 3159 1726 disputationis
3216 1658 3429 1720 ordine,
3491 1654 3621 1706 hinc

2044 1749 2169 1809 inde
2216 1747 2441 1801 collecta
2475 1788 2491 1813 ,
2549 1748 2790 1803 breviter
2872 1748 3216 1818 strictimque
3274 1747 3557 1815 posuimus
3599 1762 3615 1798 :

2048 1836 2233 1891 hacin
2278 1853 2333 1890 re
2378 1838 2515 1901 sola,
2570 1839 2615 1891 si
2667 1839 2749 1893 sic
2799 1838 2906 1893 dici
2957 1839 3226 1908 oporteat,
3279 1836 3614 1905 gloriantes:

2045 1930 2191 1997 quod
2238 1939 2554 1984 sanctorum
2613 1930 2682 1985 de
2739 1944 2802 1984 ea
2850 1945 2908 1986 re
2953 1931 3301 1999 opinionem,
3352 1928 3620 1997 largiente

2046 2019 2180 2084 Deo,
2219 2034 2319 2073 nos
2353 2028 2405 2073 et
2436 2019 2597 2081 scire,
2630 2028 2685 2073 et
2720 2020 2859 2073 tueri
2912 2027 3229 2073 constanter
3258 2016 3618 2072 ostendimus.

2048 2110 2231 2180 Neque
2258 2127 2390 2165 sane
2421 2094 2745 2180 ignoramus
2766 2111 3053 2180 plurimos,
3086 2110 3137 2165 in
3168 2126 3398 2179 quorum
3428 2125 3621 2165 manus

2050 2207 2153 2257 ista
2189 2203 2327 2257 forte
2368 2203 2738 2271 pervenerint,
2795 2201 2992 2269 quibus
3034 2202 3224 2255 odiosa
3279 2212 3362 2255 est
3395 2206 3615 2265 veritas,

2050 2296 2152 2349 hac
2212 2295 2331 2363 ipsa
2394 2304 2580 2349 nostra
2660 2294 2970 2348 constantia
3044 2302 3097 2348 et
3152 2292 3497 2354 confidentia,
3550 2296 3617 2346 all

2046 2387 2403 2458 jaculandum
2462 2388 2516 2441 in
2570 2401 2668 2441 nos
2707 2386 2936 2440 consilia
2989 2395 3044 2440 et
3098 2386 3381 2440 maledicta
3424 2402 3619 2455 prove—

2051 2480 2290 2545 candos;
2351 2488 2653 2546 contraque
2707 2472 2921 2546 penitus
2980 2477 3244 2546 ageinlum
3301 2477 3459 2530 nobis
3510 2486 3617 2539 est,

2053 2572 2441 2639 contrariaque
2503 2568 2862 2623 incedendum
2927 2568 3053 2631 via,
3105 2582 3266 2636 quam
3310 2570 3355 2622 si
3409 2583 3621 2621 ramus-

2052 2668 2206 2721 culos
2236 2665 2424 2718 inanes
2450 2672 2815 2731 captaremus.
2840 2657 2974 2713 Nam
3002 2660 3046 2713 si
3073 2659 3294 2730 quidem
3326 2648 3619 2713 humanum

2053 2757 2280 2825 gratiam
2331 2764 2384 2809 ct
2423 2753 2649 2824 gloriam
2716 2763 3136 2820 aucuparentur,
3188 2767 3465 2819 nunquam
3524 2765 3623 2803 nos

2054 2848 2365 2902 auditorum
2393 2845 2535 2901 odiis
2560 2858 2961 2913 exponeremus
2989 2885 3003 2909 ,
3038 2843 3154 2907 sed,
3183 2859 3303 2913 qua:
3334 2843 3441 2897 illis
3470 2855 3622 2913 grata

2054 2938 2171 2995 fore
2200 2948 2545 3008 putaremus,
2576 2952 2639 2992 ea
2675 2938 3047 3006 loqueremur.

2126 3025 2356 3081 Constat
2383 3041 2535 3096 ergo,
2565 3040 2690 3089 nos,
2716 3025 2819 3079 nisi
2850 3024 3131 3078 veritatem
3165 3024 3339 3079 rebus
3368 3024 3623 3077 omnibus

2057 3118 2506 3190 praetulissemus,
2546 3131 2824 3183 nunquam
2869 3116 2939 3189 in.
2982 3118 3124 3169 hunc
3164 3116 3448 3169 verborum
3479 3130 3627 3168 cam-

2058 3227 2187 3281 pum
2223 3212 2626 3272 descensuros,
2677 3208 2729 3261 in
2781 3222 2912 3276 quo,
2962 3208 3166 3261 laboris
3216 3208 3508 3276 plurimum
3560 3219 3624 3259 ac

2055 3302 2390 3358 diﬁicultatis
2418 3343 2432 3367 ,
2467 3301 2720 3355 humanm
2756 3315 2884 3354 vero
2914 3300 3099 3368 gratiae
3138 3298 3444 3353 minimum.

2129 3394 2309 3463 ipsum
2361 3393 2543 3460 itaque
2591 3401 2843 3445 sanctum
2887 3391 3173 3459 Spiritum,
3221 3390 3287 3443 de
3335 3404 3444 3458 quo
3479 3404 3625 3443 nunc

2056 3481 2215 3535 nobis
2268 3495 2451 3533 sermo
2503 3480 2832 3543 instituitur,
2891 3479 3129 3547 primum
3182 3479 3517 3541 invocantes,
3553 3478 3624 3531 ita

2056 3571 2300 3635 den-um,
2338 3583 2459 3639 qua:
2506 3570 2915 3637 proposuimus,
2959 3571 3366 3637 aggrediamur.
3403 3569 3627 3623 Uteniur

2057 3673 2241 3719 autem
2278 3678 2375 3732 pro
2429 3660 2774 3715 documentis
2840 3660 2974 3725 ipsis
3017 3659 3190 3713 initiis
3232 3660 3376 3722 ﬁdei,
3418 3669 3471 3713 et
3509 3675 3631 3729 qua:

2057 3774 2120 3812 ex
2175 3757 2254 3810 eis
2304 3763 2587 3821 assumpta
2642 3767 2704 3805 ac
2750 3750 2995 3804 derivata
3055 3761 3205 3814 sunt,
3253 3761 3517 3820 quantum
3573 3754 3627 3805 in

2060 3848 2171 3902 Deo
2233 3846 2547 3913 divinisque
2592 3842 2775 3907 rebus,
2828 3843 3242 3911 probationibus
3285 3844 3361 3897 uti
3411 3843 3492 3898 fas
3520 3853 3625 3907 est,

2060 3940 2148 3993 his
2197 3938 2383 4001 etiam,
2432 3950 2554 4005 quae
2600 3949 2631 3987 a
2684 3933 2967 3989 catholicis
3044 3934 3302 3989 Ecclesia:
3354 3937 3629 4006 magistris

2059 4034 2202 4087 dicta
2237 4038 2387 4085 sunt.
2548 4100 2549 4103 η

2138 4126 2204 4177 Et
2253 4123 2536 4192 quoniam,
2576 4121 2776 4189 quibus
2804 4117 3041 4172 maxime
3091 4119 3392 4175 rationibus
3418 4122 3632 4177 ostendi

2064 4217 2241 4288 possit
2268 4216 2452 4283 ejusce
2488 4211 2810 4281 quaestionis
2846 4210 3067 4273 veritas,
3102 4210 3336 4277 primum
3364 4211 3626 4281 inquiris:

2064 4307 2277 4368 deinde.
2322 4321 2440 4374 qum
2480 4304 2584 4358 illis
2611 4302 2964 4371 ubjiciantur,
3003 4300 3223 4369 exponi,
3278 4316 3341 4354 ac
3376 4304 3628 4371 deinceps

1994 4428 2037 4482 Ι)
2068 4398 2151 4450 vel
2203 4395 2411 4460 objecta
2468 4391 2666 4456 refelli,
2720 4390 2804 4442 vel
2853 4404 2973 4456 qua:
3019 4387 3269 4482 ambigua
3322 4388 3627 4454 videantur,

2068 4484 2337 4540 declarari
2392 4482 2680 4551 postulas,
2742 4494 2865 4532 eum
2921 4486 2974 4530 et
3032 4492 3129 4528 nos
3175 4476 3229 4528 in
3280 4479 3632 4545 sequentibus

2070 4578 2316 4633 ordinem
2351 4590 2445 4644 per
2483 4573 2666 4625 omnia
2701 4569 3060 4624 servabimus.
3108 4564 3182 4619 Ex
3219 4581 3345 4635 quo,
3379 4568 3423 4621 si
3470 4571 3637 4637 proli-

2074 4670 2255 4723 xiores
2306 4668 2538 4721 fortasse
2574 4666 2801 4724 erimus,
2834 4677 2998 4731 quam
3048 4666 3315 4727 suscepta:
3362 4659 3637 4715 brevitatis

2076 4761 2213 4813 ratio
2245 4759 2523 4827 poscebat,
2560 4755 2874 4810 necessitati
2918 4750 3310 4820 indulgendum
3343 4761 3466 4805 erit.
3502 4752 3638 4806 llinc

2072 4861 2254 4906 autem
2290 4851 2504 4903 initium
2541 4863 2844 4903 sumemus.

2056 5118 2075 5147 ⁸
2113 5116 2271 5172 Prov.
2315 5133 2387 5185 ix,
2422 5118 2477 5173 9.
2589 5118 2609 5148 ’
2647 5114 2803 5172 Rom.
2838 5132 2888 5185 x,
2929 5119 3015 5175 ιο.
