4010 6220
328 301 394 368 17
1444 308 1847 370 ADVERSUS
1885 307 2200 372 caecos
2243 311 2368 371 LIB
2407 313 2458 374 Ι.
3512 323 3576 387 t8
3661 293 3664 298 ’

361 460 2225 492 _._.________________________

2230 476 3537 501 Μ

1158 596 1968 792 MANUELIS
2068 666 2730 798 CALECAE

1492 968 1854 1060 LIBER
1929 970 2380 1064 PRIMUS

733 1177 1068 1244 CONTRA
1143 1179 1494 1246 GRAECOS

1572 1183 1689 1244 DE
1753 1183 2346 1250 PROCESSIONE
2407 1186 2722 1254 SANCTI
2780 1192 3201 1258 SPIRITUS.

405 1527 537 1581 Cum
571 1524 840 1578 Dominus
889 1535 1079 1580 noster
1123 1523 1281 1580 Iesus
1315 1525 1570 1583 Christus
1619 1526 1900 1595 discipulis
1929 1523 1980 1584 Δ
2003 1529 2156 1586 illum
2189 1539 2243 1584 et
2271 1529 2336 1584 ad
2378 1539 2646 1584 creaturas
2680 1529 2929 1584 ordinem
2971 1529 3240 1586 deducere
3270 1572 3284 1596 ,
3326 1541 3380 1586 et
3410 1530 3586 1599 Patri,

351 1618 574 1671 dixerit:
609 1615 809 1669 Euntes
841 1617 896 1668 in
924 1617 1176 1669 mundum
1222 1620 1548 1681 universum,
1587 1617 1764 1670 docete
1795 1633 1908 1670 om-

355 1725 436 1760 nes
478 1716 671 1776 gentes.
724 1707 1053 1772 baptizantes
1103 1723 1189 1760 eos
1241 1706 1296 1759 in
1346 1708 1555 1760 nomine
1608 1706 1808 1771 Patris,
1861 1718 1909 1761 et

346 1797 492 1861 Filii,
516 1808 567 1851 et
601 1799 841 1866 Spiritus
873 1801 1046 1853 sancti
1075 1799 1138 1862 ιθ,
1173 1814 1302 1852 num
1339 1798 1474 1854 ordo
1517 1799 1716 1869 aliquis
1742 1808 1825 1854 est
1854 1801 1908 1854 iu

344 1884 660 1944 nominibus
680 1903 741 1942 ac
775 1890 942 1943 rebus
964 1900 1166 1944 sancta:
1191 1889 1480 1944 Trinitatis
1504 1891 1678 1959 ipsius
1709 1890 1910 1956 Patris,

333 1991 397 2036 .et
454 1978 610 2043 Filii,
670 1989 723 2033 et
768 1977 1259 2047 Spiritus'sancti,
1329 1981 1425 2049 qui
1483 1983 1794 2036 necessario
1849 1997 1914 2036 ac

344 2085 564 2139 semper
615 2070 669 2122 in
716 2071 897 2137 seipso
956 2071 1099 2124 idem
1149 2072 1221 2125 sit
1271 2087 1337 2125 ex
1389 2073 1522 2141 ipsis
1600 2074 1914 2130 nominibus

352 2163 660 2216 insinuatur:
687 2178 702 2212 :
730 2172 895 2228 atque
932 2170 988 2214 ut
1018 2177 1078 2216 se
1107 2162 1175 2216 ad
1198 2163 1429 2217 invicem
1489 2163 1691 2218 habent
1722 2180 1917 2219 secun-

347 2254 478 2307 dum
531 2253 1034 2321 pronuntiationem
1086 2268 1148 2307 ea
1198 2254 1459 2319 nomina,
1513 2255 1585 2310 ita
1632 2259 1798 2310 etiam
1850 2258 1917 2311 ad

346 2344 576 2413 invicem
617 2344 814 2397 divina:
856 2358 1103 2412 persona:
1131 2345 1394 2399 ordinatae
1440 2346 1594 2400 sint?
1627 2345 1798 2412 Quem
1829 2362 1920 2401 or-

347 2435 526 2488 dinem
591 2444 874 2488 servantes
950 2420 1114 2500 atque
1178 2435 1553 2500 honorantes,
1609 2439 1921 2492 necessario

353 2527 578 2579 immota
629 2527 791 2578 etiam
849 2525 1245 2580 haec'nomina
1300 2527 1544 2595 proferre
1600 2517 1917 2595 debeamus,

351 2617 482 2670 nihil
513 2633 604 2684 ex
656 2618 856 2670 tradito
909 2618 1196 2672 nominum
1251 2620 1441 2674 ordine
1529 2634 1594 2675 ac
1645 2621 1924 2690 positione

351 2708 729 2772 immutantes,
770 2709 816 2764 si
855 2709 1086 2764 velimus
1119 2709 1279 2765 nobis
1328 2711 1460 2779 ipsis
1491 2710 1545 2764 in
1578 2711 1924 2766 confessione

349 2807 555 2850 rectam
600 2794 888 2852 Trinitatis
919 2813 1138 2852 servare
1183 2799 1498 2854 rationem?
1532 2803 1611 2854 An
1653 2800 1788 2854 ordo
1815 2799 1926 2854 illic

352 2889 538 2942 nullus
562 2900 670 2950 est,
700 2904 872 2959 eaque
910 2889 1134 2943 nomina
1170 2900 1374 2945 temere
1419 2893 1596 2960 posita
1644 2900 1773 2946 sunt
1801 2908 1816 2945 :
1847 2899 1928 2946 at-

354 2995 462 3048 que
507 2983 562 3033 in
618 2989 805 3034 nostra
856 2989 1124 3048 potestate
1157 2991 1261 3048 est,
1317 2991 1375 3036 ut
1412 2983 1496 3037 illa
1526 2982 1767 3052 proferre
1795 2984 1929 3038 veli-

357 3087 502 3133 mus.
552 3071 630 3126 ita
683 3081 741 3126 ut
795 3072 947 3126 nullo
999 3083 1216 3128 servato
1263 3074 1454 3128 ordine
1502 3073 1679 3128 Patris
1729 3089 1926 3129 nomen

359 3162 658 3229 aliquando
709 3175 1044 3230 prmponere,
1074 3162 1367 3232 aliquando
1424 3164 1552 3218 item
1603 3173 1931 3234 postponere

359 3254 556 3318 liceat,
607 3253 900 3322 aliquando
937 3253 1064 3308 item
1113 3254 1376 3324 Spiritum
1430 3256 1685 3325 prteferre
1734 3257 1874 3312 Filio
1906 3296 1923 3323 ,
1962 3281 1974 3292 -

359 3347 517 3414 quasi
550 3347 717 3399 etiam
766 3345 965 3400 divina:
1003 3346 1106 3401 illa
1146 3361 1411 3414 personae,
1467 3365 1588 3416 qua
1636 3349 1796 3403 nobis
1843 3349 1932 3404 his

362 3428 680 3490 nominibus
725 3436 1092 3502 insinuantur,
1137 3438 1442 3494 inordinate
1472 3455 1532 3494 se
1587 3439 1652 3492 ad
1677 3438 1930 3510 5invicem

368 3524 631 3584 habeant,
656 3534 815 3594 atque
835 3525 969 3580 alias
1001 3526 1196 3580 aliter?

444 3614 514 3668 Et
539 3616 815 3684 quoniam,
863 3631 986 3684 qua:
1031 3617 1411 3686 proponimus,
1477 3628 1790 3674 sanctorum
1851 3619 1936 3673 di¢

363 3710 478 3763 etis
512 3723 575 3761 ac
607 3709 890 3762 sententiis
915 3720 1161 3763 astruere
1210 3725 1274 3764 ac
1326 3709 1542 3764 ﬁrmare
1572 3709 1932 3776 instituimus,

360 3800 690 3875 adsitnunc
716 3814 944 3868 magnus
975 3798 1230 3865 Basilius,
1283 3816 1493 3870 nosque
1521 3802 1648 3868 quid
1690 3802 1777 3855 bic
1807 3817 1936 3856 scn-

365 3890 617 3943 tiendnm
647 3888 739 3951 sit,
770 3891 984 3942 doceat.
1017 3888 1104 3942 Ait
1127 3889 1272 3943 enim
1307 3891 1360 3942 in
1394 3889 1635 3959 Epistula
1665 3889 1730 3944 ad
1763 3889 1938 3944 Cano-

363 3981 545 4042 nicas,
597 3979 754 4046 cujus
805 3980 1018 4034 initium
1065 3989 1186 4034 est:
1237 3999 1254 4031 ι
1285 3979 1498 4046 Quanto
1552 3995 1652 4034 nos
1701 3994 1938 4050 maerore

361 4069 667 4126 confecerit
686 4069 837 4139 prius
865 4069 1009 4148 fama
1042 4069 1379 4134 subtristior,
1402 4085 1523 4139 qua:
1546 4070 1771 4126 auribus
1794 4071 1941 4127 inso-

2011 1633 2105 1675 aut
2134 1621 2294 1684 Filio,
2325 1631 2567 1692 tempore
2593 1622 2675 1676 vel
2705 1623 2894 1676 ordine
2921 1638 3263 1692 praeponere.
3299 1642 3317 1674 ι

2079 1709 2224 1765 Idem
2256 1711 2308 1764 in
2338 1710 2630 1779 primolib.
2664 1711 3030 1776 Qutestionum
3063 1713 3161 1782 (l),
3189 1715 3348 1783 cujus
3369 1715 3586 1768 initium

2011 1809 2135 1854 est:
2169 1800 2440 1870 Siquidem
2471 1818 2651 1856 omnes
2673 1802 2883 1867 vellent,
2908 1819 3034 1857 cum
3072 1820 3180 1872 prae
3215 1805 3589 1874 upposuisset,

2014 1888 2283 1956 duplicem
2315 1903 2439 1944 esse
2483 1890 2758 1954 ordinem,
2794 1892 3101 1945 naturalem
3155 1893 3415 1956 alterum,
3454 1893 3590 1948 alte-

2015 1997 2137 2036 rum
2188 1983 2509 2036 inventum:
2567 1992 2735 2051 atque
2790 1985 3092 2037 naturalem
3146 1984 3390 2053 quidem,
3446 1986 3592 2039 sicut

2017 2082 2099 2128 est
2127 2082 2506 2127 creaturarum
2537 2074 2675 2127 ordo
2707 2072 3023 2129 Conditoris
3058 2056 3270 2129 ratione
3320 2075 3592 2138 instituta,

2019 2164 2344 2232 numerique
2380 2164 2604 2229 locatio,
2638 2179 3046 2234 causarumque
3074 2165 3140 2218 ad
3173 2166 3414 2220 causalia
3443 2166 3598 2220 habi-

2020 2263 2145 2320 tus;
2211 2256 2492 2309 inventum
2548 2270 2679 2309 vero
2723 2266 2883 2324 atque
2934 2256 3317 2318 artiﬁciosum,
3367 2256 3510 2310 sicut
3539 2257 3596 2311 in

2022 2344 2258 2409 artibus,
2291 2351 2344 2399 et
2379 2343 2711 2413 disciplinis,
2747 2359 2811 2397 ac
2841 2343 3138 2408 similibus,
3167 2344 3404 2412 adjecit:
3441 2363 3459 2396 ε
3489 2345 3599 2399 Ho-

2020 2452 2142 2490 rum
2191 2451 2321 2503 ergo
2366 2437 2544 2504 primo
2594 2449 2917 2504 suppresso,
2967 2435 3264 2489 Eunomius
3344 2435 3602 2492 secunda:

2023 2528 2220 2598 speciei
2255 2528 2501 2581 ordinem
2551 2535 2840 2591 meruerat,
2879 2525 3161 2594 dicitque:
3196 2541 3302 2580 non
3348 2538 3601 2594 oportere

1978 2619 1981 2621 ’
2024 2618 2077 2670 in
2113 2616 2221 2671 Deo
2261 2617 2369 2671 dici
2402 2619 2648 2671 ordinem
2678 2657 2694 2682 ,
2730 2631 2852 2670 cum
2880 2618 3014 2669 ordo
3041 2615 3316 2670 secundus
3359 2615 3427 2668 ab
3451 2613 3603 2669 ordi-

2025 2719 2215 2762 natore
2260 2712 2354 2762 sit.
2404 2706 2540 2760 illud
2576 2716 2757 2760 autem
2791 2706 2877 2759 vel
2917 2721 3027 2759 non
3088 2705 3242 2768 vidit,
3290 2704 3373 2757 vel
3424 2705 3605 2760 sciens

2027 2798 2377 2867 prudensque
2421 2796 2698 2866 praeteriit,
2748 2811 2869 2850 esse
2922 2795 3133 2849 ordinis
3179 2794 3440 2860 speciem.
3491 2808 3602 2848 non

2030 2905 2094 2960 ex
2125 2897 2310 2943 nostra
2340 2887 2612 2956 positione
2643 2895 3020 2949 constantem,
3073 2884 3166 2939 sed
3215 2884 3332 2951 ipsa
3367 2881 3605 2936 naturali

2031 2977 2423 3048 consequentia
2475 2977 2921 3044 contingentem:
2972 2973 3111 3027 sicut
3157 2971 3290 3042 igni,
3346 2972 3412 3026 ad
3460 2987 3605 3036 eam,

2031 3085 2154 3140 quae
2176 3085 2240 3123 ex
2277 3082 2335 3122 se
2363 3074 2570 3130 manat,
2601 3065 2800 3118 lucem.
2835 3061 2890 3116 In
2918 3062 3003 3118 his
3028 3061 3174 3116 enim
3206 3061 3445 3130 primum
3477 3076 3608 3115 eau-

2033 3176 2148 3214 sam
2201 3159 2461 3221 dicimus,
2513 3155 2815 3210 secundum
2867 3153 3010 3222 quod
3046 3167 3112 3208 ex
3143 3167 3208 3206 eo
3239 3153 3440 3222 prodit,
3498 3166 3607 3205 non

2034 3250 2324 3306 intervallo
2352 3251 2456 3304 ista
2488 3247 2555 3302 ab
2584 3245 2814 3300 invicem
2858 3244 3287 3313 disseparantes,
3319 3242 3417 3296 sed
3456 3240 3607 3309 cogi-

2035 3342 2238 3395 tatione
2273 3339 2426 3409 prius
2465 3351 2691 3391 causam
2727 3333 2906 3397 nobis,
2945 3347 3108 3400 quam
3146 3330 3366 3386 causale
3398 3329 3608 3397 tingen-

2039 3442 2141 3485 tes.
2189 3429 2477 3496 Quomodo
2522 3428 2689 3498 igitur
2721 3425 2805 3480 las
2849 3434 2934 3479 est
2988 3424 3062 3478 ibi
3105 3436 3302 3492 negare
3332 3420 3604 3482 ordinem,

2038 3523 2129 3576 ubi
2161 3521 2434 3576 secundus
2477 3527 2532 3574 et
2581 3517 2776 3571 tertius
2817 3524 2940 3569 est:
2979 3530 3088 3568 non
3135 3529 3199 3568 ex
3248 3520 3433 3565 nostra
3461 3511 3610 3579 posio

2041 3615 2209 3677 tione,
2274 3609 2370 3665 sed
2435 3623 2499 3661 ex
2566 3605 2890 3660 naturaliter
2954 3603 3120 3656 insita
3180 3597 3612 3667 consequentia?

2036 3701 2208 3770 Cujus
2231 3711 2360 3767 ergo
2385 3694 2463 3750 rei
2490 3693 2666 3764 gratia
2689 3692 2937 3745 ordinem
2959 3690 3015 3743 in
3050 3689 3160 3742 Deo
3190 3686 3356 3755 recipi
3389 3685 3613 3739 abnuit?

2046 3789 2386 3851 Arbitratur,
2434 3785 2482 3839 si
2517 3781 2742 3853 ﬁet‘ﬁcere
2790 3789 2958 3848 atque
3005 3776 3387 3851 demonstrare
3440 3772 3614 3841 possit

2041 3877 2279 3946 primum
2335 3874 2388 3927 in
2440 3871 2552 3926 Deo
2601 3870 2751 3924 nullo
2784 3869 2950 3922 modo
2993 3865 3101 3920 alio
3147 3863 3374 3932 intelligi
3426 3874 3612 3930 posse,

2041 3967 2314 4035 reliquum
2343 3964 2458 4034 jam
2495 3962 2600 4018 sibi
2640 3960 2759 4015 fore
2803 3958 3125 4014 substantiae
3170 3955 3344 4024 ipsius
3373 3954 3618 4021 inatqua-

2044 4060 2250 4114 litatcm
2283 4066 2446 4126 atque
2473 4053 2826 4110 eminentiam
2855 4049 3164 4105 ostendere.
3200 4044 3312 4101 Nos
3339 4054 3518 4099 autem
3547 4056 3614 4096 eo

363 4170 567 4216 nuerat
593 4160 812 4214 nostris.
841 4140 1074 4226 Spiritus
1097 4167 1274 4214 autem
1291 4168 1514 4214 sanctus
1547 4160 1691 4214 Patri
1717 4161 1935 4229 quidem
1966 4167 2009 4224 ο
2040 4152 2263 4220 quidem
2295 4149 2510 4212 οῐάἱηεο
2561 4161 2672 4216 quo
2704 4157 2905 4207 causai.
2953 4139 3405 4229 ῐηειιδηιίιηιελθι
3435 4148 3618 4229 sefef

361 4263 416 4307 et
453 4252 600 4305 Filio
634 4260 1062 4305 eonnumeratur
1088 4290 1103 4313 ,
1151 4252 1278 4320 quia
1325 4259 1380 4305 et
1429 4266 1592 4321 supra
1629 4261 1936 4306 creaturam

361 4352 446 4396 est
476 4360 493 4394 :
542 4340 737 4394 tertius
781 4351 961 4394 autem
1009 4339 1201 4394 ordine
1251 4339 1460 4395 locatus
1511 4350 1617 4405 est,
1679 4341 1822 4396 sicut
1877 4356 1944 4395 ex

363 4433 673 4501 Evangelia
730 4431 1030 4496 docemur,
1111 4432 1327 4487 dicente
1385 4430 1618 4487 Domino
1670 4451 1684 4486 :
1747 4431 1947 4486 Euntes

368 4525 646 4592 baptizate
696 4523 752 4576 in
796 4524 1005 4577 nomine
1054 4521 1272 4586 Patris,
1317 4531 1368 4577 et
1416 4522 1566 4586 Filii,
1615 4532 1666 4576 et
1715 4523 1950 4591 Spiritus

363 4615 575 4668 sancti.
623 4611 725 4677 Qui
779 4623 958 4666 autem
1009 4612 1156 4666 illum
1207 4612 1290 4666 vel
1338 4613 1601 4682 praeponit
1645 4613 1806 4676 Filio,
1859 4614 1944 4667 vel

367 4702 542 4755 Patre
583 4701 854 4756 seniorem
903 4701 1076 4764 dicit,
1114 4701 1204 4754 hic
1253 4702 1552 4756 relatatur
1594 4703 1814 4771 quidem
1853 4702 1947 4757 Dei

366 4793 736 4860 ordinationi,
779 4802 942 4861 atque
996 4807 1026 4844 a
1076 4808 1210 4848 sana
1264 4794 1366 4847 [ide
1415 4793 1628 4847 alienus
1677 4802 1784 4856 est,
1836 4807 1947 4846 non

365 4901 532 4946 eum,
560 4900 721 4954 quem
753 4887 986 4954 accepit,
1019 4885 1427 4954 gloriﬁcationis
1453 4884 1671 4938 modum
1705 4899 1952 4950 servans,

367 4976 474 5030 sed
519 4976 620 5029 sibi
655 4990 846 5030 vocum
873 4977 1172 5031 novitatem
1197 4979 1262 5032 ad
1289 4976 1610 5046 placendum
1643 4974 1958 5030 hominibus

365 5065 721 5134 excogitans.
761 5083 782 5116 ι

447 5156 524 5210 Et
547 5159 732 5227 paucis
753 5158 1108 5226 interpositis,
1133 5157 1296 5212 veluti
1319 5158 1652 5212 concludens
1669 5158 1743 5211 ait
1770 5176 1782 5210 :
1817 5177 1834 5208 ι
1859 5157 1963 5211 Ita-

371 5264 492 5316 que
530 5248 651 5302 ﬁdei
684 5248 972 5318 abnegatio
1019 5259 1137 5310 est;
1192 5265 1345 5319 atque
1395 5251 1542 5304 enim
1600 5251 1826 5319 imp?um
1877 5255 1962 5301 est

459 5453 507 5483 "
535 5451 699 5505 Marc.
734 5466 846 5514 avt,
877 5450 963 5504 15.

2040 4245 2164 4307 bus,
2195 4245 2586 4312 praeponuntur
2611 4275 2627 4299 ,
2662 4235 2798 4290 l-‘ilio
2845 4234 3060 4289 Patrem
3096 4227 3446 4301 praepositum
3481 4223 3624 4292 dici;

2043 4354 2188 4402 mus,
2221 4346 2432 4392 natura:
2459 4342 2642 4388 autem
2675 4329 2983 4387 diiierentia
3012 4341 3298 4395 negamus.
3331 4341 3351 4375 ι

2115 4427 2262 4481 ldem
2295 4425 2350 4478 in
2383 4423 2543 4477 tertio
2577 4420 2946 4486 Quaestionum
2974 4431 2992 4469 :
3029 4435 3047 4466 σ
3081 4415 3240 4468 Sicut
3268 4411 3412 4465 enim
3443 4405 3619 4461 Filius

2049 4514 2241 4567 ordine
2274 4509 2498 4580 quidem
2527 4508 2806 4562 secundus
2837 4520 2864 4558 a
2897 4503 3083 4566 Patre,
3115 4501 3241 4569 quia
3273 4513 3336 4551 ex
3373 4496 3463 4549 illo
3490 4504 3617 4558 est,

2051 4610 2108 4654 et
2162 4598 2466 4667 dignitate,
2531 4593 2790 4663 quoniam
2851 4590 3066 4643 initium
3152 4595 3206 4638 et
3254 4597 3418 4637 causa
3471 4582 3621 4635 illius

2052 4690 2304 4746 essentia:
2353 4687 2512 4742 Pater
2543 4693 2664 4745 est.
2712 4689 2767 4737 et
2794 4679 2935 4748 'quia
2979 4691 3074 4746 per
3115 4675 3292 4744 ipsum
3335 4688 3620 4727 accessum

2057 4782 2319 4835 habemus
2370 4779 2435 4832 ad
2497 4777 2666 4831 Deum
2717 4781 2772 4827 et
2807 4770 3048 4829 Patrem,
3088 4773 3283 4819 natura
3332 4777 3462 4817 vero
3512 4777 3624 4815 non

2045 4873 2156 4943 jam
2187 4870 2462 4926 secundus
2489 4877 2594 4931 est,
2629 4865 2756 4935 quia
2801 4861 2982 4916 Deitas
3025 4859 3078 4912 in
3114 4866 3346 4922 utroque
3378 4867 3508 4917 una,
3549 4852 3624 4905 ita

2049 4966 2262 5021 scilicet
2312 4972 2366 5018 et
2409 4968 2636 5016 sanctus
2685 4956 2957 5026 Spiritus,
3009 4951 3110 5007 etsi
3141 4949 3280 5003 Filio
3336 4944 3622 5014 subjicitur

2051 5055 2243 5110 ordine
2279 5060 2333 5106 et
2377 5049 2662 5119 dignitate,
2691 5061 2798 5098 non
2871 5051 3055 5096 tamen
3087 5039 3301 5099 alienat,
3329 5033 3426 5090 sed
3458 5032 3622 5086 unius

2052 5147 2406 5215 ejusdemque
2452 5148 2660 5194 natura:
2713 5150 2838 5190 cum
2878 5131 3040 5186 Patre
3089 5138 3144 5186 et
3193 5126 3328 5182 Filio
3397 5122 3623 5180 omnino

2053 5249 2157 5294 est.
2193 5259 2209 5291 ι

460 5635 540 5698 lt)
571 5632 645 5687 Ita
672 5645 832 5689 vocat
870 5630 1061 5688 Caleca
1095 5631 1261 5687 libros
1301 5629 1360 5686 S.
1395 5629 1575 5687 Basilii
1618 5636 1811 5685 contra
1855 5626 2183 5688 Eunomium
2220 5645 2284 5686 ex
2319 5641 2550 5700 quorum
2613 5625 2790 5696 primo
2859 5622 2961 5676 hoc
3044 5618 3415 5673 testimonium
3447 5676 3450 5677 ν
3487 5603 3630 5680 ιξειὶο

375 5715 508 5758 lum
536 5715 641 5759 est.
