  <div class='ocr_page' id='page_1' title='image "/cluster/home/n/w/nwhite01/storage/ocr_20150623/152/hvd.32044073502635/022.png"; bbox 0 0 4010 6220; ppageno 0'>
   <div class='ocr_carea' id='block_1_1' title="bbox 321 274 3568 357">
    <p class='ocr_par' dir='ltr' id='par_1_1' title="bbox 321 274 3568 357">
     <span class='ocr_line' id='line_1_1' title="bbox 321 274 3568 357; baseline -0.006 -2"><span class='ocrx_word' id='word_1_1' title='bbox 321 294 383 357; x_wconf 79' lang='lat' dir='ltr'><strong>2i</strong></span> <span class='ocrx_word' id='word_1_2' title='bbox 1435 280 1845 345; x_wconf 77' lang='lat' dir='ltr'><strong>ADVERSUS</strong></span> <span class='ocrx_word' id='word_1_3' title='bbox 1883 274 2198 339; x_wconf 62' lang='lat' dir='ltr'><strong>GRAECOS</strong></span> <span class='ocrx_word' id='word_1_4' title='bbox 2222 277 2369 340; x_wconf 69' lang='lat' dir='ltr'><strong>LIB.</strong></span> <span class='ocrx_word' id='word_1_5' title='bbox 2401 277 2449 337; x_wconf 93' lang='grc' dir='ltr'><strong>Ῑ.</strong></span> <span class='ocrx_word' id='word_1_6' title='bbox 3496 274 3568 337; x_wconf 72' lang='lat'><strong>22</strong></span> 
     </span>
    </p>
   </div>
   <div class='ocr_carea' id='block_1_2' title="bbox 321 382 3570 467">
    <p class='ocr_par' dir='ltr' id='par_1_2' title="bbox 321 382 3570 467">
     <span class='ocr_line' id='line_1_2' title="bbox 321 382 3570 467; baseline -0.004 -13"><span class='ocrx_word' id='word_1_7' title='bbox 321 398 584 454; x_wconf 80' lang='lat' dir='ltr'><strong>ordinem.</strong></span> <span class='ocrx_word' id='word_1_8' title='bbox 612 396 715 462; x_wconf 91' lang='lat' dir='ltr'><strong>Qui</strong></span> <span class='ocrx_word' id='word_1_9' title='bbox 750 396 893 450; x_wconf 89' lang='lat' dir='ltr'><strong>enim</strong></span> <span class='ocrx_word' id='word_1_10' title='bbox 954 393 1073 449; x_wconf 80' lang='lat' dir='ltr'><strong>Filii</strong></span> <span class='ocrx_word' id='word_1_11' title='bbox 1102 403 1157 451; x_wconf 91' lang='lat' dir='ltr'><strong>et</strong></span> <span class='ocrx_word' id='word_1_12' title='bbox 1189 393 1427 465; x_wconf 78' lang='lat' dir='ltr'><strong>Spiritus</strong></span> <span class='ocrx_word' id='word_1_13' title='bbox 1451 394 1519 449; x_wconf 90' lang='lat' dir='ltr'><strong>ad</strong></span> <span class='ocrx_word' id='word_1_14' title='bbox 1552 392 1769 447; x_wconf 84' lang='lat' dir='ltr'><strong>Patrem</strong></span> <span class='ocrx_word' id='word_1_15' title='bbox 1796 404 1889 445; x_wconf 82' lang='lat' dir='ltr'><strong>or-</strong></span> <span class='ocrx_word' id='word_1_16' title='bbox 1918 393 1966 449; x_wconf 75' lang='grc' dir='ltr'><strong>Α</strong></span> <span class='ocrx_word' id='word_1_17' title='bbox 1994 396 2055 441; x_wconf 82' lang='grc' dir='ltr'><strong>ιιι</strong></span> <span class='ocrx_word' id='word_1_18' title='bbox 2105 386 2403 442; x_wconf 87' lang='lat' dir='ltr'><strong>Eunomins</strong></span> <span class='ocrx_word' id='word_1_19' title='bbox 2444 384 2677 446; x_wconf 80' lang='lat' dir='ltr'><strong>volebat,</strong></span> <span class='ocrx_word' id='word_1_20' title='bbox 2714 384 2766 437; x_wconf 91' lang='lat' dir='ltr'><strong>in</strong></span> <span class='ocrx_word' id='word_1_21' title='bbox 2799 392 2985 438; x_wconf 82' lang='lat' dir='ltr'><strong>sancta</strong></span> <span class='ocrx_word' id='word_1_22' title='bbox 3046 382 3311 467; x_wconf 66' lang='lat' dir='ltr'><strong>Trinitate</strong></span> <span class='ocrx_word' id='word_1_23' title='bbox 3348 397 3570 442; x_wconf 89' lang='lat' dir='ltr'><strong>sanctos</strong></span> 
     </span>
    </p>
   </div>
   <div class='ocr_carea' id='block_1_3' title="bbox 322 484 1890 556">
    <p class='ocr_par' dir='ltr' id='par_1_3' title="bbox 322 484 1890 556">
     <span class='ocr_line' id='line_1_3' title="bbox 322 484 1890 556; baseline -0.006 -10"><span class='ocrx_word' id='word_1_24' title='bbox 322 494 497 546; x_wconf 82' lang='lat' dir='ltr'><strong>dinem</strong></span> <span class='ocrx_word' id='word_1_25' title='bbox 527 490 727 552; x_wconf 90' lang='lat' dir='ltr'><strong>reddit,</strong></span> <span class='ocrx_word' id='word_1_26' title='bbox 764 488 887 541; x_wconf 80' lang='lat' dir='ltr'><strong>Filii</strong></span> <span class='ocrx_word' id='word_1_27' title='bbox 943 497 1124 543; x_wconf 87' lang='lat' dir='ltr'><strong>autem</strong></span> <span class='ocrx_word' id='word_1_28' title='bbox 1179 495 1234 542; x_wconf 89' lang='lat' dir='ltr'><strong>et</strong></span> <span class='ocrx_word' id='word_1_29' title='bbox 1265 484 1514 556; x_wconf 82' lang='lat' dir='ltr'><strong>Spiritus</strong></span> <span class='ocrx_word' id='word_1_30' title='bbox 1548 486 1615 539; x_wconf 81' lang='lat' dir='ltr'><strong>ad</strong></span> <span class='ocrx_word' id='word_1_31' title='bbox 1656 484 1890 539; x_wconf 90' lang='lat' dir='ltr'><strong>invicem</strong></span> 
     </span>
    </p>
   </div>
   <div class='ocr_carea' id='block_1_4' title="bbox 325 577 1891 644">
    <p class='ocr_par' dir='ltr' id='par_1_4' title="bbox 325 577 1891 644">
     <span class='ocr_line' id='line_1_4' title="bbox 325 577 1891 644; baseline -0.007 -2"><span class='ocrx_word' id='word_1_32' title='bbox 325 584 630 644; x_wconf 66' lang='lat' dir='ltr'><strong>cu-nfundit,</strong></span> <span class='ocrx_word' id='word_1_33' title='bbox 664 583 883 638; x_wconf 84' lang='lat' dir='ltr'><strong>ordinis</strong></span> <span class='ocrx_word' id='word_1_34' title='bbox 943 583 1149 637; x_wconf 89' lang='lat' dir='ltr'><strong>bonum</strong></span> <span class='ocrx_word' id='word_1_35' title='bbox 1204 579 1313 635; x_wconf 89' lang='lat' dir='ltr'><strong>Deo</strong></span> <span class='ocrx_word' id='word_1_36' title='bbox 1339 596 1402 636; x_wconf 74' lang='lat' dir='ltr'><strong>ex</strong></span> <span class='ocrx_word' id='word_1_37' title='bbox 1433 579 1662 635; x_wconf 91' lang='lat' dir='ltr'><strong>dimidio</strong></span> <span class='ocrx_word' id='word_1_38' title='bbox 1694 577 1891 633; x_wconf 88' lang='lat' dir='ltr'><strong>reddit.</strong></span> 
     </span>
    </p>
   </div>
   <div class='ocr_carea' id='block_1_5' title="bbox 327 670 1893 745">
    <p class='ocr_par' dir='ltr' id='par_1_5' title="bbox 327 670 1893 745">
     <span class='ocr_line' id='line_1_5' title="bbox 327 670 1893 745; baseline -0.005 -12"><span class='ocrx_word' id='word_1_39' title='bbox 327 679 529 733; x_wconf 86' lang='lat' dir='ltr'><strong>Bonum</strong></span> <span class='ocrx_word' id='word_1_40' title='bbox 554 677 698 731; x_wconf 89' lang='lat' dir='ltr'><strong>enim</strong></span> <span class='ocrx_word' id='word_1_41' title='bbox 736 678 879 730; x_wconf 89' lang='lat' dir='ltr'><strong>ordo</strong></span> <span class='ocrx_word' id='word_1_42' title='bbox 904 685 1009 739; x_wconf 85' lang='lat' dir='ltr'><strong>est.</strong></span> <span class='ocrx_word' id='word_1_43' title='bbox 1049 684 1216 745; x_wconf 91' lang='lat' dir='ltr'><strong>atque</strong></span> <span class='ocrx_word' id='word_1_44' title='bbox 1245 674 1560 729; x_wconf 86' lang='lat' dir='ltr'><strong>ordinatum</strong></span> <span class='ocrx_word' id='word_1_45' title='bbox 1591 688 1729 728; x_wconf 84' lang='lat' dir='ltr'><strong>esse.</strong></span> <span class='ocrx_word' id='word_1_46' title='bbox 1757 670 1893 738; x_wconf 84' lang='lat' dir='ltr'><strong>Quia</strong></span> 
     </span>
    </p>
   </div>
   <div class='ocr_carea' id='block_1_6' title="bbox 331 763 1893 835">
    <p class='ocr_par' dir='ltr' id='par_1_6' title="bbox 331 763 1893 835">
     <span class='ocr_line' id='line_1_6' title="bbox 331 763 1893 835; baseline -0.006 -11"><span class='ocrx_word' id='word_1_47' title='bbox 331 770 473 824; x_wconf 88' lang='lat' dir='ltr'><strong>enim</strong></span> <span class='ocrx_word' id='word_1_48' title='bbox 501 769 550 820; x_wconf 92' lang='lat' dir='ltr'><strong>in</strong></span> <span class='ocrx_word' id='word_1_49' title='bbox 575 768 682 831; x_wconf 90' lang='lat' dir='ltr'><strong>his,</strong></span> <span class='ocrx_word' id='word_1_50' title='bbox 724 782 848 834; x_wconf 76' lang='lat' dir='ltr'><strong>qua:</strong></span> <span class='ocrx_word' id='word_1_51' title='bbox 879 773 1010 819; x_wconf 90' lang='lat' dir='ltr'><strong>sunt</strong></span> <span class='ocrx_word' id='word_1_52' title='bbox 1060 767 1218 829; x_wconf 88' lang='lat' dir='ltr'><strong>ordo,</strong></span> <span class='ocrx_word' id='word_1_53' title='bbox 1250 765 1571 835; x_wconf 57' lang='lat' dir='ltr'><strong>praclarum</strong></span> <span class='ocrx_word' id='word_1_54' title='bbox 1631 763 1893 834; x_wconf 82' lang='lat' dir='ltr'><strong>quiddam</strong></span> 
     </span>
    </p>
   </div>
   <div class='ocr_carea' id='block_1_7' title="bbox 331 855 1898 927">
    <p class='ocr_par' dir='ltr' id='par_1_7' title="bbox 331 855 1898 927">
     <span class='ocr_line' id='line_1_7' title="bbox 331 855 1898 927; baseline -0.006 -13"><span class='ocrx_word' id='word_1_55' title='bbox 331 872 383 914; x_wconf 93' lang='lat' dir='ltr'><strong>et</strong></span> <span class='ocrx_word' id='word_1_56' title='bbox 419 860 677 927; x_wconf 87' lang='lat' dir='ltr'><strong>optimum</strong></span> <span class='ocrx_word' id='word_1_57' title='bbox 711 869 817 922; x_wconf 78' lang='lat' dir='ltr'><strong>est,</strong></span> <span class='ocrx_word' id='word_1_58' title='bbox 847 857 993 927; x_wconf 90' lang='lat' dir='ltr'><strong>quod</strong></span> <span class='ocrx_word' id='word_1_59' title='bbox 1021 865 1076 911; x_wconf 88' lang='lat' dir='ltr'><strong>et</strong></span> <span class='ocrx_word' id='word_1_60' title='bbox 1103 857 1347 912; x_wconf 62' lang='lat' dir='ltr'><strong>caelestia</strong></span> <span class='ocrx_word' id='word_1_61' title='bbox 1382 855 1544 910; x_wconf 87' lang='lat' dir='ltr'><strong>simul</strong></span> <span class='ocrx_word' id='word_1_62' title='bbox 1597 864 1654 910; x_wconf 87' lang='lat' dir='ltr'><strong>et</strong></span> <span class='ocrx_word' id='word_1_63' title='bbox 1684 860 1898 908; x_wconf 81' lang='lat' dir='ltr'><strong>terrena</strong></span> 
     </span>
    </p>
   </div>
   <div class='ocr_carea' id='block_1_8' title="bbox 325 943 1897 1014">
    <p class='ocr_par' dir='ltr' id='par_1_8' title="bbox 325 943 1897 1014">
     <span class='ocr_line' id='line_1_8' title="bbox 325 943 1897 1014; baseline -0.004 -13"><span class='ocrx_word' id='word_1_64' title='bbox 325 950 586 1008; x_wconf 87' lang='lat' dir='ltr'><strong>continet,</strong></span> <span class='ocrx_word' id='word_1_65' title='bbox 647 961 813 999; x_wconf 92' lang='lat' dir='ltr'><strong>omne</strong></span> <span class='ocrx_word' id='word_1_66' title='bbox 870 955 1054 999; x_wconf 88' lang='lat' dir='ltr'><strong>autem</strong></span> <span class='ocrx_word' id='word_1_67' title='bbox 1106 945 1369 1014; x_wconf 87' lang='lat' dir='ltr'><strong>optimum</strong></span> <span class='ocrx_word' id='word_1_68' title='bbox 1419 959 1451 998; x_wconf 87' lang='lat' dir='ltr'><strong>a</strong></span> <span class='ocrx_word' id='word_1_69' title='bbox 1516 943 1627 998; x_wconf 88' lang='lat' dir='ltr'><strong>Deo</strong></span> <span class='ocrx_word' id='word_1_70' title='bbox 1670 949 1897 996; x_wconf 83' lang='lat' dir='ltr'><strong>manat:</strong></span> 
     </span>
    </p>
   </div>
   <div class='ocr_carea' id='block_1_9' title="bbox 327 1032 1929 1104">
    <p class='ocr_par' dir='ltr' id='par_1_9' title="bbox 327 1032 1929 1104">
     <span class='ocr_line' id='line_1_9' title="bbox 327 1032 1929 1104; baseline -0.002 -15"><span class='ocrx_word' id='word_1_71' title='bbox 327 1037 495 1089; x_wconf 88' lang='lat' dir='ltr'><strong>multo</strong></span> <span class='ocrx_word' id='word_1_72' title='bbox 542 1044 727 1089; x_wconf 90' lang='lat' dir='ltr'><strong>autem</strong></span> <span class='ocrx_word' id='word_1_73' title='bbox 790 1035 969 1102; x_wconf 85' lang='lat' dir='ltr'><strong>magis</strong></span> <span class='ocrx_word' id='word_1_74' title='bbox 1022 1035 1075 1088; x_wconf 88' lang='lat' dir='ltr'><strong>in</strong></span> <span class='ocrx_word' id='word_1_75' title='bbox 1131 1033 1265 1100; x_wconf 85' lang='lat' dir='ltr'><strong>Deo,</strong></span> <span class='ocrx_word' id='word_1_76' title='bbox 1307 1034 1459 1089; x_wconf 85' lang='lat' dir='ltr'><strong>velut</strong></span> <span class='ocrx_word' id='word_1_77' title='bbox 1523 1033 1577 1088; x_wconf 90' lang='lat' dir='ltr'><strong>in</strong></span> <span class='ocrx_word' id='word_1_78' title='bbox 1611 1032 1929 1104; x_wconf 85' lang='lat' dir='ltr'><strong>principali‘</strong></span> 
     </span>
    </p>
   </div>
   <div class='ocr_carea' id='block_1_10' title="bbox 328 1123 1901 1193">
    <p class='ocr_par' dir='ltr' id='par_1_10' title="bbox 328 1123 1901 1193">
     <span class='ocr_line' id='line_1_10' title="bbox 328 1123 1901 1193; baseline -0.001 -15"><span class='ocrx_word' id='word_1_79' title='bbox 328 1140 515 1188; x_wconf 78' lang='lat' dir='ltr'><strong>causa,</strong></span> <span class='ocrx_word' id='word_1_80' title='bbox 543 1127 749 1177; x_wconf 85' lang='lat' dir='ltr'><strong>bonum</strong></span> <span class='ocrx_word' id='word_1_81' title='bbox 793 1124 927 1179; x_wconf 90' lang='lat' dir='ltr'><strong>illud</strong></span> <span class='ocrx_word' id='word_1_82' title='bbox 968 1124 1328 1180; x_wconf 80' lang='lat' dir='ltr'><strong>excellentius</strong></span> <span class='ocrx_word' id='word_1_83' title='bbox 1373 1124 1557 1180; x_wconf 90' lang='lat' dir='ltr'><strong>inesse</strong></span> <span class='ocrx_word' id='word_1_84' title='bbox 1594 1123 1901 1193; x_wconf 86' lang='lat' dir='ltr'><strong>intelligen-</strong></span> 
     </span>
    </p>
   </div>
   <div class='ocr_carea' id='block_1_11' title="bbox 325 1208 1903 1287">
    <p class='ocr_par' dir='ltr' id='par_1_11' title="bbox 325 1208 1903 1287">
     <span class='ocr_line' id='line_1_11' title="bbox 325 1208 1903 1287; baseline 0 -19"><span class='ocrx_word' id='word_1_85' title='bbox 325 1219 451 1271; x_wconf 89' lang='lat' dir='ltr'><strong>dum</strong></span> <span class='ocrx_word' id='word_1_86' title='bbox 485 1227 591 1271; x_wconf 87' lang='lat' dir='ltr'><strong>est.</strong></span> <span class='ocrx_word' id='word_1_87' title='bbox 623 1215 781 1281; x_wconf 82' lang='lat' dir='ltr'><strong>Nam,</strong></span> <span class='ocrx_word' id='word_1_88' title='bbox 816 1225 878 1271; x_wconf 92' lang='lat' dir='ltr'><strong>ut</strong></span> <span class='ocrx_word' id='word_1_89' title='bbox 899 1217 974 1270; x_wconf 93' lang='lat' dir='ltr'><strong>ait</strong></span> <span class='ocrx_word' id='word_1_90' title='bbox 1003 1214 1064 1270; x_wconf 81' lang='grc' dir='ltr'><strong>Ι).</strong></span> <span class='ocrx_word' id='word_1_91' title='bbox 1091 1215 1385 1287; x_wconf 82' lang='lat' dir='ltr'><strong>Dionysius</strong></span> <span class='ocrx_word' id='word_1_92' title='bbox 1410 1216 1463 1270; x_wconf 89' lang='lat' dir='ltr'><strong>in</strong></span> <span class='ocrx_word' id='word_1_93' title='bbox 1495 1215 1593 1272; x_wconf 87' lang='lat' dir='ltr'><strong>lib.</strong></span> <span class='ocrx_word' id='word_1_94' title='bbox 1649 1216 1736 1272; x_wconf 68' lang='lat' dir='ltr'><strong>De</strong></span> <span class='ocrx_word' id='word_1_95' title='bbox 1774 1208 1903 1269; x_wconf 83' lang='lat' dir='ltr'><strong>divi-</strong></span> 
     </span>
    </p>
   </div>
   <div class='ocr_carea' id='block_1_12' title="bbox 332 1306 1905 1378">
    <p class='ocr_par' dir='ltr' id='par_1_12' title="bbox 332 1306 1905 1378">
     <span class='ocr_line' id='line_1_12' title="bbox 332 1306 1905 1378; baseline -0.002 -15"><span class='ocrx_word' id='word_1_96' title='bbox 332 1311 407 1363; x_wconf 69' lang='lat' dir='ltr'><strong>nis</strong></span> <span class='ocrx_word' id='word_1_97' title='bbox 432 1309 736 1363; x_wconf 72' lang='lat' dir='ltr'><strong>nominibus</strong></span> <span class='ocrx_word' id='word_1_98' title='bbox 772 1321 792 1360; x_wconf 91' lang='lat'><strong><em>:</em></strong></span> <span class='ocrx_word' id='word_1_99' title='bbox 823 1326 843 1361; x_wconf 76' lang='grc' dir='ltr'><strong><em>ι</em></strong></span> <span class='ocrx_word' id='word_1_100' title='bbox 883 1306 1011 1374; x_wconf 67' lang='lat' dir='ltr'><strong>Quae</strong></span> <span class='ocrx_word' id='word_1_101' title='bbox 1039 1309 1092 1363; x_wconf 89' lang='lat' dir='ltr'><strong>in</strong></span> <span class='ocrx_word' id='word_1_102' title='bbox 1126 1309 1437 1364; x_wconf 89' lang='lat' dir='ltr'><strong>causalibus</strong></span> <span class='ocrx_word' id='word_1_103' title='bbox 1461 1317 1591 1364; x_wconf 89' lang='lat' dir='ltr'><strong>sunt</strong></span> <span class='ocrx_word' id='word_1_104' title='bbox 1616 1308 1905 1378; x_wconf 87' lang='lat' dir='ltr'><strong>perfectio-</strong></span> 
     </span>
    </p>
   </div>
   <div class='ocr_carea' id='block_1_13' title="bbox 329 1399 1905 1472">
    <p class='ocr_par' dir='ltr' id='par_1_13' title="bbox 329 1399 1905 1472">
     <span class='ocr_line' id='line_1_13' title="bbox 329 1399 1905 1472; baseline -0.001 -17"><span class='ocrx_word' id='word_1_105' title='bbox 329 1416 443 1461; x_wconf 82' lang='lat' dir='ltr'><strong>nes.</strong></span> <span class='ocrx_word' id='word_1_106' title='bbox 465 1415 562 1453; x_wconf 87' lang='lat' dir='ltr'><strong>eas</strong></span> <span class='ocrx_word' id='word_1_107' title='bbox 585 1400 643 1453; x_wconf 91' lang='lat' dir='ltr'><strong>in</strong></span> <span class='ocrx_word' id='word_1_108' title='bbox 676 1401 862 1454; x_wconf 82' lang='lat' dir='ltr'><strong>causis</strong></span> <span class='ocrx_word' id='word_1_109' title='bbox 894 1399 1028 1469; x_wconf 82' lang='lat' dir='ltr'><strong>ipsis</strong></span> <span class='ocrx_word' id='word_1_110' title='bbox 1056 1400 1214 1470; x_wconf 90' lang='lat' dir='ltr'><strong>longe</strong></span> <span class='ocrx_word' id='word_1_111' title='bbox 1249 1401 1431 1470; x_wconf 82' lang='lat' dir='ltr'><strong>potius</strong></span> <span class='ocrx_word' id='word_1_112' title='bbox 1460 1415 1525 1456; x_wconf 88' lang='lat' dir='ltr'><strong>ac</strong></span> <span class='ocrx_word' id='word_1_113' title='bbox 1552 1400 1703 1472; x_wconf 88' lang='lat' dir='ltr'><strong>prius</strong></span> <span class='ocrx_word' id='word_1_114' title='bbox 1724 1399 1905 1456; x_wconf 91' lang='lat' dir='ltr'><strong>inesse</strong></span> 
     </span>
    </p>
   </div>
   <div class='ocr_carea' id='block_1_14' title="bbox 331 1490 873 1545">
    <p class='ocr_par' dir='ltr' id='par_1_14' title="bbox 331 1490 873 1545">
     <span class='ocr_line' id='line_1_14' title="bbox 331 1490 873 1545; baseline -0.004 -1"><span class='ocrx_word' id='word_1_115' title='bbox 331 1490 682 1545; x_wconf 83' lang='lat' dir='ltr'><strong>manifestum</strong></span> <span class='ocrx_word' id='word_1_116' title='bbox 709 1499 814 1544; x_wconf 83' lang='lat' dir='ltr'><strong>est.</strong></span> <span class='ocrx_word' id='word_1_117' title='bbox 851 1508 873 1542; x_wconf 69' lang='grc' dir='ltr'><strong><em>ι</em></strong></span> 
     </span>
    </p>
   </div>
   <div class='ocr_carea' id='block_1_15' title="bbox 394 1580 1906 1649">
    <p class='ocr_par' dir='ltr' id='par_1_15' title="bbox 394 1580 1906 1649">
     <span class='ocr_line' id='line_1_15' title="bbox 394 1580 1906 1649; baseline 0.004 -18"><span class='ocrx_word' id='word_1_118' title='bbox 394 1580 526 1646; x_wconf 83' lang='lat' dir='ltr'><strong>Quis</strong></span> <span class='ocrx_word' id='word_1_119' title='bbox 583 1596 718 1633; x_wconf 85' lang='lat' dir='ltr'><strong>vero</strong></span> <span class='ocrx_word' id='word_1_120' title='bbox 747 1581 860 1649; x_wconf 84' lang='lat' dir='ltr'><strong>jam</strong></span> <span class='ocrx_word' id='word_1_121' title='bbox 900 1581 1167 1637; x_wconf 86' lang='lat' dir='ltr'><strong>adversus</strong></span> <span class='ocrx_word' id='word_1_122' title='bbox 1212 1591 1320 1637; x_wconf 88' lang='lat' dir='ltr'><strong>tam</strong></span> <span class='ocrx_word' id='word_1_123' title='bbox 1368 1582 1598 1638; x_wconf 68' lang='lat' dir='ltr'><strong>eximios</strong></span> <span class='ocrx_word' id='word_1_124' title='bbox 1647 1582 1906 1639; x_wconf 62' lang='lat' dir='ltr'><strong>Ecclesia:</strong></span> 
     </span>
    </p>
   </div>
   <div class='ocr_carea' id='block_1_16' title="bbox 340 1671 1904 1744">
    <p class='ocr_par' dir='ltr' id='par_1_16' title="bbox 340 1671 1904 1744">
     <span class='ocr_line' id='line_1_16' title="bbox 340 1671 1904 1744; baseline 0.003 -21"><span class='ocrx_word' id='word_1_125' title='bbox 340 1671 618 1740; x_wconf 82' lang='lat' dir='ltr'><strong>magistros</strong></span> <span class='ocrx_word' id='word_1_126' title='bbox 680 1674 1012 1727; x_wconf 88' lang='lat' dir='ltr'><strong>contendere</strong></span> <span class='ocrx_word' id='word_1_127' title='bbox 1060 1682 1379 1744; x_wconf 69' lang='lat' dir='ltr'><strong>prtesumat,</strong></span> <span class='ocrx_word' id='word_1_128' title='bbox 1430 1684 1616 1744; x_wconf 89' lang='lat' dir='ltr'><strong>aperte</strong></span> <span class='ocrx_word' id='word_1_129' title='bbox 1678 1673 1734 1728; x_wconf 92' lang='lat' dir='ltr'><strong>in</strong></span> <span class='ocrx_word' id='word_1_130' title='bbox 1796 1672 1904 1727; x_wconf 81' lang='lat' dir='ltr'><strong>Deo</strong></span> 
     </span>
    </p>
   </div>
   <div class='ocr_carea' id='block_1_17' title="bbox 336 1762 1904 1832">
    <p class='ocr_par' dir='ltr' id='par_1_17' title="bbox 336 1762 1904 1832">
     <span class='ocr_line' id='line_1_17' title="bbox 336 1762 1904 1832; baseline 0.002 -16"><span class='ocrx_word' id='word_1_131' title='bbox 336 1765 491 1816; x_wconf 81' lang='lat' dir='ltr'><strong>trium</strong></span> <span class='ocrx_word' id='word_1_132' title='bbox 523 1763 588 1816; x_wconf 89' lang='lat' dir='ltr'><strong>ad</strong></span> <span class='ocrx_word' id='word_1_133' title='bbox 624 1778 684 1818; x_wconf 90' lang='lat' dir='ltr'><strong>se</strong></span> <span class='ocrx_word' id='word_1_134' title='bbox 711 1762 947 1817; x_wconf 87' lang='lat' dir='ltr'><strong>invicem</strong></span> <span class='ocrx_word' id='word_1_135' title='bbox 975 1779 1332 1832; x_wconf 87' lang='lat' dir='ltr'><strong>personarmn</strong></span> <span class='ocrx_word' id='word_1_136' title='bbox 1370 1766 1618 1820; x_wconf 83' lang='lat' dir='ltr'><strong>ordinem</strong></span> <span class='ocrx_word' id='word_1_137' title='bbox 1654 1765 1904 1821; x_wconf 77' lang='lat' dir='ltr'><strong>cientes?</strong></span> 
     </span>
    </p>
   </div>
   <div class='ocr_carea' id='block_1_18' title="bbox 328 1852 1903 1928">
    <p class='ocr_par' dir='ltr' id='par_1_18' title="bbox 328 1852 1903 1928">
     <span class='ocr_line' id='line_1_18' title="bbox 328 1852 1903 1928; baseline 0.004 -22"><span class='ocrx_word' id='word_1_138' title='bbox 328 1852 511 1921; x_wconf 78' lang='lat' dir='ltr'><strong>Itaque</strong></span> <span class='ocrx_word' id='word_1_139' title='bbox 544 1854 670 1908; x_wconf 90' lang='lat' dir='ltr'><strong>licet</strong></span> <span class='ocrx_word' id='word_1_140' title='bbox 700 1854 923 1924; x_wconf 85' lang='lat' dir='ltr'><strong>quidem</strong></span> <span class='ocrx_word' id='word_1_141' title='bbox 974 1856 1235 1912; x_wconf 82' lang='lat' dir='ltr'><strong>absolute.</strong></span> <span class='ocrx_word' id='word_1_142' title='bbox 1279 1872 1342 1912; x_wconf 87' lang='lat' dir='ltr'><strong>ac</strong></span> <span class='ocrx_word' id='word_1_143' title='bbox 1382 1858 1726 1928; x_wconf 87' lang='lat' dir='ltr'><strong>simpliciter,</strong></span> <span class='ocrx_word' id='word_1_144' title='bbox 1778 1873 1903 1913; x_wconf 93' lang='lat' dir='ltr'><strong>cum</strong></span> 
     </span>
    </p>
   </div>
   <div class='ocr_carea' id='block_1_19' title="bbox 328 1943 1902 2017">
    <p class='ocr_par' dir='ltr' id='par_1_19' title="bbox 328 1943 1902 2017">
     <span class='ocr_line' id='line_1_19' title="bbox 328 1943 1902 2017; baseline 0.005 -21"><span class='ocrx_word' id='word_1_145' title='bbox 328 1943 396 1996; x_wconf 80' lang='lat' dir='ltr'><strong>ita</strong></span> <span class='ocrx_word' id='word_1_146' title='bbox 449 1953 571 1997; x_wconf 87' lang='lat' dir='ltr'><strong>tres</strong></span> <span class='ocrx_word' id='word_1_147' title='bbox 626 1959 891 2011; x_wconf 89' lang='lat' dir='ltr'><strong>personas</strong></span> <span class='ocrx_word' id='word_1_148' title='bbox 954 1962 1331 2011; x_wconf 86' lang='lat' dir='ltr'><strong>numeramus,</strong></span> <span class='ocrx_word' id='word_1_149' title='bbox 1369 1949 1902 2017; x_wconf 43' lang='lat' dir='ltr'><strong>tertiamque’solam</strong></span> 
     </span>
    </p>
   </div>
   <div class='ocr_carea' id='block_1_20' title="bbox 330 2034 1907 2112">
    <p class='ocr_par' dir='ltr' id='par_1_20' title="bbox 330 2034 1907 2112">
     <span class='ocr_line' id='line_1_20' title="bbox 330 2034 1907 2112; baseline 0.005 -25"><span class='ocrx_word' id='word_1_150' title='bbox 330 2034 622 2088; x_wconf 80' lang='lat' dir='ltr'><strong>insinuare</strong></span> <span class='ocrx_word' id='word_1_151' title='bbox 644 2036 907 2098; x_wconf 87' lang='lat' dir='ltr'><strong>volumus,</strong></span> <span class='ocrx_word' id='word_1_152' title='bbox 943 2037 1104 2089; x_wconf 90' lang='lat' dir='ltr'><strong>aliam</strong></span> <span class='ocrx_word' id='word_1_153' title='bbox 1136 2053 1480 2107; x_wconf 65' lang='lat' dir='ltr'><strong>praeponere,</strong></span> <span class='ocrx_word' id='word_1_154' title='bbox 1514 2042 1676 2094; x_wconf 83' lang='lat' dir='ltr'><strong>aliam</strong></span> <span class='ocrx_word' id='word_1_155' title='bbox 1733 2042 1907 2112; x_wconf 84' lang='lat' dir='ltr'><strong>suhji-</strong></span> 
     </span>
    </p>
   </div>
   <div class='ocr_carea' id='block_1_21' title="bbox 328 2125 1903 2193">
    <p class='ocr_par' dir='ltr' id='par_1_21' title="bbox 328 2125 1903 2193">
     <span class='ocr_line' id='line_1_21' title="bbox 328 2125 1903 2193; baseline 0.003 -14"><span class='ocrx_word' id='word_1_156' title='bbox 328 2140 478 2189; x_wconf 85' lang='lat' dir='ltr'><strong>cere,</strong></span> <span class='ocrx_word' id='word_1_157' title='bbox 513 2134 574 2178; x_wconf 89' lang='lat' dir='ltr'><strong>ut</strong></span> <span class='ocrx_word' id='word_1_158' title='bbox 605 2134 689 2180; x_wconf 88' lang='lat' dir='ltr'><strong>est</strong></span> <span class='ocrx_word' id='word_1_159' title='bbox 715 2125 846 2179; x_wconf 92' lang='lat' dir='ltr'><strong>illud</strong></span> <span class='ocrx_word' id='word_1_160' title='bbox 880 2127 1127 2193; x_wconf 79' lang='lat' dir='ltr'><strong>Apostoli</strong></span> <span class='ocrx_word' id='word_1_161' title='bbox 1159 2145 1175 2182; x_wconf 90' lang='lat'><strong>:</strong></span> <span class='ocrx_word' id='word_1_162' title='bbox 1222 2146 1241 2180; x_wconf 71' lang='grc' dir='ltr'><strong><em>ο</em></strong></span> <span class='ocrx_word' id='word_1_163' title='bbox 1273 2128 1457 2184; x_wconf 86' lang='lat' dir='ltr'><strong>Gratia</strong></span> <span class='ocrx_word' id='word_1_164' title='bbox 1492 2128 1707 2185; x_wconf 86' lang='lat' dir='ltr'><strong>Domini</strong></span> <span class='ocrx_word' id='word_1_165' title='bbox 1734 2132 1903 2185; x_wconf 79' lang='lat' dir='ltr'><strong>nostri</strong></span> 
     </span>
    </p>
   </div>
   <div class='ocr_carea' id='block_1_22' title="bbox 329 2215 1908 2289">
    <p class='ocr_par' dir='ltr' id='par_1_22' title="bbox 329 2215 1908 2289">
     <span class='ocr_line' id='line_1_22' title="bbox 329 2215 1908 2289; baseline 0.006 -20"><span class='ocrx_word' id='word_1_166' title='bbox 329 2215 458 2270; x_wconf 80' lang='lat' dir='ltr'><strong>Jesu</strong></span> <span class='ocrx_word' id='word_1_167' title='bbox 490 2215 709 2277; x_wconf 83' lang='lat' dir='ltr'><strong>Christi.</strong></span> <span class='ocrx_word' id='word_1_168' title='bbox 743 2226 797 2272; x_wconf 91' lang='lat' dir='ltr'><strong>et</strong></span> <span class='ocrx_word' id='word_1_169' title='bbox 827 2218 1071 2274; x_wconf 88' lang='lat' dir='ltr'><strong>charitas</strong></span> <span class='ocrx_word' id='word_1_170' title='bbox 1134 2220 1227 2274; x_wconf 91' lang='lat' dir='ltr'><strong>Dei</strong></span> <span class='ocrx_word' id='word_1_171' title='bbox 1265 2230 1321 2276; x_wconf 91' lang='lat' dir='ltr'><strong>et</strong></span> <span class='ocrx_word' id='word_1_172' title='bbox 1353 2224 1551 2289; x_wconf 85' lang='lat' dir='ltr'><strong>Patris,</strong></span> <span class='ocrx_word' id='word_1_173' title='bbox 1578 2233 1629 2283; x_wconf 87' lang='lat' dir='ltr'><strong>et</strong></span> <span class='ocrx_word' id='word_1_174' title='bbox 1664 2238 1908 2279; x_wconf 85' lang='lat' dir='ltr'><strong>commu-</strong></span> 
     </span>
    </p>
   </div>
   <div class='ocr_carea' id='block_1_23' title="bbox 326 2306 1907 2386">
    <p class='ocr_par' dir='ltr' id='par_1_23' title="bbox 326 2306 1907 2386">
     <span class='ocr_line' id='line_1_23' title="bbox 326 2306 1907 2386; baseline 0.007 -26"><span class='ocrx_word' id='word_1_175' title='bbox 326 2306 537 2361; x_wconf 86' lang='lat' dir='ltr'><strong>nicatio</strong></span> <span class='ocrx_word' id='word_1_176' title='bbox 574 2310 746 2362; x_wconf 80' lang='lat' dir='ltr'><strong>sancti</strong></span> <span class='ocrx_word' id='word_1_177' title='bbox 788 2308 1032 2379; x_wconf 87' lang='lat' dir='ltr'><strong>Spiritus</strong></span> <span class='ocrx_word' id='word_1_178' title='bbox 1078 2311 1157 2378; x_wconf 82' lang='lat'><strong>&quot;;</strong></span> <span class='ocrx_word' id='word_1_179' title='bbox 1203 2330 1223 2364; x_wconf 76' lang='grc' dir='ltr'><strong><em>ι</em></strong></span> <span class='ocrx_word' id='word_1_180' title='bbox 1254 2321 1350 2366; x_wconf 89' lang='lat' dir='ltr'><strong>aut</strong></span> <span class='ocrx_word' id='word_1_181' title='bbox 1411 2316 1907 2386; x_wconf 89' lang='lat' dir='ltr'><strong>quomodocunque</strong></span> 
     </span>
    </p>
   </div>
   <div class='ocr_carea' id='block_1_24' title="bbox 326 2395 1903 2475">
    <p class='ocr_par' dir='ltr' id='par_1_24' title="bbox 326 2395 1903 2475">
     <span class='ocr_line' id='line_1_24' title="bbox 326 2395 1903 2475; baseline 0.008 -27"><span class='ocrx_word' id='word_1_182' title='bbox 326 2397 508 2450; x_wconf 86' lang='lat' dir='ltr'><strong>aliter.</strong></span> <span class='ocrx_word' id='word_1_183' title='bbox 562 2395 736 2454; x_wconf 89' lang='lat' dir='ltr'><strong>Porro</strong></span> <span class='ocrx_word' id='word_1_184' title='bbox 780 2401 1095 2455; x_wconf 83' lang='lat' dir='ltr'><strong>volentibus</strong></span> <span class='ocrx_word' id='word_1_185' title='bbox 1164 2403 1474 2458; x_wconf 89' lang='lat' dir='ltr'><strong>divinarum</strong></span> <span class='ocrx_word' id='word_1_186' title='bbox 1542 2420 1903 2475; x_wconf 89' lang='lat' dir='ltr'><strong>personarum</strong></span> 
     </span>
    </p>
   </div>
   <div class='ocr_carea' id='block_1_25' title="bbox 325 2485 1906 2564">
    <p class='ocr_par' dir='ltr' id='par_1_25' title="bbox 325 2485 1906 2564">
     <span class='ocr_line' id='line_1_25' title="bbox 325 2485 1906 2564; baseline 0.01 -27"><span class='ocrx_word' id='word_1_187' title='bbox 325 2485 550 2539; x_wconf 80' lang='lat' dir='ltr'><strong>nomina</strong></span> <span class='ocrx_word' id='word_1_188' title='bbox 608 2501 678 2539; x_wconf 90' lang='lat' dir='ltr'><strong>eo</strong></span> <span class='ocrx_word' id='word_1_189' title='bbox 726 2487 917 2543; x_wconf 90' lang='lat' dir='ltr'><strong>ordine</strong></span> <span class='ocrx_word' id='word_1_190' title='bbox 971 2492 1368 2559; x_wconf 83' lang='lat' dir='ltr'><strong>pronuntiare,</strong></span> <span class='ocrx_word' id='word_1_191' title='bbox 1417 2509 1527 2564; x_wconf 86' lang='lat' dir='ltr'><strong>quo</strong></span> <span class='ocrx_word' id='word_1_192' title='bbox 1587 2505 1790 2551; x_wconf 71' lang='lat' dir='ltr'><strong>aeterne</strong></span> <span class='ocrx_word' id='word_1_193' title='bbox 1841 2512 1906 2553; x_wconf 89' lang='lat' dir='ltr'><strong>ac</strong></span> 
     </span>
    </p>
   </div>
   <div class='ocr_carea' id='block_1_26' title="bbox 325 2568 1906 2659">
    <p class='ocr_par' dir='ltr' id='par_1_26' title="bbox 325 2568 1906 2659">
     <span class='ocr_line' id='line_1_26' title="bbox 325 2568 1906 2659; baseline 0.008 -29"><span class='ocrx_word' id='word_1_194' title='bbox 325 2592 553 2646; x_wconf 78' lang='lat' dir='ltr'><strong>semper</strong></span> <span class='ocrx_word' id='word_1_195' title='bbox 580 2578 839 2633; x_wconf 89' lang='lat' dir='ltr'><strong>similiter</strong></span> <span class='ocrx_word' id='word_1_196' title='bbox 858 2580 926 2634; x_wconf 91' lang='lat' dir='ltr'><strong>ad</strong></span> <span class='ocrx_word' id='word_1_197' title='bbox 960 2581 1194 2638; x_wconf 79' lang='lat' dir='ltr'><strong>invicem</strong></span> <span class='ocrx_word' id='word_1_198' title='bbox 1224 2584 1448 2659; x_wconf 82' lang='lat' dir='ltr'><strong>habent,</strong></span> <span class='ocrx_word' id='word_1_199' title='bbox 1485 2595 1540 2641; x_wconf 92' lang='lat' dir='ltr'><strong>et</strong></span> <span class='ocrx_word' id='word_1_200' title='bbox 1582 2604 1693 2656; x_wconf 89' lang='lat' dir='ltr'><strong>quo</strong></span> <span class='ocrx_word' id='word_1_201' title='bbox 1724 2568 1906 2643; x_wconf 76' lang='lat' dir='ltr'><strong>Trini-</strong></span> 
     </span>
    </p>
   </div>
   <div class='ocr_carea' id='block_1_27' title="bbox 327 2660 1906 2742">
    <p class='ocr_par' dir='ltr' id='par_1_27' title="bbox 327 2660 1906 2742">
     <span class='ocr_line' id='line_1_27' title="bbox 327 2660 1906 2742; baseline 0.011 -23"><span class='ocrx_word' id='word_1_202' title='bbox 327 2668 450 2723; x_wconf 86' lang='lat' dir='ltr'><strong>tatis</strong></span> <span class='ocrx_word' id='word_1_203' title='bbox 495 2668 766 2737; x_wconf 76' lang='lat' dir='ltr'><strong>perfectio</strong></span> <span class='ocrx_word' id='word_1_204' title='bbox 814 2671 1155 2742; x_wconf 80' lang='lat' dir='ltr'><strong>designatur,</strong></span> <span class='ocrx_word' id='word_1_205' title='bbox 1195 2676 1342 2729; x_wconf 90' lang='lat' dir='ltr'><strong>nulla</strong></span> <span class='ocrx_word' id='word_1_206' title='bbox 1403 2660 1617 2736; x_wconf 72' lang='lat' dir='ltr'><strong>ratione</strong></span> <span class='ocrx_word' id='word_1_207' title='bbox 1647 2682 1906 2737; x_wconf 72' lang='lat' dir='ltr'><strong>concedi-</strong></span> 
     </span>
    </p>
   </div>
   <div class='ocr_carea' id='block_1_28' title="bbox 326 2758 1906 2845">
    <p class='ocr_par' dir='ltr' id='par_1_28' title="bbox 326 2758 1906 2845">
     <span class='ocr_line' id='line_1_28' title="bbox 326 2758 1906 2845; baseline 0.011 -35"><span class='ocrx_word' id='word_1_208' title='bbox 326 2768 427 2814; x_wconf 83' lang='lat' dir='ltr'><strong>tur.</strong></span> <span class='ocrx_word' id='word_1_209' title='bbox 458 2758 735 2825; x_wconf 83' lang='lat' dir='ltr'><strong>Quocirca</strong></span> <span class='ocrx_word' id='word_1_210' title='bbox 767 2778 996 2830; x_wconf 77' lang='lat' dir='ltr'><strong>magnus</strong></span> <span class='ocrx_word' id='word_1_211' title='bbox 1014 2764 1245 2845; x_wconf 83' lang='lat' dir='ltr'><strong>Basilius</strong></span> <span class='ocrx_word' id='word_1_212' title='bbox 1267 2768 1320 2822; x_wconf 92' lang='lat' dir='ltr'><strong>in</strong></span> <span class='ocrx_word' id='word_1_213' title='bbox 1342 2770 1436 2823; x_wconf 88' lang='lat' dir='ltr'><strong>lib.</strong></span> <span class='ocrx_word' id='word_1_214' title='bbox 1466 2787 1514 2826; x_wconf 83' lang='lat' dir='ltr'><strong>tv</strong></span> <span class='ocrx_word' id='word_1_215' title='bbox 1539 2770 1906 2836; x_wconf 76' lang='lat' dir='ltr'><strong>Quwstianum</strong></span> 
     </span>
    </p>
   </div>
   <div class='ocr_carea' id='block_1_29' title="bbox 320 2850 1905 2933">
    <p class='ocr_par' dir='ltr' id='par_1_29' title="bbox 320 2850 1905 2933">
     <span class='ocr_line' id='line_1_29' title="bbox 320 2850 1905 2933; baseline 0.011 -30"><span class='ocrx_word' id='word_1_216' title='bbox 320 2851 440 2905; x_wconf 69' lang='lat' dir='ltr'><strong>ait:</strong></span> <span class='ocrx_word' id='word_1_217' title='bbox 484 2870 508 2903; x_wconf 74' lang='grc' dir='ltr'>ι</span> <span class='ocrx_word' id='word_1_218' title='bbox 552 2850 674 2907; x_wconf 84' lang='lat' dir='ltr'><strong>Non</strong></span> <span class='ocrx_word' id='word_1_219' title='bbox 693 2864 877 2908; x_wconf 85' lang='lat' dir='ltr'><strong>tamen</strong></span> <span class='ocrx_word' id='word_1_220' title='bbox 920 2856 1049 2924; x_wconf 85' lang='lat' dir='ltr'><strong>quia</strong></span> <span class='ocrx_word' id='word_1_221' title='bbox 1092 2859 1268 2927; x_wconf 89' lang='lat' dir='ltr'><strong>primo</strong></span> <span class='ocrx_word' id='word_1_222' title='bbox 1308 2861 1395 2916; x_wconf 89' lang='lat' dir='ltr'><strong>hic</strong></span> <span class='ocrx_word' id='word_1_223' title='bbox 1442 2864 1617 2918; x_wconf 85' lang='lat' dir='ltr'><strong>sancti</strong></span> <span class='ocrx_word' id='word_1_224' title='bbox 1668 2863 1905 2933; x_wconf 83' lang='lat' dir='ltr'><strong>Spiritus</strong></span> 
     </span>
    </p>
   </div>
   <div class='ocr_carea' id='block_1_30' title="bbox 321 2943 1906 3015">
    <p class='ocr_par' dir='ltr' id='par_1_30' title="bbox 321 2943 1906 3015">
     <span class='ocr_line' id='line_1_30' title="bbox 321 2943 1906 3015; baseline 0.012 -21"><span class='ocrx_word' id='word_1_225' title='bbox 321 2943 629 3011; x_wconf 73' lang='lat' dir='ltr'><strong>Apostolus</strong></span> <span class='ocrx_word' id='word_1_226' title='bbox 679 2946 951 3013; x_wconf 89' lang='lat' dir='ltr'><strong>meminit,</strong></span> <span class='ocrx_word' id='word_1_227' title='bbox 998 2952 1239 3005; x_wconf 85' lang='lat' dir='ltr'><strong>secundo</strong></span> <span class='ocrx_word' id='word_1_228' title='bbox 1280 2950 1422 3015; x_wconf 79' lang='lat' dir='ltr'><strong>Filii,</strong></span> <span class='ocrx_word' id='word_1_229' title='bbox 1481 2956 1643 3010; x_wconf 91' lang='lat' dir='ltr'><strong>tertio</strong></span> <span class='ocrx_word' id='word_1_230' title='bbox 1704 2956 1799 3012; x_wconf 89' lang='lat' dir='ltr'><strong>Dei</strong></span> <span class='ocrx_word' id='word_1_231' title='bbox 1850 2968 1906 3013; x_wconf 89' lang='lat' dir='ltr'><strong>et</strong></span> 
     </span>
    </p>
   </div>
   <div class='ocr_carea' id='block_1_31' title="bbox 1993 477 3571 545">
    <p class='ocr_par' dir='ltr' id='par_1_31' title="bbox 1993 477 3571 545">
     <span class='ocr_line' id='line_1_31' title="bbox 1993 477 3571 545; baseline 0.001 -15"><span class='ocrx_word' id='word_1_232' title='bbox 1993 477 2219 532; x_wconf 87' lang='lat' dir='ltr'><strong>omnino</strong></span> <span class='ocrx_word' id='word_1_233' title='bbox 2242 478 2509 545; x_wconf 86' lang='lat' dir='ltr'><strong>abuegare</strong></span> <span class='ocrx_word' id='word_1_234' title='bbox 2542 494 2557 530; x_wconf 89' lang='lat'><strong>:</strong></span> <span class='ocrx_word' id='word_1_235' title='bbox 2590 491 2716 531; x_wconf 91' lang='lat' dir='ltr'><strong>eum</strong></span> <span class='ocrx_word' id='word_1_236' title='bbox 2755 490 2883 529; x_wconf 85' lang='lat' dir='ltr'><strong>vero</strong></span> <span class='ocrx_word' id='word_1_237' title='bbox 2912 490 3020 544; x_wconf 91' lang='lat' dir='ltr'><strong>quo</strong></span> <span class='ocrx_word' id='word_1_238' title='bbox 3070 491 3318 545; x_wconf 68' lang='lat' dir='ltr'><strong>personae</strong></span> <span class='ocrx_word' id='word_1_239' title='bbox 3368 478 3571 533; x_wconf 86' lang='lat' dir='ltr'><strong>discer-</strong></span> 
     </span>
    </p>
   </div>
   <div class='ocr_carea' id='block_1_32' title="bbox 1998 567 3572 637">
    <p class='ocr_par' dir='ltr' id='par_1_32' title="bbox 1998 567 3572 637">
     <span class='ocr_line' id='line_1_32' title="bbox 1998 567 3572 637; baseline 0.003 -15"><span class='ocrx_word' id='word_1_240' title='bbox 1998 578 2223 631; x_wconf 88' lang='lat' dir='ltr'><strong>nuntur.</strong></span> <span class='ocrx_word' id='word_1_241' title='bbox 2277 567 2577 623; x_wconf 87' lang='lat' dir='ltr'><strong>secundum</strong></span> <span class='ocrx_word' id='word_1_242' title='bbox 2608 582 2767 637; x_wconf 84' lang='lat' dir='ltr'><strong>quem</strong></span> <span class='ocrx_word' id='word_1_243' title='bbox 2815 582 2980 620; x_wconf 88' lang='lat' dir='ltr'><strong>causa</strong></span> <span class='ocrx_word' id='word_1_244' title='bbox 3015 567 3089 635; x_wconf 90' lang='lat'><strong>(6)</strong></span> <span class='ocrx_word' id='word_1_245' title='bbox 3135 577 3299 637; x_wconf 85' lang='lat' dir='ltr'><strong>atque</strong></span> <span class='ocrx_word' id='word_1_246' title='bbox 3353 570 3572 626; x_wconf 84' lang='lat' dir='ltr'><strong>causale</strong></span> 
     </span>
    </p>
   </div>
   <div class='ocr_carea' id='block_1_33' title="bbox 1999 658 3573 727">
    <p class='ocr_par' dir='ltr' id='par_1_33' title="bbox 1999 658 3573 727">
     <span class='ocr_line' id='line_1_33' title="bbox 1999 658 3573 727; baseline 0 -12"><span class='ocrx_word' id='word_1_247' title='bbox 1999 676 2122 715; x_wconf 91' lang='lat' dir='ltr'><strong>cum</strong></span> <span class='ocrx_word' id='word_1_248' title='bbox 2159 669 2429 715; x_wconf 71' lang='lat' dir='ltr'><strong>comterno</strong></span> <span class='ocrx_word' id='word_1_249' title='bbox 2485 669 2540 713; x_wconf 86' lang='lat' dir='ltr'><strong>et</strong></span> <span class='ocrx_word' id='word_1_250' title='bbox 2584 658 3031 712; x_wconf 82' lang='lat' dir='ltr'><strong>consubstantiali</strong></span> <span class='ocrx_word' id='word_1_251' title='bbox 3068 660 3364 727; x_wconf 89' lang='lat' dir='ltr'><strong>inducitur,</strong></span> <span class='ocrx_word' id='word_1_252' title='bbox 3399 670 3453 716; x_wconf 86' lang='lat' dir='ltr'><strong>et</strong></span> <span class='ocrx_word' id='word_1_253' title='bbox 3478 662 3573 717; x_wconf 88' lang='lat' dir='ltr'><strong>do-</strong></span> 
     </span>
    </p>
   </div>
   <div class='ocr_carea' id='block_1_34' title="bbox 1997 750 3573 823">
    <p class='ocr_par' dir='ltr' id='par_1_34' title="bbox 1997 750 3573 823">
     <span class='ocr_line' id='line_1_34' title="bbox 1997 750 3573 823; baseline -0.001 -13"><span class='ocrx_word' id='word_1_254' title='bbox 1997 768 2139 817; x_wconf 88' lang='lat' dir='ltr'><strong>cere,</strong></span> <span class='ocrx_word' id='word_1_255' title='bbox 2166 760 2221 807; x_wconf 88' lang='lat' dir='ltr'><strong>et</strong></span> <span class='ocrx_word' id='word_1_256' title='bbox 2250 761 2307 806; x_wconf 91' lang='lat' dir='ltr'><strong>ut</strong></span> <span class='ocrx_word' id='word_1_257' title='bbox 2338 750 2507 821; x_wconf 86' lang='lat' dir='ltr'><strong>pium,</strong></span> <span class='ocrx_word' id='word_1_258' title='bbox 2538 764 2602 803; x_wconf 90' lang='lat' dir='ltr'><strong>ac</strong></span> <span class='ocrx_word' id='word_1_259' title='bbox 2629 753 2966 822; x_wconf 80' lang='lat' dir='ltr'><strong>religiosum.</strong></span> <span class='ocrx_word' id='word_1_260' title='bbox 3000 754 3250 823; x_wconf 80' lang='lat' dir='ltr'><strong>amplecti</strong></span> <span class='ocrx_word' id='word_1_261' title='bbox 3295 770 3358 809; x_wconf 82' lang='lat' dir='ltr'><strong>ac</strong></span> <span class='ocrx_word' id='word_1_262' title='bbox 3392 755 3573 812; x_wconf 81' lang='lat' dir='ltr'><strong>susci-</strong></span> 
     </span>
    </p>
   </div>
   <div class='ocr_carea' id='block_1_35' title="bbox 1998 843 3575 917">
    <p class='ocr_par' dir='ltr' id='par_1_35' title="bbox 1998 843 3575 917">
     <span class='ocr_line' id='line_1_35' title="bbox 1998 843 3575 917; baseline 0.004 -22"><span class='ocrx_word' id='word_1_263' title='bbox 1998 859 2147 917; x_wconf 75' lang='lat' dir='ltr'><strong>pere.</strong></span> <span class='ocrx_word' id='word_1_264' title='bbox 2180 859 2355 912; x_wconf 89' lang='lat' dir='ltr'><strong>neque</strong></span> <span class='ocrx_word' id='word_1_265' title='bbox 2382 843 2521 896; x_wconf 78' lang='lat' dir='ltr'><strong>idem</strong></span> <span class='ocrx_word' id='word_1_266' title='bbox 2551 852 2738 897; x_wconf 87' lang='lat' dir='ltr'><strong>contra</strong></span> <span class='ocrx_word' id='word_1_267' title='bbox 2766 844 2901 899; x_wconf 84' lang='lat' dir='ltr'><strong>idem</strong></span> <span class='ocrx_word' id='word_1_268' title='bbox 2939 858 3181 901; x_wconf 88' lang='lat' dir='ltr'><strong>asserere</strong></span> <span class='ocrx_word' id='word_1_269' title='bbox 3214 856 3379 917; x_wconf 90' lang='lat' dir='ltr'><strong>atque</strong></span> <span class='ocrx_word' id='word_1_270' title='bbox 3408 846 3575 903; x_wconf 88' lang='lat' dir='ltr'><strong>deue-</strong></span> 
     </span>
    </p>
   </div>
   <div class='ocr_carea' id='block_1_36' title="bbox 2002 953 3185 1017">
    <p class='ocr_par' dir='ltr' id='par_1_36' title="bbox 2002 953 3185 1017">
     <span class='ocr_line' id='line_1_36' title="bbox 2002 953 3185 1017; baseline -0.002 -26"><span class='ocrx_word' id='word_1_271' title='bbox 2002 953 2150 1009; x_wconf 85' lang='lat' dir='ltr'><strong>gare.</strong></span> <span class='ocrx_word' id='word_1_272' title='bbox 3168 1010 3185 1017; x_wconf 81' lang='lat'>_</span> 
     </span>
    </p>
   </div>
   <div class='ocr_carea' id='block_1_37' title="bbox 2072 1030 3573 1103">
    <p class='ocr_par' dir='ltr' id='par_1_37' title="bbox 2072 1030 3573 1103">
     <span class='ocr_line' id='line_1_37' title="bbox 2072 1030 3573 1103; baseline 0.001 -20"><span class='ocrx_word' id='word_1_273' title='bbox 2072 1030 2273 1085; x_wconf 61' lang='lat' dir='ltr'><strong>Pra&#39;ter</strong></span> <span class='ocrx_word' id='word_1_274' title='bbox 2306 1032 2417 1086; x_wconf 49' lang='lat' dir='ltr'><strong>haec</strong></span> <span class='ocrx_word' id='word_1_275' title='bbox 2444 1040 2646 1094; x_wconf 87' lang='lat' dir='ltr'><strong>autem,</strong></span> <span class='ocrx_word' id='word_1_276' title='bbox 2685 1045 2806 1100; x_wconf 71' lang='lat' dir='ltr'><strong>qua:</strong></span> <span class='ocrx_word' id='word_1_277' title='bbox 2846 1030 2990 1087; x_wconf 86' lang='lat' dir='ltr'><strong>dicta</strong></span> <span class='ocrx_word' id='word_1_278' title='bbox 3024 1040 3172 1099; x_wconf 82' lang='lat' dir='ltr'><strong>sunt,</strong></span> <span class='ocrx_word' id='word_1_279' title='bbox 3229 1046 3573 1103; x_wconf 86' lang='lat' dir='ltr'><strong>nequaquam</strong></span> 
     </span>
    </p>
   </div>
   <div class='ocr_carea' id='block_1_38' title="bbox 2003 1120 3577 1186">
    <p class='ocr_par' dir='ltr' id='par_1_38' title="bbox 2003 1120 3577 1186">
     <span class='ocr_line' id='line_1_38' title="bbox 2003 1120 3577 1186; baseline 0 -8"><span class='ocrx_word' id='word_1_280' title='bbox 2003 1131 2149 1178; x_wconf 83' lang='lat' dir='ltr'><strong>esset</strong></span> <span class='ocrx_word' id='word_1_281' title='bbox 2172 1120 2414 1176; x_wconf 72' lang='lat' dir='ltr'><strong>Trinitas</strong></span> <span class='ocrx_word' id='word_1_282' title='bbox 2450 1121 2610 1186; x_wconf 84' lang='lat' dir='ltr'><strong>Deus,</strong></span> <span class='ocrx_word' id='word_1_283' title='bbox 2643 1122 2747 1177; x_wconf 88' lang='lat' dir='ltr'><strong>nisi</strong></span> <span class='ocrx_word' id='word_1_284' title='bbox 2782 1123 2882 1177; x_wconf 87' lang='lat' dir='ltr'><strong>tria</strong></span> <span class='ocrx_word' id='word_1_285' title='bbox 2920 1123 3149 1178; x_wconf 85' lang='lat' dir='ltr'><strong>invicem</strong></span> <span class='ocrx_word' id='word_1_286' title='bbox 3174 1130 3577 1180; x_wconf 69' lang='lat' dir='ltr'><strong>connecteren-</strong></span> 
     </span>
    </p>
   </div>
   <div class='ocr_carea' id='block_1_39' title="bbox 2004 1210 3577 1281">
    <p class='ocr_par' dir='ltr' id='par_1_39' title="bbox 2004 1210 3577 1281">
     <span class='ocr_line' id='line_1_39' title="bbox 2004 1210 3577 1281; baseline 0 -13"><span class='ocrx_word' id='word_1_287' title='bbox 2004 1222 2095 1271; x_wconf 89' lang='lat' dir='ltr'><strong>tur</strong></span> <span class='ocrx_word' id='word_1_288' title='bbox 2120 1256 2134 1279; x_wconf 96' lang='lat'><strong>,</strong></span> <span class='ocrx_word' id='word_1_289' title='bbox 2184 1229 2248 1268; x_wconf 92' lang='lat' dir='ltr'><strong>ac</strong></span> <span class='ocrx_word' id='word_1_290' title='bbox 2279 1215 2579 1268; x_wconf 84' lang='lat' dir='ltr'><strong>secundum</strong></span> <span class='ocrx_word' id='word_1_291' title='bbox 2613 1210 2861 1268; x_wconf 85' lang='lat' dir='ltr'><strong>ordinem</strong></span> <span class='ocrx_word' id='word_1_292' title='bbox 2909 1230 3075 1281; x_wconf 83' lang='lat' dir='ltr'><strong>suum</strong></span> <span class='ocrx_word' id='word_1_293' title='bbox 3107 1215 3394 1269; x_wconf 89' lang='lat' dir='ltr'><strong>unirentur</strong></span> <span class='ocrx_word' id='word_1_294' title='bbox 3427 1230 3442 1267; x_wconf 89' lang='lat'><strong>:</strong></span> <span class='ocrx_word' id='word_1_295' title='bbox 3480 1214 3577 1270; x_wconf 88' lang='lat' dir='ltr'><strong>scd</strong></span> 
     </span>
    </p>
   </div>
   <div class='ocr_carea' id='block_1_40' title="bbox 2004 1306 3575 1377">
    <p class='ocr_par' dir='ltr' id='par_1_40' title="bbox 2004 1306 3575 1377">
     <span class='ocr_line' id='line_1_40' title="bbox 2004 1306 3575 1377; baseline 0.001 -14"><span class='ocrx_word' id='word_1_296' title='bbox 2004 1309 2107 1363; x_wconf 90' lang='lat' dir='ltr'><strong>tria</strong></span> <span class='ocrx_word' id='word_1_297' title='bbox 2161 1307 2481 1377; x_wconf 90' lang='lat' dir='ltr'><strong>simpliciter</strong></span> <span class='ocrx_word' id='word_1_298' title='bbox 2512 1322 2577 1362; x_wconf 88' lang='lat' dir='ltr'><strong>ac</strong></span> <span class='ocrx_word' id='word_1_299' title='bbox 2609 1315 2811 1361; x_wconf 88' lang='lat' dir='ltr'><strong>temere</strong></span> <span class='ocrx_word' id='word_1_300' title='bbox 2849 1306 3071 1376; x_wconf 83' lang='lat' dir='ltr'><strong>(quippe</strong></span> <span class='ocrx_word' id='word_1_301' title='bbox 3098 1307 3311 1363; x_wconf 89' lang='lat' dir='ltr'><strong>sublata</strong></span> <span class='ocrx_word' id='word_1_302' title='bbox 3344 1307 3575 1365; x_wconf 87' lang='lat' dir='ltr'><strong>unitate.</strong></span> 
     </span>
    </p>
   </div>
   <div class='ocr_carea' id='block_1_41' title="bbox 2003 1398 3579 1471">
    <p class='ocr_par' dir='ltr' id='par_1_41' title="bbox 2003 1398 3579 1471">
     <span class='ocr_line' id='line_1_41' title="bbox 2003 1398 3579 1471; baseline -0.001 -18"><span class='ocrx_word' id='word_1_303' title='bbox 2003 1416 2169 1471; x_wconf 90' lang='lat' dir='ltr'><strong>quam</strong></span> <span class='ocrx_word' id='word_1_304' title='bbox 2205 1400 2338 1455; x_wconf 88' lang='lat' dir='ltr'><strong>ordo</strong></span> <span class='ocrx_word' id='word_1_305' title='bbox 2369 1400 2423 1453; x_wconf 90' lang='lat' dir='ltr'><strong>in</strong></span> <span class='ocrx_word' id='word_1_306' title='bbox 2460 1398 2646 1453; x_wconf 89' lang='lat' dir='ltr'><strong>multis</strong></span> <span class='ocrx_word' id='word_1_307' title='bbox 2696 1398 2881 1465; x_wconf 82' lang='lat' dir='ltr'><strong>eﬂicit)</strong></span> <span class='ocrx_word' id='word_1_308' title='bbox 2910 1400 3217 1467; x_wconf 83' lang='lat' dir='ltr'><strong>inordinata</strong></span> <span class='ocrx_word' id='word_1_309' title='bbox 3273 1408 3479 1461; x_wconf 86' lang='lat' dir='ltr'><strong>essent,</strong></span> <span class='ocrx_word' id='word_1_310' title='bbox 3516 1413 3579 1452; x_wconf 84' lang='lat' dir='ltr'><strong>ac</strong></span> 
     </span>
    </p>
   </div>
   <div class='ocr_carea' id='block_1_42' title="bbox 2006 1488 3576 1563">
    <p class='ocr_par' dir='ltr' id='par_1_42' title="bbox 2006 1488 3576 1563">
     <span class='ocr_line' id='line_1_42' title="bbox 2006 1488 3576 1563; baseline -0.003 -16"><span class='ocrx_word' id='word_1_311' title='bbox 2006 1494 2264 1563; x_wconf 90' lang='lat' dir='ltr'><strong>plurima,</strong></span> <span class='ocrx_word' id='word_1_312' title='bbox 2325 1493 2435 1546; x_wconf 90' lang='lat' dir='ltr'><strong>imo</strong></span> <span class='ocrx_word' id='word_1_313' title='bbox 2488 1492 2671 1561; x_wconf 77' lang='lat' dir='ltr'><strong>potius</strong></span> <span class='ocrx_word' id='word_1_314' title='bbox 2711 1490 2867 1544; x_wconf 91' lang='lat' dir='ltr'><strong>nihil.</strong></span> <span class='ocrx_word' id='word_1_315' title='bbox 2901 1490 3087 1560; x_wconf 83' lang='lat' dir='ltr'><strong>Neque</strong></span> <span class='ocrx_word' id='word_1_316' title='bbox 3119 1492 3264 1544; x_wconf 89' lang='lat' dir='ltr'><strong>enim</strong></span> <span class='ocrx_word' id='word_1_317' title='bbox 3322 1490 3403 1543; x_wconf 84' lang='lat' dir='ltr'><strong>vel</strong></span> <span class='ocrx_word' id='word_1_318' title='bbox 3453 1488 3576 1551; x_wconf 88' lang='lat' dir='ltr'><strong>tria.</strong></span> 
     </span>
    </p>
   </div>
   <div class='ocr_carea' id='block_1_43' title="bbox 2007 1579 3579 1656">
    <p class='ocr_par' dir='ltr' id='par_1_43' title="bbox 2007 1579 3579 1656">
     <span class='ocr_line' id='line_1_43' title="bbox 2007 1579 3579 1656; baseline -0.004 -17"><span class='ocrx_word' id='word_1_319' title='bbox 2007 1585 2090 1641; x_wconf 89' lang='lat' dir='ltr'><strong>vel</strong></span> <span class='ocrx_word' id='word_1_320' title='bbox 2123 1596 2361 1656; x_wconf 87' lang='lat' dir='ltr'><strong>quatuor</strong></span> <span class='ocrx_word' id='word_1_321' title='bbox 2389 1598 2511 1639; x_wconf 91' lang='lat' dir='ltr'><strong>esse</strong></span> <span class='ocrx_word' id='word_1_322' title='bbox 2547 1582 2657 1637; x_wconf 93' lang='lat' dir='ltr'><strong>ullo</strong></span> <span class='ocrx_word' id='word_1_323' title='bbox 2690 1582 2851 1636; x_wconf 81' lang='lat' dir='ltr'><strong>modo</strong></span> <span class='ocrx_word' id='word_1_324' title='bbox 2885 1591 3126 1650; x_wconf 84' lang='lat' dir='ltr'><strong>possent,</strong></span> <span class='ocrx_word' id='word_1_325' title='bbox 3176 1581 3279 1635; x_wconf 89' lang='lat' dir='ltr'><strong>nisi</strong></span> <span class='ocrx_word' id='word_1_326' title='bbox 3311 1579 3579 1640; x_wconf 88' lang='lat' dir='ltr'><strong>Trinitas.</strong></span> 
     </span>
    </p>
   </div>
   <div class='ocr_carea' id='block_1_44' title="bbox 2010 1669 3578 1747">
    <p class='ocr_par' dir='ltr' id='par_1_44' title="bbox 2010 1669 3578 1747">
     <span class='ocr_line' id='line_1_44' title="bbox 2010 1669 3578 1747; baseline -0.007 -15"><span class='ocrx_word' id='word_1_327' title='bbox 2010 1677 2091 1732; x_wconf 86' lang='lat' dir='ltr'><strong>vel</strong></span> <span class='ocrx_word' id='word_1_328' title='bbox 2119 1675 2462 1747; x_wconf 87' lang='lat' dir='ltr'><strong>quaternitas</strong></span> <span class='ocrx_word' id='word_1_329' title='bbox 2499 1676 2683 1728; x_wconf 89' lang='lat' dir='ltr'><strong>animo</strong></span> <span class='ocrx_word' id='word_1_330' title='bbox 2726 1683 2853 1727; x_wconf 86' lang='lat' dir='ltr'><strong>ante</strong></span> <span class='ocrx_word' id='word_1_331' title='bbox 2884 1674 3285 1742; x_wconf 88' lang='lat' dir='ltr'><strong>conciperetur.</strong></span> <span class='ocrx_word' id='word_1_332' title='bbox 3308 1669 3578 1737; x_wconf 84' lang='lat' dir='ltr'><strong>Quoniam</strong></span> 
     </span>
    </p>
   </div>
   <div class='ocr_carea' id='block_1_45' title="bbox 2010 1762 3581 1841">
    <p class='ocr_par' dir='ltr' id='par_1_45' title="bbox 2010 1762 3581 1841">
     <span class='ocr_line' id='line_1_45' title="bbox 2010 1762 3581 1841; baseline -0.004 -18"><span class='ocrx_word' id='word_1_333' title='bbox 2010 1771 2173 1841; x_wconf 80' lang='lat' dir='ltr'><strong>igitur</strong></span> <span class='ocrx_word' id='word_1_334' title='bbox 2212 1768 2372 1821; x_wconf 90' lang='lat' dir='ltr'><strong>trium</strong></span> <span class='ocrx_word' id='word_1_335' title='bbox 2431 1780 2593 1819; x_wconf 89' lang='lat' dir='ltr'><strong>unam</strong></span> <span class='ocrx_word' id='word_1_336' title='bbox 2620 1765 3021 1820; x_wconf 78' lang='lat' dir='ltr'><strong>connexionem</strong></span> <span class='ocrx_word' id='word_1_337' title='bbox 3055 1765 3403 1827; x_wconf 85' lang='lat' dir='ltr'><strong>conlitemur,</strong></span> <span class='ocrx_word' id='word_1_338' title='bbox 3436 1762 3581 1817; x_wconf 85' lang='lat' dir='ltr'><strong>sicut</strong></span> 
     </span>
    </p>
   </div>
   <div class='ocr_carea' id='block_1_46' title="bbox 2008 1853 3583 1931">
    <p class='ocr_par' dir='ltr' id='par_1_46' title="bbox 2008 1853 3583 1931">
     <span class='ocr_line' id='line_1_46' title="bbox 2008 1853 3583 1931; baseline -0.004 -14"><span class='ocrx_word' id='word_1_339' title='bbox 2008 1877 2174 1919; x_wconf 91' lang='lat' dir='ltr'><strong>unam</strong></span> <span class='ocrx_word' id='word_1_340' title='bbox 2240 1861 2405 1914; x_wconf 87' lang='lat' dir='ltr'><strong>etiam</strong></span> <span class='ocrx_word' id='word_1_341' title='bbox 2453 1859 2771 1920; x_wconf 87' lang='lat' dir='ltr'><strong>essentiam,</strong></span> <span class='ocrx_word' id='word_1_342' title='bbox 2807 1856 3093 1925; x_wconf 87' lang='lat' dir='ltr'><strong>primoque</strong></span> <span class='ocrx_word' id='word_1_343' title='bbox 3126 1854 3246 1909; x_wconf 91' lang='lat' dir='ltr'><strong>loco</strong></span> <span class='ocrx_word' id='word_1_344' title='bbox 3294 1853 3457 1931; x_wconf 78' lang='lat' dir='ltr'><strong>Pater</strong></span> <span class='ocrx_word' id='word_1_345' title='bbox 3497 1864 3583 1910; x_wconf 91' lang='lat' dir='ltr'><strong>est</strong></span> 
     </span>
    </p>
   </div>
   <div class='ocr_carea' id='block_1_47' title="bbox 2007 1944 3582 2017">
    <p class='ocr_par' dir='ltr' id='par_1_47' title="bbox 2007 1944 3582 2017">
     <span class='ocr_line' id='line_1_47' title="bbox 2007 1944 3582 2017; baseline -0.006 -8"><span class='ocrx_word' id='word_1_346' title='bbox 2007 1968 2194 2017; x_wconf 87' lang='lat' dir='ltr'><strong>causa,</strong></span> <span class='ocrx_word' id='word_1_347' title='bbox 2226 1965 2448 2005; x_wconf 87' lang='lat' dir='ltr'><strong>necesse</strong></span> <span class='ocrx_word' id='word_1_348' title='bbox 2479 1956 2708 2001; x_wconf 82' lang='lat' dir='ltr'><strong>estesse</strong></span> <span class='ocrx_word' id='word_1_349' title='bbox 2748 1954 2801 2000; x_wconf 88' lang='lat' dir='ltr'><strong>et</strong></span> <span class='ocrx_word' id='word_1_350' title='bbox 2837 1947 3080 2000; x_wconf 91' lang='lat' dir='ltr'><strong>tertium.</strong></span> <span class='ocrx_word' id='word_1_351' title='bbox 3123 1944 3351 1999; x_wconf 89' lang='lat' dir='ltr'><strong>Sublato</strong></span> <span class='ocrx_word' id='word_1_352' title='bbox 3380 1946 3582 2015; x_wconf 88' lang='lat' dir='ltr'><strong>quippe</strong></span> 
     </span>
    </p>
   </div>
   <div class='ocr_carea' id='block_1_48' title="bbox 2008 2036 3582 2112">
    <p class='ocr_par' dir='ltr' id='par_1_48' title="bbox 2008 2036 3582 2112">
     <span class='ocr_line' id='line_1_48' title="bbox 2008 2036 3582 2112; baseline -0.008 -12"><span class='ocrx_word' id='word_1_353' title='bbox 2008 2046 2190 2109; x_wconf 87' lang='lat' dir='ltr'><strong>tertio,</strong></span> <span class='ocrx_word' id='word_1_354' title='bbox 2222 2059 2321 2098; x_wconf 77' lang='lat' dir='ltr'><strong>nec</strong></span> <span class='ocrx_word' id='word_1_355' title='bbox 2362 2042 2599 2112; x_wconf 88' lang='lat' dir='ltr'><strong>primum</strong></span> <span class='ocrx_word' id='word_1_356' title='bbox 2623 2040 2751 2094; x_wconf 87' lang='lat' dir='ltr'><strong>erit.</strong></span> <span class='ocrx_word' id='word_1_357' title='bbox 2802 2039 2859 2092; x_wconf 93' lang='lat' dir='ltr'><strong>ln</strong></span> <span class='ocrx_word' id='word_1_358' title='bbox 2889 2038 3140 2108; x_wconf 81' lang='lat' dir='ltr'><strong>plurimis</strong></span> <span class='ocrx_word' id='word_1_359' title='bbox 3170 2037 3315 2091; x_wconf 91' lang='lat' dir='ltr'><strong>enim</strong></span> <span class='ocrx_word' id='word_1_360' title='bbox 3348 2037 3438 2092; x_wconf 90' lang='lat' dir='ltr'><strong>uhi</strong></span> <span class='ocrx_word' id='word_1_361' title='bbox 3470 2036 3582 2104; x_wconf 67' lang='lat' dir='ltr'><strong>prio</strong></span> 
     </span>
    </p>
   </div>
   <div class='ocr_carea' id='block_1_49' title="bbox 2008 2129 3582 2199">
    <p class='ocr_par' dir='ltr' id='par_1_49' title="bbox 2008 2129 3582 2199">
     <span class='ocr_line' id='line_1_49' title="bbox 2008 2129 3582 2199; baseline -0.007 -9"><span class='ocrx_word' id='word_1_362' title='bbox 2008 2152 2155 2190; x_wconf 89' lang='lat' dir='ltr'><strong>mum</strong></span> <span class='ocrx_word' id='word_1_363' title='bbox 2184 2143 2287 2197; x_wconf 89' lang='lat' dir='ltr'><strong>est,</strong></span> <span class='ocrx_word' id='word_1_364' title='bbox 2324 2132 2658 2197; x_wconf 88' lang='lat' dir='ltr'><strong>necessario,</strong></span> <span class='ocrx_word' id='word_1_365' title='bbox 2688 2144 2810 2199; x_wconf 71' lang='lat' dir='ltr'><strong>quae</strong></span> <span class='ocrx_word' id='word_1_366' title='bbox 2840 2137 2964 2198; x_wconf 86' lang='lat' dir='ltr'><strong>post</strong></span> <span class='ocrx_word' id='word_1_367' title='bbox 2997 2129 3233 2198; x_wconf 88' lang='lat' dir='ltr'><strong>prinmm</strong></span> <span class='ocrx_word' id='word_1_368' title='bbox 3269 2136 3416 2189; x_wconf 88' lang='lat' dir='ltr'><strong>sunt,</strong></span> <span class='ocrx_word' id='word_1_369' title='bbox 3451 2141 3582 2180; x_wconf 90' lang='lat' dir='ltr'><strong>con-</strong></span> 
     </span>
    </p>
   </div>
   <div class='ocr_carea' id='block_1_50' title="bbox 2007 2218 3583 2291">
    <p class='ocr_par' dir='ltr' id='par_1_50' title="bbox 2007 2218 3583 2291">
     <span class='ocr_line' id='line_1_50' title="bbox 2007 2218 3583 2291; baseline -0.008 -7"><span class='ocrx_word' id='word_1_370' title='bbox 2007 2229 2259 2284; x_wconf 80' lang='lat' dir='ltr'><strong>nexionis</strong></span> <span class='ocrx_word' id='word_1_371' title='bbox 2294 2226 2433 2280; x_wconf 80' lang='lat' dir='ltr'><strong>serie</strong></span> <span class='ocrx_word' id='word_1_372' title='bbox 2485 2224 2551 2277; x_wconf 91' lang='lat' dir='ltr'><strong>ad</strong></span> <span class='ocrx_word' id='word_1_373' title='bbox 2603 2222 2837 2291; x_wconf 92' lang='lat' dir='ltr'><strong>primum</strong></span> <span class='ocrx_word' id='word_1_374' title='bbox 2870 2219 3203 2275; x_wconf 80' lang='lat' dir='ltr'><strong>referuntur.</strong></span> <span class='ocrx_word' id='word_1_375' title='bbox 3244 2218 3421 2288; x_wconf 86' lang='lat' dir='ltr'><strong>Atque</strong></span> <span class='ocrx_word' id='word_1_376' title='bbox 3478 2218 3583 2272; x_wconf 90' lang='lat' dir='ltr'><strong>hoc</strong></span> 
     </span>
    </p>
   </div>
   <div class='ocr_carea' id='block_1_51' title="bbox 2006 2309 3581 2383">
    <p class='ocr_par' dir='ltr' id='par_1_51' title="bbox 2006 2309 3581 2383">
     <span class='ocr_line' id='line_1_51' title="bbox 2006 2309 3581 2383; baseline -0.007 -6"><span class='ocrx_word' id='word_1_377' title='bbox 2006 2321 2243 2377; x_wconf 78' lang='lat' dir='ltr'><strong>maxime</strong></span> <span class='ocrx_word' id='word_1_378' title='bbox 2277 2320 2330 2371; x_wconf 91' lang='lat' dir='ltr'><strong>in</strong></span> <span class='ocrx_word' id='word_1_379' title='bbox 2376 2325 2568 2371; x_wconf 85' lang='lat' dir='ltr'><strong>saneta</strong></span> <span class='ocrx_word' id='word_1_380' title='bbox 2605 2312 2892 2378; x_wconf 85' lang='lat' dir='ltr'><strong>Trinitate,</strong></span> <span class='ocrx_word' id='word_1_381' title='bbox 2924 2313 3015 2367; x_wconf 82' lang='lat' dir='ltr'><strong>ubi</strong></span> <span class='ocrx_word' id='word_1_382' title='bbox 3053 2313 3215 2367; x_wconf 88' lang='lat' dir='ltr'><strong>trimn</strong></span> <span class='ocrx_word' id='word_1_383' title='bbox 3238 2326 3410 2381; x_wconf 30' lang='lat' dir='ltr'><strong>.nnam</strong></span> <span class='ocrx_word' id='word_1_384' title='bbox 3444 2309 3581 2383; x_wconf 62' lang='grc' dir='ltr'><strong>[ριθς</strong></span> 
     </span>
    </p>
   </div>
   <div class='ocr_carea' id='block_1_52' title="bbox 2005 2407 2574 2469">
    <p class='ocr_par' dir='ltr' id='par_1_52' title="bbox 2005 2407 2574 2469">
     <span class='ocr_line' id='line_1_52' title="bbox 2005 2407 2574 2469; baseline -0.011 -5"><span class='ocrx_word' id='word_1_385' title='bbox 2005 2424 2131 2464; x_wconf 89' lang='lat' dir='ltr'><strong>mur</strong></span> <span class='ocrx_word' id='word_1_386' title='bbox 2159 2407 2574 2469; x_wconf 75' lang='lat' dir='ltr'><strong>connexionem,</strong></span> 
     </span>
    </p>
   </div>
   <div class='ocr_carea' id='block_1_53' title="bbox 2079 2491 3579 2568">
    <p class='ocr_par' dir='ltr' id='par_1_53' title="bbox 2079 2491 3579 2568">
     <span class='ocr_line' id='line_1_53' title="bbox 2079 2491 3579 2568; baseline -0.005 -15"><span class='ocrx_word' id='word_1_387' title='bbox 2079 2500 2336 2561; x_wconf 76' lang='lat' dir='ltr'><strong>liursum,</strong></span> <span class='ocrx_word' id='word_1_388' title='bbox 2388 2500 2645 2568; x_wconf 86' lang='lat' dir='ltr'><strong>quoniam</strong></span> <span class='ocrx_word' id='word_1_389' title='bbox 2696 2495 2914 2550; x_wconf 78' lang='lat' dir='ltr'><strong>tert’um</strong></span> <span class='ocrx_word' id='word_1_390' title='bbox 2976 2509 3006 2548; x_wconf 86' lang='lat' dir='ltr'><strong>a</strong></span> <span class='ocrx_word' id='word_1_391' title='bbox 3077 2491 3242 2549; x_wconf 84' lang='lat' dir='ltr'><strong>Patre</strong></span> <span class='ocrx_word' id='word_1_392' title='bbox 3313 2491 3579 2562; x_wconf 85' lang='lat' dir='ltr'><strong>Spiritum</strong></span> 
     </span>
    </p>
   </div>
   <div class='ocr_carea' id='block_1_54' title="bbox 2007 2584 3581 2657">
    <p class='ocr_par' dir='ltr' id='par_1_54' title="bbox 2007 2584 3581 2657">
     <span class='ocr_line' id='line_1_54' title="bbox 2007 2584 3581 2657; baseline -0.008 -10"><span class='ocrx_word' id='word_1_393' title='bbox 2007 2605 2254 2649; x_wconf 89' lang='lat' dir='ltr'><strong>sanctum</strong></span> <span class='ocrx_word' id='word_1_394' title='bbox 2284 2591 2535 2643; x_wconf 88' lang='lat' dir='ltr'><strong>doctores</strong></span> <span class='ocrx_word' id='word_1_395' title='bbox 2564 2587 2876 2657; x_wconf 66' lang='lat' dir='ltr'><strong>praedicant,</strong></span> <span class='ocrx_word' id='word_1_396' title='bbox 2925 2584 3167 2655; x_wconf 86' lang='lat' dir='ltr'><strong>profecto</strong></span> <span class='ocrx_word' id='word_1_397' title='bbox 3219 2586 3411 2638; x_wconf 89' lang='lat' dir='ltr'><strong>tertius</strong></span> <span class='ocrx_word' id='word_1_398' title='bbox 3472 2599 3581 2638; x_wconf 91' lang='lat' dir='ltr'><strong>non</strong></span> 
     </span>
    </p>
   </div>
   <div class='ocr_carea' id='block_1_55' title="bbox 2007 2674 3582 2751">
    <p class='ocr_par' dir='ltr' id='par_1_55' title="bbox 2007 2674 3582 2751">
     <span class='ocr_line' id='line_1_55' title="bbox 2007 2674 3582 2751; baseline -0.006 -13"><span class='ocrx_word' id='word_1_399' title='bbox 2007 2691 2155 2739; x_wconf 81' lang='lat' dir='ltr'><strong>esset</strong></span> <span class='ocrx_word' id='word_1_400' title='bbox 2183 2682 2359 2751; x_wconf 86' lang='lat' dir='ltr'><strong>primo</strong></span> <span class='ocrx_word' id='word_1_401' title='bbox 2387 2680 2624 2734; x_wconf 90' lang='lat' dir='ltr'><strong>sublato.</strong></span> <span class='ocrx_word' id='word_1_402' title='bbox 2648 2678 2891 2732; x_wconf 86' lang='lat' dir='ltr'><strong>Tertium</strong></span> <span class='ocrx_word' id='word_1_403' title='bbox 2922 2678 3065 2730; x_wconf 89' lang='lat' dir='ltr'><strong>enim</strong></span> <span class='ocrx_word' id='word_1_404' title='bbox 3095 2676 3301 2730; x_wconf 88' lang='lat' dir='ltr'><strong>idcirco</strong></span> <span class='ocrx_word' id='word_1_405' title='bbox 3324 2674 3582 2735; x_wconf 82' lang='lat' dir='ltr'><strong>dicimus.</strong></span> 
     </span>
    </p>
   </div>
   <div class='ocr_carea' id='block_1_56' title="bbox 2009 2765 3583 2845">
    <p class='ocr_par' dir='ltr' id='par_1_56' title="bbox 2009 2765 3583 2845">
     <span class='ocr_line' id='line_1_56' title="bbox 2009 2765 3583 2845; baseline -0.004 -18"><span class='ocrx_word' id='word_1_406' title='bbox 2009 2776 2137 2845; x_wconf 88' lang='lat' dir='ltr'><strong>quia</strong></span> <span class='ocrx_word' id='word_1_407' title='bbox 2192 2772 2428 2827; x_wconf 87' lang='lat' dir='ltr'><strong>refertur</strong></span> <span class='ocrx_word' id='word_1_408' title='bbox 2458 2770 2523 2825; x_wconf 89' lang='lat' dir='ltr'><strong>ad</strong></span> <span class='ocrx_word' id='word_1_409' title='bbox 2585 2772 2843 2840; x_wconf 89' lang='lat' dir='ltr'><strong>primum.</strong></span> <span class='ocrx_word' id='word_1_410' title='bbox 2883 2766 2945 2821; x_wconf 86' lang='lat' dir='ltr'><strong>Et</strong></span> <span class='ocrx_word' id='word_1_411' title='bbox 2988 2769 3089 2822; x_wconf 90' lang='lat' dir='ltr'><strong>hoc</strong></span> <span class='ocrx_word' id='word_1_412' title='bbox 3121 2768 3303 2822; x_wconf 88' lang='lat' dir='ltr'><strong>itidem</strong></span> <span class='ocrx_word' id='word_1_413' title='bbox 3353 2782 3461 2820; x_wconf 88' lang='lat' dir='ltr'><strong>non</strong></span> <span class='ocrx_word' id='word_1_414' title='bbox 3508 2765 3583 2821; x_wconf 82' lang='lat' dir='ltr'><strong>ita</strong></span> 
     </span>
    </p>
   </div>
   <div class='ocr_carea' id='block_1_57' title="bbox 2007 2857 3581 2933">
    <p class='ocr_par' dir='ltr' id='par_1_57' title="bbox 2007 2857 3581 2933">
     <span class='ocr_line' id='line_1_57' title="bbox 2007 2857 3581 2933; baseline -0.007 -14"><span class='ocrx_word' id='word_1_415' title='bbox 2007 2876 2174 2932; x_wconf 89' lang='lat' dir='ltr'><strong>esset,</strong></span> <span class='ocrx_word' id='word_1_416' title='bbox 2208 2865 2309 2918; x_wconf 86' lang='lat' dir='ltr'><strong>nisi</strong></span> <span class='ocrx_word' id='word_1_417' title='bbox 2336 2874 2389 2919; x_wconf 90' lang='lat' dir='ltr'><strong>et</strong></span> <span class='ocrx_word' id='word_1_418' title='bbox 2420 2864 2656 2933; x_wconf 82' lang='lat' dir='ltr'><strong>primum</strong></span> <span class='ocrx_word' id='word_1_419' title='bbox 2718 2861 2787 2915; x_wconf 89' lang='lat' dir='ltr'><strong>ad</strong></span> <span class='ocrx_word' id='word_1_420' title='bbox 2820 2858 3126 2915; x_wconf 90' lang='lat' dir='ltr'><strong>secundum</strong></span> <span class='ocrx_word' id='word_1_421' title='bbox 3160 2857 3386 2911; x_wconf 87' lang='lat' dir='ltr'><strong>haberet</strong></span> <span class='ocrx_word' id='word_1_422' title='bbox 3428 2858 3581 2909; x_wconf 89' lang='lat' dir='ltr'><strong>ordi-</strong></span> 
     </span>
    </p>
   </div>
   <div class='ocr_carea' id='block_1_58' title="bbox 2010 2948 3580 3026">
    <p class='ocr_par' dir='ltr' id='par_1_58' title="bbox 2010 2948 3580 3026">
     <span class='ocr_line' id='line_1_58' title="bbox 2010 2948 3580 3026; baseline -0.008 -12"><span class='ocrx_word' id='word_1_423' title='bbox 2010 2976 2156 3015; x_wconf 89' lang='lat' dir='ltr'><strong>nem.</strong></span> <span class='ocrx_word' id='word_1_424' title='bbox 2185 2959 2330 3011; x_wconf 83' lang='lat' dir='ltr'><strong>Alias</strong></span> <span class='ocrx_word' id='word_1_425' title='bbox 2389 2956 2589 3026; x_wconf 83' lang='lat' dir='ltr'><strong>quippe</strong></span> <span class='ocrx_word' id='word_1_426' title='bbox 2624 2968 2802 3022; x_wconf 87' lang='lat' dir='ltr'><strong>neque</strong></span> <span class='ocrx_word' id='word_1_427' title='bbox 2856 2951 3024 3005; x_wconf 90' lang='lat' dir='ltr'><strong>trium</strong></span> <span class='ocrx_word' id='word_1_428' title='bbox 3086 2948 3358 3005; x_wconf 77' lang='lat' dir='ltr'><strong>connexio</strong></span> <span class='ocrx_word' id='word_1_429' title='bbox 3412 2957 3580 3010; x_wconf 88' lang='lat' dir='ltr'><strong>esset,</strong></span> 
     </span>
    </p>
   </div>
   <div class='ocr_carea' id='block_1_59' title="bbox 321 3030 3583 3119">
    <p class='ocr_par' dir='ltr' id='par_1_59' title="bbox 321 3030 3583 3119">
     <span class='ocr_line' id='line_1_59' title="bbox 321 3030 3583 3119; baseline 0.006 -34"><span class='ocrx_word' id='word_1_430' title='bbox 321 3030 526 3097; x_wconf 78' lang='lat' dir='ltr'><strong>Patris,</strong></span> <span class='ocrx_word' id='word_1_431' title='bbox 561 3039 824 3091; x_wconf 87' lang='lat' dir='ltr'><strong>continuo</strong></span> <span class='ocrx_word' id='word_1_432' title='bbox 853 3038 1157 3107; x_wconf 87' lang='lat' dir='ltr'><strong>putandum</strong></span> <span class='ocrx_word' id='word_1_433' title='bbox 1199 3051 1302 3106; x_wconf 92' lang='lat' dir='ltr'><strong>est,</strong></span> <span class='ocrx_word' id='word_1_434' title='bbox 1329 3058 1648 3112; x_wconf 85' lang='lat' dir='ltr'><strong>perversum</strong></span> <span class='ocrx_word' id='word_1_435' title='bbox 1686 3058 1780 3103; x_wconf 89' lang='lat' dir='ltr'><strong>aut</strong></span> <span class='ocrx_word' id='word_1_436' title='bbox 1802 3048 1907 3103; x_wconf 82' lang='lat' dir='ltr'><strong>im-</strong></span> <span class='ocrx_word' id='word_1_437' title='bbox 1933 3049 1977 3105; x_wconf 85' lang='lat' dir='ltr'><strong>C</strong></span> <span class='ocrx_word' id='word_1_438' title='bbox 2011 3066 2187 3119; x_wconf 87' lang='lat' dir='ltr'><strong>neque</strong></span> <span class='ocrx_word' id='word_1_439' title='bbox 2221 3048 2402 3103; x_wconf 88' lang='lat' dir='ltr'><strong>unitas</strong></span> <span class='ocrx_word' id='word_1_440' title='bbox 2433 3065 2447 3101; x_wconf 89' lang='lat'>:</span> <span class='ocrx_word' id='word_1_441' title='bbox 2483 3046 2576 3101; x_wconf 72' lang='lat' dir='ltr'><strong>Sed</strong></span> <span class='ocrx_word' id='word_1_442' title='bbox 2614 3046 2739 3104; x_wconf 84' lang='lat' dir='ltr'><strong>tria,</strong></span> <span class='ocrx_word' id='word_1_443' title='bbox 2765 3055 2823 3099; x_wconf 88' lang='lat' dir='ltr'><strong>ut</strong></span> <span class='ocrx_word' id='word_1_444' title='bbox 2857 3043 3115 3103; x_wconf 72' lang='lat' dir='ltr'><strong>diximus.</strong></span> <span class='ocrx_word' id='word_1_445' title='bbox 3148 3040 3486 3110; x_wconf 61' lang='grc' dir='ltr'><strong>εῐιιιριῖεῖιένι</strong></span> <span class='ocrx_word' id='word_1_446' title='bbox 3519 3054 3583 3094; x_wconf 73' lang='lat' dir='ltr'><strong>ac</strong></span> 
     </span>
    </p>
   </div>
   <div class='ocr_carea' id='block_1_60' title="bbox 319 3131 1909 3207">
    <p class='ocr_par' dir='ltr' id='par_1_60' title="bbox 319 3131 1909 3207">
     <span class='ocr_line' id='line_1_60' title="bbox 319 3131 1909 3207; baseline 0.011 -31"><span class='ocrx_word' id='word_1_447' title='bbox 319 3136 600 3180; x_wconf 77' lang='lat' dir='ltr'><strong>mutatum</strong></span> <span class='ocrx_word' id='word_1_448' title='bbox 650 3142 777 3183; x_wconf 84' lang='lat' dir='ltr'><strong>esse</strong></span> <span class='ocrx_word' id='word_1_449' title='bbox 804 3131 1079 3189; x_wconf 86' lang='lat' dir='ltr'><strong>ordinem.</strong></span> <span class='ocrx_word' id='word_1_450' title='bbox 1140 3131 1217 3187; x_wconf 76' lang='lat' dir='ltr'><strong>Ex</strong></span> <span class='ocrx_word' id='word_1_451' title='bbox 1266 3144 1456 3190; x_wconf 88' lang='lat' dir='ltr'><strong>nostro</strong></span> <span class='ocrx_word' id='word_1_452' title='bbox 1500 3136 1701 3207; x_wconf 88' lang='lat' dir='ltr'><strong>quippe</strong></span> <span class='ocrx_word' id='word_1_453' title='bbox 1757 3154 1909 3193; x_wconf 91' lang='lat' dir='ltr'><strong>more</strong></span> 
     </span>
    </p>
   </div>
   <div class='ocr_carea' id='block_1_61' title="bbox 320 3219 1902 3299">
    <p class='ocr_par' dir='ltr' id='par_1_61' title="bbox 320 3219 1902 3299">
     <span class='ocr_line' id='line_1_61' title="bbox 320 3219 1902 3299; baseline 0.008 -26"><span class='ocrx_word' id='word_1_454' title='bbox 320 3219 552 3273; x_wconf 87' lang='lat' dir='ltr'><strong>initium</strong></span> <span class='ocrx_word' id='word_1_455' title='bbox 602 3222 862 3289; x_wconf 85' lang='lat' dir='ltr'><strong>sumpsit.</strong></span> <span class='ocrx_word' id='word_1_456' title='bbox 913 3220 1145 3289; x_wconf 85' lang='lat' dir='ltr'><strong>Quando</strong></span> <span class='ocrx_word' id='word_1_457' title='bbox 1179 3226 1324 3280; x_wconf 88' lang='lat' dir='ltr'><strong>enim</strong></span> <span class='ocrx_word' id='word_1_458' title='bbox 1365 3226 1510 3282; x_wconf 88' lang='lat' dir='ltr'><strong>dona</strong></span> <span class='ocrx_word' id='word_1_459' title='bbox 1545 3230 1902 3299; x_wconf 77' lang='lat' dir='ltr'><strong>suscipimus.</strong></span> 
     </span>
    </p>
   </div>
   <div class='ocr_carea' id='block_1_62' title="bbox 315 3310 1905 3384">
    <p class='ocr_par' dir='ltr' id='par_1_62' title="bbox 315 3310 1905 3384">
     <span class='ocr_line' id='line_1_62' title="bbox 315 3310 1905 3384; baseline 0.009 -21"><span class='ocrx_word' id='word_1_460' title='bbox 315 3310 506 3378; x_wconf 80' lang='lat' dir='ltr'><strong>primo</strong></span> <span class='ocrx_word' id='word_1_461' title='bbox 528 3311 882 3366; x_wconf 87' lang='lat' dir='ltr'><strong>distribuenti</strong></span> <span class='ocrx_word' id='word_1_462' title='bbox 917 3314 1304 3384; x_wconf 84' lang='lat' dir='ltr'><strong>congredimur</strong></span> <span class='ocrx_word' id='word_1_463' title='bbox 1325 3357 1341 3381; x_wconf 85' lang='lat'><strong>,</strong></span> <span class='ocrx_word' id='word_1_464' title='bbox 1378 3318 1574 3375; x_wconf 90' lang='lat' dir='ltr'><strong>deinde</strong></span> <span class='ocrx_word' id='word_1_465' title='bbox 1600 3320 1905 3378; x_wconf 88' lang='lat' dir='ltr'><strong>mittentem</strong></span> 
     </span>
    </p>
   </div>
   <div class='ocr_carea' id='block_1_63' title="bbox 312 3402 1905 3477">
    <p class='ocr_par' dir='ltr' id='par_1_63' title="bbox 312 3402 1905 3477">
     <span class='ocr_line' id='line_1_63' title="bbox 312 3402 1905 3477; baseline 0.01 -24"><span class='ocrx_word' id='word_1_466' title='bbox 312 3402 673 3469; x_wconf 84' lang='lat' dir='ltr'><strong>concipimus</strong></span> <span class='ocrx_word' id='word_1_467' title='bbox 737 3403 944 3462; x_wconf 88' lang='lat' dir='ltr'><strong>animo.</strong></span> <span class='ocrx_word' id='word_1_468' title='bbox 1008 3414 1119 3459; x_wconf 88' lang='lat' dir='ltr'><strong>tum</strong></span> <span class='ocrx_word' id='word_1_469' title='bbox 1153 3407 1220 3460; x_wconf 89' lang='lat' dir='ltr'><strong>ad</strong></span> <span class='ocrx_word' id='word_1_470' title='bbox 1268 3407 1443 3477; x_wconf 90' lang='lat' dir='ltr'><strong>ipsum</strong></span> <span class='ocrx_word' id='word_1_471' title='bbox 1486 3412 1751 3467; x_wconf 87' lang='lat' dir='ltr'><strong>bonorum</strong></span> <span class='ocrx_word' id='word_1_472' title='bbox 1784 3413 1905 3469; x_wconf 82' lang='lat' dir='ltr'><strong>fon-</strong></span> 
     </span>
    </p>
   </div>
   <div class='ocr_carea' id='block_1_64' title="bbox 312 3496 1624 3566">
    <p class='ocr_par' dir='ltr' id='par_1_64' title="bbox 312 3496 1624 3566">
     <span class='ocr_line' id='line_1_64' title="bbox 312 3496 1624 3566; baseline 0.006 -19"><span class='ocrx_word' id='word_1_473' title='bbox 312 3501 424 3547; x_wconf 75' lang='lat' dir='ltr'><strong>tem</strong></span> <span class='ocrx_word' id='word_1_474' title='bbox 453 3509 796 3565; x_wconf 81' lang='lat' dir='ltr'><strong>causamque</strong></span> <span class='ocrx_word' id='word_1_475' title='bbox 835 3496 1160 3566; x_wconf 87' lang='lat' dir='ltr'><strong>cogitatione</strong></span> <span class='ocrx_word' id='word_1_476' title='bbox 1182 3502 1573 3557; x_wconf 89' lang='lat' dir='ltr'><strong>convertimur.</strong></span> <span class='ocrx_word' id='word_1_477' title='bbox 1605 3522 1624 3555; x_wconf 78' lang='grc' dir='ltr'><strong><em>ι</em></strong></span> 
     </span>
    </p>
   </div>
   <div class='ocr_carea' id='block_1_65' title="bbox 386 3584 1905 3667">
    <p class='ocr_par' dir='ltr' id='par_1_65' title="bbox 386 3584 1905 3667">
     <span class='ocr_line' id='line_1_65' title="bbox 386 3584 1905 3667; baseline 0.013 -33"><span class='ocrx_word' id='word_1_478' title='bbox 386 3584 562 3651; x_wconf 69' lang='lat' dir='ltr'><strong>Quod</strong></span> <span class='ocrx_word' id='word_1_479' title='bbox 585 3587 629 3639; x_wconf 89' lang='lat' dir='ltr'><strong>si</strong></span> <span class='ocrx_word' id='word_1_480' title='bbox 664 3603 726 3640; x_wconf 74' lang='lat' dir='ltr'><strong>ex</strong></span> <span class='ocrx_word' id='word_1_481' title='bbox 754 3604 903 3642; x_wconf 88' lang='lat' dir='ltr'><strong>more</strong></span> <span class='ocrx_word' id='word_1_482' title='bbox 932 3599 1124 3645; x_wconf 88' lang='lat' dir='ltr'><strong>nostro</strong></span> <span class='ocrx_word' id='word_1_483' title='bbox 1154 3593 1369 3646; x_wconf 86' lang='lat' dir='ltr'><strong>initium</strong></span> <span class='ocrx_word' id='word_1_484' title='bbox 1402 3606 1701 3660; x_wconf 83' lang='lat' dir='ltr'><strong>sumentes,</strong></span> <span class='ocrx_word' id='word_1_485' title='bbox 1728 3598 1905 3667; x_wconf 83' lang='lat' dir='ltr'><strong>primo</strong></span> 
     </span>
    </p>
   </div>
   <div class='ocr_carea' id='block_1_66' title="bbox 311 3675 1905 3749">
    <p class='ocr_par' dir='ltr' id='par_1_66' title="bbox 311 3675 1905 3749">
     <span class='ocr_line' id='line_1_66' title="bbox 311 3675 1905 3749; baseline 0.008 -19"><span class='ocrx_word' id='word_1_486' title='bbox 311 3675 688 3731; x_wconf 81' lang='lat' dir='ltr'><strong>meminimus</strong></span> <span class='ocrx_word' id='word_1_487' title='bbox 712 3677 969 3745; x_wconf 85' lang='lat' dir='ltr'><strong>Spiritus,</strong></span> <span class='ocrx_word' id='word_1_488' title='bbox 1020 3696 1049 3733; x_wconf 91' lang='lat' dir='ltr'><strong>a</strong></span> <span class='ocrx_word' id='word_1_489' title='bbox 1097 3697 1206 3749; x_wconf 86' lang='lat' dir='ltr'><strong>quo</strong></span> <span class='ocrx_word' id='word_1_490' title='bbox 1237 3682 1293 3736; x_wconf 92' lang='lat' dir='ltr'><strong>in</strong></span> <span class='ocrx_word' id='word_1_491' title='bbox 1327 3698 1426 3738; x_wconf 82' lang='lat' dir='ltr'><strong>nos</strong></span> <span class='ocrx_word' id='word_1_492' title='bbox 1476 3700 1763 3741; x_wconf 85' lang='lat' dir='ltr'><strong>munerum</strong></span> <span class='ocrx_word' id='word_1_493' title='bbox 1795 3687 1905 3742; x_wconf 77' lang='lat' dir='ltr'><strong>lar-</strong></span> 
     </span>
    </p>
   </div>
   <div class='ocr_carea' id='block_1_67' title="bbox 305 3766 1903 3844">
    <p class='ocr_par' dir='ltr' id='par_1_67' title="bbox 305 3766 1903 3844">
     <span class='ocr_line' id='line_1_67' title="bbox 305 3766 1903 3844; baseline 0.01 -26"><span class='ocrx_word' id='word_1_494' title='bbox 305 3766 463 3832; x_wconf 70' lang='lat' dir='ltr'><strong>gitas</strong></span> <span class='ocrx_word' id='word_1_495' title='bbox 500 3776 709 3829; x_wconf 87' lang='lat' dir='ltr'><strong>manat;</strong></span> <span class='ocrx_word' id='word_1_496' title='bbox 735 3768 931 3824; x_wconf 87' lang='lat' dir='ltr'><strong>deinde</strong></span> <span class='ocrx_word' id='word_1_497' title='bbox 984 3770 1132 3838; x_wconf 85' lang='lat' dir='ltr'><strong>Filii,</strong></span> <span class='ocrx_word' id='word_1_498' title='bbox 1173 3787 1235 3825; x_wconf 92' lang='lat' dir='ltr'><strong>ac</strong></span> <span class='ocrx_word' id='word_1_499' title='bbox 1273 3773 1433 3827; x_wconf 83' lang='lat' dir='ltr'><strong>tertio</strong></span> <span class='ocrx_word' id='word_1_500' title='bbox 1469 3790 1565 3844; x_wconf 88' lang='lat' dir='ltr'><strong>per</strong></span> <span class='ocrx_word' id='word_1_501' title='bbox 1587 3774 1787 3832; x_wconf 83' lang='lat' dir='ltr'><strong>Filium</strong></span> <span class='ocrx_word' id='word_1_502' title='bbox 1836 3780 1903 3834; x_wconf 86' lang='lat' dir='ltr'><strong>ad</strong></span> 
     </span>
    </p>
   </div>
   <div class='ocr_carea' id='block_1_68' title="bbox 307 3857 1901 3937">
    <p class='ocr_par' dir='ltr' id='par_1_68' title="bbox 307 3857 1901 3937">
     <span class='ocr_line' id='line_1_68' title="bbox 307 3857 1901 3937; baseline 0.008 -26"><span class='ocrx_word' id='word_1_503' title='bbox 307 3857 552 3911; x_wconf 86' lang='lat' dir='ltr'><strong>Patrem</strong></span> <span class='ocrx_word' id='word_1_504' title='bbox 607 3859 903 3923; x_wconf 87' lang='lat' dir='ltr'><strong>tendimus,</strong></span> <span class='ocrx_word' id='word_1_505' title='bbox 943 3861 1134 3931; x_wconf 54' lang='lat' dir='ltr'><strong>lique;</strong></span> <span class='ocrx_word' id='word_1_506' title='bbox 1193 3865 1337 3933; x_wconf 92' lang='lat' dir='ltr'><strong>quod</strong></span> <span class='ocrx_word' id='word_1_507' title='bbox 1395 3865 1502 3921; x_wconf 88' lang='lat' dir='ltr'><strong>illic</strong></span> <span class='ocrx_word' id='word_1_508' title='bbox 1556 3868 1901 3937; x_wconf 88' lang='lat' dir='ltr'><strong>incipientes.</strong></span> 
     </span>
    </p>
   </div>
   <div class='ocr_carea' id='block_1_69' title="bbox 307 3947 1901 4028">
    <p class='ocr_par' dir='ltr' id='par_1_69' title="bbox 307 3947 1901 4028">
     <span class='ocr_line' id='line_1_69' title="bbox 307 3947 1901 4028; baseline 0.008 -26"><span class='ocrx_word' id='word_1_509' title='bbox 307 3950 505 4017; x_wconf 87' lang='lat' dir='ltr'><strong>primo</strong></span> <span class='ocrx_word' id='word_1_510' title='bbox 543 3947 742 4013; x_wconf 77' lang='lat' dir='ltr'><strong>Patris,</strong></span> <span class='ocrx_word' id='word_1_511' title='bbox 768 3950 968 4005; x_wconf 87' lang='lat' dir='ltr'><strong>deinde</strong></span> <span class='ocrx_word' id='word_1_512' title='bbox 997 3951 1116 4005; x_wconf 78' lang='lat' dir='ltr'><strong>Filii</strong></span> <span class='ocrx_word' id='word_1_513' title='bbox 1149 3969 1211 4008; x_wconf 88' lang='lat' dir='ltr'><strong>ac</strong></span> <span class='ocrx_word' id='word_1_514' title='bbox 1244 3959 1404 4011; x_wconf 86' lang='lat' dir='ltr'><strong>tertio</strong></span> <span class='ocrx_word' id='word_1_515' title='bbox 1446 3955 1686 4028; x_wconf 89' lang='lat' dir='ltr'><strong>Spiritus</strong></span> <span class='ocrx_word' id='word_1_516' title='bbox 1728 3961 1901 4015; x_wconf 89' lang='lat' dir='ltr'><strong>sancti</strong></span> 
     </span>
    </p>
   </div>
   <div class='ocr_carea' id='block_1_70' title="bbox 303 4040 1901 4119">
    <p class='ocr_par' dir='ltr' id='par_1_70' title="bbox 303 4040 1901 4119">
     <span class='ocr_line' id='line_1_70' title="bbox 303 4040 1901 4119; baseline 0.007 -25"><span class='ocrx_word' id='word_1_517' title='bbox 303 4040 629 4095; x_wconf 81' lang='lat' dir='ltr'><strong>secundum</strong></span> <span class='ocrx_word' id='word_1_518' title='bbox 698 4041 984 4097; x_wconf 80' lang='lat' dir='ltr'><strong>Trinitatis</strong></span> <span class='ocrx_word' id='word_1_519' title='bbox 1052 4044 1327 4115; x_wconf 88' lang='lat' dir='ltr'><strong>proprium</strong></span> <span class='ocrx_word' id='word_1_520' title='bbox 1392 4063 1454 4103; x_wconf 89' lang='lat' dir='ltr'><strong>ac</strong></span> <span class='ocrx_word' id='word_1_521' title='bbox 1512 4049 1901 4119; x_wconf 90' lang='lat' dir='ltr'><strong>sempiternum</strong></span> 
     </span>
    </p>
   </div>
   <div class='ocr_carea' id='block_1_71' title="bbox 303 4132 1901 4210">
    <p class='ocr_par' dir='ltr' id='par_1_71' title="bbox 303 4132 1901 4210">
     <span class='ocr_line' id='line_1_71' title="bbox 303 4132 1901 4210; baseline 0.009 -25"><span class='ocrx_word' id='word_1_522' title='bbox 303 4132 578 4186; x_wconf 86' lang='lat' dir='ltr'><strong>ordinem</strong></span> <span class='ocrx_word' id='word_1_523' title='bbox 624 4133 995 4191; x_wconf 73' lang='lat' dir='ltr'><strong>meminimus.</strong></span> <span class='ocrx_word' id='word_1_524' title='bbox 1043 4136 1252 4205; x_wconf 87' lang='lat' dir='ltr'><strong>Itaque,</strong></span> <span class='ocrx_word' id='word_1_525' title='bbox 1322 4140 1365 4195; x_wconf 87' lang='lat' dir='ltr'><strong>si</strong></span> <span class='ocrx_word' id='word_1_526' title='bbox 1416 4156 1575 4210; x_wconf 89' lang='lat' dir='ltr'><strong>quem</strong></span> <span class='ocrx_word' id='word_1_527' title='bbox 1644 4144 1901 4200; x_wconf 89' lang='lat' dir='ltr'><strong>sacerdos</strong></span> 
     </span>
    </p>
   </div>
   <div class='ocr_carea' id='block_1_72' title="bbox 304 4226 1902 4300">
    <p class='ocr_par' dir='ltr' id='par_1_72' title="bbox 304 4226 1902 4300">
     <span class='ocr_line' id='line_1_72' title="bbox 304 4226 1902 4300; baseline 0.006 -23"><span class='ocrx_word' id='word_1_528' title='bbox 304 4226 653 4294; x_wconf 59' lang='lat' dir='ltr'><strong>lzaptizaret,</strong></span> <span class='ocrx_word' id='word_1_529' title='bbox 682 4236 846 4293; x_wconf 85' lang='lat' dir='ltr'><strong>atque</strong></span> <span class='ocrx_word' id='word_1_530' title='bbox 873 4228 944 4281; x_wconf 83' lang='lat' dir='ltr'><strong>ita</strong></span> <span class='ocrx_word' id='word_1_531' title='bbox 981 4230 1265 4298; x_wconf 79' lang='lat' dir='ltr'><strong>baptizans</strong></span> <span class='ocrx_word' id='word_1_532' title='bbox 1290 4232 1709 4300; x_wconf 87' lang='lat' dir='ltr'><strong>pronuntiaret:</strong></span> <span class='ocrx_word' id='word_1_533' title='bbox 1748 4253 1765 4285; x_wconf 75' lang='grc' dir='ltr'>ι</span> <span class='ocrx_word' id='word_1_534' title='bbox 1799 4234 1902 4287; x_wconf 78' lang='lat' dir='ltr'><strong>Ba—</strong></span> 
     </span>
    </p>
   </div>
   <div class='ocr_carea' id='block_1_73' title="bbox 244 4314 1897 4390">
    <p class='ocr_par' dir='ltr' id='par_1_73' title="bbox 244 4314 1897 4390">
     <span class='ocr_line' id='line_1_73' title="bbox 244 4314 1897 4390; baseline 0.004 -17"><span class='ocrx_word' id='word_1_535' title='bbox 244 4314 251 4321; x_wconf 75' lang='grc'><strong><em>’</em></strong></span> <span class='ocrx_word' id='word_1_536' title='bbox 304 4319 461 4386; x_wconf 84' lang='lat' dir='ltr'><strong>ptizo</strong></span> <span class='ocrx_word' id='word_1_537' title='bbox 488 4328 550 4372; x_wconf 86' lang='lat' dir='ltr'><strong>te</strong></span> <span class='ocrx_word' id='word_1_538' title='bbox 584 4317 637 4370; x_wconf 87' lang='lat' dir='ltr'><strong>in</strong></span> <span class='ocrx_word' id='word_1_539' title='bbox 672 4319 915 4372; x_wconf 79' lang='lat' dir='ltr'><strong>nomine.</strong></span> <span class='ocrx_word' id='word_1_540' title='bbox 954 4318 1154 4385; x_wconf 88' lang='lat' dir='ltr'><strong>Patris,</strong></span> <span class='ocrx_word' id='word_1_541' title='bbox 1183 4332 1235 4375; x_wconf 85' lang='lat' dir='ltr'><strong>et</strong></span> <span class='ocrx_word' id='word_1_542' title='bbox 1280 4321 1516 4390; x_wconf 86' lang='lat' dir='ltr'><strong>Spiritus</strong></span> <span class='ocrx_word' id='word_1_543' title='bbox 1538 4334 1590 4378; x_wconf 88' lang='lat' dir='ltr'><strong>et</strong></span> <span class='ocrx_word' id='word_1_544' title='bbox 1617 4322 1760 4389; x_wconf 83' lang='lat' dir='ltr'><strong>Filii,</strong></span> <span class='ocrx_word' id='word_1_545' title='bbox 1794 4325 1897 4381; x_wconf 75' lang='lat' dir='ltr'><strong>Ee~</strong></span> 
     </span>
    </p>
   </div>
   <div class='ocr_carea' id='block_1_74' title="bbox 301 4410 1902 4487">
    <p class='ocr_par' dir='ltr' id='par_1_74' title="bbox 301 4410 1902 4487">
     <span class='ocr_line' id='line_1_74' title="bbox 301 4410 1902 4487; baseline 0.007 -25"><span class='ocrx_word' id='word_1_546' title='bbox 301 4410 482 4464; x_wconf 74' lang='lat' dir='ltr'><strong>cie-sia</strong></span> <span class='ocrx_word' id='word_1_547' title='bbox 548 4410 854 4478; x_wconf 78' lang='lat' dir='ltr'><strong>huiusmoli</strong></span> <span class='ocrx_word' id='word_1_548' title='bbox 906 4412 1232 4481; x_wconf 74' lang='lat' dir='ltr'><strong>baptizatum</strong></span> <span class='ocrx_word' id='word_1_549' title='bbox 1295 4417 1392 4485; x_wconf 86' lang='lat'><strong>(5),</strong></span> <span class='ocrx_word' id='word_1_550' title='bbox 1426 4418 1582 4487; x_wconf 88' lang='lat' dir='ltr'><strong>quasi</strong></span> <span class='ocrx_word' id='word_1_551' title='bbox 1629 4417 1902 4485; x_wconf 83' lang='lat' dir='ltr'><strong>baptismo</strong></span> 
     </span>
    </p>
   </div>
   <div class='ocr_carea' id='block_1_75' title="bbox 304 4505 1900 4578">
    <p class='ocr_par' dir='ltr' id='par_1_75' title="bbox 304 4505 1900 4578">
     <span class='ocr_line' id='line_1_75' title="bbox 304 4505 1900 4578; baseline 0.004 -25"><span class='ocrx_word' id='word_1_552' title='bbox 304 4512 733 4564; x_wconf 85' lang='lat' dir='ltr'><strong>consecratum,</strong></span> <span class='ocrx_word' id='word_1_553' title='bbox 790 4519 1066 4566; x_wconf 83' lang='lat' dir='ltr'><strong>nunquam</strong></span> <span class='ocrx_word' id='word_1_554' title='bbox 1110 4505 1426 4561; x_wconf 86' lang='lat' dir='ltr'><strong>admitteret</strong></span> <span class='ocrx_word' id='word_1_555' title='bbox 1497 4524 1563 4562; x_wconf 89' lang='lat' dir='ltr'><strong>eo</strong></span> <span class='ocrx_word' id='word_1_556' title='bbox 1607 4509 1750 4578; x_wconf 87' lang='lat' dir='ltr'><strong>quod</strong></span> <span class='ocrx_word' id='word_1_557' title='bbox 1793 4523 1900 4562; x_wconf 90' lang='lat' dir='ltr'><strong>non</strong></span> 
     </span>
    </p>
   </div>
   <div class='ocr_carea' id='block_1_76' title="bbox 297 4592 1905 4665">
    <p class='ocr_par' dir='ltr' id='par_1_76' title="bbox 297 4592 1905 4665">
     <span class='ocr_line' id='line_1_76' title="bbox 297 4592 1905 4665; baseline 0.004 -21"><span class='ocrx_word' id='word_1_558' title='bbox 297 4594 469 4661; x_wconf 76' lang='lat' dir='ltr'><strong>juxta</strong></span> <span class='ocrx_word' id='word_1_559' title='bbox 496 4592 719 4649; x_wconf 86' lang='lat' dir='ltr'><strong>Domini</strong></span> <span class='ocrx_word' id='word_1_560' title='bbox 772 4594 1120 4649; x_wconf 83' lang='lat' dir='ltr'><strong>traditionem</strong></span> <span class='ocrx_word' id='word_1_561' title='bbox 1168 4596 1474 4665; x_wconf 79' lang='lat' dir='ltr'><strong>baptizatus</strong></span> <span class='ocrx_word' id='word_1_562' title='bbox 1508 4605 1675 4658; x_wconf 85' lang='lat' dir='ltr'><strong>esset.</strong></span> <span class='ocrx_word' id='word_1_563' title='bbox 1708 4612 1905 4650; x_wconf 83' lang='lat' dir='ltr'><strong>secun-</strong></span> 
     </span>
    </p>
   </div>
   <div class='ocr_carea' id='block_1_77' title="bbox 299 4684 1904 4752">
    <p class='ocr_par' dir='ltr' id='par_1_77' title="bbox 299 4684 1904 4752">
     <span class='ocr_line' id='line_1_77' title="bbox 299 4684 1904 4752; baseline 0.002 -15"><span class='ocrx_word' id='word_1_564' title='bbox 299 4684 438 4737; x_wconf 80' lang='lat' dir='ltr'><strong>dum</strong></span> <span class='ocrx_word' id='word_1_565' title='bbox 514 4699 681 4752; x_wconf 90' lang='lat' dir='ltr'><strong>quam</strong></span> <span class='ocrx_word' id='word_1_566' title='bbox 728 4686 1013 4739; x_wconf 90' lang='lat' dir='ltr'><strong>nominum</strong></span> <span class='ocrx_word' id='word_1_567' title='bbox 1070 4702 1134 4743; x_wconf 91' lang='lat' dir='ltr'><strong>ac</strong></span> <span class='ocrx_word' id='word_1_568' title='bbox 1182 4704 1360 4741; x_wconf 86' lang='lat' dir='ltr'><strong>rerum</strong></span> <span class='ocrx_word' id='word_1_569' title='bbox 1411 4687 1676 4751; x_wconf 84' lang='lat' dir='ltr'><strong>Trinitas,</strong></span> <span class='ocrx_word' id='word_1_570' title='bbox 1728 4689 1904 4743; x_wconf 85' lang='lat' dir='ltr'><strong>Patris</strong></span> 
     </span>
    </p>
   </div>
   <div class='ocr_carea' id='block_1_78' title="bbox 298 4771 1925 4845">
    <p class='ocr_par' dir='ltr' id='par_1_78' title="bbox 298 4771 1925 4845">
     <span class='ocr_line' id='line_1_78' title="bbox 298 4771 1925 4845; baseline 0.004 -19"><span class='ocrx_word' id='word_1_571' title='bbox 298 4771 559 4834; x_wconf 79' lang='lat' dir='ltr'><strong>scilicet,</strong></span> <span class='ocrx_word' id='word_1_572' title='bbox 586 4780 640 4826; x_wconf 87' lang='lat' dir='ltr'><strong>et</strong></span> <span class='ocrx_word' id='word_1_573' title='bbox 661 4771 804 4833; x_wconf 77' lang='lat' dir='ltr'><strong>Filii.</strong></span> <span class='ocrx_word' id='word_1_574' title='bbox 836 4784 887 4827; x_wconf 90' lang='lat' dir='ltr'><strong>et</strong></span> <span class='ocrx_word' id='word_1_575' title='bbox 918 4778 1091 4830; x_wconf 84' lang='lat' dir='ltr'><strong>sancti</strong></span> <span class='ocrx_word' id='word_1_576' title='bbox 1117 4776 1372 4845; x_wconf 90' lang='lat' dir='ltr'><strong>Spiritus,</strong></span> <span class='ocrx_word' id='word_1_577' title='bbox 1409 4786 1465 4830; x_wconf 92' lang='lat' dir='ltr'><strong>ut</strong></span> <span class='ocrx_word' id='word_1_578' title='bbox 1497 4792 1554 4832; x_wconf 92' lang='lat' dir='ltr'><strong>se</strong></span> <span class='ocrx_word' id='word_1_579' title='bbox 1577 4780 1642 4831; x_wconf 92' lang='lat' dir='ltr'><strong>ad</strong></span> <span class='ocrx_word' id='word_1_580' title='bbox 1668 4777 1925 4832; x_wconf 83' lang='lat' dir='ltr'><strong>invicem.</strong></span> 
     </span>
    </p>
   </div>
   <div class='ocr_carea' id='block_1_79' title="bbox 303 4864 1896 4937">
    <p class='ocr_par' dir='ltr' id='par_1_79' title="bbox 303 4864 1896 4937">
     <span class='ocr_line' id='line_1_79' title="bbox 303 4864 1896 4937; baseline 0.006 -24"><span class='ocrx_word' id='word_1_581' title='bbox 303 4865 510 4929; x_wconf 80' lang='lat' dir='ltr'><strong>habet,</strong></span> <span class='ocrx_word' id='word_1_582' title='bbox 551 4864 747 4918; x_wconf 88' lang='lat' dir='ltr'><strong>tradita</strong></span> <span class='ocrx_word' id='word_1_583' title='bbox 787 4875 871 4920; x_wconf 88' lang='lat' dir='ltr'><strong>est</strong></span> <span class='ocrx_word' id='word_1_584' title='bbox 897 4867 1076 4931; x_wconf 88' lang='lat' dir='ltr'><strong>nobis,</strong></span> <span class='ocrx_word' id='word_1_585' title='bbox 1108 4884 1271 4937; x_wconf 82' lang='lat' dir='ltr'><strong>quam</strong></span> <span class='ocrx_word' id='word_1_586' title='bbox 1306 4869 1595 4923; x_wconf 87' lang='lat' dir='ltr'><strong>immutare</strong></span> <span class='ocrx_word' id='word_1_587' title='bbox 1620 4885 1726 4923; x_wconf 92' lang='lat' dir='ltr'><strong>non</strong></span> <span class='ocrx_word' id='word_1_588' title='bbox 1752 4866 1896 4926; x_wconf 84' lang='lat' dir='ltr'><strong>licét.</strong></span> 
     </span>
    </p>
   </div>
   <div class='ocr_carea' id='block_1_80' title="bbox 301 4954 1900 5026">
    <p class='ocr_par' dir='ltr' id='par_1_80' title="bbox 301 4954 1900 5026">
     <span class='ocr_line' id='line_1_80' title="bbox 301 4954 1900 5026; baseline 0.007 -21"><span class='ocrx_word' id='word_1_589' title='bbox 301 4954 542 5024; x_wconf 82' lang='lat' dir='ltr'><strong>Quippe</strong></span> <span class='ocrx_word' id='word_1_590' title='bbox 570 4968 684 5015; x_wconf 86' lang='lat' dir='ltr'><strong>eos,</strong></span> <span class='ocrx_word' id='word_1_591' title='bbox 744 4955 837 5026; x_wconf 89' lang='lat' dir='ltr'><strong>qui</strong></span> <span class='ocrx_word' id='word_1_592' title='bbox 876 4956 1230 5013; x_wconf 87' lang='lat' dir='ltr'><strong>immutarent</strong></span> <span class='ocrx_word' id='word_1_593' title='bbox 1274 4968 1501 5014; x_wconf 80' lang='lat' dir='ltr'><strong>sanctus</strong></span> <span class='ocrx_word' id='word_1_594' title='bbox 1541 4958 1775 5015; x_wconf 90' lang='lat' dir='ltr'><strong>Basilius</strong></span> <span class='ocrx_word' id='word_1_595' title='bbox 1806 4977 1900 5016; x_wconf 82' lang='lat' dir='ltr'><strong>ca-</strong></span> 
     </span>
    </p>
   </div>
   <div class='ocr_carea' id='block_1_81' title="bbox 264 5046 1899 5122">
    <p class='ocr_par' dir='ltr' id='par_1_81' title="bbox 264 5046 1899 5122">
     <span class='ocr_line' id='line_1_81' title="bbox 264 5046 1899 5122; baseline 0.007 -27"><span class='ocrx_word' id='word_1_596' title='bbox 264 5084 267 5089; x_wconf 89' lang='lat'><strong>.</strong></span> <span class='ocrx_word' id='word_1_597' title='bbox 304 5046 497 5100; x_wconf 78' lang='lat' dir='ltr'><strong>vendo</strong></span> <span class='ocrx_word' id='word_1_598' title='bbox 532 5046 764 5113; x_wconf 88' lang='lat' dir='ltr'><strong>monuit,</strong></span> <span class='ocrx_word' id='word_1_599' title='bbox 799 5057 985 5118; x_wconf 84' lang='lat' dir='ltr'><strong>utpote</strong></span> <span class='ocrx_word' id='word_1_600' title='bbox 1015 5049 1263 5117; x_wconf 86' lang='lat' dir='ltr'><strong>pietatem</strong></span> <span class='ocrx_word' id='word_1_601' title='bbox 1288 5061 1473 5119; x_wconf 91' lang='lat' dir='ltr'><strong>aperte</strong></span> <span class='ocrx_word' id='word_1_602' title='bbox 1501 5063 1899 5122; x_wconf 88' lang='lat' dir='ltr'><strong>oppugnantes,</strong></span> 
     </span>
    </p>
   </div>
   <div class='ocr_carea' id='block_1_82' title="bbox 296 5136 1901 5213">
    <p class='ocr_par' dir='ltr' id='par_1_82' title="bbox 296 5136 1901 5213">
     <span class='ocr_line' id='line_1_82' title="bbox 296 5136 1901 5213; baseline 0.006 -26"><span class='ocrx_word' id='word_1_603' title='bbox 296 5145 354 5187; x_wconf 86' lang='lat' dir='ltr'><strong>et</strong></span> <span class='ocrx_word' id='word_1_604' title='bbox 418 5150 614 5202; x_wconf 84' lang='lat' dir='ltr'><strong>neque</strong></span> <span class='ocrx_word' id='word_1_605' title='bbox 666 5136 720 5190; x_wconf 91' lang='lat' dir='ltr'><strong>in</strong></span> <span class='ocrx_word' id='word_1_606' title='bbox 792 5138 1060 5193; x_wconf 84' lang='lat' dir='ltr'><strong>Trinitate</strong></span> <span class='ocrx_word' id='word_1_607' title='bbox 1109 5139 1468 5208; x_wconf 84' lang='lat' dir='ltr'><strong>baptizantes,</strong></span> <span class='ocrx_word' id='word_1_608' title='bbox 1536 5157 1710 5213; x_wconf 85' lang='lat' dir='ltr'><strong>neque</strong></span> <span class='ocrx_word' id='word_1_609' title='bbox 1760 5143 1901 5196; x_wconf 86' lang='lat' dir='ltr'><strong>hanc</strong></span> 
     </span>
    </p>
   </div>
   <div class='ocr_carea' id='block_1_83' title="bbox 297 5223 1898 5303">
    <p class='ocr_par' dir='ltr' id='par_1_83' title="bbox 297 5223 1898 5303">
     <span class='ocr_line' id='line_1_83' title="bbox 297 5223 1898 5303; baseline 0.007 -27"><span class='ocrx_word' id='word_1_610' title='bbox 297 5224 465 5291; x_wconf 82' lang='lat' dir='ltr'><strong>juxta</strong></span> <span class='ocrx_word' id='word_1_611' title='bbox 512 5223 727 5278; x_wconf 87' lang='lat' dir='ltr'><strong>Domini</strong></span> <span class='ocrx_word' id='word_1_612' title='bbox 793 5228 1137 5283; x_wconf 88' lang='lat' dir='ltr'><strong>traditionem</strong></span> <span class='ocrx_word' id='word_1_613' title='bbox 1175 5232 1515 5287; x_wconf 86' lang='lat' dir='ltr'><strong>conlitentes.</strong></span> <span class='ocrx_word' id='word_1_614' title='bbox 1573 5233 1811 5303; x_wconf 83' lang='lat' dir='ltr'><strong>Apparet</strong></span> <span class='ocrx_word' id='word_1_615' title='bbox 1848 5233 1898 5287; x_wconf 90' lang='lat' dir='ltr'><strong>id</strong></span> 
     </span>
    </p>
   </div>
   <div class='ocr_carea' id='block_1_84' title="bbox 301 5317 1895 5393">
    <p class='ocr_par' dir='ltr' id='par_1_84' title="bbox 301 5317 1895 5393">
     <span class='ocr_line' id='line_1_84' title="bbox 301 5317 1895 5393; baseline 0.006 -26"><span class='ocrx_word' id='word_1_616' title='bbox 301 5328 546 5383; x_wconf 81' lang='lat' dir='ltr'><strong>quoque</strong></span> <span class='ocrx_word' id='word_1_617' title='bbox 572 5329 696 5369; x_wconf 89' lang='lat' dir='ltr'><strong>eum</strong></span> <span class='ocrx_word' id='word_1_618' title='bbox 747 5317 1018 5386; x_wconf 87' lang='lat' dir='ltr'><strong>ordinem,</strong></span> <span class='ocrx_word' id='word_1_619' title='bbox 1077 5337 1189 5393; x_wconf 92' lang='lat' dir='ltr'><strong>quo</strong></span> <span class='ocrx_word' id='word_1_620' title='bbox 1219 5331 1427 5376; x_wconf 67' lang='lat' dir='ltr'><strong>naturae</strong></span> <span class='ocrx_word' id='word_1_621' title='bbox 1485 5322 1895 5390; x_wconf 85' lang='lat' dir='ltr'><strong>discernuntur,</strong></span> 
     </span>
    </p>
   </div>
   <div class='ocr_carea' id='block_1_85' title="bbox 384 5477 951 5547">
    <p class='ocr_par' dir='ltr' id='par_1_85' title="bbox 384 5477 951 5547">
     <span class='ocr_line' id='line_1_85' title="bbox 384 5477 951 5547; baseline 0.011 -16"><span class='ocrx_word' id='word_1_622' title='bbox 384 5482 433 5512; x_wconf 72' lang='grc' dir='ltr'><strong>ι’</strong></span> <span class='ocrx_word' id='word_1_623' title='bbox 470 5477 517 5532; x_wconf 91' lang='lat' dir='ltr'><strong>ll</strong></span> <span class='ocrx_word' id='word_1_624' title='bbox 545 5481 675 5537; x_wconf 86' lang='lat' dir='ltr'><strong>Cor.</strong></span> <span class='ocrx_word' id='word_1_625' title='bbox 703 5496 822 5547; x_wconf 66' lang='grc' dir='ltr'>χιιι.</span> <span class='ocrx_word' id='word_1_626' title='bbox 861 5485 951 5539; x_wconf 74' lang='lat' dir='ltr'><strong>l3.</strong></span> 
     </span>
    </p>
   </div>
   <div class='ocr_carea' id='block_1_86' title="bbox 381 5624 1890 5705">
    <p class='ocr_par' dir='ltr' id='par_1_86' title="bbox 381 5624 1890 5705">
     <span class='ocr_line' id='line_1_86' title="bbox 381 5624 1890 5705; baseline 0.003 -25"><span class='ocrx_word' id='word_1_627' title='bbox 381 5625 471 5705; x_wconf 62' lang='lat'><strong>(52</strong></span> <span class='ocrx_word' id='word_1_628' title='bbox 514 5624 745 5705; x_wconf 64' lang='lat' dir='ltr'><strong>Observa</strong></span> <span class='ocrx_word' id='word_1_629' title='bbox 805 5628 945 5685; x_wconf 90' lang='lat' dir='ltr'><strong>hanc</strong></span> <span class='ocrx_word' id='word_1_630' title='bbox 984 5630 1293 5701; x_wconf 91' lang='lat' dir='ltr'><strong>opinionem</strong></span> <span class='ocrx_word' id='word_1_631' title='bbox 1334 5630 1542 5689; x_wconf 65' lang='lat' dir='ltr'><strong>Calecze</strong></span> <span class='ocrx_word' id='word_1_632' title='bbox 1591 5630 1657 5687; x_wconf 90' lang='lat' dir='ltr'><strong>de</strong></span> <span class='ocrx_word' id='word_1_633' title='bbox 1718 5628 1890 5686; x_wconf 86' lang='lat' dir='ltr'><strong>forma</strong></span> 
     </span>
    </p>
   </div>
   <div class='ocr_carea' id='block_1_87' title="bbox 300 5695 605 5764">
    <p class='ocr_par' dir='ltr' id='par_1_87' title="bbox 300 5695 605 5764">
     <span class='ocr_line' id='line_1_87' title="bbox 300 5695 605 5764; baseline 0.003 -16"><span class='ocrx_word' id='word_1_634' title='bbox 300 5695 605 5764; x_wconf 73' lang='lat' dir='ltr'><strong>baptismi.</strong></span> 
     </span>
    </p>
   </div>
   <div class='ocr_carea' id='block_1_88' title="bbox 1504 5819 1576 5829">
    <p class='ocr_par' dir='ltr' id='par_1_88' title="bbox 1504 5819 1576 5829">
     <span class='ocr_line' id='line_1_88' title="bbox 1504 5819 1576 5829; baseline -0.014 -1"><span class='ocrx_word' id='word_1_635' title='bbox 1504 5819 1576 5829; x_wconf 58' lang='grc' dir='ltr'><strong>«ο...</strong></span> 
     </span>
    </p>
   </div>
   <div class='ocr_carea' id='block_1_89' title="bbox 2010 3129 3582 3200">
    <p class='ocr_par' dir='ltr' id='par_1_89' title="bbox 2010 3129 3582 3200">
     <span class='ocr_line' id='line_1_89' title="bbox 2010 3129 3582 3200; baseline -0.008 -7"><span class='ocrx_word' id='word_1_636' title='bbox 2010 3149 2216 3193; x_wconf 89' lang='lat' dir='ltr'><strong>temere</strong></span> <span class='ocrx_word' id='word_1_637' title='bbox 2266 3136 2575 3190; x_wconf 82' lang='lat' dir='ltr'><strong>inordinate</strong></span> <span class='ocrx_word' id='word_1_638' title='bbox 2628 3148 2686 3188; x_wconf 81' lang='lat' dir='ltr'><strong>se</strong></span> <span class='ocrx_word' id='word_1_639' title='bbox 2718 3131 2997 3196; x_wconf 80' lang='lat' dir='ltr'><strong>habentia,</strong></span> <span class='ocrx_word' id='word_1_640' title='bbox 3027 3141 3189 3200; x_wconf 90' lang='lat' dir='ltr'><strong>atque</strong></span> <span class='ocrx_word' id='word_1_641' title='bbox 3224 3129 3292 3184; x_wconf 93' lang='lat' dir='ltr'><strong>ab</strong></span> <span class='ocrx_word' id='word_1_642' title='bbox 3350 3129 3582 3182; x_wconf 81' lang='lat' dir='ltr'><strong>invicem</strong></span> 
     </span>
    </p>
   </div>
   <div class='ocr_carea' id='block_1_90' title="bbox 2009 3217 3584 3297">
    <p class='ocr_par' dir='ltr' id='par_1_90' title="bbox 2009 3217 3584 3297">
     <span class='ocr_line' id='line_1_90' title="bbox 2009 3217 3584 3297; baseline -0.006 -15"><span class='ocrx_word' id='word_1_643' title='bbox 2009 3228 2307 3297; x_wconf 73' lang='lat' dir='ltr'><strong>disparata.</strong></span> <span class='ocrx_word' id='word_1_644' title='bbox 2367 3224 2474 3279; x_wconf 88' lang='lat' dir='ltr'><strong>Sed</strong></span> <span class='ocrx_word' id='word_1_645' title='bbox 2529 3225 2633 3278; x_wconf 89' lang='lat' dir='ltr'><strong>hoc</strong></span> <span class='ocrx_word' id='word_1_646' title='bbox 2666 3223 2749 3277; x_wconf 89' lang='lat' dir='ltr'><strong>his</strong></span> <span class='ocrx_word' id='word_1_647' title='bbox 2778 3237 2898 3291; x_wconf 70' lang='lat' dir='ltr'><strong>qua:</strong></span> <span class='ocrx_word' id='word_1_648' title='bbox 2938 3238 2966 3275; x_wconf 94' lang='lat' dir='ltr'><strong>a</strong></span> <span class='ocrx_word' id='word_1_649' title='bbox 2999 3221 3279 3292; x_wconf 86' lang='lat' dir='ltr'><strong>magistris</strong></span> <span class='ocrx_word' id='word_1_650' title='bbox 3326 3217 3584 3274; x_wconf 78' lang='lat' dir='ltr'><strong>Eccles&#39;a:</strong></span> 
     </span>
    </p>
   </div>
   <div class='ocr_carea' id='block_1_91' title="bbox 2008 3313 3582 3385">
    <p class='ocr_par' dir='ltr' id='par_1_91' title="bbox 2008 3313 3582 3385">
     <span class='ocr_line' id='line_1_91' title="bbox 2008 3313 3582 3385; baseline -0.006 -10"><span class='ocrx_word' id='word_1_651' title='bbox 2008 3321 2292 3385; x_wconf 90' lang='lat' dir='ltr'><strong>dicuntur,</strong></span> <span class='ocrx_word' id='word_1_652' title='bbox 2345 3316 2733 3384; x_wconf 90' lang='lat' dir='ltr'><strong>communique</strong></span> <span class='ocrx_word' id='word_1_653' title='bbox 2788 3314 3121 3370; x_wconf 80' lang='lat' dir='ltr'><strong>confessioni</strong></span> <span class='ocrx_word' id='word_1_654' title='bbox 3187 3313 3309 3367; x_wconf 83' lang='lat' dir='ltr'><strong>tidei</strong></span> <span class='ocrx_word' id='word_1_655' title='bbox 3362 3323 3582 3367; x_wconf 90' lang='lat' dir='ltr'><strong>eontra-</strong></span> 
     </span>
    </p>
   </div>
   <div class='ocr_carea' id='block_1_92' title="bbox 2006 3404 3585 3470">
    <p class='ocr_par' dir='ltr' id='par_1_92' title="bbox 2006 3404 3585 3470">
     <span class='ocr_line' id='line_1_92' title="bbox 2006 3404 3585 3470; baseline -0.007 -3"><span class='ocrx_word' id='word_1_656' title='bbox 2006 3413 2148 3468; x_wconf 89' lang='lat' dir='ltr'><strong>rium</strong></span> <span class='ocrx_word' id='word_1_657' title='bbox 2201 3411 2428 3466; x_wconf 91' lang='lat' dir='ltr'><strong>omnino</strong></span> <span class='ocrx_word' id='word_1_658' title='bbox 2484 3418 2588 3465; x_wconf 89' lang='lat' dir='ltr'><strong>est.</strong></span> <span class='ocrx_word' id='word_1_659' title='bbox 2620 3407 2864 3462; x_wconf 86' lang='lat' dir='ltr'><strong>Primum</strong></span> <span class='ocrx_word' id='word_1_660' title='bbox 2894 3408 3064 3470; x_wconf 86' lang='lat' dir='ltr'><strong>enim,</strong></span> <span class='ocrx_word' id='word_1_661' title='bbox 3094 3415 3145 3460; x_wconf 91' lang='lat' dir='ltr'><strong>et</strong></span> <span class='ocrx_word' id='word_1_662' title='bbox 3179 3404 3503 3470; x_wconf 89' lang='lat' dir='ltr'><strong>secundum,</strong></span> <span class='ocrx_word' id='word_1_663' title='bbox 3530 3412 3585 3458; x_wconf 88' lang='lat' dir='ltr'><strong>et</strong></span> 
     </span>
    </p>
   </div>
   <div class='ocr_carea' id='block_1_93' title="bbox 2008 3499 3585 3569">
    <p class='ocr_par' dir='ltr' id='par_1_93' title="bbox 2008 3499 3585 3569">
     <span class='ocr_line' id='line_1_93' title="bbox 2008 3499 3585 3569; baseline -0.005 -9"><span class='ocrx_word' id='word_1_664' title='bbox 2008 3506 2226 3560; x_wconf 85' lang='lat' dir='ltr'><strong>tertium</strong></span> <span class='ocrx_word' id='word_1_665' title='bbox 2277 3503 2534 3569; x_wconf 83' lang='lat' dir='ltr'><strong>fatemur,</strong></span> <span class='ocrx_word' id='word_1_666' title='bbox 2602 3516 2880 3564; x_wconf 88' lang='lat' dir='ltr'><strong>unamque</strong></span> <span class='ocrx_word' id='word_1_667' title='bbox 2939 3499 3328 3554; x_wconf 73' lang='lat' dir='ltr'><strong>connexioncm</strong></span> <span class='ocrx_word' id='word_1_668' title='bbox 3382 3507 3585 3555; x_wconf 77' lang='lat' dir='ltr'><strong>sancta:</strong></span> 
     </span>
    </p>
   </div>
   <div class='ocr_carea' id='block_1_94' title="bbox 2007 3590 3585 3663">
    <p class='ocr_par' dir='ltr' id='par_1_94' title="bbox 2007 3590 3585 3663">
     <span class='ocr_line' id='line_1_94' title="bbox 2007 3590 3585 3663; baseline -0.004 -13"><span class='ocrx_word' id='word_1_669' title='bbox 2007 3595 2315 3658; x_wconf 83' lang='lat' dir='ltr'><strong>Trinitatis,</strong></span> <span class='ocrx_word' id='word_1_670' title='bbox 2347 3608 2518 3663; x_wconf 90' lang='lat' dir='ltr'><strong>eaque</strong></span> <span class='ocrx_word' id='word_1_671' title='bbox 2543 3593 2648 3648; x_wconf 87' lang='lat' dir='ltr'><strong>sibi</strong></span> <span class='ocrx_word' id='word_1_672' title='bbox 2698 3591 2929 3644; x_wconf 87' lang='lat' dir='ltr'><strong>invicem</strong></span> <span class='ocrx_word' id='word_1_673' title='bbox 2963 3590 3219 3660; x_wconf 87' lang='lat' dir='ltr'><strong>conjungi</strong></span> <span class='ocrx_word' id='word_1_674' title='bbox 3248 3602 3303 3644; x_wconf 88' lang='lat' dir='ltr'><strong>et</strong></span> <span class='ocrx_word' id='word_1_675' title='bbox 3331 3590 3585 3644; x_wconf 74' lang='lat' dir='ltr'><strong>COllllt&#39;Cll</strong></span> 
     </span>
    </p>
   </div>
   <div class='ocr_carea' id='block_1_95' title="bbox 2006 3679 3585 3757">
    <p class='ocr_par' dir='ltr' id='par_1_95' title="bbox 2006 3679 3585 3757">
     <span class='ocr_line' id='line_1_95' title="bbox 2006 3679 3585 3757; baseline -0.006 -14"><span class='ocrx_word' id='word_1_676' title='bbox 2006 3688 2167 3753; x_wconf 79' lang='lat' dir='ltr'><strong>serie,</strong></span> <span class='ocrx_word' id='word_1_677' title='bbox 2195 3700 2358 3756; x_wconf 84' lang='lat' dir='ltr'><strong>supra</strong></span> <span class='ocrx_word' id='word_1_678' title='bbox 2390 3684 2503 3757; x_wconf 90' lang='lat' dir='ltr'><strong>jam</strong></span> <span class='ocrx_word' id='word_1_679' title='bbox 2534 3682 2737 3738; x_wconf 89' lang='lat' dir='ltr'><strong>dictum</strong></span> <span class='ocrx_word' id='word_1_680' title='bbox 2767 3689 2869 3736; x_wconf 92' lang='lat' dir='ltr'><strong>est.</strong></span> <span class='ocrx_word' id='word_1_681' title='bbox 2912 3679 3036 3734; x_wconf 58' lang='lat' dir='ltr'><strong>ilice</strong></span> <span class='ocrx_word' id='word_1_682' title='bbox 3066 3689 3244 3733; x_wconf 84' lang='lat' dir='ltr'><strong>autem</strong></span> <span class='ocrx_word' id='word_1_683' title='bbox 3276 3693 3460 3748; x_wconf 84' lang='lat' dir='ltr'><strong>aperte</strong></span> <span class='ocrx_word' id='word_1_684' title='bbox 3490 3696 3585 3735; x_wconf 79' lang='lat' dir='ltr'><strong>or-</strong></span> 
     </span>
    </p>
   </div>
   <div class='ocr_carea' id='block_1_96' title="bbox 2005 3770 3588 3841">
    <p class='ocr_par' dir='ltr' id='par_1_96' title="bbox 2005 3770 3588 3841">
     <span class='ocr_line' id='line_1_96' title="bbox 2005 3770 3588 3841; baseline -0.007 -6"><span class='ocrx_word' id='word_1_685' title='bbox 2005 3781 2189 3836; x_wconf 90' lang='lat' dir='ltr'><strong>dinem</strong></span> <span class='ocrx_word' id='word_1_686' title='bbox 2250 3775 2659 3833; x_wconf 88' lang='lat' dir='ltr'><strong>commendaut.</strong></span> <span class='ocrx_word' id='word_1_687' title='bbox 2714 3772 2909 3841; x_wconf 89' lang='lat' dir='ltr'><strong>Liquet</strong></span> <span class='ocrx_word' id='word_1_688' title='bbox 2978 3771 3144 3839; x_wconf 87' lang='lat' dir='ltr'><strong>igitur</strong></span> <span class='ocrx_word' id='word_1_689' title='bbox 3194 3786 3258 3824; x_wconf 79' lang='lat' dir='ltr'><strong>ex</strong></span> <span class='ocrx_word' id='word_1_690' title='bbox 3303 3770 3411 3833; x_wconf 88' lang='lat' dir='ltr'><strong>his,</strong></span> <span class='ocrx_word' id='word_1_691' title='bbox 3464 3786 3588 3840; x_wconf 75' lang='lat' dir='ltr'><strong>qua:</strong></span> 
     </span>
    </p>
   </div>
   <div class='ocr_carea' id='block_1_97' title="bbox 2004 3859 3583 3933">
    <p class='ocr_par' dir='ltr' id='par_1_97' title="bbox 2004 3859 3583 3933">
     <span class='ocr_line' id='line_1_97' title="bbox 2004 3859 3583 3933; baseline -0.009 -8"><span class='ocrx_word' id='word_1_692' title='bbox 2004 3871 2148 3925; x_wconf 87' lang='lat' dir='ltr'><strong>dicta</strong></span> <span class='ocrx_word' id='word_1_693' title='bbox 2177 3874 2325 3930; x_wconf 88' lang='lat' dir='ltr'><strong>sunt,</strong></span> <span class='ocrx_word' id='word_1_694' title='bbox 2383 3861 2825 3933; x_wconf 82' lang='lat' dir='ltr'><strong>quandoquidem</strong></span> <span class='ocrx_word' id='word_1_695' title='bbox 2856 3860 2992 3913; x_wconf 89' lang='lat' dir='ltr'><strong>ordo</strong></span> <span class='ocrx_word' id='word_1_696' title='bbox 3024 3859 3260 3913; x_wconf 79' lang='lat' dir='ltr'><strong>disercta</strong></span> <span class='ocrx_word' id='word_1_697' title='bbox 3295 3859 3583 3927; x_wconf 63' lang='lat' dir='ltr'><strong>signiﬁcat,</strong></span> 
     </span>
    </p>
   </div>
   <div class='ocr_carea' id='block_1_98' title="bbox 2004 3950 3591 4031">
    <p class='ocr_par' dir='ltr' id='par_1_98' title="bbox 2004 3950 3591 4031">
     <span class='ocr_line' id='line_1_98' title="bbox 2004 3950 3591 4031; baseline -0.007 -16"><span class='ocrx_word' id='word_1_698' title='bbox 2004 3960 2098 4031; x_wconf 91' lang='lat' dir='ltr'><strong>qui</strong></span> <span class='ocrx_word' id='word_1_699' title='bbox 2134 3953 2623 4014; x_wconf 86' lang='lat' dir='ltr'><strong>consubstantialis</strong></span> <span class='ocrx_word' id='word_1_700' title='bbox 2682 3952 2928 4006; x_wconf 89' lang='lat' dir='ltr'><strong>ordinem</strong></span> <span class='ocrx_word' id='word_1_701' title='bbox 2966 3965 3088 4005; x_wconf 90' lang='lat' dir='ltr'><strong>esse</strong></span> <span class='ocrx_word' id='word_1_702' title='bbox 3119 3952 3327 4016; x_wconf 91' lang='lat' dir='ltr'><strong>dicunt,</strong></span> <span class='ocrx_word' id='word_1_703' title='bbox 3385 3965 3481 4003; x_wconf 89' lang='lat' dir='ltr'><strong>eos</strong></span> <span class='ocrx_word' id='word_1_704' title='bbox 3531 3950 3591 4004; x_wconf 90' lang='lat' dir='ltr'><strong>in</strong></span> 
     </span>
    </p>
   </div>
   <div class='ocr_carea' id='block_1_99' title="bbox 2003 4040 3588 4119">
    <p class='ocr_par' dir='ltr' id='par_1_99' title="bbox 2003 4040 3588 4119">
     <span class='ocr_line' id='line_1_99' title="bbox 2003 4040 3588 4119; baseline -0.008 -14"><span class='ocrx_word' id='word_1_705' title='bbox 2003 4050 2207 4105; x_wconf 87' lang='lat' dir='ltr'><strong>divinis</strong></span> <span class='ocrx_word' id='word_1_706' title='bbox 2239 4060 2489 4119; x_wconf 86' lang='lat' dir='ltr'><strong>peccare.</strong></span> <span class='ocrx_word' id='word_1_707' title='bbox 2529 4044 2609 4098; x_wconf 93' lang='lat' dir='ltr'><strong>lta</strong></span> <span class='ocrx_word' id='word_1_708' title='bbox 2642 4044 2786 4098; x_wconf 92' lang='lat' dir='ltr'><strong>enim</strong></span> <span class='ocrx_word' id='word_1_709' title='bbox 2822 4042 3089 4097; x_wconf 87' lang='lat' dir='ltr'><strong>unitatem</strong></span> <span class='ocrx_word' id='word_1_710' title='bbox 3124 4040 3351 4096; x_wconf 88' lang='lat' dir='ltr'><strong>reddent</strong></span> <span class='ocrx_word' id='word_1_711' title='bbox 3380 4041 3588 4111; x_wconf 84' lang='lat' dir='ltr'><strong>potius,</strong></span> 
     </span>
    </p>
   </div>
   <div class='ocr_carea' id='block_1_100' title="bbox 2005 4135 3582 4214">
    <p class='ocr_par' dir='ltr' id='par_1_100' title="bbox 2005 4135 3582 4214">
     <span class='ocr_line' id='line_1_100' title="bbox 2005 4135 3582 4214; baseline -0.003 -18"><span class='ocrx_word' id='word_1_712' title='bbox 2005 4159 2166 4214; x_wconf 89' lang='lat' dir='ltr'><strong>quam</strong></span> <span class='ocrx_word' id='word_1_713' title='bbox 2214 4140 2483 4195; x_wconf 91' lang='lat' dir='ltr'><strong>ordinem.</strong></span> <span class='ocrx_word' id='word_1_714' title='bbox 2540 4135 2673 4191; x_wconf 83' lang='lat' dir='ltr'><strong>Nam</strong></span> <span class='ocrx_word' id='word_1_715' title='bbox 2731 4152 2980 4205; x_wconf 68' lang='lat' dir='ltr'><strong>persona:</strong></span> <span class='ocrx_word' id='word_1_716' title='bbox 3016 4146 3151 4201; x_wconf 87' lang='lat' dir='ltr'><strong>tres,</strong></span> <span class='ocrx_word' id='word_1_717' title='bbox 3204 4136 3259 4189; x_wconf 92' lang='lat' dir='ltr'><strong>in</strong></span> <span class='ocrx_word' id='word_1_718' title='bbox 3313 4147 3582 4203; x_wconf 90' lang='lat' dir='ltr'><strong>quantum</strong></span> 
     </span>
    </p>
   </div>
   <div class='ocr_carea' id='block_1_101' title="bbox 2004 4224 3581 4296">
    <p class='ocr_par' dir='ltr' id='par_1_101' title="bbox 2004 4224 3581 4296">
     <span class='ocr_line' id='line_1_101' title="bbox 2004 4224 3581 4296; baseline -0.004 -9"><span class='ocrx_word' id='word_1_719' title='bbox 2004 4241 2134 4287; x_wconf 80' lang='lat' dir='ltr'><strong>sunt</strong></span> <span class='ocrx_word' id='word_1_720' title='bbox 2165 4231 2394 4285; x_wconf 89' lang='lat' dir='ltr'><strong>invicem</strong></span> <span class='ocrx_word' id='word_1_721' title='bbox 2439 4226 2956 4287; x_wconf 87' lang='lat' dir='ltr'><strong>eonsnbstantiales,</strong></span> <span class='ocrx_word' id='word_1_722' title='bbox 2982 4225 3138 4296; x_wconf 78' lang='lat' dir='ltr'><strong>juxta</strong></span> <span class='ocrx_word' id='word_1_723' title='bbox 3171 4224 3413 4296; x_wconf 85' lang='lat' dir='ltr'><strong>ejusdem</strong></span> <span class='ocrx_word' id='word_1_724' title='bbox 3446 4225 3581 4280; x_wconf 86' lang='lat' dir='ltr'><strong>sub-</strong></span> 
     </span>
    </p>
   </div>
   <div class='ocr_carea' id='block_1_102' title="bbox 2008 4311 3591 4375">
    <p class='ocr_par' dir='ltr' id='par_1_102' title="bbox 2008 4311 3591 4375">
     <span class='ocr_line' id='line_1_102' title="bbox 2008 4311 3591 4375; baseline -0.005 0"><span class='ocrx_word' id='word_1_725' title='bbox 2008 4320 2221 4375; x_wconf 64' lang='lat' dir='ltr'><strong>stantire</strong></span> <span class='ocrx_word' id='word_1_726' title='bbox 2276 4318 2540 4370; x_wconf 75' lang='lat' dir='ltr'><strong>rationem</strong></span> <span class='ocrx_word' id='word_1_727' title='bbox 2601 4330 2769 4367; x_wconf 90' lang='lat' dir='ltr'><strong>unum</strong></span> <span class='ocrx_word' id='word_1_728' title='bbox 2808 4320 2961 4367; x_wconf 89' lang='lat' dir='ltr'><strong>sunt.</strong></span> <span class='ocrx_word' id='word_1_729' title='bbox 3006 4311 3180 4366; x_wconf 88' lang='lat' dir='ltr'><strong>Porro</strong></span> <span class='ocrx_word' id='word_1_730' title='bbox 3227 4314 3387 4367; x_wconf 90' lang='lat' dir='ltr'><strong>unius</strong></span> <span class='ocrx_word' id='word_1_731' title='bbox 3417 4314 3481 4366; x_wconf 90' lang='lat' dir='ltr'><strong>ad</strong></span> <span class='ocrx_word' id='word_1_732' title='bbox 3531 4330 3591 4369; x_wconf 88' lang='lat' dir='ltr'><strong>se</strong></span> 
     </span>
    </p>
   </div>
   <div class='ocr_carea' id='block_1_103' title="bbox 2009 4401 3591 4476">
    <p class='ocr_par' dir='ltr' id='par_1_103' title="bbox 2009 4401 3591 4476">
     <span class='ocr_line' id='line_1_103' title="bbox 2009 4401 3591 4476; baseline -0.001 -17"><span class='ocrx_word' id='word_1_733' title='bbox 2009 4408 2213 4476; x_wconf 85' lang='lat' dir='ltr'><strong>ipsum,</strong></span> <span class='ocrx_word' id='word_1_734' title='bbox 2249 4402 2548 4458; x_wconf 89' lang='lat' dir='ltr'><strong>secundum</strong></span> <span class='ocrx_word' id='word_1_735' title='bbox 2593 4417 2729 4468; x_wconf 89' lang='lat' dir='ltr'><strong>rem,</strong></span> <span class='ocrx_word' id='word_1_736' title='bbox 2774 4401 3020 4456; x_wconf 86' lang='lat' dir='ltr'><strong>ordinem</strong></span> <span class='ocrx_word' id='word_1_737' title='bbox 3047 4416 3190 4467; x_wconf 87' lang='lat' dir='ltr'><strong>esse,</strong></span> <span class='ocrx_word' id='word_1_738' title='bbox 3255 4402 3591 4473; x_wconf 81' lang='lat' dir='ltr'><strong>impossibile</strong></span> 
     </span>
    </p>
   </div>
   <div class='ocr_carea' id='block_1_104' title="bbox 2002 4507 2108 4551">
    <p class='ocr_par' dir='ltr' id='par_1_104' title="bbox 2002 4507 2108 4551">
     <span class='ocr_line' id='line_1_104' title="bbox 2002 4507 2108 4551; baseline -0.009 0"><span class='ocrx_word' id='word_1_739' title='bbox 2002 4507 2108 4551; x_wconf 74' lang='grc' dir='ltr'><strong>εει.</strong></span> 
     </span>
    </p>
   </div>
   <div class='ocr_carea' id='block_1_105' title="bbox 2075 4581 3589 4645">
    <p class='ocr_par' dir='ltr' id='par_1_105' title="bbox 2075 4581 3589 4645">
     <span class='ocr_line' id='line_1_105' title="bbox 2075 4581 3589 4645; baseline -0.003 -4"><span class='ocrx_word' id='word_1_740' title='bbox 2075 4586 2365 4641; x_wconf 70' lang='lat' dir='ltr'><strong>Praeterea.</strong></span> <span class='ocrx_word' id='word_1_741' title='bbox 2400 4593 2452 4638; x_wconf 77' lang='lat' dir='ltr'><strong>et</strong></span> <span class='ocrx_word' id='word_1_742' title='bbox 2505 4598 2533 4637; x_wconf 92' lang='lat' dir='ltr'><strong>a</strong></span> <span class='ocrx_word' id='word_1_743' title='bbox 2593 4583 2753 4637; x_wconf 89' lang='lat' dir='ltr'><strong>Patre</strong></span> <span class='ocrx_word' id='word_1_744' title='bbox 2801 4597 2943 4645; x_wconf 83' lang='lat' dir='ltr'><strong>esse,</strong></span> <span class='ocrx_word' id='word_1_745' title='bbox 2976 4581 3243 4636; x_wconf 82' lang='lat' dir='ltr'><strong>ambobus</strong></span> <span class='ocrx_word' id='word_1_746' title='bbox 3299 4597 3589 4636; x_wconf 83' lang='lat' dir='ltr'><strong>commune</strong></span> 
     </span>
    </p>
   </div>
   <div class='ocr_carea' id='block_1_106' title="bbox 2008 4672 3587 4744">
    <p class='ocr_par' dir='ltr' id='par_1_106' title="bbox 2008 4672 3587 4744">
     <span class='ocr_line' id='line_1_106' title="bbox 2008 4672 3587 4744; baseline -0.006 -12"><span class='ocrx_word' id='word_1_747' title='bbox 2008 4692 2129 4732; x_wconf 85' lang='lat' dir='ltr'><strong>cum</strong></span> <span class='ocrx_word' id='word_1_748' title='bbox 2164 4675 2507 4741; x_wconf 84' lang='lat' dir='ltr'><strong>sit,.uui0uis</strong></span> <span class='ocrx_word' id='word_1_749' title='bbox 2540 4676 2747 4744; x_wconf 88' lang='lat' dir='ltr'><strong>potius,</strong></span> <span class='ocrx_word' id='word_1_750' title='bbox 2796 4688 2958 4741; x_wconf 90' lang='lat' dir='ltr'><strong>quam</strong></span> <span class='ocrx_word' id='word_1_751' title='bbox 2991 4672 3342 4726; x_wconf 84' lang='lat' dir='ltr'><strong>discretionis</strong></span> <span class='ocrx_word' id='word_1_752' title='bbox 3392 4672 3457 4724; x_wconf 86' lang='lat' dir='ltr'><strong>ad</strong></span> <span class='ocrx_word' id='word_1_753' title='bbox 3502 4674 3587 4724; x_wconf 90' lang='lat' dir='ltr'><strong>in-</strong></span> 
     </span>
    </p>
   </div>
   <div class='ocr_carea' id='block_1_107' title="bbox 2006 4764 3586 4834">
    <p class='ocr_par' dir='ltr' id='par_1_107' title="bbox 2006 4764 3586 4834">
     <span class='ocr_line' id='line_1_107' title="bbox 2006 4764 3586 4834; baseline -0.006 -11"><span class='ocrx_word' id='word_1_754' title='bbox 2006 4771 2182 4823; x_wconf 81' lang='lat' dir='ltr'><strong>vicem</strong></span> <span class='ocrx_word' id='word_1_755' title='bbox 2241 4774 2566 4825; x_wconf 85' lang='lat' dir='ltr'><strong>cansa.est.</strong></span> <span class='ocrx_word' id='word_1_756' title='bbox 2612 4765 2715 4819; x_wconf 90' lang='lat' dir='ltr'><strong>nisi</strong></span> <span class='ocrx_word' id='word_1_757' title='bbox 2778 4764 2921 4817; x_wconf 91' lang='lat' dir='ltr'><strong>aliud</strong></span> <span class='ocrx_word' id='word_1_758' title='bbox 2981 4764 3186 4833; x_wconf 70' lang='lat' dir='ltr'><strong>aliquid</strong></span> <span class='ocrx_word' id='word_1_759' title='bbox 3274 4764 3586 4834; x_wconf 79' lang='lat' dir='ltr'><strong>adjiciatur.</strong></span> 
     </span>
    </p>
   </div>
   <div class='ocr_carea' id='block_1_108' title="bbox 2013 4853 3585 4930">
    <p class='ocr_par' dir='ltr' id='par_1_108' title="bbox 2013 4853 3585 4930">
     <span class='ocr_line' id='line_1_108' title="bbox 2013 4853 3585 4930; baseline -0.006 -16"><span class='ocrx_word' id='word_1_760' title='bbox 2013 4861 2224 4930; x_wconf 85' lang='lat' dir='ltr'><strong>Quippe</strong></span> <span class='ocrx_word' id='word_1_761' title='bbox 2256 4866 2311 4913; x_wconf 91' lang='lat' dir='ltr'><strong>et</strong></span> <span class='ocrx_word' id='word_1_762' title='bbox 2366 4871 2555 4909; x_wconf 87' lang='lat' dir='ltr'><strong>omnes</strong></span> <span class='ocrx_word' id='word_1_763' title='bbox 2584 4854 2833 4909; x_wconf 87' lang='lat' dir='ltr'><strong>homines</strong></span> <span class='ocrx_word' id='word_1_764' title='bbox 2886 4869 2952 4907; x_wconf 90' lang='lat' dir='ltr'><strong>eo</strong></span> <span class='ocrx_word' id='word_1_765' title='bbox 2998 4853 3117 4922; x_wconf 87' lang='lat' dir='ltr'><strong>ipso</strong></span> <span class='ocrx_word' id='word_1_766' title='bbox 3152 4854 3392 4923; x_wconf 88' lang='lat' dir='ltr'><strong>quidem,</strong></span> <span class='ocrx_word' id='word_1_767' title='bbox 3439 4854 3585 4922; x_wconf 87' lang='lat' dir='ltr'><strong>quod</strong></span> 
     </span>
    </p>
   </div>
   <div class='ocr_carea' id='block_1_109' title="bbox 2011 4944 3577 5017">
    <p class='ocr_par' dir='ltr' id='par_1_109' title="bbox 2011 4944 3577 5017">
     <span class='ocr_line' id='line_1_109' title="bbox 2011 4944 3577 5017; baseline -0.007 -8"><span class='ocrx_word' id='word_1_768' title='bbox 2011 4971 2075 5009; x_wconf 81' lang='lat' dir='ltr'><strong>ex</strong></span> <span class='ocrx_word' id='word_1_769' title='bbox 2113 4952 2283 5005; x_wconf 80' lang='lat' dir='ltr'><strong>Adam</strong></span> <span class='ocrx_word' id='word_1_770' title='bbox 2339 4948 2601 5017; x_wconf 78' lang='lat' dir='ltr'><strong>originem</strong></span> <span class='ocrx_word' id='word_1_771' title='bbox 2640 4945 2883 5009; x_wconf 83' lang='lat' dir='ltr'><strong>trahunt,</strong></span> <span class='ocrx_word' id='word_1_772' title='bbox 2946 4944 3175 4998; x_wconf 82' lang='lat' dir='ltr'><strong>invicem</strong></span> <span class='ocrx_word' id='word_1_773' title='bbox 3215 4946 3351 4998; x_wconf 88' lang='lat' dir='ltr'><strong>uniti</strong></span> <span class='ocrx_word' id='word_1_774' title='bbox 3403 4952 3577 5007; x_wconf 89' lang='lat' dir='ltr'><strong>sunt,</strong></span> 
     </span>
    </p>
   </div>
   <div class='ocr_carea' id='block_1_110' title="bbox 2012 5034 3586 5107">
    <p class='ocr_par' dir='ltr' id='par_1_110' title="bbox 2012 5034 3586 5107">
     <span class='ocr_line' id='line_1_110' title="bbox 2012 5034 3586 5107; baseline -0.008 -7"><span class='ocrx_word' id='word_1_775' title='bbox 2012 5043 2178 5100; x_wconf 87' lang='lat' dir='ltr'><strong>certis</strong></span> <span class='ocrx_word' id='word_1_776' title='bbox 2205 5056 2333 5096; x_wconf 87' lang='lat' dir='ltr'><strong>vero</strong></span> <span class='ocrx_word' id='word_1_777' title='bbox 2370 5038 2679 5093; x_wconf 84' lang='lat' dir='ltr'><strong>rationibus</strong></span> <span class='ocrx_word' id='word_1_778' title='bbox 2732 5044 2787 5090; x_wconf 86' lang='lat' dir='ltr'><strong>et</strong></span> <span class='ocrx_word' id='word_1_779' title='bbox 2841 5034 3266 5107; x_wconf 86' lang='lat' dir='ltr'><strong>proprietatibus</strong></span> <span class='ocrx_word' id='word_1_780' title='bbox 3308 5035 3379 5089; x_wconf 91' lang='lat' dir='ltr'><strong>ab</strong></span> <span class='ocrx_word' id='word_1_781' title='bbox 3408 5052 3466 5089; x_wconf 90' lang='lat' dir='ltr'><strong>se</strong></span> <span class='ocrx_word' id='word_1_782' title='bbox 3499 5036 3586 5088; x_wconf 86' lang='lat' dir='ltr'><strong>di-</strong></span> 
     </span>
    </p>
   </div>
   <div class='ocr_carea' id='block_1_111' title="bbox 2012 5124 3585 5204">
    <p class='ocr_par' dir='ltr' id='par_1_111' title="bbox 2012 5124 3585 5204">
     <span class='ocr_line' id='line_1_111' title="bbox 2012 5124 3585 5204; baseline -0.008 -15"><span class='ocrx_word' id='word_1_783' title='bbox 2012 5135 2391 5204; x_wconf 82' lang='lat' dir='ltr'><strong>stinguuntur.</strong></span> <span class='ocrx_word' id='word_1_784' title='bbox 2422 5131 2607 5199; x_wconf 85' lang='lat' dir='ltr'><strong>itaque</strong></span> <span class='ocrx_word' id='word_1_785' title='bbox 2646 5136 2942 5194; x_wconf 89' lang='lat' dir='ltr'><strong>utrumque</strong></span> <span class='ocrx_word' id='word_1_786' title='bbox 2976 5141 3041 5179; x_wconf 79' lang='lat' dir='ltr'><strong>ex</strong></span> <span class='ocrx_word' id='word_1_787' title='bbox 3068 5124 3225 5180; x_wconf 82' lang='lat' dir='ltr'><strong>Patre</strong></span> <span class='ocrx_word' id='word_1_788' title='bbox 3257 5140 3377 5179; x_wconf 90' lang='lat' dir='ltr'><strong>esse</strong></span> <span class='ocrx_word' id='word_1_789' title='bbox 3435 5124 3585 5178; x_wconf 84' lang='lat' dir='ltr'><strong>dice-</strong></span> 
     </span>
    </p>
   </div>
   <div class='ocr_carea' id='block_1_112' title="bbox 2009 5217 3583 5289">
    <p class='ocr_par' dir='ltr' id='par_1_112' title="bbox 2009 5217 3583 5289">
     <span class='ocr_line' id='line_1_112' title="bbox 2009 5217 3583 5289; baseline -0.008 -10"><span class='ocrx_word' id='word_1_790' title='bbox 2009 5240 2091 5289; x_wconf 86' lang='lat' dir='ltr'><strong>re,</strong></span> <span class='ocrx_word' id='word_1_791' title='bbox 2163 5223 2297 5279; x_wconf 89' lang='lat' dir='ltr'><strong>satis</strong></span> <span class='ocrx_word' id='word_1_792' title='bbox 2329 5237 2433 5277; x_wconf 88' lang='lat' dir='ltr'><strong>non</strong></span> <span class='ocrx_word' id='word_1_793' title='bbox 2496 5231 2580 5273; x_wconf 85' lang='lat' dir='ltr'><strong>est</strong></span> <span class='ocrx_word' id='word_1_794' title='bbox 2619 5222 2686 5272; x_wconf 87' lang='lat' dir='ltr'><strong>ad</strong></span> <span class='ocrx_word' id='word_1_795' title='bbox 2746 5217 3160 5286; x_wconf 81' lang='lat' dir='ltr'><strong>exprimendum</strong></span> <span class='ocrx_word' id='word_1_796' title='bbox 3226 5231 3349 5270; x_wconf 84' lang='lat' dir='ltr'><strong>eum</strong></span> <span class='ocrx_word' id='word_1_797' title='bbox 3423 5231 3583 5285; x_wconf 87' lang='lat' dir='ltr'><strong>quem</strong></span> 
     </span>
    </p>
   </div>
   <div class='ocr_carea' id='block_1_113' title="bbox 2012 5290 3586 5377">
    <p class='ocr_par' dir='ltr' id='par_1_113' title="bbox 2012 5290 3586 5377">
     <span class='ocr_line' id='line_1_113' title="bbox 2012 5290 3586 5377; baseline -0.01 -4"><span class='ocrx_word' id='word_1_798' title='bbox 2012 5318 2216 5373; x_wconf 86' lang='lat' dir='ltr'><strong>habent</strong></span> <span class='ocrx_word' id='word_1_799' title='bbox 2254 5316 2322 5369; x_wconf 93' lang='lat' dir='ltr'><strong>ad</strong></span> <span class='ocrx_word' id='word_1_800' title='bbox 2392 5312 2648 5374; x_wconf 85' lang='lat' dir='ltr'><strong>invicem,</strong></span> <span class='ocrx_word' id='word_1_801' title='bbox 2693 5308 2960 5363; x_wconf 90' lang='lat' dir='ltr'><strong>ordinem.</strong></span> <span class='ocrx_word' id='word_1_802' title='bbox 2994 5307 3100 5362; x_wconf 90' lang='lat' dir='ltr'><strong>Sed</strong></span> <span class='ocrx_word' id='word_1_803' title='bbox 3142 5290 3285 5361; x_wconf 68' lang='lat' dir='ltr'><strong>cnim</strong></span> <span class='ocrx_word' id='word_1_804' title='bbox 3329 5307 3586 5377; x_wconf 77' lang='lat' dir='ltr'><strong>hyposta-</strong></span> 
     </span>
    </p>
   </div>
   <div class='ocr_carea' id='block_1_114' title="bbox 2083 5621 3580 5692">
    <p class='ocr_par' dir='ltr' id='par_1_114' title="bbox 2083 5621 3580 5692">
     <span class='ocr_line' id='line_1_114' title="bbox 2083 5621 3580 5692; baseline -0.003 -13"><span class='ocrx_word' id='word_1_805' title='bbox 2083 5624 2159 5692; x_wconf 76' lang='lat'><strong>(6)</strong></span> <span class='ocrx_word' id='word_1_806' title='bbox 2200 5624 2349 5678; x_wconf 83' lang='lat' dir='ltr'><strong>More</strong></span> <span class='ocrx_word' id='word_1_807' title='bbox 2379 5621 2692 5677; x_wconf 56' lang='lat' dir='ltr'><strong>Graecorum</strong></span> <span class='ocrx_word' id='word_1_808' title='bbox 2733 5622 2952 5677; x_wconf 84' lang='lat' dir='ltr'><strong>Patrum</strong></span> <span class='ocrx_word' id='word_1_809' title='bbox 2986 5638 3049 5678; x_wconf 88' lang='lat' dir='ltr'><strong>ac</strong></span> <span class='ocrx_word' id='word_1_810' title='bbox 3094 5621 3419 5690; x_wconf 81' lang='lat' dir='ltr'><strong>scriptorum</strong></span> <span class='ocrx_word' id='word_1_811' title='bbox 3451 5635 3580 5674; x_wconf 69' lang='lat' dir='ltr'><strong>cau-</strong></span> 
     </span>
    </p>
   </div>
   <div class='ocr_carea' id='block_1_115' title="bbox 2015 5695 2812 5766">
    <p class='ocr_par' dir='ltr' id='par_1_115' title="bbox 2015 5695 2812 5766">
     <span class='ocr_line' id='line_1_115' title="bbox 2015 5695 2812 5766; baseline -0.004 -16"><span class='ocrx_word' id='word_1_812' title='bbox 2015 5712 2128 5751; x_wconf 86' lang='lat' dir='ltr'><strong>sam</strong></span> <span class='ocrx_word' id='word_1_813' title='bbox 2159 5710 2258 5766; x_wconf 79' lang='grc' dir='ltr'><strong>ι)το</strong></span> <span class='ocrx_word' id='word_1_814' title='bbox 2280 5695 2541 5766; x_wconf 77' lang='lat' dir='ltr'><strong>principio</strong></span> <span class='ocrx_word' id='word_1_815' title='bbox 2569 5703 2812 5764; x_wconf 87' lang='lat' dir='ltr'><strong>usurpat.</strong></span> 
     </span>
    </p>
   </div>
  </div>
