4046 6204
394 318 464 379 23
1655 332 1956 396 MANUEI

2085 339 2389 400 CALEC/E
3569 350 3641 416 24

397 448 527 531 seno
572 449 666 488 seu
706 453 1065 505 personarum
1100 441 1166 495 ad
1205 458 1263 497 se
1299 442 1530 498 invicem
1561 445 1713 514 juxta
1746 447 1956 502 iucom-
1990 454 2033 508 A
2134 450 2369 531 Sanctu‘s
2425 455 2551 509 item
2612 455 2855 526 Cyrillus,
2892 456 2943 509 in
2995 475 3010 513 ι
3069 454 3457 512 Tliesaurorum
3501 461 3578 515 ait
3620 471 3635 507 :

395 524 633 587 mistam,
667 536 833 594 atque
868 530 1207 587 inconfusam
1244 535 1532 598 rationem,
1563 538 1810 592 ordinem
1843 554 1963 599 esse

389 619 591 681 dicere,
627 619 999 678 irrationabile
1028 626 1255 680 omnino
1280 636 1383 682 est.
1418 628 1549 682 Esse
1578 631 1722 684 enim
1757 631 1965 687 incom-

390 710 587 765 ntistas
619 714 683 766 ad
720 714 976 781 invicem,
1012 726 1293 773 servantes
1326 720 1430 775 sibi
1457 736 1676 776 suarum
1720 728 1960 794 proprie-

389 808 560 855 tatum
616 805 901 871 terminos,
960 824 1177 863 necesse
1226 820 1357 864 est:
1414 827 1589 883 neque
1640 815 1784 869 enim
1826 818 1963 875 alias

388 894 523 947 ordo
554 909 865 952 servaretur
895 915 910 964 ;
950 914 1055 953 non
1091 911 1268 955 tamen
1304 904 1425 957 ideo
1467 921 1688 961 necesse
1720 918 1824 969 est,
1876 909 1962 963 in-

388 988 828 1051 commiSIarum,
871 991 921 1043 in
957 1002 1219 1060 quantum
1254 993 1601 1050 incommista
1633 1007 1783 1062 sunt,
1815 1002 1961 1053 ordi-

388 1091 512 1129 item
544 1081 608 1129 ad
666 1079 893 1134 invicem
970 1094 1276 1145 servantes,
1340 1086 1442 1140 nisi
1528 1088 1690 1141 etiam
1746 1088 1960 1142 habitus

388 1170 453 1221 a~|
517 1168 743 1224 inviécm
825 1173 1047 1241 quidam
1100 1176 1208 1230 illis
1276 1176 1457 1231 inesse
1521 1178 1793 1233 videatur.
1879 1177 1957 1232 Ex

387 1274 498 1326 quo
536 1276 667 1315 sane
728 1263 920 1319 ordine
957 1266 1019 1319 ad
1062 1267 1289 1322 invicem
1362 1276 1414 1320 et
1468 1270 1677 1334 habitu,
1733 1286 1956 1325 suarum

386 1350 553 1404 etiam
584 1355 977 1422 proprietatum
1048 1359 1263 1412 termini
1319 1359 1578 1425 confundi
1632 1361 1959 1432 miscerique

386 1460 498 1499 non
540 1457 790 1515 possunt.
849 1448 969 1515 Quo
1034 1453 1200 1521 etiam
1257 1464 1486 1518 remoto,
1549 1454 1955 1510 incommistum

387 1537 523 1591 illud
576 1540 878 1596 secundum
954 1559 1033 1606 se,
1069 1545 1492 1601 inordinatiouis
1548 1547 1756 1615 p0tius,
1790 1564 1953 1617 quam

387 1629 597 1683 ordinis
615 1628 767 1685 ﬁeret
793 1647 983 1687 causa.
1024 1633 1387 1698 Quaerendum
1438 1636 1601 1704 igitur
1628 1638 1679 1689 in
1707 1642 1955 1707 personis

386 1718 607 1783 divinis,
670 1737 916 1789 quaenam
972 1725 1042 1777 sit
1088 1726 1291 1779 ordinis
1342 1742 1527 1781 earum
1606 1728 1670 1780 ad
1724 1729 1952 1783 invicem

386 1825 572 1875 causa,
608 1813 873 1880 quaeitem
898 1815 1350 1871 lncomntistionis
1375 1818 1674 1872 secundum
1704 1821 1952 1888 proprie-

384 1910 526 1956 tates
596 1920 746 1959 suas.
788 1906 937 1960 Alias
992 1908 1159 1971 enim,
1214 1916 1571 1977 praeterquam
1620 1910 1763 1978 quod
1817 1912 1949 1965 nihil

385 1993 692 2058 cenﬂcitur,
726 1996 1013 2064 imperitiae
1051 2015 1269 2067 quoque
1316 2002 1538 2054 evidens
1571 2013 1950 2069 argumentum

385 2098 492 2149 ρει,
528 2089 753 2142 causale
781 2090 940 2158 quasi
992 2105 1213 2152 causam
1250 2086 1469 2159 ponere.
1500 2092 1670 2162 Igitur
1702 2108 1953 2163 oportere

385 2176 606 2244 quidem
670 2181 981 2234 necessario
1044 2182 1289 2235 ordinem
1350 2182 1406 2235 in
1453 2183 1654 2239 divinis
1706 2187 1953 2253 personis

382 2268 717 2323 immobilem
754 2270 932 2335 fateri,
966 2286 1143 2341 neque
1166 2288 1288 2327 esse
1321 2274 1373 2327 in
1426 2284 1610 2328 nostra
1664 2283 1953 2343 potestate,

384 2370 444 2414 ut
476 2361 722 2424 libuerit,
775 2365 1031 2417 traditum
1095 2365 1385 2419 immutare
1409 2367 1677 2428 ordinem,
1727 2384 1953 2437 eosque,

384 2451 477 2514 qui
516 2452 827 2515 immutant.
866 2464 924 2507 ut
956 2468 1066 2522 quo
1103 2464 1287 2523 aperte
1330 2466 1643 2523 oppugnant
1675 2457 1953 2525 pietatem.

387 2542 637 2598 vitandos
694 2559 832 2607 esse,
870 2547 1003 2599 satis
1038 2561 1103 2599 ex
1137 2546 1510 2613 superioribus
1535 2557 1814 2602 ostensum
1851 2558 1952 2604 est.

328 2686 339 2696 ,
457 2633 724 2699 Quoniam
795 2650 923 2690 vero
958 2636 1221 2690 unitatem
1288 2651 1352 2691 ac
1412 2637 1729 2692 Trinitatem
1788 2640 1955 2694 Deum

294 2760 312 2779 .
387 2724 732 2790 conﬁtemur,
762 2741 825 2778 ac
853 2725 1007 2795 juxta
1039 2729 1301 2782 unitatem
1333 2730 1552 2797 quidem
1587 2746 1759 2801 neque
1800 2734 1957 2800 ordo,

387 2831 561 2885 neque
591 2831 898 2884 processus,
948 2834 1123 2887 neque
1158 2835 1516 2886 personarum
1550 2839 1812 2879 numerus
1877 2826 1961 2880 in-

387 2907 657 2975 spicitur:
694 2923 800 2961 una
842 2908 983 2962 enim
1019 2925 1103 2963 res
1131 2913 1364 2965 essentia
1397 2921 1482 2967 est
1510 2913 1734 2969 omnino
1784 2916 1959 2972 indis-

387 3007 557 3063 creta,
627 2998 901 3068 uniusque
930 3000 994 3053 ad
1033 3002 1271 3071 seipsum
1309 3004 1608 3057 secundum
1673 3020 1787 3059 rem
1826 3008 1961 3060 ordo

2073 561 2092 593 ι
2126 541 2305 611 Gignit
2340 544 2536 600 Filium
2578 547 2739 601 Pater
2772 547 2919 601 nullo
2952 548 3151 602 medio.
3189 566 3207 599 ι

2137 628 2283 683 Idem
2308 645 2473 700 super
2502 633 2797 703 Evangelio
2826 632 3074 697 Joannis,
3123 651 3243 689 cum
3301 636 3354 690 id
3411 636 3637 693 verbum

2063 730 2356 787 exponeret
2398 738 2412 774 :
2474 721 2588 777 Hoc
2637 734 2753 777 erat
2805 726 2861 778 in
2907 724 3164 794 principio
3230 728 3371 796 apud
3428 727 3590 782 Deum
3619 770 3633 793 ,

2064 809 2139 864 ita
2164 810 2283 864 ait:
2318 829 2337 863 σ
2377 811 2509 869 Esse
2558 825 2741 870 autem
2775 832 2897 871 cum
2948 817 3087 871 Filio
3135 818 3348 872 Patrem
3382 818 3640 889 intelligi-

2063 917 2206 967 mus,
2242 914 2463 974 propter
2490 908 2811 963 substantia:
2863 910 3464 966 incommutabilitatem
3502 930 3517 967 :
3554 925 3637 967 at-
3688 964 3695 967 .

2062 1006 2168 1059 que
2199 994 2337 1059 ideo,
2366 995 2510 1063 quod
2542 998 2766 1054 omnino
2789 1000 3077 1068 contiguus
3110 998 3203 1064 sit,
3257 1000 3407 1056 nullo
3431 1003 3632 1069 medio,

2061 1081 2135 1142 ei,
2167 1084 2310 1150 quod
2338 1100 2403 1138 ex
2436 1101 2494 1141 se
2524 1088 2848 1143 naturaliter
2879 1091 3165 1158 processit.
3206 1109 3227 1143 ι

2134 1172 2363 1243 Magnus
2412 1176 2554 1231 idem
2589 1177 2846 1244 Basilius,
2880 1181 2932 1233 in
2986 1182 3145 1250 episv.
3202 1182 3266 1236 ad
3314 1182 3633 1253 Gregorium

2061 1263 2284 1319 fratrem
2345 1267 2412 1321 de
2461 1268 2765 1324 diﬂerentia
2824 1272 3077 1326 essentia:
3150 1281 3314 1342 atque
3376 1275 3634 1341 substan-

2060 1357 2148 1412 tiae
2181 1358 2280 1428 (7),
2314 1360 2390 1414 ait
2426 1377 2440 1414 :
2481 1380 2498 1412 ι
2546 1362 2720 1419 Filius
2754 1373 2935 1417 autem
2978 1364 3152 1428 solus,
3186 1366 3281 1433 qui
3316 1368 3632 1435 unigenitus

2058 1447 2125 1503 de
2156 1450 2399 1520 ingenito
2421 1454 2622 1509 elfulsit
2651 1455 2877 1520 lumine,
2910 1455 3112 1508 nullam
3139 1456 3294 1524 juxta
3332 1461 3635 1526 proprieta-

2059 1546 2164 1592 tem
2201 1557 2556 1612 personarum
2584 1544 3026 1597 communionem
3062 1541 3226 1596 habet
3276 1543 3340 1595 ad
3396 1543 3631 1605 Patrem,

2056 1639 2140 1694 vel
2171 1637 2235 1691 ad
2269 1635 2533 1705 Spiritum
2566 1642 2838 1689 sanctum.
2874 1651 2892 1684 ι
2930 1632 3229 1702 Gregorius
3270 1634 3398 1687 item
3438 1633 3635 1703 Nysse-

2059 1747 2160 1787 nus
2192 1745 2353 1799 super
2391 1728 2651 1783 Oratione
2685 1725 2965 1779 Dominica
2998 1766 3013 1790 ,
3073 1727 3127 1778 in
3157 1740 3220 1779 eo
3250 1734 3511 1787 tractatu,
3539 1727 3630 1794 qui

2057 1822 2246 1891 incipit
2285 1838 2298 1872 :
2362 1818 2614 1881 Umbram
2644 1819 2911 1871 continens
2965 1816 3263 1885 futurorum
3301 1817 3405 1879 lex;
3450 1836 3467 1866 ‹
3503 1816 3633 1870 Uni-

2054 1912 2295 1982 genitus,
2322 1910 2524 1978 inquit,
2576 1907 2748 1963 Filius
2780 1923 2842 1962 ex
2880 1908 3039 1961 Patre
3070 1921 3099 1959 a
3133 1905 3193 1960 S.
3223 1905 3508 1974 Scriptura
3535 1922 3633 1959 no-

2054 2006 2329 2069 minatur;
2373 2011 2536 2072 atque
2570 2002 2841 2055 hactenus
2875 2002 2994 2067 ejus
3029 2001 3340 2068 proprietas
3370 1999 3567 2054 l'ertur.
3606 2018 3625 2051 ι

2127 2095 2361 2149 Sanctus
2394 2110 2611 2163 quoque
2637 2094 2964 2147 Anastasius
2993 2092 3293 2146 Antiochiae
3346 2092 3631 2160 episcopus

2056 2187 2109 2240 in
2142 2187 2236 2240 lih.
2270 2201 2371 2240 suo
2402 2185 2474 2239 De
2496 2185 2833 2253 dogmatibus
2870 2183 2973 2252 (8),
3027 2183 3185 2252 cujus
3238 2182 3454 2236 initium
3504 2192 3629 2237 est:

2057 2278 2308 2333 Salubris
2338 2278 2463 2346 [iin
2496 2286 2695 2330 nostra:
2747 2276 3002 2328 rationem
3025 2316 3039 2339 ,
3078 2274 3156 2327 ait
3187 2289 3203 2327 :
3240 2291 3257 2324 ι
3288 2273 3545 2342 Spiritus,
3574 2284 3633 2329 ut

2057 2372 2192 2435 dixi,
2222 2370 2422 2424 dicitur
2465 2367 2626 2432 Dens,
2675 2376 2730 2422 et
2787 2377 3011 2421 sanctus
3046 2365 3212 2421 Deus.
3279 2365 3403 2420 Haec
3445 2374 3627 2419 autem

2057 2460 2216 2513 ambo
2250 2458 2545 2526 composita
2575 2458 2795 2511 nomina
2820 2457 2869 2510 ei
2901 2466 3212 2525 congruunt
3238 2496 3252 2520 .
3288 2457 3381 2523 qui
3416 2457 3630 2525 proprie

2062 2551 2300 2621 Spiritus
2347 2561 2569 2605 sanctus
2626 2550 2952 2620 appellatur,
2994 2550 3137 2603 sicut
3168 2559 3221 2603 et
3259 2547 3438 2603 Patris
3476 2562 3630 2601 voca-

2056 2643 2244 2697 bulum
2276 2655 2497 2705 causae:
2517 2651 2569 2697 et
2599 2641 2742 2707 Filii,
2774 2642 2821 2695 ei
2854 2642 2945 2711 qui
2975 2658 3038 2696 ex
3084 2655 3249 2696 causa
3314 2641 3464 2696 nullo
3516 2656 3630 2695 me-

2059 2732 2150 2786 dio
2176 2732 2374 2801 prodit,
2411 2734 2880 2787 accommodatur.
2923 2752 2941 2784 ι

2130 2824 2206 2878 Ita
2242 2825 2406 2894 igitur
2438 2823 2557 2879 Filii
2589 2840 2653 2879 ex
2695 2825 2855 2880 Patre
2885 2825 3255 2895 {processum
3289 2826 3624 2883 nativitatem

2063 2917 2272 2972 scilicet
2304 2917 2675 2972 immediatam
2706 2918 2994 2981 discimus,
3051 2919 3353 2974 secundum
3382 2935 3543 2988 quam
3574 2928 3626 2973 et

2062 3010 2399 3079 uuigenitus,
2433 3017 2487 3062 et
2507 3010 2655 3063 solus
2684 3009 2748 3063 de
2775 3011 2892 3064 solo
2915 3009 3141 3072 dicitur,
3177 3011 3627 3079 personalemque

386 3098 483 3141 aut
509 3088 765 3144 discretio
797 3105 903 3144 non
938 3100 1064 3147 est:
1127 3092 1396 3161 reliquum
1452 3102 1556 3155 est,
1586 3103 1645 3146 ut
1697 3096 1944 3149 ordinem
1980 3105 2023 3164 ο
2056 3113 2209 3153 suam
2263 3112 2327 3151 ac
2365 3097 2781 3152 substantialem
2838 3096 3221 3164 proprietatem
3256 3095 3383 3150 hinc
3405 3095 3624 3164 accipit,

386 3196 789 3252 numerumque
820 3198 1178 3253 personarum
1214 3185 1367 3254 juxta
1399 3200 1687 3254 processus
1718 3201 1848 3243 suos
1879 3186 1957 3242 fa-

388 3284 620 3328 ιθειιιιιιῐδ.

464 3367 578 3419 Duo
610 3365 836 3420 omnino
863 3380 1154 3436 processus
1189 3366 1242 3419 in
1275 3364 1384 3420 Deo
1414 3366 1571 3421 nobis
1604 3367 1783 3422 traditi
1805 3375 1952 3432 sunt,

387 3456 544 3522 alter,
596 3459 892 3512 secundum
929 3458 1304 3523 nativitatem,
1337 3458 1496 3523 alter,
1541 3459 1695 3527 juxta
1732 3473 1955 3528 proces-

387 3546 620 3619 s-‘o‘ncm.
684 3546 851 3601 Deum
908 3547 1109 3617 quippe
1172 3562 1237 3602 ex
1299 3548 1410 3601 Deo
1443 3548 1618 3613 nasci,
1679 3547 1961 3618 Deumque

386 3640 517 3694 item
550 3653 613 3692 ex
678 3639 787 3693 Deo
826 3638 1140 3707 procedere,
1172 3638 1372 3694 divinis
1402 3638 1620 3695 Litteris
1674 3641 1953 3697 docemur.

384 3736 565 3802 Atque
583 3730 702 3785 Filii
724 3731 941 3801 quidem
971 3745 1002 3785 a
1031 3729 1193 3785 Patre
1220 3731 1592 3786 immediatum
1614 3748 1954 3802 processum,

387 3835 611 3881 sanctus
645 3824 901 3890 Basilius,
950 3824 1003 3877 in
1054 3824 1151 3878 lib.
1187 3823 1449 3877 Adversus
1500 3822 1855 3891 Eunomiumq
1882 3826 1953 3879 ita

388 3917 737 3972 commendat
772 3933 787 3971 :
827 3934 846 3967 ‹
902 3915 1121 3969 Initium
1156 3913 1376 3982 quidem
1413 3914 1591 3968 Patris
1636 3914 1955 3982 nullumque

388 4008 583 4062 horum
636 4006 896 4062 medium.
958 4025 977 4058 ι
1019 4007 1368 4075 Rursumque
1435 4007 1488 4059 in
1548 4005 1737 4061 eodem
1775 4024 1790 4061 :
1823 4026 1842 4059 ι
1887 4006 1958 4063 Ut

387 4100 532 4151 enim
582 4097 748 4151 stulta
795 4105 881 4151 est
935 4095 1291 4164 interrogatio
1322 4094 1375 4149 in
1402 4108 1491 4159 eo,
1521 4094 1615 4163 qui
1654 4095 1773 4150 sine
1804 4097 1954 4164 prin-

389 4188 530 4258 cipio
564 4194 725 4254 atque
781 4185 1052 4254 ingenitus
1083 4194 1184 4249 est,
1218 4185 1473 4253 superius
1513 4184 1717 4255 aliquid
1744 4201 1953 4256 quaere-

389 4296 491 4337 re:
526 4288 581 4334 et
636 4279 723 4332 hic
778 4278 832 4331 in
863 4291 948 4343 eo,
981 4277 1073 4346 qui
1131 4276 1458 4345 sempiterne
1490 4291 1614 4331 cum
1651 4276 1807 4331 Patre
1852 4287 1956 4346 est,

390 4372 708 4440 nullumque
739 4370 901 4423 habet
931 4369 1169 4423 medium
1200 4364 1428 4423 inter'se
1452 4376 1506 4423 et
1534 4367 1854 4435 genitorem.
1891 4386 1909 4419 ι

460 4464 608 4518 Idem
667 4476 860 4517 rursus
887 4462 940 4515 in
976 4475 1061 4523 ea,
1115 4474 1277 4529 quam
1320 4474 1485 4528 supra
1541 4460 1963 4515 memoravimus

391 4554 456 4609 ad
486 4551 791 4610 Canonicas
842 4550 1080 4621 Epistola
1138 4566 1152 4604 :
1208 4567 1225 4601 ι
1270 4548 1326 4603 Si
1373 4550 1517 4604 enim
1553 4547 1662 4605 Deo
1713 4549 1963 4619 superior

390 4653 477 4700 est
503 4644 763 4712 Spiritus,
792 4630 899 4695 ann
929 4641 1040 4712 jam
1074 4655 1140 4693 ex
1188 4640 1297 4694 Deo
1326 4648 1429 4704 est,
1460 4640 1505 4694 si
1542 4647 1722 4694 autem
1764 4655 1826 4694 ex
1857 4640 1963 4695 Deo

390 4748 498 4802 est,
530 4737 805 4807 quomodo
872 4735 1149 4805 antiquior
1180 4741 1266 4788 est
1306 4733 1424 4797 illo,
1477 4746 1541 4785 ex
1575 4746 1683 4801 quo
1712 4734 1841 4787 est?
1895 4733 1965 4787 At

391 4847 461 4885 ne
488 4830 777 4900 Unigenito
809 4828 1025 4898 quidem
1062 4828 1213 4897 prior
1250 4835 1357 4893 est,
1389 4825 1597 4879 nullum
1647 4825 1791 4879 enim
1826 4824 1965 4877 inter

390 4918 604 4973 Patrem
635 4934 696 4974 ac
719 4917 917 4972 Filium
955 4917 1191 4971 medium
1221 4925 1323 4970 est.
1370 4934 1388 4966 ι

462 5012 760 5080 Gregorius
787 5011 951 5065 etiam
975 5008 1257 5079 Nyssenus
1309 5009 1361 5061 in
1421 5020 1438 5060 ι
1493 5007 1756 5061 adversus
1782 5005 1963 5061 Euno-

393 5105 562 5157 mium
592 5105 753 5169 libro,
787 5104 865 5158 sic
894 5103 969 5157 ait
1006 5122 1020 5157 :
1050 5120 1068 5153 ι
1110 5100 1271 5156 Pater
1299 5099 1517 5170 quidem
1544 5100 1661 5155 sine
1696 5100 1964 5168 principio

392 5205 556 5262 atque
587 5194 862 5264 ingenitus
923 5194 1272 5263 intelligitur.
1307 5191 1384 5245 Ex
1424 5191 1542 5261 ipso
1575 5200 1781 5256 autem,
1810 5191 1962 5260 juxta

378 5285 635 5354 contigui
666 5286 955 5350 rationem,
984 5284 1423 5354 inseparabiliter
1450 5283 1762 5355 unigenitus
1791 5282 1964 5340 Filius

393 5390 517 5429 cum
549 5372 710 5427 Patre
749 5374 909 5427 simul
952 5374 1291 5443 intelligitur.
1331 5390 1349 5423 ι

467 5520 542 5587 (7)
583 5518 769 5573 Graece
822 5526 905 5571 est
938 5518 1305 5580 ὑποστάσεως.
1343 5517 1495 5583 Quod
1519 5516 1699 5586 potius
1730 5516 1966 5587 retinen-

396 5586 531 5643 dum
556 5591 633 5642 vel
662 5604 898 5658 personis
930 5589 1249 5643 vocabulum
1296 5587 1655 5642 adhibendum
1681 5596 1739 5641 ut
1768 5586 1965 5640 vitetur

397 5660 774 5727 tequivocatio.

471 5732 547 5800 (8)
590 5730 669 5784 Ex
709 5738 847 5784 orat.
900 5730 1022 5785 lex
1067 5726 1174 5783 illis
1221 5727 1461 5796 quinque
1507 5726 1574 5782 de
1626 5725 1784 5782 rectis
1836 5725 1960 5780 lidei

2063 3191 2206 3260 quod
2238 3198 2291 3243 et
2320 3189 2535 3254 genitus
2561 3197 2664 3252 est,
2711 3196 2766 3241 et
2794 3202 2823 3239 a
2856 3186 3013 3240 Patre
3065 3185 3380 3255 Spirituque
3431 3187 3629 3240 distin-

2064 3281 2264 3350 guitur.
2297 3279 2505 3348 Quippe
2534 3284 2671 3331 hanc
2699 3275 2817 3346 ejus
2846 3275 3120 3344 propriam
3161 3274 3493 3343 agnitionem
3527 3288 3625 3326 no-

2066 3372 2150 3426 bis
2183 3370 2423 3439 magistri
2463 3367 2825 3430 tradiderunt,
2858 3365 3003 3435 quod
3032 3365 3183 3419 solus
3214 3364 3328 3433 ipse
3375 3363 3627 3432 unigeni-

2070 3473 2157 3517 tus
2186 3463 2251 3516 de
2282 3459 2524 3529 ingenito
2590 3457 2793 3511 lumine
2819 3456 3065 3524 prodeat.
3116 3454 3326 3508 Dictum
3358 3464 3439 3508 est
3482 3454 3628 3508 enim

2065 3552 2313 3607 veritatis
2376 3548 2671 3603 terminum
2736 3556 2790 3600 et
2855 3547 3124 3599 rationem
3193 3545 3457 3598 hactenus
3556 3544 3631 3597 illi

2068 3647 2454 3716 proprietatem
2478 3642 2695 3705 sistere,
2732 3646 2791 3692 ut
2822 3637 3033 3691 scilicet
3062 3635 3390 3697 immediate,
3419 3644 3470 3688 et
3500 3649 3632 3687 eon-

2067 3737 2325 3798 tinenter,
2355 3747 2418 3786 ac
2475 3730 2654 3800 genite
2683 3717 2967 3782 ex'Patre
3013 3726 3103 3786 sit.
3162 3723 3390 3778 ulterius
3452 3732 3630 3777 autem

2071 3826 2383 3879 nullatenus
2433 3821 2705 3891 progredi.
2758 3817 2969 3886 Quippe
3022 3831 3148 3870 cum
3181 3825 3235 3870 et
3281 3815 3522 3893 Spit-itus
3563 3831 3628 3869 ex

2066 3918 2224 3972 Patre
2257 3916 2473 3985 quidem
2509 3914 2599 3977 sit,
2657 3926 2759 3965 nec
2787 3921 2967 3963 tamen
3018 3913 3282 3963 hactenus
3340 3923 3632 3976 processus

2064 4009 2210 4064 illius
2234 4007 2538 4077 proprietas
2570 4012 2732 4072 atque
2761 4001 2969 4069 agnitio
3002 4000 3286 4054 siibsistat.

2140 4100 2349 4154 Dictum
2379 4106 2464 4151 est
2490 4107 2693 4157 autem,
2721 4100 2776 4147 et
2820 4089 2941 4144 Filii
2973 4089 3299 4143 vocabdlum
3331 4087 3381 4142 ei
3412 4086 3630 4156 proprie

2066 4204 2386 4261 congruere,
2415 4187 2506 4256 qui
2536 4187 2610 4240 sit
2636 4200 2699 4238 ex
2734 4183 2913 4243 Patre,
2948 4180 3397 4247 nulloiuterjecto
3432 4178 3632 4233 medio.

2066 4282 2387 4351 Quanquam
2434 4286 2627 4347 praeter
2684 4276 2815 4338 haec,
2850 4282 2903 4328 et
2938 4273 3127 4334 Patris,
3158 4282 3213 4328 et
3262 4272 3383 4327 Filii
3438 4289 3631 4326 nomen

2068 4373 2311 4426 habitum
2378 4369 2443 4421 ad
2503 4366 2732 4420 invicem
2786 4379 2850 4418 ac
2925 4364 3241 4417 relationem
3299 4363 3631 4417 individuam

1997 4437 2037 4492 ί)
2069 4461 2264 4516 reddit.
2328 4456 2484 4511 Aliud
2542 4455 2687 4509 enim
2751 4466 2999 4515 causam,
3052 4450 3199 4505 aliud
3248 4466 3378 4506 vero
3415 4453 3633 4506 caus.le

2064 4549 2433 4608 commendat.
2466 4548 2640 4616 Atque
2701 4547 2803 4600 ista
2842 4546 3062 4615 quidem
3097 4545 3173 4599 ita
3229 4560 3287 4600 se
3332 4546 3537 4600 habent
3567 4547 3633 4600 de

2064 4645 2220 4699 Filio.

2137 4733 2323 4788 Sancti
2358 4747 2486 4787 vero
2516 4732 2752 4801 Spiritus
2813 4742 3133 4800 processum
3163 4743 3193 4783 a
3228 4729 3389 4783 Patre
3416 4745 3510 4798 per
3543 4728 3636 4783 Fi-

2068 4827 2197 4880 lium
2258 4840 2380 4880 esse
2426 4824 2740 4885 didicimus,
2814 4839 2877 4876 ex
2934 4838 3044 4889 quo
3093 4824 3347 4878 videlicet
3397 4831 3632 4884 constat,
3684 4870 3691 4875 ,

1977 4961 1983 4967 .
2067 4916 2194 4984 quia
2230 4930 2336 4967 non
2397 4914 2515 4967 sine
2566 4913 2744 4966 medio
2780 4928 2843 4965 ex
2900 4912 3058 4967 Patre
3091 4914 3291 4982 prodit.
3348 4914 3437 4966 Ait
3488 4915 3633 4967 enim

2066 5005 2361 5075 Gregorius
2412 5003 2689 5074 Nyssenus
2750 5003 2803 5056 in
2866 5004 3005 5056 libro
3044 5020 3205 5070 quem
3232 5005 3297 5058 ad
3349 5005 3633 5058 Ablaviutn

2065 5096 2287 5164 scripsit
2337 5096 2435 5165 (.9),
2489 5094 2647 5165 cujus
2708 5094 2921 5147 initium
2977 5102 3109 5149 est:
3159 5094 3373 5148 Iustum
3428 5096 3634 5164 quidem

2066 5190 2241 5256 fuerat
2294 5201 2412 5249 vos,
2465 5186 2554 5253 qui
2611 5185 2752 5237 omni
2812 5186 3003 5238 virtute
3052 5184 3298 5251 polletis,
3361 5200 3633 5263 pugnare,

2065 5280 2146 5334 sic
2194 5279 2271 5332 ait
2323 5295 2387 5332 ε(
2453 5277 2955 5331 [inmutabilitatem
3015 5286 3227 5330 naturae
3282 5276 3632 5336 confitentes,

2068 5383 2248 5424 causae
2277 5366 2346 5421 ad
2380 5365 2602 5421 causale
2636 5364 2997 5419 dill’erentiam
3028 5379 3135 5418 non
3172 5364 3546 5432 abnegamus;
3578 5362 3631 5415 in

2074 5514 2415 5579 dogmatibus
2445 5528 2564 5576 quae
2594 5521 2810 5567 exstant
2841 5519 2971 5563 tom.
3006 5508 3050 5565 l.

2145 5575 2219 5652 (9i
2267 5583 2398 5637 Vide
2446 5575 2574 5637 Bell.
2616 5585 2655 5649 Ι,
2703 5598 2737 5634 ιι
2791 5580 2866 5633 De
2901 5579 3132 5652 Ghristg.
3171 5591 3221 5652 ρ,
3256 5577 3349 5641 25,
3375 5575 3489 5652 __ubi
3534 5576 3636 5629 hoc

2073 5646 2443 5708 testimonium
2482 5646 2687 5719 profert
2718 5660 2770 5704 et
2797 5649 3053 5714 explicat.
3081 5649 3144 5703 Et
3168 5646 3507 5704 Gennadium
3532 5660 3632 5716 pro

2071 5723 2305 5779 concilio
2336 5722 2670 5789 Florentino,
2703 5726 2836 5776 sect.
2870 5719 2925 5773 5.
