4046 6204
354 361 433 425 95

1482 356 1879 417 ADVERSUS
1923 353 2234 418 GRIECOS
2272 359 2418 422 LIB.
2457 359 2505 418 Ι.
3552 355 3624 416 26

285 513 296 524 ,
358 492 472 545 quo
502 475 624 530 solo
659 470 892 526 alterum
919 471 988 524 ab
1021 466 1196 524 altero
1248 466 1512 536 distingui
1547 467 1925 536 intelligimus.
1965 469 2008 527 Δ
2037 470 2287 536 quamvis
2313 485 2496 526 causae
2546 470 2904 540 causamque
2934 457 3167 532 ratione,
3197 445 3485 538 processus
3521 468 3626 523 dil-

360 567 484 636 qui,
517 565 745 617 alterum
779 559 1024 628 quidem,
1049 571 1273 613 causam
1322 572 1446 612 esse
1468 597 1483 621 ,
1521 559 1751 611 alterum
1782 571 1935 620 vero,

363 671 450 710 er
471 669 634 710 causa
661 651 965 705 credimus.
1003 649 1178 718 Atque
1202 650 1323 718 ejus
1355 649 1498 719 quod
1537 664 1601 703 ex
1634 663 1801 702 causa
1831 658 1937 711 est,

367 749 534 802 aliam
567 759 752 798 rursus
779 740 1143 796 differentiam
1193 741 1560 809 agnoscimus.
1595 739 1756 792 Aliud
1789 738 1934 792 enim

368 845 475 895 cst.
505 834 642 905 quod
675 849 740 888 ex
774 833 954 900 primo
976 833 1320 885 continenter
1345 843 1566 896 manat;
1600 828 1769 906 aliud,
1797 827 1941 896 quod

365 940 470 994 per
499 925 598 977 hoc
632 922 813 990 ipsum
888 935 953 974 ex
988 919 1163 987 primo
1220 919 1423 987 prodit,
1457 920 1529 972 ita
1567 926 1626 972 ut
1671 916 1940 986 Uuigeniti

362 1025 566 1066 nomen
597 1010 808 1077 absque
869 1008 974 1061 ulla
1015 1007 1372 1073 ambiguitate
1409 1003 1548 1059 Filio
1606 1013 1856 1067 maneat,
1891 1013 1942 1057 et

363 1114 429 1152 ex
464 1095 625 1148 Patre
662 1096 925 1163 Spiritum
961 1110 1102 1153 esse.
1145 1091 1506 1147 dubitandum
1535 1108 1641 1146 non
1679 1093 1782 1158 sit;
1823 1107 1945 1145 cum

364 1193 422 1238 et
461 1183 583 1236 Filii
619 1183 898 1246 mediatio,
961 1190 1021 1235 ut
1066 1181 1136 1234 ita
1171 1181 1373 1243 dicam,
1429 1188 1482 1232 et
1516 1179 1624 1233 sibi
1683 1179 1947 1247 utiiglt-niti

370 1277 637 1332 honorem
673 1285 874 1341 servet,
920 1285 976 1330 et
1037 1274 1301 1345 Spiritum
1349 1274 1587 1328 naturali
1626 1273 1691 1326 ad
1734 1271 1947 1326 Patrem

367 1371 557 1426 habitu
593 1385 702 1424 non
730 1369 1004 1424 excludat.
1055 1388 1074 1420 ι

439 1463 709 1528 Quoniam
766 1461 932 1530 igitur
989 1460 1254 1527 theologia
1327 1468 1514 1514 nostra
1563 1457 1762 1525 duplex
1817 1466 1944 1520 est,

367 1554 527 1606 unita
590 1553 826 1616 scilicet,
881 1563 1046 1621 atque
1080 1551 1342 1604 discreta.
1378 1550 1446 1603 At
1486 1549 1576 1602 illa
1610 1548 1826 1617 quidem
1863 1561 1955 1600 se-

373 1644 611 1698 cundum
639 1644 807 1698 unius
831 1642 1080 1697 essentia;
1111 1643 1400 1700 unitatem.
1459 1640 1573 1693 haec
1599 1648 1776 1692 autem
1799 1637 1957 1706 juxta

372 1732 714 1801 personalem
751 1744 1110 1798 processuum
1145 1728 1577 1782 distinctionem.
1616 1727 1791 1781 Unum
1823 1726 1954 1793 qui-

368 1823 494 1874 dem
523 1820 688 1873 Deum
722 1818 1223 1874 incommutabilem
1284 1818 1339 1870 in
1400 1817 1606 1885 seipso.
1646 1825 1812 1884 atque
1864 1815 1954 1868 in-

366 1913 669 1966 discretum
763 1912 1066 1966 secundum
1139 1912 1436 1964 essentiam
1527 1917 1623 1964 aut
1697 1917 1950 1964 naturam

368 2001 690 2062 confessus,
714 2002 874 2056 unius
917 2001 1065 2055 enim
1099 2001 1164 2055 ad
1189 2003 1456 2069 seipsum.
1490 2000 1637 2054 nulla
1668 2009 1725 2053 ut
1747 2001 1951 2055 dictum

365 2101 476 2150 est.
528 2094 825 2148 secundum
881 2108 993 2148 rem
1055 2093 1318 2148 discretio
1374 2108 1498 2146 esse
1548 2088 1763 2161 p'otest;
1824 2108 1950 2147 cum

369 2183 658 2251 deinceps,
720 2193 779 2238 ut
823 2200 948 2239 sese
993 2184 1058 2238 ad
1124 2185 1357 2238 invicem
1417 2184 1653 2240 habeant
1705 2202 1955 2256 persona:

366 2272 578 2326 divina:
608 2274 815 2326 ratione
873 2287 1167 2343 processus
1196 2274 1486 2328 enucleare
1512 2275 1700 2339 vellet;
1744 2278 1796 2331 in
1829 2293 1956 2331 cau-

365 2375 514 2425 sam,
541 2373 596 2414 et
627 2361 844 2416 causale
861 2360 1186 2434 [causalum]
1208 2363 1386 2432 primo
1409 2362 1690 2419 discrevit.
1715 2366 1952 2420 Causam

370 2451 627 2513 Patrem.
691 2457 912 2509 causale
954 2471 1081 2510 vero
1120 2458 1397 2511 communi
1436 2458 1800 2528 appellatione
1861 2459 1954 2512 Fi-

371 2544 507 2602 lium
560 2564 624 2603 ac
655 2545 920 2616 Spiritum
976 2563 1202 2610 vocans.
1236 2564 1358 2617 quae
1415 2550 1601 2614 etiam,
1637 2565 1704 2606 ex
1761 2567 1950 2616 causa.

373 2642 632 2708 appellat.
666 2641 852 2709 aitque
889 2641 1067 2694 solum
1116 2641 1274 2709 juxta
1341 2655 1565 2697 causam
1625 2653 1678 2698 et
1729 2647 1955 2702 causale

370 2733 587 2786 divinas
613 2732 875 2802 distingui
905 2747 1190 2801 personas.

443 2822 674 2886 Deinde,
710 2839 834 2877 cum
889 2825 1132 2879 causalia
1175 2825 1314 2893 hac,
1343 2826 1540 2884 Filium
1572 2838 1628 2884 et
1684 2831 1950 2899 Spiritum

371 2925 624 2972 sanctum
657 2931 857 2980 causas,
901 2916 1218 2986 causalique
1271 2919 1484 2974 ratione
1523 2925 1890 2980 communiter
1922 2943 1951 2982 a

369 3009 533 3064 Patre
560 3009 959 3072 discernerent,
998 3009 1199 3076 quippe
1227 3025 1352 3064 cum
1388 3015 1634 3069 causalia
1667 3017 1771 3071 sibi
1810 3020 1952 3072 invi-

2040 561 2271 618 ferentia
2295 564 2622 634 generaliter
2667 579 3013 635 nequaquam
3035 562 3218 617 didert

2085 653 2202 716 sAt,
2233 671 2298 708 ne
2329 654 2466 708 forte
2489 655 2759 724 quispiam
2809 655 2878 709 ob
2914 655 3015 710 hoc
3039 654 3161 708 Filii
3193 653 3455 720 medium,
3491 667 3628 708 con-

2043 745 2309 800 fusionem
2334 746 2572 814 aliquam
2597 747 2970 814 personalium
3004 747 3403 816 proprietatum
3430 762 3626 801 cense.

2044 838 2134 906 qui
2162 837 2542 901 arbitraretur,
2571 846 2899 907 putarctque
2926 836 3120 891 Filium
3159 838 3386 892 naturali
3422 837 3486 891 ad
3523 836 3624 890 Pa-

2044 937 2180 981 trem
2207 928 2396 982 ltabitu
2432 929 2668 983 alienum
2704 945 2846 990 esse.
2897 946 3002 984 non
3049 930 3126 983 ait
3170 931 3328 999 (10);
3368 931 3463 984 sed
3515 933 3629 984 lucc

2048 1018 2228 1084 potius
2271 1017 2391 1072 Filii
2446 1019 2725 1080 mediatio,
2783 1035 3271 1089 personarumque
3322 1021 3624 1074 secundum

2048 1125 2405 1180 processuum
2487 1109 2850 1164 differentiam
2935 1111 3234 1175 di~cretio,
3315 1112 3628 1166 inconlusas

2056 1203 2412 1270 proprietates
2433 1213 2636 1266 servat,
2667 1203 2804 1257 alias
2839 1204 3045 1256 servari
3082 1219 3186 1256 non
3216 1203 3476 1257 valentes.
3512 1202 3627 1256 Hoc

2051 1295 2195 1347 enim
2233 1295 2423 1347 ordine
2483 1295 2682 1363 posito,
2723 1293 2886 1347 etiam
2918 1292 3194 1363 Unigcniti
3233 1294 3409 1347 honor
3466 1294 3628 1348 indu-

2055 1385 2294 1439 bitanter
2335 1394 2518 1438 manet
2569 1386 2620 1438 in
2679 1383 2841 1440 Filio.
2878 1383 3036 1439 Solus
3067 1385 3212 1438 enim
3247 1399 3313 1438 ex
3354 1385 3473 1438 solo
3523 1395 3625 1448 est,

2056 1475 2364 1544 atqueejus
2421 1475 2744 1530 substantiae
2778 1475 3090 1544 proprietas
3125 1476 3387 1529 hactenus
3407 1475 3628 1539 fertur;

2061 1564 2410 1634 Spiritusque
2441 1580 2537 1632 per
2563 1564 2758 1618 Filium
2788 1565 3132 1619 connectitur
3163 1563 3330 1630 Patri,
3368 1565 3632 1640 quemad-

2059 1657 2284 1712 modum
2307 1658 2430 1712 etin
2455 1658 2730 1720 omnibus,
2761 1657 2812 1710 in
2841 1656 3042 1724 quibus
3063 1665 3145 1710 est
3171 1655 3364 1717 series.
3389 1665 3629 1709 extrema

1996 1793 2035 1845 Β
2063 1751 2256 1820 primis
2289 1765 2386 1819 per
2413 1750 2588 1803 media
2639 1749 2977 1819 junguntur;
3011 1749 3243 1814 ideoque
3303 1747 3580 1817 subiungit
3614 1765 3628 1801 :

2061 1842 2197 1897 Cum
2230 1841 2352 1895 Filii
2409 1839 2688 1904 mediatio,
2751 1850 2804 1894 et
2855 1839 3084 1907 sibiipsi
3127 1837 3404 1904 Unigeniti
3452 1845 3633 1891 servet

2057 1933 2350 1994 honorem,
2383 1939 2438 1984 et
2498 1929 2761 2000 Spiritum
2813 1928 3046 1982 naturali
3079 1927 3146 1981 ad
3200 1926 3413 1981 Patrem
3444 1926 3632 1981 habitu

2055 2038 2165 2076 non
2194 2021 2471 2078 excludat.
2503 2023 2680 2092 Atque
2720 2019 2822 2074 ista
2867 2018 3086 2088 quidem
3125 2016 3400 2086 Nyssenus
3425 2015 3634 2086 Grego-

2055 2132 2196 2172 τηις.

2127 2208 2259 2273 Qua:
2280 2218 2410 2260 vero
2439 2200 2679 2259 secundo
2706 2199 2760 2254 in
2787 2197 2968 2253 Nicaea
2987 2199 3239 2253 convenit
3293 2206 3481 2252 sancta
3543 2210 3633 2268 sy-

2055 2305 2232 2360 nodus
2285 2286 2612 2354 universalis
2653 2296 2765 2348 ait:
2806 2311 2825 2345 (
2871 2291 3049 2347 Credo
3099 2291 3151 2342 in
3207 2289 3468 2358 Spiritum
3500 2305 3635 2344 san-

2054 2403 2202 2449 ctum
2247 2405 2314 2444 ex
2347 2389 2505 2443 Patre
2548 2402 2644 2456 per
2688 2384 2887 2440 Filium
2916 2379 3299 2452 prodeuntem,
3343 2379 3634 2452 ipsumque

2055 2486 2225 2542 Deum
2259 2499 2380 2540 esse
2402 2480 2668 2552 agnitum.
2706 2499 2725 2533 ι
3383 2467 3440 2492 ’¹²’

2127 2578 2184 2633 Id
2218 2579 2395 2648 ipsum
2433 2575 2544 2646 (ll)
2575 2583 2631 2630 et
2666 2583 2894 2631 sanctus
2925 2573 3212 2638 'l'arasius.
3247 2571 3635 2627 Constantino-

2054 2669 2332 2739 politanus
2397 2666 2709 2736 episcOpus,
2775 2665 2869 2734 qui
2931 2665 3176 2734 ejusdem
3247 2663 3438 2742 synodi
3510 2676 3635 2732 pars

2053 2773 2250 2828 magna
2299 2755 2423 2819 fuit,
2474 2757 2527 2810 in
2578 2755 2829 2825 epistola,
2899 2771 3060 2825 quam
3113 2757 3179 2810 ad
3245 2754 3532 2824 episcopos
3581 2763 3637 2809 et

2053 2851 2366 2906 sacerdotes
2388 2847 2713 2910 Antiochiae,
2753 2848 3116 2913 Alexandriae,
3156 2862 3220 2902 ac
3272 2857 3473 2902 sanctae
3503 2846 3635 2902 civi-

2053 2943 2184 2996 tatis
2227 2941 2467 3010 scripsit,
2503 2939 2660 3009 cujus
2711 2939 2924 2992 initium
2989 2947 3122 2994 est:
3168 2938 3425 2992 Plurimis
3471 2946 3636 3007 atque

2054 3034 2270 3088 eximiis
2300 3030 2801 3102 dispensationibns
2827 3032 3106 3085 hominum
3147 3031 3315 3084 vitam
3360 3030 3502 3085 Deus
3570 3044 3636 3084 ac

371 3115 492 3154 cem
525 3099 969 3174 communicent,
1003 3100 1118 3154 haec
1151 3116 1344 3184 rursus
1373 3102 1440 3156 ab
1463 3103 1694 3160 invicem
1747 3107 1948 3162 distin-
1977 3130 2019 3186 ε
2053 3122 2318 3178 Dominus
2383 3099 2572 3177 noster
2628 3120 2945 3189 disponens,
3005 3136 3070 3176 ac
3118 3121 3379 3190 dirigens,
3431 3134 3550 3189 quae
3581 3134 3637 3173 θ.

370 3191 494 3258 guit
529 3190 791 3246 varietate
827 3203 1332 3262 processus.atque
1354 3194 1426 3248 ita
1452 3194 1624 3250 ferme
1654 3198 1767 3253 ait:
1799 3217 1816 3250 ι
1851 3200 1950 3255 Et-

370 3283 415 3336 si
454 3283 604 3335 enim
645 3284 809 3336 ambo
845 3296 872 3334 a
918 3281 1080 3335 Patre
1109 3298 1236 3338 cum
1272 3287 1404 3347 sint,
1442 3301 1508 3339 eo
1534 3286 1769 3343 invicem
1803 3307 1955 3345 com-

371 3372 680 3434 municent,
711 3364 856 3440 quod
893 3373 1135 3426 causalia
1189 3383 1358 3438 sunt;
1393 3375 1517 3429 inde
1557 3385 1737 3431 tamen
1799 3379 1954 3434 dilfr-

370 3469 564 3516 renter
597 3478 715 3516 esse
754 3463 972 3517 habent.
1009 3461 1277 3529 Quocirca
1304 3464 1480 3533 {aliam
1522 3483 1718 3524 rursus
1758 3470 1950 3525 horum

375 3555 744 3608 diﬂerentiam
793 3555 1160 3623 agnoscimus.
1206 3575 1225 3608 ι
1265 3557 1508 3626 Denique
1563 3560 1757 3614 horum
1796 3563 1955 3617 taltc-

376 3663 538 3710 rum,
572 3645 812 3700 videlicet
871 3646 1046 3700 Filius
1076 3663 1141 3702 ex
1184 3649 1381 3714 primo,
1421 3650 1470 3703 id
1543 3661 1648 3714 est,
1676 3668 1741 3706 ex
1795 3654 1954 3708 Patre
1979 3669 1992 3674 -

368 3739 730 3793 continenter
769 3749 889 3802 cst;
937 3740 1196 3804 alterum,
1235 3741 1486 3795 videlicet
1560 3743 1822 3812 Spiritus,
1860 3762 1957 3816 per

371 3831 712 3897 hocipsum,
746 3829 888 3897 quod
924 3847 990 3883 ex
1018 3833 1200 3898 primo
1255 3835 1602 3889 continenter
1627 3847 1729 3901 est,
1767 3838 1817 3890 id
1850 3850 1954 3902 est,

373 3938 476 3991 per
512 3921 737 3986 Filium,
769 3925 863 3987 qul
897 3937 963 3975 ex
1021 3920 1205 3986 Patre,
1252 3925 1403 3980 nullo
1435 3926 1721 3997 interjecto
1755 3931 1954 3993 medio.

373 4030 501 4069 esse
530 4015 716 4068 habet.
750 4012 996 4068 Primum
1041 4015 1286 4084 quidem,
1338 4026 1524 4088 utpote
1555 4035 1803 4087 causam,
1861 4021 1958 4077 Pa-

373 4119 518 4162 trem
557 4109 872 4172 nominaus,
928 4108 1072 4176 quod
1109 4117 1290 4163 autem
1339 4111 1598 4181 contigue
1647 4114 1728 4166 vel
1780 4117 1956 4171 conti-

375 4206 594 4256 nenter,
621 4211 722 4264 pro
761 4211 848 4257 eo.
885 4195 1030 4265 quod
1059 4207 1141 4251 est
1181 4198 1512 4261 immediate.
1548 4203 1774 4269 posuit;
1833 4203 1960 4271 Spi-

373 4286 545 4340 ritum
573 4301 720 4346 vero.
746 4302 809 4341 ex
848 4285 1010 4340 Patre
1038 4303 1134 4356 per
1167 4289 1405 4344 medium
1449 4289 1669 4347 Filium.
1705 4292 1772 4348 Ut
1799 4294 1958 4350 Pater

370 4378 624 4446 quidem,
647 4379 737 4446 qni
769 4393 832 4432 ex
865 4379 1015 4432 nullo
1057 4390 1160 4444 est,
1186 4396 1251 4434 eo
1281 4383 1398 4450 ipso
1433 4397 1460 4436 a
1493 4383 1637 4440 Filio
1671 4385 1952 4440 discerna-

2057 3222 2311 3282 snscepta
2362 3221 2416 3267 et
2472 3212 2692 3266 laudata
2760 3219 2864 3272 est,
2924 3225 2988 3264 ac
3027 3225 3124 3278 per
3181 3209 3386 3273 omnia,
3443 3209 3547 3262 rite
3576 3223 3636 3262 se

2057 3303 2279 3367 habere,
2313 3317 2382 3356 ex
2417 3301 2698 3370 rescriptis
2733 3315 2922 3354 eorum
2942 3299 3318 3369 comprobata,
3357 3307 3478 3366 post
3512 3299 3636 3379 plu-

2064 3393 2203 3446 rima
2237 3393 2314 3446 ait
2353 3407 2368 3446 :
2400 3411 2419 3444 ς
2459 3390 2522 3445 Et
2546 3391 2600 3444 in
2627 3390 2893 3458 Spiritum
2921 3401 3196 3452 sanctum,
3227 3388 3321 3456 qui
3367 3403 3433 3443 ex
3475 3385 3637 3443 Patre

2057 3499 2152 3552 per
2184 3483 2381 3538 Filium
2439 3481 2708 3554 procedit,
2751 3481 2979 3564 ipseque
3003 3478 3148 3535 Deus
3196 3492 3320 3535 esse
3350 3478 3641 3548 cognosci-

2058 3582 2166 3627 llll'.
2203 3591 2220 3623 ι

2128 3683 2365 3738 Sanctus
2419 3678 2790 3749 Sophronias,
2825 3677 3366 3747 Hierosolymitanus
3417 3678 3638 3747 episco-

2057 3790 2182 3845 pus,
2221 3769 2572 3845 Expositione
2592 3769 2714 3824 tidei
2743 3785 2856 3846 suae
2878 3768 2953 3823 ait
2985 3785 3043 3823 ει
3080 3768 3255 3823 Credo
3283 3771 3335 3822 in
3372 3769 3637 3838 Spiritum

2057 3877 2331 3930 sanctum.
2367 3880 2430 3923 ex
2464 3865 2622 3919 Patre
2644 3872 2697 3918 et
2727 3861 2835 3917 Deo
2859 3860 3192 3932 sempiterne
3218 3863 3595 3931 procedentem
3619 3902 3635 3927 ,

2055 3956 2146 4025 qui
2174 3966 2227 4010 et
2249 3955 2364 4024 ipse
2397 3954 2579 4008 lumen
2618 3951 2952 4024 agnoscitur,
2987 3957 3045 4003 ct
3081 3963 3206 4006 vere
3231 3949 3378 4005 Patri
3413 3968 3476 4007 ac
3499 3950 3638 4005 Filio

2057 4054 2363 4100 coaeternus
2393 4053 2498 4099 εει.
2541 4064 2561 4097 ι

2127 4157 2358 4227 Magnus
2400 4156 2530 4211 item
2565 4157 2920 4221 Athanasius.
2954 4157 3008 4211 in
3045 4171 3110 4212 eo
3146 4155 3286 4212 libro
3327 4155 3418 4226 qui
3442 4155 3638 4210 inscri-

2056 4252 2206 4307 bitur
2251 4249 2609 4319 Reprehensio
2661 4249 3020 4304 simulationis
3073 4249 3272 4303 llleletii
3305 4259 3354 4302 et
3403 4248 3634 4312 Eusebii,

2059 4344 2215 4413 cujus
2241 4344 2454 4398 initium
2491 4352 2574 4398 est
2606 4359 2620 4396 :
2651 4341 2825 4396 Homo
2857 4343 2925 4395 ad
2974 4341 3376 4396 similitudinem
3418 4341 3512 4394 Dei
3557 4341 3642 4409 {u-

375 4432 488 4530 t-ur,
513 4478 568 4522 et
597 4432 828 4538 spiritu,
858 4471 1003 4539 quod
1062 4471 1225 4527 Pater
1268 4432 1387 4542 ipse
1421 4478 1826 4547 atqueinitium
1863 4482 1954 4536 sit.
1993 4465 2035 4518 υ
2064 4447 2179 4547 2",,
2203 4446 2346 4547 :81:

374 4558 554 4613 Filius
578 4570 760 4615 autem
791 4577 856 4616 ex
911 4562 1006 4615 illo
1049 4564 1361 4618 immediate
1405 4570 1644 4634 genitus,
1708 4585 1773 4624 eo
1835 4573 1956 4641 ipso

369 4649 764 4718 discernatur;
825 4669 854 4706 a
888 4653 1048 4709 Patre
1098 4657 1339 4725 quidem,
1396 4647 1539 4727 quod
1572 4664 1850 4718 nascendo
1888 4681 1954 4718 ex

372 4742 472 4795 illo
507 4743 746 4810 prodiit;
781 4760 809 4798 a
847 4745 1055 4817 Spiritu
1092 4764 1245 4811 vero,
1280 4751 1425 4820 quod
1463 4753 1577 4820 ipse
1603 4754 1820 4822 quidem
1853 4756 1957 4810 im-

376 4834 617 4888 mediate
687 4846 742 4889 et
808 4838 1217 4895 incontinenter
1272 4858 1336 4896 ex
1431 4846 1644 4913 primo;
1715 4846 1956 4917 Spiritus

377 4941 510 4978 vero
553 4941 647 4995 per
682 4943 740 4981 se
800 4943 865 4982 ex
903 4931 1084 4998 primo
1159 4934 1424 4989 manavit.
1477 4936 1715 4992 Sanctus
1774 4952 1955 4995 autem

377 5013 623 5085 Spiritus
665 5031 692 5069 a
756 5017 919 5072 Patre
967 5021 1186 5088 quidem
1249 5024 1640 5096 distinguatur,
1703 5030 1829 5096 quia
1894 5046 1963 5084 ex

376 5119 499 5174 .pso
524 5112 646 5169 est;
676 5120 705 5159 a
757 5107 1149 5171 Filio.autem,
1207 5114 1334 5180 quia
1393 5129 1500 5165 non
1545 5113 1859 5170 immediate
1893 5131 1961 5171 ex

380 5195 562 5260 primo
584 5204 687 5257 est,
720 5206 778 5250 ut
811 5195 1005 5264 Filius,
1040 5201 1134 5254 sed
1161 5215 1256 5269 per
1289 5201 1464 5270 illum,
1497 5206 1590 5275 qui
1620 5205 1963 5261 continenter

382 5295 527 5340 esset
553 5288 842 5358 erprimo.

456 5377 613 5432 Unde
638 5389 692 5433 et
751 5381 949 5436 merito
1002 5383 1166 5437 aliam
1197 5384 1335 5438 dixit
1387 5401 1509 5442 esse
1569 5387 1962 5443 dill‘erentiam.

385 5466 541 5531 Quod
573 5471 719 5525 enim
746 5471 1067 5529 immediate
1098 5492 1162 5529 ex
1203 5477 1381 5545 primo
1411 5488 1515 5543 est,
1561 5480 1818 5550 quodque
1866 5495 1962 5550 per

379 5560 624 5614 .nedimn
684 5575 753 5617 ex
803 5565 1002 5634 primo,
1061 5582 1351 5636 processus
1393 5571 1605 5627 ratione
1653 5570 1960 5628 ditlerunt:

455 5737 573 5809 (ιο)
613 5738 835 5812 Aliquid
871 5743 1086 5802 videtur
1117 5695 1328 5804 deesse.

2067 4528 2350 4582 Trinitatis
2389 4527 2675 4596 majestate
2706 4527 2967 4595 Spiritum
2999 4524 3292 4595 gloriﬁcari
3316 4564 3331 4588 ,
3360 4525 3405 4579 si
3437 4540 3543 4578 non
3573 4540 3636 4578 ex

2065 4621 2176 4675 Deo
2206 4633 2302 4688 per
2330 4618 2524 4672 Filium
2585 4620 2926 4688 procederet,
2983 4618 3076 4671 sed
3112 4631 3176 4670 ex
3214 4616 3324 4670 Deo
3356 4614 3530 4670 lactus
3585 4624 3640 4671 ct

2064 4687 2284 4767 creatus
2309 4719 2473 4774 esset,
2503 4719 2562 4762 ut
2588 4687 2838 4765 haeretici
2875 4709 3088 4764 dicunt.
3121 4726 3146 4768 )
3325 4687 3335 4697 ’

2135 4820 2368 4874 Sanctus
2392 4833 2610 4888 quoque
2637 4817 2891 4881 Basilius,
2927 4815 3163 4886 quodam
3223 4814 3490 4882 capitulo.
3532 4829 3636 4866 cu-

2053 4912 2146 4982 jus
2187 4911 2467 4988 inscriptio
2497 4919 2580 4965 est
2609 4928 2622 4964 :
2657 4910 2766 4965 Cur
2793 4920 2838 4963 et
2867 4907 3102 4979 Spiritus
3139 4905 3270 4959 Filii
3315 4921 3418 4956 non
3457 4901 3634 4956 Filius

2063 5012 2166 5068 est,
2199 5003 2275 5058 ait
2304 5019 2317 5056 :
2357 5000 2505 5056 «Non
2540 5001 2667 5069 quia
2697 5016 2801 5054 non
2829 5000 2900 5055 sit
2928 5015 2990 5054 ex
3021 4999 3130 5052 Deo
3161 5013 3257 5066 per
3289 4994 3506 5056 Filium,
3541 4994 3634 5047 scd

2063 5107 2130 5146 ne
2181 5091 2423 5147 Trinitas
2484 5090 2841 5146 existimetur
2933 5087 3225 5143 multitudo
3268 5084 3503 5146 inﬁnita,
3551 5099 3640 5149 ac,

2067 5183 2213 5236 sicut
2265 5182 2320 5235 in
2343 5181 2693 5236 ‘hominihus
2723 5182 3012 5250 contingit,
3044 5179 3188 5234 (ilius
3217 5195 3336 5234 eam
3392 5195 3458 5233 ex
3517 5180 3643 5234 liliis

2068 5276 2420 5331 arbitremur.
2468 5294 2486 5328 ι

2133 5392 2264 5447 Item
2295 5390 2401 5445 alio
2424 5391 2479 5444 in
2515 5391 2666 5451 loco.‘
2690 5391 2783 5460 qui
2820 5391 3146 5446 inscribitur
3177 5405 3191 5443 :
3221 5387 3345 5444 Nisi
3371 5388 3641 5458 quispiam

2069 5481 2335 5551 Spiritum
2361 5497 2426 5536 ea:
2481 5481 2591 5536 Deo
2621 5499 2730 5536 esse
2771 5483 2917 5546 dicit,
2991 5500 3052 5538 ne
3101 5481 3328 5536 Verbum
3379 5481 3639 5551 quidem:

2081 5594 2099 5626 ι
2146 5579 2416 5641 Quonam,
2453 5574 2654 5644 inquit,
2685 5586 2840 5643 pacto
2877 5585 3199 5646 separentur
3234 5571 3644 5644 inSt-parabilia,

2151 5751 2262 5822 (ll)
2301 5753 2544 5809 Gcnnad.
2594 5763 2727 5810 sect.
2760 5755 2813 5810 5.
2847 5711 2856 5718 Ἰ
