4046 6204
430 285 502 347 27
1546 348 1551 353 ,
1689 281 2087 345 MANUELIS
2126 279 2427 373 carpes
3435 256 3471 293 '
3596 276 3669 338 es

431 395 666 450 Verbum
699 391 910 448 scilicet
945 406 1013 447 ex
1062 392 1191 458 Deo,
1239 402 1292 448 et
1348 391 1587 463 Spiritus
1610 389 1615 395 ’
1637 409 1702 449 ex
1746 394 1856 467 Deo
1902 412 1996 467 per
2026 407 2067 458 Α
2100 413 2161 450 ex
2188 396 2364 466 primo
2394 392 2637 463 quidem,
2665 392 2758 446 sed
2798 405 2891 460 per
2925 390 3075 446 illum
3108 391 3286 461 ipsum
3320 404 3667 452 contmenter

428 485 651 540 Filium.
680 500 698 534 ι
1819 465 1868 497 ⁸⁵
1904 465 1915 467 ἡ
2102 465 2409 551 manantem
2458 483 2723 554 procedit.

496 574 793 639 Gregorius
815 581 1075 642 praeterea
1100 571 1410 641 Theologus
1435 573 1773 644 virginitatis
1809 575 1999 631 Iaudes

427 680 586 721 versu
610 664 832 719 heroico
858 664 1128 731 scribens,
1163 665 1240 718 ita
1273 664 1441 720 cauit.
1469 682 1485 720 :

501 775 744 846 Spiritus
770 787 967 830 (eterna
988 784 1170 829 manat
1194 777 1257 830 tle
1294 776 1494 830 lumine
1524 777 1700 832 lumen

502 845 607 898 Per
637 846 888 910 sobolem,
918 846 1272 914 unusquisque
1298 845 1468 899 tribus
1494 846 1741 913 splendor
1762 848 1994 903 deitatis.

503 930 741 990 Sanctus
784 935 946 988 etiam
992 933 1286 1001 Maximus,
1327 949 1454 990 cum
1505 946 1823 1004 exponeret,
1870 938 1999 1005 quid

429 1027 533 1081 sibi
583 1027 711 1080 velit
766 1027 906 1095 apud
960 1027 1281 1096 prophetam
1371 1025 1692 1087 Zachariam
1745 1029 1997 1083 candela-

430 1118 587 1171 brum
620 1130 870 1181 aureum,
918 1124 971 1170 et
1026 1131 1145 1187 quae
1186 1132 1348 1186 super
1380 1117 1474 1171 illo
1528 1127 1669 1182 erat,
1694 1117 1907 1186 lampas
1933 1133 2002 1173 ac

429 1208 689 1273 lucernae,
726 1210 803 1262 ait
828 1207 939 1277 (η)
968 1222 983 1260 :
1023 1226 1045 1261 ι
1078 1208 1315 1277 Spiritus
1340 1217 1563 1263 sanctus
1589 1209 1749 1263 sicuti
1779 1218 2001 1263 natura-

426 1296 549 1349 liter
580 1312 674 1365 per
702 1300 995 1352 essentiam
1053 1297 1145 1352 Dei
1191 1308 1247 1352 et
1313 1298 1492 1354 Patris
1541 1308 1645 1361 est,
1706 1300 1777 1353 ita
1836 1300 1997 1354 etiam

426 1386 566 1451 Filii,
602 1390 900 1442 secundum
944 1376 1268 1451 essentiam,
1300 1389 1465 1442 veluti
1498 1403 1565 1442 ex
1609 1390 1769 1444 Patre
1813 1404 2004 1445 essen-

429 1478 633 1531 tialiter
661 1490 755 1546 per
784 1478 984 1533 Filium
1010 1480 1250 1550 genitum
1274 1480 1627 1534 ineﬂ'abiliter
1664 1482 1942 1550 prodiens.
1976 1498 1996 1532 ι

498 1565 884 1641 Joannesitem
915 1570 1279 1624 DamaScenus
1308 1571 1418 1640 (15)
1460 1570 1513 1623 in
1557 1572 1719 1625 tertio
1779 1571 2000 1625 decimo

427 1655 600 1713 iusius
647 1657 940 1728 Theologiw
974 1660 1231 1729 capitulo,
1260 1662 1417 1730 cujus
1449 1662 1657 1715 initium
1697 1671 1779 1716 est
1814 1678 1830 1715 :
1864 1662 2002 1716 Deus

427 1747 959 1814 incomprehensibilis
974 1761 1071 1814 est,
1094 1752 1163 1805 ita
1189 1752 1255 1806 de
1271 1750 1433 1806 Patre
1454 1752 1531 1807 ait
1555 1769 1569 1808 :
1597 1771 1616 1805 ι
1642 1752 1760 1822 Ipse
1781 1755 1998 1835 qpidem

428 1849 512 1892 est
542 1853 700 1893 mens
733 1839 1173 1911 Verbi,ahy’ssus,
1198 1841 1361 1898 Verbi
1396 1843 1626 1913 genitor,
1650 1857 1713 1899 ac
1740 1860 1835 1913 per
1869 1846 2000 1900 Ver-

427 1930 556 1983 bum
615 1931 915 1998 splentltlici
970 1933 1203 2001 Spiritus
1250 1935 1567 2003 productor.
1613 1953 1632 1986 ι
1683 1935 1829 1991 Idem
1867 1977 1883 2002 ,
1944 1937 1999 1992 in

428 2020 621 2079 eodem
665 2035 681 2073 :
725 2039 742 2071 t
776 2019 1017 2089 Spiritus
1072 2024 1516 2094 sancti'paterna
1549 2026 1633 2081 vis
1660 2027 1995 2083 insinuativa

429 2114 617 2166 arcani
653 2112 907 2178 Deitatis,
931 2128 994 2168 ex
1030 2113 1190 2170 Patre
1223 2126 1306 2171 est
1331 2133 1425 2187 per
1449 2117 1646 2171 Filium
1682 2120 1993 2188 prodiens.»

424 2201 501 2255 Ita
533 2205 696 2271 igitttr
731 2204 1094 2273 plurimorum
1132 2209 1464 2263 testimoniis
1508 2209 1773 2264 docemur
1803 2249 1818 2272 ,
1873 2212 2000 2279 Spi-

427 2293 593 2347 ritum
624 2289 875 2349 sauctutn
913 2312 976 2351 ex
1005 2299 1169 2353 Patre
1197 2315 1289 2368 per
1312 2298 1510 2354 Filium
1531 2303 1864 2372 procedere;
1894 2305 1999 2359 hoc

424 2395 509 2440 cst
533 2400 598 2438 ex
635 2385 795 2440 Patre
826 2402 936 2441 non
967 2388 1088 2443 sine
1121 2390 1326 2446 medio.

497 2476 765 2541 Quoniam
803 2492 934 2545 ergo
959 2481 1261 2535 secundum
1318 2496 1615 2552 processus
1643 2484 1852 2540 variam
1908 2501 2000 2540 ra-

424 2568 656 2631 tionem,
692 2584 1054 2637 personarum
1078 2587 1299 2642 quoque
1340 2575 1578 2631 varietas
1637 2577 1996 2647 designatur;

425 2661 627 2728 quippe
654 2658 773 2714 Filii
811 2676 1106 2729 processus
1139 2658 1453 2719 immediate
1493 2664 1690 2720 Filium
1733 2668 1899 2722 tradit
1930 2684 1996 2723 ex

424 2747 587 2802 Patre
610 2748 936 2811 subsistere,
994 2758 1158 2821 atque
1206 2753 1519 2807 immediate
1562 2755 1863 2810 nativitatis
1914 2772 2002 2811 ra-

424 2838 571 2892 tione
594 2855 660 2892 ex
693 2839 811 2907 ipso
847 2840 1050 2894 habere
1098 2844 1499 2910 substantiam;
1535 2844 1776 2914 Spiritus
1811 2857 1995 2901 autem

424 2945 717 2998 processus
746 2947 843 3002 per
874 2932 1072 2987 Filium
1108 2935 1284 3004 ipsum
1324 2950 1448 2991 esse
1508 2936 1880 3001 commendat,
1929 2954 1997 2993 ex

2168 576 2433 631 Praeterea
2472 589 2699 645 magnus
2756 571 2993 627 Basilius
3034 573 3087 626 in
3124 590 3186 627 ea
3219 590 3381 645 quam
3418 576 3670 646 praedixi-

2102 684 2226 723 mus
2258 669 2321 722 ad
2362 666 2684 736 Gregorium
2720 662 2972 726 fratrem.
3020 665 3276 733 epistola,
3323 666 3667 724 manifestius

2100 760 2166 814 de
2201 761 2317 828 ipso
2348 761 2419 812 ita
2452 758 2737 826 loquitur:
2780 775 2798 807 t
2852 757 3114 823 Spiritus,
3171 757 3347 827 inquit
3396 760 3519 824 iste,
3569 761 3670 814 hoc

2102 850 2262 903 habet
2288 848 2543 902 indicium
2606 858 2661 901 et
2697 847 2908 913 signum
2960 836 3312 916 proprietatis
3341 866 3474 914 sum,
3524 852 3668 918 quod

2100 952 2222 1011 post
2254 939 2473 1001 Filium,
2504 949 2707 994 etcum
2738 936 2877 992 Filio
2909 939 3181 1002 nascitur,
3220 951 3381 1010 atque
3423 957 3487 995 ex
3511 942 3670 999 Patre

2100 1030 2369 1085 subsistit.
2417 1047 2437 1080 ι

2084 1173 2087 1176 .
2170 1120 2340 1187 Quem
2377 1119 2542 1190 igitur
2598 1118 2847 1187 plurimis
2881 1118 2937 1174 in
2983 1119 3119 1176 locis
3155 1120 3257 1176 SS.
3316 1120 3504 1179 Patres
3564 1130 3669 1177 ter-

2102 1212 2234 1267 tium
2299 1212 2542 1276 tradunt,
2602 1210 2656 1265 id
2705 1220 2810 1275 est,
2869 1226 2900 1265 a
2958 1209 3121 1267 Patre
3154 1212 3397 1278 tertium,
3439 1228 3468 1267 a
3530 1212 3668 1271 Filio

2100 1304 2422 1364 secundum.
2465 1304 2619 1370 juxta
2664 1301 3004 1369 perSnnalem
3069 1303 3360 1360 ordinem:
3400 1319 3524 1359 cum
3578 1304 3668 1358 hic

2102 1393 2205 1446 iste
2234 1399 2356 1459 post
2394 1390 2615 1449 Filium.
2649 1400 2702 1443 et
2732 1404 2895 1458 quem
2926 1403 2991 1443 ex
3023 1390 3199 1458 primo
3233 1392 3507 1460 Nyssenus
3536 1393 3670 1448 Gre-

2102 1482 2287 1551 gorius
2316 1496 2536 1534 manare
2570 1479 2727 1542 dixit.
2781 1480 2882 1533 iste
2913 1480 3193 1547 apertius:
3244 1495 3308 1533 ea:
3356 1477 3533 1546 Patre,
3569 1484 3663 1536 ait.

2102 1571 2370 1638 Quoniam
2420 1583 2550 1622 vero
2605 1584 2668 1623 ea
2722 1569 3012 1639 particula,
3046 1584 3154 1638 qua
3218 1570 3500 1643 dicimus.
3552 1586 3666 1638 per,

2105 1664 2310 1716 nullum
2389 1662 2500 1715 illic
2567 1661 2831 1728 temporis
2906 1661 3254 1715 intervallum
3325 1661 3665 1728 introducit,

2101 1757 2303 1826 quippe
2327 1753 2650 1822 temporales
2680 1751 2906 1807 morulas
2956 1753 3166 1807 nullum
3222 1752 3281 1805 in
3327 1764 3531 1807 eterna
3558 1754 3667 1808 vita

2100 1844 2573 1911 locum,habent,
2627 1840 2883 1911 quodque
2937 1842 3197 1911 temporis
3248 1843 3464 1897 ratione
3512 1843 3665 1911 prius

2100 1937 2321 1995 dicitur,
2343 1932 2469 1986 inde
2502 1932 2722 2000 penitus
2765 1932 3105 1986 eliminatum
3144 1941 3252 1995 εει,
3286 1932 3490 1985 idcirco
3520 1933 3667 2001 quod

2100 2040 2195 2094 per
2222 2024 2414 2077 Filium
2446 2023 2665 2084 dicitur.
2697 2022 2767 2076 ob
2808 2023 2857 2076 id
2897 2023 3001 2077 dici
3054 2030 3257 2092 potest,
3305 2023 3397 2091 qui
3427 2023 3587 2076 sintut
3615 2032 3672 2079 et

2099 2133 2221 2173 cum
2254 2115 2391 2170 Filio
2410 2124 2530 2181 est;
2572 2125 2750 2172 tamen
2785 2119 2855 2171 ob
2888 2131 3244 2185 personarum
3277 2116 3665 2173 discretionem

2097 2225 2162 2263 ex
2219 2223 2476 2279 processu
2519 2208 2636 2277 ipso
2711 2208 3113 2276 apparentium,
3182 2223 3339 2276 quem
3387 2210 3522 2263 satis
3575 2226 3667 2278 per
3726 2274 3733 2277 Ἰ

2099 2296 2362 2368 particula
2420 2296 2788 2361 commendat,
2840 2296 2968 2350 dum
3006 2311 3181 2367 neque
3213 2296 3375 2351 simul
3405 2298 3569 2362 tollit,
3614 2308 3667 2353 et

2101 2403 2459 2456 personarum
2500 2386 2747 2441 ordinem
2779 2401 2902 2441 cum
2936 2402 3194 2455 processu
3230 2388 3401 2442 sancti
3430 2389 3668 2457 Spiritus

2100 2479 2361 2542 insinuat,
2383 2478 2520 2533 alias
2542 2478 2771 2532 indicari
2798 2477 3013 2532 dillicile
3032 2478 3324 2544 valentem,
3345 2494 3373 2531 a
3398 2479 3668 2549 theologia

2099 2569 2538 2624 commodissime
2580 2582 2643 2622 ea
2672 2568 2936 2636 particula
2967 2580 3252 2638 assumpta
3280 2578 3383 2623 est.

2170 2662 2354 2732 Itaque
2387 2663 2530 2730 quod
2570 2658 2849 2732 Nysscnus
2880 2661 3061 2729 ipsum
3104 2661 3179 2714 ait
3230 2676 3295 2714 ex
3337 2661 3515 2730 primo
3548 2640 3670 2715 esse

2101 2770 2195 2824 per
2222 2769 2344 2807 cum
2379 2753 2470 2821 qui
2500 2752 2844 2805 continenter
2876 2760 3119 2804 manaret
3148 2766 3212 2804 ex
3242 2751 3418 2820 primo
3441 2790 3457 2815 ,
3491 2752 3592 2805 hoc
3617 2760 3671 2805 et

2101 2859 2328 2915 magnus
2383 2842 2618 2897 Basilius
2667 2843 2855 2895 itidem
2907 2840 3153 2908 fatetur;
3221 2841 3350 2912 quia
3400 2842 3548 2896 enim
3601 2857 3673 2901 ex

2103 2924 2474 3003 Patre,'atque
2505 2943 2623 3003 post
2658 2933 2855 2987 Filium
2902 2943 3009 2999 est,
3069 2935 3230 2987 aliter
3283 2935 3357 2987 ita
3382 2948 3506 2988 esse
3560 2947 3670 2987 non
3714 2930 3719 2939 ’

425 3022 765 3076 Ρδῑιθσρηὶηι
813 3040 905 3092 per
936 3023 1133 3078 Filium
1169 3025 1466 3094 procedere
1513 3042 1678 3096 supra
1726 3039 1995 3083 monstra-

2104 3038 2319 3099 posset,
2342 3028 2443 3081 nisi
2468 3042 2534 3080 ex
2571 3026 2750 3096 primo
2776 3041 2869 3095 per
2906 3027 3151 3080 medium
3192 3026 3528 3094 procederet:
3577 3024 3670 3080 Sin

424 3121 544 3171 tum
593 3126 713 3184 est;
769 3133 1058 3187 processus
1096 3129 1275 3197 autem
1313 3121 1632 3175 vocabulum
1670 3123 1842 3176 sancti
1876 3122 1998 3192 Spi-

430 3208 571 3262 ritus
597 3223 843 3276 persona:
871 3212 1152 3280 proprium
1186 3220 1289 3274 est,
1322 3212 1463 3266 sicut
1496 3213 1659 3266 etiam
1688 3212 2001 3269 Nativitatis

423 3299 707 3367 prepriutn
747 3294 869 3355 Filii
914 3301 1083 3369 (gigni
1114 3301 1275 3355 enim
1330 3316 1396 3357 ac
1447 3303 1765 3372 procedere,
1807 3303 1999 3359 ambo-

430 3404 553 3443 rum
592 3405 854 3458 personas
888 3391 1177 3461 insinuat),
1208 3400 1422 3447 constat
1452 3394 1718 3463 Spiritttm
1742 3403 1997 3449 sanctum

425 3493 496 3533 ex
527 3480 689 3535 Patre
727 3496 823 3549 per
848 3480 1047 3535 Filium
1080 3483 1283 3538 habere
1332 3486 1718 3541 substantiam.
1749 3486 1818 3540 Et
1865 3487 1999 3541 illud

430 3573 596 3625 simul
621 3582 856 3636 constat,
887 3575 1033 3643 quod
1063 3584 1116 3629 et
1163 3576 1498 3641 immediate,
1548 3588 1604 3632 et
1656 3567 1910 3644 mediate,
1947 3589 2002 3633 et

428 3664 791 3728 coittincnter,
850 3674 905 3719 t-t
960 3681 1058 3735 per
1097 3681 1220 3720 eum
1260 3669 1353 3736 qui
1397 3669 1746 3723 continenter
1790 3678 1897 3733 est,
1934 3685 1999 3723 ex

427 3752 589 3808 Patre
619 3771 762 3819 esse,
794 3754 1110 3811 diﬂ‘erentes
1137 3756 1449 3812 divinarum
1495 3773 1851 3827 personarum
1879 3772 2003 3827 pro-

360 3852 367 3859 ‘
429 3860 618 3900 t-essus
652 3845 916 3915 insinuat,
944 3848 1226 3916 nascique,
1249 3863 1312 3901 ac
1344 3863 1437 3916 per
1466 3847 1662 3902 Filium
1680 3845 1999 3916 procedere,

429 3936 813 3995 substantialia
847 3937 968 3990 Filii
1002 3953 1066 3992 ac
1100 3938 1334 4006 Spiritus
1366 3952 1489 3990 cum
1537 3937 1667 4000 sint,
1734 3949 1997 4004 persona-

430 4046 550 4085 rum
584 4032 842 4100 ipsarum,
886 4030 1005 4085 Filii
1044 4030 1251 4086 scilicet
1310 4045 1375 4084 ac
1418 4028 1655 4098 Spiritus
1694 4029 1996 4097 proprieta-

432 4132 517 4178 tes
563 4133 710 4188 sunt,
776 4123 975 4192 quibus
1005 4123 1073 4178 ad
1128 4122 1390 4188 invicem,
1438 4133 1602 4188 atque
1664 4121 1733 4175 ad
1785 4119 1998 4175 Patrem

432 4217 845 4269 discernuntur.
896 4194 1427 4284 Quocircagenilus
1480 4212 1643 4277 alius,
1699 4211 2006 4281 procedens

434 4307 574 4359 alius
598 4304 937 4375 appellatur;
992 4304 1135 4359 sicut
1191 4305 1377 4359 etiam.
1415 4304 1651 4373 quisque
1680 4319 1746 4358 ex
1776 4305 2030 4359 substan—

2102 3129 2283 3175 autem
2314 3137 2383 3175 ex
2423 3118 2586 3173 Patre
2642 3134 2740 3187 per
2802 3115 3000 3171 Filium
3027 3118 3297 3185 procedit.
3332 3119 3500 3185 liquet
3550 3132 3673 3185 pro-

2102 3212 2261 3277 fecto,
2307 3227 2432 3266 cum
2483 3209 2757 3279 personali
2815 3207 2955 3262 serie
3023 3207 3241 3261 tertium
3277 3222 3306 3260 a
3344 3208 3504 3261 Patre
3526 3221 3672 3263 esse.

2103 3302 2156 3357 Id
2179 3310 2359 3356 autem
2392 3312 2473 3356 est
2502 3308 2771 3367 essepost
2805 3296 3027 3360 Filium,
3053 3304 3110 3349 ut
3139 3298 3331 3352 doctor
3363 3298 3563 3367 inquit.

2174 3392 2287 3447 IIoc
2320 3393 2497 3462 ipsum
2531 3389 2809 3462 Nyssenus
2840 3387 2982 3442 idem
3023 3387 3265 3443 lucidius
3313 3387 3590 3457 expressit
3617 3388 3675 3443 in

2104 3483 2345 3549 tQutzst.
2382 3488 2633 3536 adversus
2670 3480 2990 3534 Eunomium
3029 3479 3168 3534 libro
3204 3496 3217 3532 :
3257 3497 3275 3530 t
3307 3477 3566 3548 Spiritus.
3594 3480 3677 3532 in-

2102 3570 2321 3639 quiens,
2352 3566 2524 3632 Patri,
2556 3584 2619 3622 ex
2671 3582 2738 3621 eo
2776 3567 2921 3644 quod
2961 3567 3238 3622 increatus
3269 3575 3377 3631 est,
3404 3566 3676 3636 jungitur,

2104 3673 2268 3731 atque
2328 3662 2397 3715 ab
2453 3676 2520 3725 eo
2566 3674 2778 3722 rursus.
2805 3660 2931 3729 quia
2963 3657 3147 3722 Pater,
3180 3667 3239 3710 ut
3277 3657 3388 3721 ille,
3425 3673 3527 3712 non
3569 3665 3678 3719 est,

2104 3755 2440 3820 disparatur,
2492 3749 2887 3817 conjunctione
2919 3762 3073 3808 vero,
3107 3761 3229 3816 qua:
3278 3747 3350 3800 illi
3383 3762 3504 3802 cum
3540 3746 3681 3802 Filio

2085 3844 2321 3895 natione
2353 3841 2583 3894 increati
2614 3851 2741 3905 est;
2789 3848 2951 3907 atque
2977 3854 3045 3893 ex
3077 3854 3143 3893 eo
3174 3838 3319 3905 quod
3357 3839 3681 3895 substantiae

2108 3949 2323 3988 causam
2381 3947 2544 3985 unam
2577 3948 2642 3986 ex
2684 3933 2802 3999 ilco
2847 3930 3091 3985 omnium
3142 3931 3325 3997 habet,
3365 3946 3426 3985 ea
3460 3946 3679 3985 rursum

2105 4004 2437 4094 proprietate
2476 4022 2852 4090 distinguitur,
2886 4022 3032 4093 quod
3072 4038 3250 4090 neque
3284 4024 3444 4103 uniCe
3477 4037 3542 4077 ex
3580 4021 3682 4074 Pa-

2107 4129 2189 4173 tre
2221 4116 2490 4180 subsistit,
2529 4124 2584 4170 et
2640 4112 2785 4183 quod
2819 4128 2913 4182 per
2972 4113 3147 4181 ipsum
3200 4111 3399 4175 Filium
3459 4112 3677 4182 prodiit.

2109 4208 2319 4261 Rursus
2349 4206 2535 4270 etiam,
2567 4220 2690 4259 cum
2726 4219 2820 4271 per
2852 4201 3203 4269 Unigenitum
3259 4215 3509 4259 creatut-a
3555 4204 3682 4259 sub-

2112 4300 2289 4355 sistat.
2309 4312 2374 4349 ne
2396 4310 2685 4349 commune
2710 4293 2917 4363 aliquid
2942 4294 3007 4348 ad
3040 4296 3177 4349 hanc
3201 4293 3438 4361 Spiritus
3459 4304 3680 4351 sanctus

432 4397 551 4452 tiali
592 4401 824 4451 termino
855 4396 941 4451 sui
969 4411 1089 4452 esse
1134 4397 1470 4475 nominatur,
1509 4406 1672 4462 atque
1702 4396 1802 4449 hoc
1840 4396 2009 4464 ipsoa
2046 4385 2085 4435 0
2117 4391 2309 4444 habere
2345 4394 2584 4455 putetur,
2621 4385 2746 4454 quia
2798 4396 2848 4439 et
2905 4385 3021 4454 ipse
3085 4401 3184 4454 per
3226 4383 3422 4467 Filium
3457 4387 3676 4454 prodiit,

435 4492 658 4561 reliquis
693 4491 1065 4557 distinguitur.
1119 4489 1328 4558 Quippe
1379 4488 1540 4542 unice
1583 4482 1651 4542 ἐκ
1694 4486 1856 4542 Patre
1884 4502 2010 4555 pro-

432 4580 610 4651 gredi,
668 4582 943 4650 propriam
996 4578 1120 4634 Filii
1177 4576 1508 4647 agnitionem
1570 4591 1715 4641 esse,
1771 4576 1842 4629 Ba
1868 4575 2009 4630 .ilius

432 4673 634 4727 astruit
668 4688 682 4725 :
718 4681 884 4741 atque
933 4670 1039 4724 hoc
1064 4685 1093 4723 a
1125 4668 1283 4722 Patre
1318 4666 1560 4723 discerni
1603 4677 1659 4722 et
1704 4682 1735 4720 a
1778 4666 2006 4736 Spiritu,

435 4779 557 4818 t-utn
598 4763 809 4819 scilicet
835 4777 930 4831 per
966 4762 1107 4815 hanc
1138 4760 1520 4830 proprietatem
1550 4762 1747 4825 suam,
1799 4756 2007 4810 nullam

433 4857 503 4910 ad
544 4857 760 4911 Patrem
829 4864 995 4924 atque
1032 4854 1099 4908 ad
1147 4860 1399 4907 sanctum
1457 4850 1720 4921 Spiritum
1764 4864 2012 4905 commu-

437 4952 656 5003 nionem
691 4947 923 5012 habeat,
952 4953 1006 4999 et
1039 4959 1161 5014 quae
1211 4944 1266 4998 in
1302 4945 1445 4999 hanc
1488 4942 1815 4999 sententiain
1862 4955 2007 5009 prae-

443 5038 584 5091 dicta
620 5046 767 5091 sunt.
808 5034 1047 5103 Spiritus
1078 5045 1257 5087 autem
1294 5048 1324 5104 a
1364 5033 1521 5087 Patre
1556 5030 1798 5100 quidem,
1838 5027 2005 5083 veluti

443 5144 471 5182 a
508 5145 670 5182 causa
704 5127 918 5181 causale
973 5125 1358 5195 distinguitur;
1436 5138 1464 5175 a
1494 5119 1632 5173 Filio
1660 5128 1867 5178 autem.
1914 5132 2010 5187 per

441 5235 664 5274 causam
717 5235 880 5288 quam
919 5218 1147 5273 habeta
1203 5216 1390 5278 Patre,
1428 5227 1525 5283 per
1584 5212 1757 5281 ipsum
1817 5223 2013 5279 ptoce-

444 5310 623 5375 deus:
666 5312 766 5365 hac
795 5311 1007 5367 scilicet
1035 5322 1324 5375 processus
1351 5303 1675 5366 ditl‘erentia,
1710 5301 1854 5372 quod
1918 5301 2008 5354 ille

445 5400 756 5457 immediate
790 5409 957 5469 atque
1007 5397 1352 5453 continenter
1378 5411 1443 5450 ex
1475 5393 1673 5466 primo,
1708 5392 1796 5448 hic
1826 5400 2007 5447 autem

514 5601 626 5671 (l2)
664 5596 1195 5671 Citat_Bcllartninus
1224 5596 1321 5671 lib.
1357 5611 1393 5651 ll
1430 5594 1503 5650 De
1552 5592 1785 5663 Christo,
1823 5608 1873 5651 c.
1920 5592 2014 5662 ‘25,

431 5667 543 5729 sub
574 5667 771 5738 linem;
801 5667 1050 5735 Gennad.
1083 5679 1217 5724 sect.
1243 5668 1303 5722 ὕ.

2112 4484 2201 4535 illa
2249 4478 2430 4535 stabili
2481 4487 2646 4546 atque
2706 4476 3140 4530 inconimutabili
3196 4464 3406 4531 ratione
3444 4477 3685 4546 Spiritus

2111 4580 2333 4625 sanctus
2388 4583 2419 4621 a
2485 4576 2732 4620 creatura
2787 4565 3132 4620 discernitur.
3174 4583 3193 4617 ι
3255 4566 3311 4618 Si
3378 4565 3544 4637 igitur
3626 4565 3680 4620 id

2111 4662 2312 4723 solum,
2351 4658 2685 4728 quodunice
2731 4654 2900 4709 Filius
2945 4669 3007 4709 ex
3046 4655 3285 4725 ingenito
3316 4655 3522 4711 lumine
3574 4664 3678 4721 est,

2115 4750 2328 4821 propria
2355 4750 2498 4803 illius
2532 4749 2769 4816 cognitio
2794 4759 2900 4811 est,
2927 4763 3032 4817 qua
3064 4762 3093 4801 a
3136 4749 3296 4802 Patre
3330 4748 3682 4818 Spiritusque

2113 4842 2486 4911 distinguitur,
2522 4841 2571 4894 id
2600 4853 2778 4893 autem
2807 4851 2888 4894 cst
2929 4855 2993 4893 ex
3026 4840 3184 4893 Patre
3214 4842 3333 4895 sine
3367 4840 3476 4894 ullo
3499 4840 3703 4911 medio,

2110 4948 2253 4996 esse,
2283 4931 2519 4997 Spiritus
2569 4938 2747 4981 autem
2783 4938 3005 4982 sanctus
3036 4944 3064 4982 a
3098 4927 3233 4983 Filio
3266 4945 3328 4983 ea
3355 4929 3681 4999 pr0prietate

2111 5023 2464 5084 discernitur,
2524 5020 2668 5090 quod
2719 5034 2814 5089 per
2866 5018 3062 5074 Filium
3130 5023 3307 5089 ipsum
3371 5022 3444 5077 sit
3518 5030 3680 5091 atque

2113 5115 2377 5186 procedit,
2427 5123 2639 5168 constat
2689 5111 2934 5179 proiecto
2999 5112 3264 5180 Spit-itum
3321 5122 3571 5167 sanctum
3612 5128 3681 5166 ex

2110 5207 2269 5261 Patre
2288 5208 2406 5261 sine
2437 5204 2616 5258 medio
2644 5219 2748 5256 non
2789 5218 2933 5257 esse.
2957 5202 3013 5255 Id
3035 5203 3345 5272 quippe.est
3373 5218 3496 5265 esse
3519 5201 3682 5257 unice

2117 5317 2181 5353 cx
2216 5299 2371 5352 Patre
2394 5336 2409 5360 ,
2451 5295 2595 5365 quod
2629 5292 2749 5346 Filii
2782 5308 3032 5362 personre
3063 5294 3340 5363 proprium
3383 5300 3487 5347 est.
3529 5290 3681 5345 In'eo

2120 5392 2264 5447 enim
2320 5388 2465 5460 quod
2512 5400 2688 5456 neque
2732 5385 2891 5442 unice
2914 5400 2978 5437 ex
3006 5382 3187 5449 Patre,
3222 5384 3317 5439 sed
3351 5398 3447 5453 per
3477 5381 3679 5438 Filium

2193 5589 2304 5657 (ιδ)
2348 5587 2405 5641 In
2457 5587 2584 5642 etut.
2625 5584 2764 5640 nutu
2799 5592 2875 5638 est
2908 5599 2961 5657 ς.
2996 5528 3194 5653 15,ιίι
3236 5580 3389 5636 Fidei
3419 5582 3675 5647 orthod.;

2113 5653 2242 5715 citat
2279 5659 2441 5712 ctiam
2471 5658 2714 5713 Gennad.
2748 5662 2880 5710 sect.
2906 5653 2963 5708 ’5.
