4046 6204
326 304 401 369 29
1104 352 1107 357 η
1454 326 1863 391 anvsasus
1902 328 2217 392 animos
2240 334 2390 396 LIB.
2438 333 2489 396 I.
2712 311 2734 330 '
3518 339 3588 401 30

326 423 745 533 sit;propriam.
780 424 1015 496 Spiritus
1049 430 1379 533 agnitionem
1442 441 1632 493 doctor
1662 457 1784 495 esse
1814 439 1911 495 ait.
1944 449 1989 500 A
2017 446 2195 533 med'g
2226 454 2282 502 et
2312 449 2657 504 continenter
2698 462 2765 505 ex
2823 448 3001 516 primo
3026 457 3131 504 est.
3186 447 3268 511 Et.
3317 464 3438 514 quae
3491 468 3587 519 ge-

402 510 604 568 Verum
649 517 781 584 quia
830 528 1145 589 utrumque,
1203 532 1258 578 et
1306 524 1542 595 Spiritus
1593 532 1823 596 scilicet,
1857 540 1912 585 et

329 614 610 667 creatura,
641 622 763 662 esse
806 625 904 677 per
935 610 1134 665 Filium
1184 615 1405 683 dicitur,
1437 622 1712 688 quomodo
1758 623 1914 677 intel-

332 695 611 763 ligendum
636 699 727 755 sit.
748 700 979 769 adjecto
1011 703 1287 758 differenti
1349 723 1706 784 processuum
1746 715 1910 767 modo

333 786 605 840 deﬁnivit.
659 788 925 843 Sanctum
964 798 1107 846 enim
1174 795 1437 863 Spiritntn
1481 802 1615 856 ‘sine
1673 812 1911 873 tempore

331 878 585 930 stabilem
645 887 811 950 atque
844 881 1377 951 incommutabilem,
1424 891 1552 959 quia
1587 907 1681 960 per
1711 892 1907 948 Filium

325 968 678 1032 naturaliter,
731 982 785 1025 et
840 974 1254 1040 essentialiter,
1316 994 1371 1033 et
1424 980 1577 1049 juxta
1634 983 1905 1055 insignem

326 1059 726 1128 Athanasium,
763 1079 827 1116 ex
871 1064 983 1120 Deo
1017 1070 1388 1136 procedendo,
1421 1075 1909 1134 consubstantialis

324 1159 414 1202 est
442 1146 590 1203 Patri
638 1166 705 1206 ac
755 1153 918 1220 Filio,
974 1169 1354 1228 creatura'que
1394 1164 1601 1231 pariter
1655 1169 1909 1222 conditor

324 1251 455 1292 cum
493 1238 653 1294 Patre
681 1258 746 1295 ac
776 1242 934 1309 Filio,
966 1258 1154 1315 utpote
1187 1267 1333 1307 unus
1374 1263 1615 1318 creator,
1650 1266 1903 1310 creatura

323 1345 461 1386 vero
512 1336 846 1401 temporalis,
926 1341 1335 1398 commutabilis
1402 1354 1567 1415 atque
1626 1350 1907 1405 vat-labilis

323 1430 416 1474 est
444 1437 461 1485 ;
493 1437 590 1490 per
617 1423 813 1479 Filium
854 1429 999 1481 enim
1041 1431 1276 1487 tictionis
1317 1430 1757 1506 conditionisque
1816 1457 1906 1494 ra-

325 1511 776 1581 tione'producta
816 1530 918 1581 est,
953 1519 1272 1591 longissime
1305 1540 1335 1578 a
1362 1527 1672 1584 substantia
1701 1530 1903 1597 Patris,

328 1613 389 1656 et
418 1603 542 1659 Filii
566 1616 620 1660 et
658 1611 835 1663 sancti
874 1609 1111 1680 Spiritus
1159 1626 1391 1670 remota.
1448 1635 1467 1668 ι
1500 1617 1568 1673 Ut
1613 1619 1781 1684 enim,
1826 1623 1906 1675 in-

329 1696 457 1765 quit
503 1696 886 1759 Dantascenns;
941 1713 1189 1758 creatura
1260 1708 1611 1774 postmodum
1677 1725 1783 1763 non
1834 1726 1897 1764 ex

323 1788 598 1841 creatoris
643 1791 952 1845 substantia
1006 1801 1092 1847 est
1152 1770 1318 1858 facta,
1391 1815 1410 1849 ι
1472 1799 1661 1852 nullus
1718 1800 1902 1869 itaque
1936 1770 1974 1824 Β

322 1888 512 1940 mente
573 1894 638 1934 ac
671 1883 883 1935 ratione
930 1885 1211 1950 praeditus,
1267 1903 1561 1943 commune
1588 1890 1795 1960 aliquid
1835 1893 1901 1946 ad

326 1971 473 2024 hanc
517 1972 724 2027 habere
772 1975 1130 2031 arbitrabitur
1183 1978 1445 2049 Spiritum
1495 1991 1796 2039 sanctum:
1837 2001 1901 2040 ex

314 2075 417 2126 eo,
448 2065 597 2132 quod
630 2067 847 2129 dicitur,
878 2067 1058 2137 ipsum
1091 2080 1254 2141 atque
1281 2083 1591 2128 creaturam
1633 2077 1904 2145 prodiisse

316 2172 428 2226 per
476 2157 672 2212 Filium
712 2160 861 2213 :nisi
917 2172 1178 2227 quantum
1226 2172 1409 2219 creata
1456 2167 1523 2221 ad
1577 2179 1901 2233 creatorem,

319 2259 381 2303 et
433 2247 577 2303 facta
622 2251 686 2305 ad
739 2253 1003 2308 factorem
1034 2258 1347 2311 communia
1378 2268 1552 2312 sunt:
1609 2278 1627 2312 ι
1700 2260 1899 2316 Stabili

319 2341 495 2406 enim,
521 2342 718 2412 inquit,
744 2353 908 2410 atque
965 2348 1393 2403 incommutabili
1427 2350 1637 2405 ratione
1666 2350 1903 2420 Spiritus

322 2451 353 2488 a
386 2444 638 2490 creatura
669 2437 1023 2491 discernitur.
1066 2456 1085 2489 ι
1128 2436 1286 2494 Nunc
1312 2450 1495 2495 autem
1522 2442 1898 2498 arbitraudum

323 2538 408 2582 est
436 2528 510 2593 id,
542 2530 688 2597 Quod
713 2529 940 2593 dicitur,
974 2531 1267 2598 prodiisse.
1295 2533 1380 2587 vel
1417 2549 1703 2601 manasse,
1746 2546 1903 2591 a'ter-

323 2637 453 2675 nam
474 2632 601 2674 ante
616 2620 799 2675 omnia
823 2624 1020 2675 saecula
1057 2625 1415 2679 substantiam
1455 2628 1626 2681 sancti
1661 2629 1901 2698 Spiritus

322 2720 437 2768 non
479 2712 811 2781 significare.
845 2712 1089 2767 Primum
1132 2716 1276 2769 enim
1323 2733 1448 2771 cum
1505 2719 1706 2775 docere
1745 2720 1904 2776 insti-

323 2813 525 2865 tueret.
567 2821 676 2875 quo
726 2815 890 2874 pacto
944 2806 1087 2860 Deus
1123 2806 1365 2864 Trinitas
1397 2810 1449 2864 in
1496 2814 1677 2883 seipsa
1714 2828 1903 2882 perso-

319 2898 522 2953 naliter
550 2908 679 2952 ante
708 2899 909 2952 sazcula
953 2899 1407 2967 distingueretur,
1464 2919 1570 2957 non
1625 2905 1900 2973 quomodo

322 3003 384 3044 se
406 2990 635 3043 haberet
681 2990 748 3042 ad
778 3001 1108 3065 creaturanp
1144 2992 1248 3045 hoc
1280 2992 1442 3047 dixit.
1483 2995 1661 3061 Atque
1687 2997 1896 3057 utinam

2017 528 2300 600 nitaihaec
2363 539 2639 605 unigenita
2687 547 2791 594 est.
2829 538 3088 602 Rursum,
3139 528 3260 607 quae
3317 540 3583 607 procedit.

2011 629 2128 683 hate
2150 628 2385 698 Spiritus
2412 639 2516 695 est,
2574 638 2629 683 et
2651 645 2774 699 quin
2825 629 3082 691 mediate,
3116 630 3231 682 haec
3266 644 3373 683 non
3406 632 3588 684 conti-

2013 729 2245 787 uenter;
2276 737 2394 790 qtue
2422 732 2607 776 autent
2642 737 2746 776 non
2790 722 3160 784 continenter.
3203 722 3316 776 haec
3348 737 3457 774 non
3490 737 3581 789 ge-

2013 813 2150 877 nita,
2211 815 2305 870 sed
2359 815 2658 883 procedens
2681 824 2783 869 est.
2838 811 3008 868 Porro
3060 829 3181 882 quae
3243 829 3338 882 per
3373 813 3584 867 'Filinm

2011 906 2337 975 proceditex
2369 906 2555 969 Patre,
2589 920 2650 959 ea
2679 921 2787 961 non
2821 903 2994 959 Filius
3042 914 3150 961 est.
3191 903 3317 959 Haec
3346 921 3587 972 namque

2011 997 2323 1051 Nativitatis
2356 997 2602 1051 deﬁnitio
2629 1004 2732 1059 est,
2774 1011 2841 1050 ex
2898 995 3076 1062 primo
3108 995 3422 1049 immediate
3455 1012 3582 1064 pro-

2010 1088 2148 1151 dire,
2218 1086 2589 1157 processionis
2640 1094 2824 1142 autem
2857 1126 2874 1151 ,
2922 1101 2990 1141 ex
3024 1086 3214 1155 primo
3262 1101 3384 1155 per
3465 1100 3580 1141 nie-

2008 1178 2179 1232 dium.

2084 1270 2147 1323 Et
2174 1270 2434 1338 quoniam
2464 1270 2771 1323 divinarum
2813 1283 3174 1335 personarum
3213 1270 3582 1325 subsistentia:

2007 1368 2220 1414 aeternae
2264 1372 2427 1430 atque
2463 1359 2832 1413 immutabiles
2857 1369 2988 1414 sunt
3011 1375 3263 1428 ;semper
3284 1360 3431 1413 enim
3463 1368 3584 1414 erat

2007 1452 2248 1505 Trinitas
2281 1452 2422 1506 Deus
2455 1450 2635 1514 Pater,
2676 1459 2732 1506 et
2759 1449 2947 1513 Filius.
2977 1461 3031 1505 et
3064 1450 3304 1519 Spiritus
3335 1462 3581 1516 sanctus,

2005 1530 2351 1599 deﬁnitiones
2382 1545 2547 1598 etiam
2578 1545 2943 1613 personalium
2976 1545 3411 1599 substantiarum
3438 1531 3584 1616 [hyl

2007 1647 2295 1707 postaseon
2315 1637 2359 1707 ].
2388 1638 2521 1706 ipsa:
2545 1636 2936 1691 substantiales
2956 1633 3375 1709 [hypostaticat]
3395 1651 3582 1689 earnm

2006 1730 2367 1798 proprietates
2391 1743 2614 1797 prorsus
2637 1740 2854 1782 {eterna}
2909 1737 3073 1796 atque
3103 1728 3583 1782 incommutabiles

2006 1829 2155 1875 sunt.
2186 1821 2249 1874 Et
2278 1820 2409 1875 illud
2459 1819 2600 1873 idem
2635 1827 2870 1883 constat,
2899 1821 3054 1888 quia,
3085 1819 3129 1873 si
3158 1818 3425 1874 tollantur
3456 1833 3584 1888 pro-

2004 1911 2299 1974 cessiones,
2355 1910 2718 1979 proprietates
2756 1910 2922 1964 etiam
2992 1925 3057 1964 ac
3110 1925 3361 1979 persona:
3414 1909 3579 1963 simul

2003 2018 2124 2058 esse
2152 2002 2421 2055 desinent.
2457 1999 2613 2061 Nam,
2643 2000 2697 2053 si.
2717 2000 2973 2054 nascendi
3007 2000 3252 2067 quidem,
3277 2008 3370 2054 aut
3404 2000 3576 2066 geniti

2002 2109 2065 2148 ex
2100 2095 2277 2162 primo
2336 2107 2455 2147 esse
2497 2091 2702 2160 absque
2752 2090 2952 2156 medio,
3036 2091 3180 2144 ratio
3220 2106 3285 2145 ac
3340 2090 3623 2145 delinitio‘

2003 2195 2088 2242 est
2128 2202 2143 2238 :
2176 2183 2502 2254 procedendi
2531 2198 2681 2245 vero,
2713 2198 2809 2237 seu
2850 2182 3218 2251 procedentis,
3254 2198 3347 2250 per
3376 2182 3574 2236 Filium

2003 2292 2123 2332 esse
2157 2295 2171 2331 :
2199 2278 2423 2330 omnino
2450 2285 2628 2328 autem
2683 2290 2872 2328 verum
2906 2282 3009 2339 est,
3042 2274 3275 2328 sublatis
3301 2273 3582 2328 deﬁnitio-

2003 2371 2164 2423 nilvus
2193 2383 2375 2421 rerum
2406 2366 2608 2435 quibus
2640 2366 2747 2419 illae
2790 2365 3127 2425 subsistunt.
3158 2375 3212 2418 et
3266 2365 3387 2418 illas
3417 2364 3584 2418 simul

2004 2458 2232 2514 auferri.
2266 2456 2402 2512 Nam
2440 2458 2535 2528 qui
2557 2457 2841 2512 rationale
2877 2455 3083 2511 homini
3127 2454 3330 2520 tulerit,
3357 2470 3482 2511 esse
3508 2455 3584 2511 si-

2004 2550 2115 2604 mul
2147 2550 2418 2602 hominem
2450 2548 2699 2601 abstulit.
3417 2547 3421 2550 ’

2075 2639 2136 2695 Ει
2169 2641 2295 2694 hinc
2324 2639 2532 2708 liquido
2593 2648 2830 2702 constat,
2880 2640 3113 2696 sublatis
3146 2639 3312 2708 geniti
3350 2653 3415 2693 ac
3448 2652 3581 2706 pro-

2002 2733 2251 2790 cedentis
2275 2731 2605 2796 rationibus,
2638 2730 3272 2799 hujusmodi’ablatione,
3323 2730 3583 2784 nativita-
3642 2802 3653 2811 Χ

2001 2837 2109 2883 tem
2147 2840 2209 2879 ac
2246 2825 2651 2894 processionem
2698 2823 2838 2887 tolli,
2864 2824 3142 2892 simulque
3172 2823 3362 2883 etiam,
3393 2822 3579 2875 Trinio

2004 2922 2167 2969 tatem
2222 2912 2390 2966 Deum
2423 2926 2566 2968 esse.
2601 2910 2678 2965 Ex
2710 2912 2910 2981 quibus
2942 2911 3044 2965 hoc
3069 2909 3229 2964 etiam
3267 2909 3578 2969 conlicitur,

2002 3005 2179 3075 utqui
2220 3022 2282 3060 ex
2324 3005 2483 3058 Patre
2518 3004 2636 3059 solo
2670 3005 2969 3073 procedere
3017 3004 3283 3073 Spiritum
3329 3011 3579 3057 sanctum

319 3081 423 3144 sic,
456 3088 518 3133 ut
578 3079 686 3145 hic,
746 3080 891 3149 quod
939 3080 1138 3134 dicitur
1171 3084 1446 3151 prodiisse
1513 3086 1565 3138 in
1620 3098 1895 3151 creatura,

2001 3106 2299 3161 asseverat,
2366 3098 2680 3152 necessario
2730 3097 2881 3151 illum
2934 3113 3000 3151 ex
3067 3098 3230 3151 Patre
3283 3113 3406 3152 esse
3459 3097 3606 3151 sine

317 3172 737 3227 subsistentiam
801 3185 865 3224 ex
933 3169 1087 3236 Deo,
1147 3184 1521 3244 ετειιυτςεψιθ
1598 3179 1894 3249 essentiam

317 3271 511 3332 aperte
537 3262 810 3332 signiﬁcat
839 3279 856 3316 :
886 3264 959 3317 ita
990 3272 1044 3317 et
1077 3264 1130 3317 in
1157 3265 1369 3334 Spiritu
1403 3278 1618 3332 sancto,
1649 3285 1772 3324 cum
1818 3272 1898 3324 di-

316 3357 492 3419 citur,
554 3356 676 3427 ejus
710 3364 835 3410 ante
878 3356 1063 3410 omnia
1113 3358 1311 3412 saecula
1360 3374 1686 3428 processum
1743 3378 1897 3416 com-

315 3449 597 3503 mcndat:
634 3459 797 3519 atque
840 3462 908 3503 eo
954 3449 1153 3516 magis,
1201 3465 1311 3520 quo
1339 3453 1500 3505 etiam
1558 3460 1764 3507 aeterne
1801 3467 1899 3520 per

232 3540 241 3544 ’
311 3538 535 3595 Filium
576 3547 629 3591 et
653 3554 787 3600 esse.
823 3536 876 3593 et
912 3540 1155 3608 prodire,
1190 3556 1254 3594 ac
1291 3544 1586 3610 procedere
1617 3559 1646 3596 a
1686 3545 1896 3600 theolo-

260 3649 271 3653 λ
308 3610 724 3704 gisasseritur.
746 3630 946 3685 Deinde
984 3632 1274 3701 magistros
1307 3633 1435 3687 item
1467 3634 1657 3687 audire
1691 3636 1772 3695 l'as
1790 3647 1896 3702 est,

309 3736 377 3777 ut
411 3724 541 3787 hor,
575 3721 729 3790 quod,
751 3723 972 3787 dicitur,
1026 3724 1296 3792 prodisse,
1330 3734 1568 3782 aeternos
1604 3743 1904 3797 processus.

309 3812 439 3868 l-‘ilii
492 3811 843 3882 Spiritnsque
871 3813 1246 3881 commendat,
1279 3815 1426 3885 quod
1452 3816 1506 3870 in
1537 3820 1893 3893 sequentibus
1938 3804 1948 3817 ’

306 3898 662 3967 probabitur.

385 3990 684 4061 Gregorius
719 3989 1065 4061 Theologus,
1124 3993 1182 4048 in
1237 4009 1494 4050 sermone
1554 3997 1631 4052 De
1677 3998 1889 4069 Spiritu
1930 4012 1931 4017 ‘

305 4091 499 4136 saucio
527 4083 640 4150 (Μ)
692 4084 775 4135 sic
807 4082 884 4137 ait
912 4099 928 4136 :
973 4101 991 4134 ι
1027 4084 1433 4150 Emanationis,
1461 4088 1791 4158 habitusque
1823 4092 1889 4145 ad

307 4173 545 4227 invicem
575 4172 905 4237 diﬂ'erentia,
955 4176 1338 4242 appellationis
1384 4194 1607 4248 quoque
1668 4183 1888 4235 illorum

306 4264 681 4317 diﬂ’erentiam
715 4263 867 4318 fecit.
909 4283 927 4316 ι
965 4266 1061 4319 llic
1089 4270 1499 4324 emanationem
1543 4271 1685 4326 idem
1730 4274 1891 4328 iutcl-

305 4358 402 4425 ligi
439 4357 827 4441 voluittquod
879 4372 1219 4425 processum.
1263 4359 1655 4419 Processiones
1709 4376 1886 4420 autem

307 4444 627 4500 didere-mes
650 4434 791 4499 sunt
852 4446 1110 4501 nativitas
1162 4458 1329 4518 atque
1381 4466 1691 4517 processus.
1724 4422 1964 4513 Recte,D

308 4553 446 4607 ergo
471 4538 682 4591 dictum
714 4548 799 4591 est
831 4534 1150 4594 diﬂ’erentes
1203 4542 1585 4610 processioncs
1620 4559 1885 4612 persona-

308 4642 432 4681 rum
459 4628 515 4680 id
550 4626 814 4687 eﬂ‘ecisse,
835 4637 896 4679 ut
938 4627 1082 4680 aliud
1108 4630 1381 4696 genitum,
1404 4632 1553 4685 aliud
1585 4636 1887 4701 procedens

304 4727 361 4771 ιιι
386 4719 481 4777 sit.
520 4728 577 4770 et
626 4718 864 4771 dicatur.
903 4717 1098 4788 Liquet
1127 4721 1293 4789 igitur
1326 4737 1387 4775 ex
1424 4723 1509 4777 his
1556 4739 1680 4794 qua:
1739 4724 1884 4780 dicta

305 4815 460 4870 sunt,
494 4807 638 4860 idem
669 4822 814 4869 esse,
846 4822 971 4862 cum
1015 4811 1248 4865 dicimus
1295 4810 1497 4866 Filium
1527 4828 1652 4869 esse
1683 4824 1736 4870 et
1764 4815 1891 4869 uni-

304 4898 578 4969 genitum,
608 4908 663 4952 et
691 4898 811 4952 sine
834 4900 947 4954 ullo
970 4902 1151 4955 medio
1197 4916 1262 4956 ex
1305 4902 1488 4971 Patre,
1534 4906 1886 4978 genitumque

302 5005 450 5054 esse,
492 5004 590 5044 seu
643 5004 935 5059 personam
993 5008 1060 5046 ex
1096 5008 1328 5062 persona
1377 4998 1570 5067 gigni;
1626 4982 1886 5071 idemque

303 5094 450 5143 esse,
482 5095 608 5133 cum
640 5081 900 5145 dicimus,
931 5080 1199 5151 Spiritum
1258 5102 1402 5145 esse.
1456 5099 1511 5144 et
1539 5093 1839 5158 procedere
1871 5110 1885 5147 :

303 5180 468 5240 atque
495 5187 563 5226 ex
594 5175 776 5242 primo
812 5190 908 5243 per
941 5178 1179 5232 medium
1222 5195 1345 5235 esse
1383 5194 1437 5236 et
1488 5198 1553 5237 ex
1583 5182 1742 5239 Patre
1793 5201 1888 5255 per

302 5262 505 5319 Filium
544 5265 843 5334 procedere
876 5285 892 5322 :
927 5284 1100 5338 neque
1131 5271 1253 5325 sine
1285 5274 1484 5341 medio,
1521 5291 1698 5347 neqne
1729 5278 1888 5332 unice

298 5371 449 5419 essC,
479 5373 652 5427 neque
684 5359 1034 5416 continenter
1062 5379 1126 5416 ex
1160 5364 1364 5432 primo.
1417 5365 1542 5420 llzec
1576 5368 1723 5421 enim
1753 5384 1886 5421 con-

298 5458 387 5500 tra
437 5449 690 5504 eumdem
742 5451 890 5505 dirta
934 5464 1357 5508 convertuntur.
1405 5455 1537 5522 Quae
1582 5458 1728 5511 enim
1764 5448 1886 5528 per-

293 5549 437 5591 sana
496 5537 554 5591 in
616 5549 809 5597 sancta
862 5539 1128 5599 Trinitate
1205 5544 1377 5603 Filius
1432 5532 1557 5613 est,
1602 5550 1716 5607 haec
1767 5552 1885 5609 sine

366 5712 489 5784 (tt)
532 5712 629 5770 Est
660 5688 835 5773 oratio
869 5718 902 5771 ε
933 5719 996 5773 de
1032 5718 1337 5793 Tltcologia.

1326 5983 1353 6013 Ι

2002 3189 2180 3243 medio
2235 3187 2581 3269 conﬁteatur.
2614 3189 2787 3243 Porro
2864 3189 3176 3258 huiusmodi
3231 3188 3583 3243 confessione

2000 3281 2389 3350 proprietatem
2414 3280 2742 3335 substantiae
2779 3280 2949 3339 illius.
2983 3294 3047 3334 ac
3090 3294 3383 3348 personam
3424 3279 3577 3332 illum
3658 3311 3666 3319 σ

1998 3385 2120 3431 esse
2180 3369 2238 3423 in
2298 3379 2487 3423 sancta
2546 3367 2819 3423 Trinitate
2867 3384 2975 3425 una
3031 3369 3206 3423 tollet.
3243 3368 3420 3437 Atque
3453 3368 3581 3422 hinc

1960 3462 1971 3469 ‘
2000 3476 2177 3530 neque
2211 3461 2432 3514 tertium
2462 3476 2491 3513 a
2534 3459 2696 3516 Patre
2746 3460 3049 3515 seettndum
3080 3474 3228 3514 sanat
3255 3458 3375 3513 tidei
3414 3459 3582 3513 ratio-

1998 3565 2122 3604 nem
2173 3564 2239 3603 ac
2264 3549 2609 3603 traditionem
2652 3547 2756 3602 SS.
2805 3549 3030 3603 Patrum
3078 3548 3444 3604 contitebitur.
3498 3546 3581 3601 Ita

2001 3642 2134 3697 nihil
2169 3640 2479 3711 prohibebit
2510 3642 2677 3694 etiam
2710 3640 2909 3695 Filium
2965 3655 3088 3694 esse
3116 3640 3579 3706 contiteri’Spiri~
3612 3663 3629 3681 ι

1997 3740 2114 3785 tum
2146 3738 2425 3793 sanctum.
2450 3729 2570 3785 sine
2623 3730 2804 3785 medio
2829 3745 2896 3784 ex
2942 3729 3103 3783 Patre
3165 3727 3575 3797 procedentem.

1996 3821 2116 3876 Filii
2177 3821 2380 3892 quippe
2433 3820 2725 3891 appellatio
2804 3820 3107 3876 secundum
3177 3819 3461 3886 theologos
3525 3820 3577 3871 ei

1992 3914 2213 3983 proprie
2251 3914 2524 3984 congruit,
2561 3913 2653 3981 qui
2683 3911 2804 3971 sine
2837 3916 3016 3968 medio
3055 3928 3120 3968 ex
3157 3911 3318 3969 Patre
3361 3921 3469 3964 est.
3494 3910 3575 3964 Ex

1995 4019 2107 4074 quo
2136 4004 2409 4075 sequitur,
2443 4011 2503 4057 ut
2549 4003 2697 4073 quod
2732 4002 2886 4058 illinc
2915 4004 3034 4059 sine
3065 4003 3247 4057 medio
3277 4011 3382 4065 est,
3405 4000 3577 4055 Fil'us

1994 4096 2086 4148 sit.
2115 4094 2512 4164 Proprietatem
2547 4095 2694 4149 enim
2719 4091 2845 4148 Filii
2915 4109 3033 4148 eam
3066 4109 3185 4150 esse
3210 4093 3580 4163 deprehendi-

1994 4202 2139 4251 mus,
2168 4202 2232 4241 ex
2268 4186 2431 4240 Patre
2455 4200 2578 4241 esse
2608 4187 2730 4240 sine
2789 4187 2990 4249 medio,
3027 4186 3175 4256 quod
3227 4201 3357 4241 eum
3408 4185 3575 4240 etiam

1994 4279 2232 4345 genitum
2284 4276 2468 4330 facit:
2520 4276 2709 4341 sicque
2764 4279 3136 4344 personabunt
3173 4280 3574 4345 proprietatum

1993 4366 2242 4421 conlusio
2266 4369 2370 4419 erit
2393 4376 2481 4429 ,et
2515 4374 2611 4420 aut
2643 4368 2752 4421 duo
2783 4367 2910 4420 Filii
2942 4368 3006 4421 ex
3032 4367 3196 4421 Patre
3229 4375 3392 4441 erunt
3414 4367 3578 4419 ambo

1992 4458 2110 4511 sine
2140 4455 2341 4519 medio,
2373 4465 2538 4525 atque
2568 4456 2694 4510 ideo
2729 4468 2921 4511 neuter
2979 4458 3378 4526 primogenitus
3421 4494 3438 4519 ,
3481 4466 3591 4513 aut.

1993 4548 2101 4601 duo
2144 4545 2380 4616 Spiritus
2409 4549 2603 4600 sancti.
2658 4547 2791 4613 Quae
2834 4549 2981 4601 enim
3038 4559 3231 4615 urgeat
3278 4548 3578 4601 necessitas

1993 4634 2047 4691 et
2084 4635 2420 4699 distributio,
2471 4638 2515 4691 si
2571 4638 2681 4691 siut
2706 4638 2869 4692 ambo
2921 4655 2983 4692 ex
3026 4639 3188 4690 Patre
3219 4636 3338 4691 sine
3370 4637 3575 4697 medio,

1995 4728 2157 4782 aliam
2193 4743 2487 4798 personam
2522 4745 2644 4786 esse
2674 4715 2897 4796 Filium,
2930 4731 3093 4784 aliam
3135 4730 3403 4799 Spiritum
3451 4746 3576 4784 san.

1996 4830 2168 4882 ctum,
2203 4834 2267 4875 ac
2289 4835 2398 4874 non
2433 4821 2612 4889 potius
2644 4822 2724 4875 vel
2760 4823 2901 4876 duos
2932 4821 3072 4877 ﬁlios
3124 4837 3247 4879 esse
3283 4823 3336 4877 in
3385 4831 3572 4876 sancta

1993 4912 2258 4966 Trioitate
2276 4954 2290 4975 ,
2319 4912 2403 4966 vel
2427 4914 2565 4966 duos
2595 4912 2858 4981 spiritus?

2064 5003 2333 5058 Praeterea
2368 5019 2545 5072 neque
2600 5004 2820 5058 habitus
2867 5002 3205 5076 [habitudo]
3257 5004 3402 5058 ullus
3454 5002 3575 5057 Filii

1993 5111 2057 5151 ac
2093 5095 2336 5165 Spiritus
2366 5098 2434 5150 ad
2467 5095 2703 5150 invicem
2736 5110 2860 5151 esse
2913 5097 3216 5161 diceretur,
3252 5111 3428 5164 neque
3482 5097 3579 5149 ha.

1992 5185 2249 5241 heremus
2275 5200 2380 5254 qua
2412 5185 2771 5255 proprietate,
2795 5201 2892 5242 seu
2936 5184 3311 5250 confessione,
3373 5185 3575 5240 Filium

1994 5293 2023 5331 a
2055 5278 2263 5344 Spiritu
2312 5274 2800 5348 distingueremus.
2857 5281 2937 5336 Ex
2988 5280 3193 5349 quibus
3245 5289 3575 5349 sequeretur

1994 5371 2329 5434 necessario,
2366 5383 2422 5423 ut
2459 5386 2525 5425 ne
2554 5370 2883 5427 Trinitatem
2916 5372 3140 5442 quidem
3180 5372 3573 5428 conﬁterentur

1992 5475 2113 5516 esse
2135 5460 2328 5524 Deum,
2362 5462 2455 5517 sed
2488 5462 2592 5517 tria
2623 5464 2966 5533 simpliciter,
3000 5480 3065 5520 ac
3088 5465 3269 5521 solute
3320 5470 3571 5520 seorsum

1992 5552 2220 5625 singula.
2248 5553 2460 5623 Quippe
2494 5554 2712 5610 sublato
2736 5555 2948 5625 ordine,
2974 5557 3245 5627 primum,
3283 5570 3349 5612 ac
3376 5569 3581 5613 secun-
