4046 6204
449 316 514 379 31
1705 284 2100 383 MIANUELIS
2141 323 2443 386 causes
3626 330 3696 394 32

455 436 584 490 dum
612 445 664 488 et
693 436 905 490 tertium
930 449 1038 489 non
1072 436 1375 491 diceremus
1414 437 1542 492 :sed
1588 438 2015 506 unumquodque
2043 432 2091 491 Δ
2117 437 2318 507 quippe
2358 440 2606 508 producti
2638 454 2833 494 nomen
2870 450 3087 508 propter
3119 441 3504 509 productorem
3532 445 3697 518 intel-

452 529 715 594 primum,
767 516 1478 599 cssetquegeonvenientms
1545 543 1609 582 ac
1646 529 1835 599 magis
1892 544 2020 599 pro-

452 618 631 685 prium
659 616 968 669 duoh‘tatem
998 615 1165 669 Deum
1193 617 1394 683 dicere,
1446 618 1662 672 Patrem
1696 619 1903 673 scilicet
1957 634 2021 673 ac

456 706 678 767 Filium,
698 706 779 759 vel
808 705 1021 760 Patrem
1053 715 1105 760 et
1135 708 1398 775 Spiritum
1429 727 1442 762 :
1472 724 1646 777 eoque
1667 709 1825 765 Pater
1853 725 2021 765 causa

455 798 671 851 illorum
698 797 817 851 sine
852 798 1051 859 medio,
1096 798 1393 867 eademque
1425 800 1633 854 ratione
1670 812 1836 865 esset,
1872 803 2022 857 ordi-

457 902 691 954 nemque
707 889 881 942 solum
895 903 1072 942 causa!
1114 902 1174 940 ac
1192 888 1432 943 causalia
1450 889 1766 958 simpliciter
1782 892 2021 947 haberet.

531 982 682 1035 Esset
722 990 980 1050 praeterea
1006 980 1320 1036 indifferens
1363 998 1652 1060 numerare
1697 983 1935 1047 Patrem,
1973 995 2026 1039 ct

460 1072 688 1135 Filium,
718 1081 771 1127 et
800 1072 1091 1141 Spiritum,
1141 1076 1256 1128 sive
1289 1076 1531 1135 Patrem,
1557 1084 1609 1129 et
1642 1076 1925 1145 Spiritum,
1974 1088 2029 1132 et

459 1165 656 1218 Filium
690 1183 703 1218 :
749 1166 878 1227 imo,
909 1166 1051 1219 sicut
1082 1167 1318 1234 Spiritus
1370 1168 1489 1221 Filii
1524 1169 1727 1222 dicitur
1762 1171 2023 1237 Spiritus,

458 1265 507 1307 et
544 1254 744 1322 imago.
786 1255 1164 1323 naturalisque
1202 1267 1253 1309 et
1283 1258 1398 1309 viva
1447 1257 1641 1320 virtus,
1680 1270 1733 1311 et
1764 1263 2027 1328 Operatio,

461 1355 515 1398 et
542 1360 661 1413 quae
693 1345 746 1398 in
790 1348 1143 1414 sequentibus
1176 1348 1469 1403 dicentur:
1522 1351 1591 1403 ita
1626 1351 1789 1404 etiam
1832 1352 2025 1418 Filius,

463 1436 699 1504 Spiritus
726 1436 897 1490 Filius
952 1439 1286 1505 aequabiliter
1328 1449 1489 1505 atque
1531 1441 1902 1497 indifferenter
1943 1458 2029 1497 se-

464 1529 703 1582 cundum
755 1529 867 1582 haec
914 1530 1095 1582 omnia
1144 1546 1172 1583 a
1224 1532 1395 1585 sacris
1454 1531 1671 1585 Litteris
1715 1533 2031 1602 sanctisque

463 1619 718 1675 Patribus
749 1621 1039 1674 diceretur.
1072 1619 1202 1673 Nam
1235 1622 1279 1674 si
1318 1624 1568 1676 similiter
1600 1638 1661 1677 se
1698 1623 1763 1677 ad
1797 1624 2027 1677 invicem

464 1711 749 1775 haberent,
781 1726 933 1779 aeque
965 1713 1172 1766 scilicet
1225 1730 1291 1767 ex
1322 1715 1480 1768 Patre
1520 1715 1635 1769 sine
1678 1717 1858 1770 medio
1904 1718 2031 1771 sub-

462 1801 738 1863 sistentes,
769 1804 979 1871 sibique
1020 1806 1251 1880 invicem
1305 1806 1804 1861 consubstantiales
1845 1816 1898 1861 et
1933 1826 2031 1861 no-

463 1894 607 1946 mina
639 1893 883 1961 profecto
918 1896 1080 1949 simili
1118 1897 1329 1950 ratione
1359 1913 1422 1950 ex
1474 1898 1647 1951 altero
1691 1900 1757 1952 ad
1796 1901 2028 1955 alterum

462 1994 861 2039 converterent.
896 1986 1027 2052 Quae
1065 1988 1207 2041 enim
1243 1991 1733 2046 consubstantialia
1785 2002 1933 2057 sunt,
1968 2010 2033 2057 ac

461 2075 565 2130 sibi
590 2078 908 2146 comqnalia,
961 2064 1358 2133 convertuntur
1404 2084 1467 2134 ad
1515 2083 1764 2137 invicem.
1820 2087 1887 2139 At
1928 2087 2033 2140 hoc

464 2168 689 2222 minime
723 2169 985 2223 hactenus
1021 2170 1324 2235 inventum,
1390 2174 1496 2225 imo
1528 2173 1753 2228 omnino
1807 2175 2033 2230 interdi-

462 2268 608 2311 ctum
639 2270 740 2313 est.
772 2260 1016 2328 Namque
1047 2261 1342 2330 Gregorius
1386 2263 1664 2330 Nysscnus
1716 2281 1881 2333 super
1907 2282 2029 2321 ora-

461 2351 607 2404 tione
639 2351 941 2415 Dominica,
965 2351 1043 2404 sic
1073 2353 1149 2404 ait
1183 2369 1196 2406 :
1233 2371 1249 2401 ι
1293 2352 1462 2405 Filius
1489 2364 1670 2408 autem
1704 2357 1878 2410 sancti
1908 2358 2035 2426 Spi-

465 2444 605 2497 ritus
638 2458 815 2512 neque
844 2453 927 2498 est
970 2459 1145 2512 neque
1166 2444 1389 2508 dicitur,
1421 2465 1440 2496 ι
1473 2460 1648 2513 neque
1700 2450 2034 2504 convertitur

465 2533 755 2587 hahitualis
782 2534 916 2599 haec,
958 2546 1014 2587 ut
1052 2537 1124 2589 ita
1158 2535 1359 2601 dicam,
1395 2539 1806 2605 consequentia.

535 2624 803 2677 Prmterea
833 2625 1131 2679 absurdum
1158 2634 1262 2691 est,
1285 2641 1347 2679 cx
1371 2626 1489 2680 solo
1512 2625 1668 2680 Patre
1695 2638 1887 2696 putare
1910 2645 2033 2686 esse

466 2714 732 2782 Spiritum
770 2723 1042 2780 sanctum,
1071 2730 1133 2768 ac
1169 2716 1416 2769 eumdem
1459 2731 1557 2785 per
1597 2716 1792 2771 Filium
1846 2734 2034 2784 proce-

464 2806 613 2859 dere.
654 2804 776 2859 Haec
814 2806 959 2859 enim
990 2807 1332 2873 apertissime
1360 2807 1459 2862 sibi
1491 2808 1722 2863 invicem
1756 2814 2032 2866 contraria

466 2904 714 2963 ειιιιιιθο
745 2912 804 2950 se
860 2896 1088 2949 invicem
1126 2886 1437 2957 destruunt.
1470 2897 1601 2951 Nam
1637 2901 1781 2967 quod
1831 2901 2033 2955 dicitur

468 3003 563 3056 per
608 2985 829 3051 Filium,
883 2986 1154 3040 mediante
1213 2985 1371 3049 Filio,
1425 3002 1544 3041 esse
1586 2988 1837 3044 dicitur:
1884 2994 2032 3060 quod

2124 532 2316 602 ligitur
2365 536 2641 603 primum.
2700 543 2862 601 atque
2917 541 3317 600 consequenter
3380 532 3577 589 Filium
3629 552 3719 596 ex,

2139 627 2464 694 productore
2497 642 2588 693 per
2622 628 2943 695 productum
2990 626 3162 678 nasci.
3198 623 3343 679 Nihil
3377 627 3522 681 enim
3571 644 3698 695 pro-

2127 716 2294 779 hibet,
2320 718 2593 786 inquiunt,
2619 719 2784 771 etiam
2823 719 2927 770 hoc
2956 716 3062 771 dici
3092 733 3106 780 ;
3135 717 3255 772 sine
3283 719 3463 773 medio
3494 720 3701 776 scilicet

2127 810 2389 874 Spiritum
2421 825 2483 864 ex
2517 808 2696 873 Patre,
2734 809 2891 877 quasi
2921 824 2984 863 cx
3014 809 3344 877 productore
3360 813 3654 880 procedere
3676 852 3692 877 ,

2126 898 2325 953 Filium
2350 916 2479 954 vero
2516 918 2583 955 ex
2635 902 2983 969 productore,
3016 902 3111 970 qui
3140 911 3214 971 _et
3248 900 3409 957 Pater
3450 912 3553 967 est,
3602 919 3697 973 per

2128 987 2389 1057 Spiritum
2420 990 2591 1043 nasci.
2630 1008 2650 1041 ι

2200 1075 2303 1130 Sed
2336 1079 2505 1147 liquet
2534 1078 2793 1146 profecto,
2824 1094 2940 1145 eos,
2969 1080 3061 1149 qui
3095 1079 3339 1147 Spiritus
3371 1094 3465 1148 per
3497 1080 3695 1133 Filium

2130 1170 2530 1237 processionem
2584 1170 2655 1223 ita
2711 1180 3052 1239 pervertunt,
3114 1170 3401 1225 Trinitatis
3451 1172 3696 1225 ordinem

2131 1261 2338 1321 tollere,
2367 1259 2856 1330 confusionemqne
2884 1263 3280 1329 proprietatum
3313 1264 3696 1330 personalimu,

2130 1352 2355 1406 sublatis
2412 1353 2539 1404 item
2577 1354 2848 1420 personis,
2880 1352 3252 1407 introducere.
3288 1352 3483 1421 Liquet
3535 1355 3697 1409 simul

2131 1457 2224 1496 eos
2244 1442 2445 1497 sanctis
2471 1441 2743 1507 Pati-ibus,
2766 1442 3020 1496 Ευ‹·1εεδίεε
3053 1443 3346 1511 magistris,
3374 1458 3698 1512 repugnare,

2132 1536 2258 1588 dum
2311 1535 2429 1589 sine
2487 1535 2666 1588 medio
2716 1535 2977 1603 Spiritum
3014 1550 3078 1588 ex
3113 1533 3274 1589 Patre
3316 1551 3437 1590 esse
3487 1536 3697 1603 volunt,

2133 1627 2507 1695 Spiritumque
2538 1625 2673 1679 Filio
2738 1634 3077 1692 praeponunt,
3132 1625 3381 1693 nihilque
3413 1627 3701 1695 prohibere

2133 1718 2343 1781 dicunt,
2376 1717 2539 1770 etiam
2572 1715 2768 1770 Filium
2798 1733 2863 1770 ex
2899 1717 3224 1785 productore
3257 1731 3351 1783 per
3373 1719 3696 1782 productum

2135 1809 2324 1870 nasci;
2358 1823 2423 1862 ex
2461 1823 2570 1876 quo
2599 1807 2792 1861 Filium
2835 1808 3135 1861 secundum
3190 1807 3436 1860 ordinem
3476 1808 3701 1862 tertium

2136 1913 2163 1951 a
2194 1897 2352 1950 Patre
2382 1897 2735 1961 confitentur,
2760 1907 3011 1966 putantes
3038 1913 3096 1950 se
3141 1907 3356 1964 propter
3388 1899 3704 1965 pronuntia-

2135 1989 2337 2042 tionem
2361 1988 2663 2051 nominnm,
2690 2002 2987 2056 eorumque
3018 1986 3390 2055 intelligentiae
3416 1987 3705 2042 subtilita-

2136 2086 2265 2140 tem,
2315 2088 2375 2130 ut
2428 2077 2723 2139 voluerint,
2776 2075 3019 2129 divinum
3078 2076 3262 2139 etiam,
3304 2085 3359 2130 et
3417 2086 3699 2142 aeternum,

2135 2177 2299 2236 atque
2361 2168 2696 2222 immobilem
2764 2176 2974 2219 mutare
3022 2167 3266 2219 ordinem
3331 2183 3513 2235 posse,
3559 2169 3699 2237 quod

2137 2272 2312 2326 neque
2338 2257 2389 2309 in
2422 2258 2689 2310 creaturis
2721 2258 2835 2309 fieri
2905 2255 3166 2325 possibile
3204 2267 3308 2311 est.
3340 2256 3528 2328 Neque
3553 2259 3700 2312 enim

2138 2348 2191 2399 in
2231 2346 2336 2411 his,
2396 2347 2441 2401 si
2468 2347 2686 2402 causale
2740 2362 2916 2402 causae
2962 2348 3362 2415 praetulerimus
3395 2349 3449 2402 in
3488 2352 3701 2417 ordine,

2135 2456 2219 2504 ac,
2273 2441 2339 2495 de
2371 2442 2554 2496 calere
2595 2441 2945 2505 disserentes,
2985 2442 3123 2510 ignis
3150 2443 3325 2511 primo
3372 2444 3701 2498 mentionem

2136 2531 2453 2595 fecurimus,
2501 2534 2611 2602 jam
2664 2534 2823 2587 etiam
2880 2534 3143 2587 continuo
3174 2535 3322 2587 calor
3348 2536 3487 2603 ignis
3539 2550 3702 2590 causa

2134 2625 2259 2690 erit,
2295 2636 2387 2680 aut
2416 2625 2546 2680 solis
2571 2624 2787 2689 radius;
2818 2640 2992 2693 neque
3012 2624 3269 2679 dictionis
3290 2635 3488 2680 nostrae
3534 2626 3706 2695 gratia

2136 2728 2225 2769 res
2278 2715 2442 2768 etiam
2483 2730 2645 2767 suum
2707 2713 2956 2768 ordinem
2995 2714 3304 2767 immutant.
3355 2715 3457 2768 Sed
3510 2715 3582 2768 ita
3616 2715 3703 2769 isti

2136 2807 2363 2860 nimium
2398 2807 2564 2876 inepti
2635 2817 2687 2860 ct
2730 2805 2934 2874 garruli
2984 2806 3405 2861 ratiocinatores
3448 2807 3705 2861 sentiant.

2206 2898 2274 2951 At
2330 2912 2457 2951 vero
2507 2897 2678 2951 sancti
2713 2898 2903 2951 Patres
2953 2895 3166 2949 ordinis
3192 2897 3348 2949 istam
3387 2896 3707 2962 novitatem,

2138 2989 2311 3057 ipsius
2369 2988 2690 3042 substantiae
2745 2987 3129 3053 privationem,
3168 2988 3336 3038 totius
3372 2985 3494 3039 fidei
3545 3001 3709 3055 nega-

467 3089 647 3133 autezn
677 3093 740 3130 ex
775 3077 911 3138 solo,
947 3077 1064 3130 sine
1093 3076 1270 3130 medio
1316 3077 1581 3145 Spiritum
1627 3095 1691 3135 ex
1716 3080 1877 3137 Patre
1902 3100 2029 3153 pro-
2058 3083 2101 3141 C
2141 3080 2339 3133 tionem
2365 3093 2487 3133 esse
2519 3079 2703 3141 aiunt,
2741 3077 3181 3144 Eunomiumque
3221 3087 3539 3138 causantur,
3565 3078 3709 3147 quod

465 3168 657 3222 cedere
688 3167 972 3236 significat.
1008 3166 1114 3222 Sed
1148 3169 1249 3222 ista
1279 3180 1463 3236 postea
1498 3170 1821 3227 videbimus.

537 3258 671 3311 Illud
709 3258 871 3313 modo
901 3274 964 3314 ex
999 3259 1243 3328 his,qu
1266 3276 1429 3329 supra
1458 3260 1714 3328 diximus,
1749 3272 2031 3319 ostensum

466 3360 570 3412 cst,
633 3351 776 3419 quod
812 3351 886 3413 hi,
916 3352 1006 3419 qui
1040 3360 1263 3420 propter
1309 3354 1811 3421 pronuntiationem
1863 3357 2037 3409 nomi-

468 3457 623 3505 num,
676 3455 897 3509 suzeque
953 3442 1151 3495 mentis
1204 3446 1715 3512 praesumptionem,
1780 3448 1831 3502 id
1889 3432 2035 3518 quod

468 3532 668 3585 dictum
690 3538 795 3593 est,
815 3546 911 3600 per
936 3531 1136 3585 Filium
1158 3534 1451 3601 procedere
1474 3536 1733 3606 Spiritum
1756 3546 2035 3605 sanctum,

470 3639 577 3678 non
637 3625 853 3694 proprie
894 3640 958 3680 ac
1006 3626 1441 3683 substantialiter
1494 3630 1696 3685 dictum
1733 3644 2034 3702 exponunt,

470 3716 705 3784 solisque
739 3717 919 3771 verbis
939 3717 1242 3771 divinarum
1275 3718 1344 3772 ad
1390 3735 1453 3775 se
1483 3720 1712 3776 invicem
1767 3738 2037 3793 persona-

467 3824 586 3861 rum
609 3808 852 3861 ordinem
883 3823 1003 3863 esse
1036 3819 1308 3870 asserunt,
1339 3821 1585 3879 peccant.
1627 3812 1795 3866 Aiunt
1822 3817 1967 3868 enim
2016 3834 2030 3871 :

474 3916 493 3949 ι
523 3897 789 3964 Quoniam
818 3898 989 3965 prima
1016 3914 1265 3968 persona,
1311 3901 1471 3955 Pater
1534 3904 1760 3964 scilicet,
1802 3914 1854 3958 et
1882 3906 2039 3959 Pater

470 4000 525 4044 et
566 3991 859 4058 productor
906 3991 1129 4057 dicitur,
1162 4001 1214 4046 et
1259 3992 1431 4048 Filius
1469 3996 1687 4063 quidem
1722 3997 1785 4048 ad
1822 3998 2036 4051 Patrem

471 4083 769 4136 secundum
795 4098 856 4137 ea
884 4098 1003 4151 qua:
1025 4083 1090 4136 ad
1119 4085 1323 4153 aliquid
1344 4085 1624 4150 dicuntur,
1652 4090 2040 4143 conwnieuter

474 4172 751 4242 redditur;
809 4172 1005 4226 Filium
1057 4173 1203 4228 enim
1251 4174 1519 4239 dicentes,
1574 4188 1629 4230 et
1679 4177 1889 4231 Patrem
1930 4193 2039 4232 una

471 4267 843 4335 intelligimus.
903 4265 1140 4335 Spiritus
1199 4278 1405 4333 autem,
1466 4270 1567 4323 etsi
1611 4288 1640 4323 a
1696 4270 1859 4324 Patre
1920 4286 2041 4325 esse

469 4356 690 4422 dicitur,
715 4358 779 4411 ad
808 4358 1190 4427 productorem
1224 4367 1401 4415 tamen
1440 4361 1654 4427 proprie
1677 4399 1692 4421 ,
1721 4361 1787 4413 ad
1823 4360 2038 4416 Patrem

2143 3170 2389 3225 ordinem
2432 3170 2485 3223 in
2520 3169 2628 3223 Deo
2653 3184 2761 3223 non
2794 3168 3108 3237 suscipiat;
3164 3171 3419 3236 eumque,
3457 3170 3548 3237 qui
3604 3172 3709 3225 im-

2137 3270 2313 3315 mutat
2389 3261 2797 3323 substantiam,
2866 3258 2958 3311 Dei
3029 3258 3364 3311 ordinationi
3449 3259 3709 3330 refragari

2135 3351 2438 3417 definiunt,
2484 3354 2659 3420 ipsum
2695 3350 2986 3404 Dominum
3037 3349 3329 3403 tradidisse
3363 3350 3609 3405 ordinem
3655 3352 3711 3407 in

2137 3445 2393 3499 salutaris
2421 3444 2680 3514 baptismi
2717 3442 3012 3496 traditione
3040 3453 3373 3508 asserentes,
3406 3444 3708 3499 secundum

2137 3553 2296 3608 quem
2362 3538 2467 3593 alia
2502 3553 2564 3591 ex
2602 3535 2854 3607 personis
2900 3537 3098 3605 prima,
3146 3536 3252 3589 alia
3307 3537 3563 3601 secunda,
3605 3537 3711 3591 alia

2139 3630 2294 3684 tertia
2324 3629 2594 3699 personali
2631 3627 2822 3683 ordine
2845 3636 2929 3681 est
2958 3642 2974 3680 :
3005 3626 3249 3694 nihilque
3284 3626 3503 3681 differre
3533 3628 3708 3693 aiunt,

2139 3730 2324 3775 utrum
2356 3724 2481 3791 quis
2514 3722 2781 3790 Spiritum
2815 3733 3065 3778 sanctum
3096 3724 3161 3779 ad
3203 3734 3509 3779 creaturam
3543 3727 3714 3780 dedu-

2138 3819 2245 3874 cat,
2281 3827 2348 3864 an
2377 3812 2528 3865 illum
2564 3809 2724 3877 Filio,
2752 3813 2833 3866 vel
2867 3814 3014 3867 Patri
3066 3815 3339 3884 praeferat,
3382 3832 3489 3870 non
3536 3818 3710 3871 solum

2143 3894 2405 3969 temporis
2461 3903 2692 3966 ratione,
2734 3903 2828 3956 sed
2858 3905 3089 3960 ordinis.
3133 3905 3403 3970 Quocirca
3442 3907 3546 3960 rite
3600 3922 3715 3960 ma-

2140 3991 2306 4061 gister
2350 3992 2461 4062 (15)
2516 4007 2610 4046 eos
2662 3991 2947 4062 fugiendos
3014 3995 3108 4060 ait,
3175 3995 3271 4064 qui
3328 4006 3385 4049 et
3441 3996 3711 4059 ordinem,

2140 4099 2299 4152 quem
2357 4083 2581 4137 tradidit
2636 4084 2793 4139 nobis
2851 4085 3134 4147 Dominus,
3184 4087 3498 4149 immutant,
3531 4086 3713 4155 utqui

2142 4174 2430 4231 manifeste
2460 4175 2676 4231 veritati
2714 4177 3075 4243 reluctantur,
3108 4187 3162 4233 et
3196 4177 3391 4232 Filium
3418 4176 3716 4246 praeferunt

2142 4265 2308 4330 Patri,
2351 4267 2433 4320 vel
2467 4266 2604 4322 Filio
2643 4277 2968 4338 praeponunt
2998 4269 3264 4338 Spiritum
3302 4280 3571 4323 sanctum.

2213 4355 2536 4428 Quanquam
2598 4358 2751 4426 juxta
2807 4360 3142 4426 superiorem
3201 4358 3717 4433 ratiocinationem,

469 4461 650 4507 autem
702 4451 994 4521 improprie
1028 4451 1291 4515 refertur,
1349 4467 1471 4505 cum
1519 4450 1679 4506 Pater
1727 4454 1886 4507 etiam
1918 4471 2041 4524 pro-
2065 4473 2118 4533 ι)
2145 4451 2404 4519 quoniam
2439 4464 2535 4517 per
2562 4446 2761 4503 Filium
2797 4450 2978 4503 omnia
3013 4449 3153 4502 facta
3186 4449 3483 4518 Scripturze
3513 4458 3719 4503 sancta:

468 4547 662 4599 ductor
689 4544 780 4608 sit,
812 4552 865 4597 et
899 4542 1257 4613 intelligatur.
1280 4542 1373 4597 Est
1409 4543 1551 4596 enim
1580 4543 1745 4608 idem,
1775 4555 1829 4599 et
1858 4545 2036 4604 Pater,

469 4644 521 4689 ct
555 4636 870 4703 productor.
911 4653 929 4685 ι

539 4725 636 4779 His
694 4736 874 4780 autem
921 4726 991 4780 ita
1027 4725 1241 4795 positis,
1299 4726 1370 4779 ita
1424 4724 1664 4779 inferunt
1714 4745 1727 4781 :
1790 4746 1809 4779 ‹
1850 4728 2038 4799 Itaque

468 4819 911 4887 quandoquidem
968 4819 1235 4886 Spiritum
1279 4832 1341 4870 ex
1385 4816 1541 4871 Patre
1593 4818 1850 4883 dicimus,
1893 4838 2035 4890 quo-

469 4913 613 4965 niam
651 4910 864 4965 Pairem
898 4910 1163 4971 dicentes,
1198 4919 1251 4961 et
1280 4907 1474 4961 Filium
1514 4925 1619 4963 una
1656 4911 2032 4983 intelligimus,

470 5005 674 5059 idcirco
705 5004 903 5058 dicitur
946 5001 1184 5070 Spiritus
1215 5015 1310 5069 per
1342 5001 1583 5055 medium
1621 5002 1843 5069 Filium,
1871 5017 2037 5075 atque

471 5113 566 5165 per
598 5096 792 5151 Filium
819 5112 881 5149 ex
918 5093 1077 5145 Patre
1099 5090 1414 5158 procedere.
1448 5091 1583 5146 Cum
1623 5104 1804 5149 autem
1841 5114 2035 5154 rursus

471 5190 709 5257 primum
774 5186 1156 5255 productorem
1224 5180 1479 5247 dicimus,
1539 5184 1727 5239 eadem
1794 5188 2039 5253 ratione,

473 5282 730 5349 quoniam
768 5276 1149 5347 productorem
1174 5274 1439 5337 dicentes,
1475 5290 1581 5328 una
1609 5276 1771 5330 etiam
1798 5277 1871 5337 id,
1898 5281 2041 5348 quod

474 5372 748 5442 producit,
769 5368 1106 5435 cogitamus:
1128 5366 1173 5420 si
1194 5366 1412 5435 quando
1435 5365 1607 5421 Filius
1628 5382 1691 5422 ex
1720 5370 2046 5437 productore

477 5466 712 5525 dicatur,
769 5468 899 5512 tunc
953 5457 1123 5513 Filius
1181 5474 1278 5527 per
1334 5457 1575 5513 medium
1611 5458 1896 5527 Spiritum,
1949 5477 2044 5516 seu

477 5551 807 5623 producturo
869 5563 935 5603 ex
1000 5551 1327 5618 productore
1382 5566 1502 5607 esse
1559 5550 1772 5621 proprie
1809 5551 2040 5620 dicetur,

555 5735 676 5808 (ιδ)
723 5735 778 5789 S.
813 5734 1045 5794 lias'lius

2140 4541 2344 4595 inducti
2375 4542 2701 4594 auctoritate
2726 4541 3001 4595 credimus
3031 4559 3043 4594 :
3082 4538 3281 4593 Filium
3319 4556 3448 4594 vero
3474 4556 3600 4595 cum
3631 4541 3711 4593 di-

2138 4634 2341 4696 cimus,
2365 4633 2581 4687 Patrem
2610 4646 2829 4701 quoque
2862 4646 2971 4685 una
3017 4631 3398 4701 intelligimus,
3431 4634 3565 4688 nihil
3591 4648 3719 4702 pro-

2143 4725 2351 4778 hibebit
2379 4724 2584 4787 dicere,
2621 4738 2651 4776 a
2687 4721 2826 4776 Filio
2854 4737 2950 4791 per
2977 4721 3194 4776 Patrem
3219 4732 3499 4777 creaturas
3530 4739 3720 4778 mana-

2137 4817 2302 4879 visse,
2342 4824 2400 4869 ut
2431 4814 2745 4870 necessario
2792 4814 2903 4882 jam
2940 4822 2993 4867 et
3016 4812 3179 4867 Pater
3205 4812 3327 4867 Filii
3394 4822 3450 4867 et
3483 4813 3720 4883 Spiritus

2138 4909 2350 4963 medius
2403 4907 2496 4963 sit.
2551 4906 2617 4959 Et
2662 4905 2924 4974 quoniam
2975 4920 3005 4958 a
3048 4904 3191 4959 Filio
3224 4905 3539 4960 Paracletus
3580 4907 3720 4961 mitti

2139 5000 2457 5070 perhibetur
2484 5016 2497 5052 :
2524 4995 2648 5081 Filii
2674 5004 2856 5049 autem
2885 4996 3216 5049 mentionem
3239 4993 3523 5061 facientes,
3542 5007 3723 5051 mente
3785 5061 3789 5065 _

2140 5092 2302 5147 simul
2330 5101 2383 5144 et
2413 5090 2629 5143 Patrem
2662 5086 3212 5155 comprehendimus;
3270 5087 3460 5140 eadem
3512 5088 3721 5141 ratione

2141 5192 2195 5238 et
2231 5197 2324 5252 per
2351 5182 2567 5235 Patrem
2606 5178 2746 5233 mitti
2787 5177 3022 5247 Spiritus
3061 5177 3292 5230 dicetur.
3344 5177 3521 5245 Atque
3573 5177 3711 5230 idem

2150 5278 2319 5332 ferme
2367 5274 2489 5339 erit,
2536 5290 2600 5328 ac
2642 5275 2685 5329 si
2736 5274 2861 5342 quis
2892 5271 3173 5326 architecti
3218 5270 3508 5338 cujuslibet
3551 5270 3719 5323 lilium

2151 5383 2212 5419 ex
2247 5366 2547 5420 architecto
2576 5379 2671 5433 per
2704 5365 2924 5417 domum
2955 5360 3167 5416 diceret
3200 5356 3410 5423 natum,
3476 5361 3604 5426 quia
3638 5375 3725 5412 ar-

2154 5458 2421 5515 chitectus
2465 5456 2530 5509 ad
2570 5455 2793 5508 deruunt
2822 5451 3076 5515 refertur.
3109 5449 3242 5503 Nam
3272 5449 3433 5504 simul
3457 5458 3618 5517 atque
3636 5465 3722 5504 ar-

2158 5550 2450 5607 chitectum
2474 5543 2817 5617 cogitaveris,
2848 5551 2902 5598 et
2928 5542 3127 5598 domus
3162 5540 3328 5595 simul
3361 5538 3616 5595 occurrit.
