4046 6204
323 346 395 410 33
1134 296 1143 335 ί
1448 347 1844 411 ADVERSUS
1875 348 1916 408 G

2019 348 2190 410 ECOS
2231 352 2358 411 LIB
2422 352 2470 414 I.
2547 333 2553 338 ’
3365 368 3382 377 ί
3515 366 3587 435 at.

404 463 460 516 Id
492 467 675 514 autem
706 460 925 515 illorum
964 461 1357 519 absurditatem
1408 465 1461 520 in
1493 467 1686 534 primis
1713 470 1912 535 arguit,
1943 470 1989 524 Δ
2020 465 2255 518 tuedimu
2311 465 2508 519 Filium
2563 481 2627 521 ex
2667 465 2828 523 Patre
2871 483 2990 524 esse
3021 471 3201 536 habet,
3235 473 3415 557 liquet
3455 493 3584 547 pro-

330 553 478 622 quod
503 550 736 618 theologi
764 555 1066 604 secundum
1096 567 1159 605 ea
1181 569 1302 622 qua:
1330 570 1492 622 supra
1521 556 1895 623 exposuimus,

330 640 639 710 aliquando
680 655 746 692 ex
792 638 905 693 Deo
935 656 1031 709 per
1061 643 1322 708 Verbum,
1356 645 1650 713 aliquando
1685 659 1779 713 per
1817 642 1904 696 Fi-

329 731 474 784 lium
506 747 569 784 ex
605 730 708 782 Deo
740 729 1008 798 Spiritum
1030 745 1150 786 esse
1169 732 1344 785 aiunt.
1365 733 1498 785 Natu
1523 733 1568 786 si
1594 730 1903 799 hujusmodi

328 819 816 874 ratiocinationem
884 833 1068 872 veram
1124 833 1246 872 esse
1293 819 1718 878 arbitrarentur,
1777 831 1901 871 cum

326 909 622 969 dixissent.
656 925 751 976 per
799 907 1058 973 Verbum,
1091 924 1370 978 nunquam
1403 924 1464 962 ex
1503 908 1613 963 Deo
1637 908 1901 972 dicerent,

326 999 426 1052 sed
460 1013 557 1067 per
588 996 844 1062 Verbum,
876 1013 941 1053 ex
974 1007 1175 1051 mente.
1203 996 1447 1062 Verbum
1484 997 1708 1066 quippe,
1749 996 1906 1065 juxta

337 1092 609 1141 rationem
639 1087 901 1151 nominis,
953 1105 1059 1143 non
1107 1089 1172 1143 ad
1211 1088 1402 1156 Deum,
1430 1089 1522 1144 sed
1556 1089 1621 1142 ad
1669 1097 1905 1142 mentem

327 1180 589 1234 refertur.
639 1179 744 1233 Per
803 1179 998 1234 Filium
1045 1191 1223 1235 autem
1277 1198 1401 1234 cum
1453 1182 1721 1240 dicerent.
1766 1195 1908 1233 nun-

328 1284 498 1338 quam
556 1269 891 1337 adjet-issent
943 1287 957 1323 :
1010 1271 1084 1322 Ex
1143 1271 1250 1327 Deo
1294 1286 1387 1340 per
1431 1270 1648 1334 Filium,
1685 1269 1779 1323 sed
1814 1283 1908 1337 per

341 1374 679 1418 creaturam.
712 1363 886 1432 llujus
909 1367 1106 1434 quippe
1129 1365 1290 1430 Deus,
1323 1364 1464 1418 Deus
1493 1375 1613 1430 est;
1643 1366 1750 1417 imo
1779 1379 1906 1417 vero

344 1467 527 1520 neque
572 1452 621 1504 id
667 1455 947 1522 quidpiam
983 1456 1296 1522 prohiberet
1334 1454 1443 1507 dici
1474 1451 1671 1507 Filium
1699 1467 1762 1506 ex
1800 1453 1908 1505 Deo

329 1554 428 1607 per
455 1549 744 1593 creaturas
772 1542 948 1595 nasci.
977 1541 1118 1598 Deus
1151 1545 1297 1596 enim
1330 1543 1392 1595 ad
1423 1552 1706 1635 creatutgas
1739 1539 1909 1595 refer?

334 1639 448 1681 tur.
474 1628 617 1682 Idem
651 1631 1034 1696 autem‘Deus,
1062 1644 1115 1688 et
1155 1632 1316 1687 Pater
1348 1631 1469 1686 Filii
1500 1628 1908 1700 esse’intelligi-

336 1729 452 1771 tur.
478 1720 579 1772 Sed
610 1721 925 1788 ltujusmodi
986 1738 1160 1791 nugas
1214 1733 1377 1792 atque
1416 1723 1650 1792 ineptias
1677 1722 1818 1775 absit
1852 1730 1909 1774 ut

336 1809 658 1864 doctoribus
697 1812 872 1866 sacris
911 1829 1147 1882 unquam
1180 1813 1232 1867 in
1261 1823 1494 1866 mentem
1521 1812 1729 1866 venisse
1762 1821 1917 1880 pute-

330 1915 490 1964 mus,
574 1917 644 1954 ne
695 1904 866 1973 magis
910 1905 1182 1974 sophistas
1231 1906 1378 1959 illos‘
1407 1920 1568 1973 quam
1623 1904 1912 1974 magistros

334 1991 557 2060 pietatis
611 1994 993 2058 ostendamus,
1027 1995 1133 2049 alia
1160 2010 1259 2063 per
1292 1995 1397 2048 alia
1433 1994 1701 2058 dicentes,
1748 2001 1912 2064 atque

333 2095 398 2133 ex
447 2078 513 2134 ea
562 2091 719 2150 parte
751 2092 994 2138 nostram
1045 2085 1463 2153 intelligentiam
1506 2084 1912 2148 obnubilantes,

331 2185 484 2240 quos
515 2173 801 2249 Oportebat
835 2175 1076 2229 obscura
1100 2176 1412 2230 elucidandi
1449 2176 1743 2244 magistros
1769 2190 1910 2238 esse,

330 2274 394 2314 ut
433 2277 626 2316 revera
659 2272 806 2318 sunt.
843 2264 1032 2335 Neque
1059 2282 1190 2321 sane
1222 2268 1382 2322 nobis
1409 2267 1652 2336 expedit,
1685 2280 1805 2335 qua:
1843 2265 1911 2320 ah

335 2347 452 2406 illis
481 2364 673 2421 aperte
724 2365 778 2408 et
796 2355 1003 2410 utiliter
1021 2356 1164 2411 dicta
1191 2367 1336 2421 sunt,
1360 2372 1615 2427 perverse
1635 2357 1907 2425 accipere:

337 2458 404 2496 ex
441 2459 552 2512 quo
583 2458 638 2513 et
676 2445 783 2500 illis
815 2447 1123 2516 irrogamus
1162 2448 1418 2516 injurias,
1471 2459 1524 2503 et
1571 2446 1729 2503 nobis
1778 2447 1911 2517 ipsis

339 2534 683 2604 dispendium
715 2538 910 2593 salutis
937 2539 1292 2609 acquirimus.

415 2624 577 2680 Certe
607 2625 849 2682 lucidius
881 2631 1190 2699 promenda:
1219 2628 1466 2684 veritatis
1510 2628 1756 2698 magistri
1788 2627 1912 2681 aliis

337 2727 466 2768 cum
503 2725 706 2783 essent,
742 2718 1015 2772 dixissent
1049 2720 1256 2788 uliqur,
1294 2721 1363 2774 si'
1393 2720 1466 2773 ita
1498 2719 1764 2773 veraciter
1791 2733 1912 2772 esse

337 2806 724 2874 putavissent,
757 2807 1047 2878 .Spiritum
1104 2825 1167 2864 ex
1219 2811 1375 2865 Patre
1422 2826 1516 2880 per
1549 2808 1746 2864 Filium
1804 2807 1910 2862 dici

341 2901 746 2964 tantummodo,
809 2916 918 2953 non
957 2909 1136 2955 tamen
1173 2916 1289 2955 esse
1325 2917 1389 2956 ac
1420 2903 1734 2971 procedere.
1767 2899 1912 2966 Quo-

339 2987 495 3041 niam
537 3003 668 3044 vero
706 2991 758 3044 id
809 3006 917 3045 non
956 2992 1232 3058 dixerunt,
1282 2994 1676 3063 expositionem
1721 2994 1912 3062 hujus-

340 3079 489 3132 modi
542 3079 768 3134 omnino
825 3082 1066 3135 tenuisse
1118 3082 1564 3152 comprobantur.
1609 3081 1810 3152 Nempe
1858 3088 1911 3134 et

341 3165 712 3222 Damascenus
729 3169 796 3223 de
813 3169 974 3224 Patre
1005 3171 1078 3224 ait
1097 3168 1235 3240 (16):
1263 3189 1280 3222 ι
1300 3170 1417 3241 Ipse
1432 3172 1648 3241 quidem
1663 3182 1744 3226 est
1767 3188 1918 3228 mens

340 3257 495 3312 verbi
540 3259 795 3327 abyssus,
832 3260 981 3314 verbi
1033 3262 1267 3330 genitor,
1303 3271 1356 3315 et
1389 3277 1486 3332 per
1517 3262 1744 3316 verbum
1792 3261 1917 3331 Spi-

339 3353 484 3406 ritus
531 3353 848 3422 productor.
893 3371 912 3405 ι
969 3353 1160 3409 Dicere
1211 3355 1376 3426 igitur
1427 3356 1724 3411 secundant
1786 3357 1922 3411 istos

335 3443 631 3508 debuerat,
663 3447 816 3502 verbi
859 3459 1283 3516 commentator,
1313 3451 1478 3505 tacito
1517 3451 1769 3518 genitoris
1819 3466 1920 3504 no-

341 3535 524 3586 mine.
555 3532 789 3591 Verbum
836 3541 981 3593 enim
1013 3541 1078 3594 ad
1132 3549 1366 3594 mentem
1401 3541 1661 3604 refertur,
1695 3557 1803 3596 non
1851 3539 1921 3594 ad

337 3625 680 3695 genitorem.
712 3627 999 3698 Oportebat
1044 3633 1196 3698 item,
1224 3647 1347 3686 eum
1391 3634 1769 3702 productorem
1802 3633 1922 3703 Spi-

336 3717 490 3770 ritus
533 3733 632 3787 per
680 3734 738 3774 se
789 3724 964 3776 solum
997 3724 1199 3791 dicere,
1256 3740 1589 3795 suppresso,
1625 3727 1768 3794 quod
1822 3728 1918 3791 ait,

344 3825 367 3858 ι
407 3806 518 3863 Per
550 3813 798 3868 verbum.
840 3833 860 3866 ›
900 3813 1141 3884 Spiritus
1172 3817 1373 3886 quippe
1419 3817 1485 3871 ad
1535 3820 1917 3887 productorem

340 3902 598 3959 refertur.
628 3905 783 3962 Nunc
815 3923 962 3972 vero,
996 3911 1215 3979 quando
1241 3911 1620 3980 productorem
1664 3926 1757 3980 per
1785 3926 1922 3978 ,ver-

340 3993 596 4055 butn,ait
633 4014 646 4051 :
678 3996 919 4052 Verbum
955 4011 1135 4054 autem
1175 4015 1352 4070 neque
1389 4001 1454 4054 ad
1476 4009 1708 4070 patrem,
1746 4016 1921 4070 neque

340 4084 409 4135 ad
437 4084 821 4152 productorem
854 4087 1139 4141 relativum
1160 4095 1264 4152 est,
1296 4088 1575 4156 solamque
1599 4086 1830 4141 refertur
1851 4085 1918 4138 ad

341 4183 623 4238 mentem;
658 4190 872 4228 onmem
907 4176 1154 4246 profecto
1202 4177 1515 4246 liujusmodi
1551 4177 1920 4231 curiositatem

342 4274 402 4317 ut
424 4266 663 4318 maxime
683 4267 963 4321 ridendam
991 4283 1054 4322 ac
1079 4269 1442 4336 perniciosam
1476 4279 1705 4322 resecat.

429 4355 700 4410 Praeterea
731 4372 880 4421 vero,
917 4367 970 4411 et
1003 4359 1149 4428 quod
1180 4359 1398 4424 dicitur,
1429 4360 1663 4429 pr0prie,
1713 4367 1764 4413 et
1814 4374 1919 4412 tzon

2021 553 2182 617 lecto,
2237 557 2464 612 sublatis
2526 559 2973 618 substantialibus
3013 553 3412 640 [ltypostaticis]
3452 586 3584 640 pro-

2015 645 2300 711 cessibus,
2357 662 2618 715 personas
2679 666 2899 720 quoque
2985 655 3151 709 simul
3214 657 3581 728 auferendus,

2010 748 2186 802 neque
2211 735 2321 806 jam
2354 739 2599 792 ordinem
2631 741 2818 807 ullum,
2857 760 3030 814 neque
3059 745 3380 803 Trinitatem
3425 753 3584 807 nobis

2013 825 2280 894 reliquam
2334 843 2475 882 esse.
2515 830 2782 894 Quocirca
2835 838 2936 889 rite
2978 838 3184 892 dictum
3235 850 3320 894 est
3371 845 3581 899 ordinis

2009 913 2197 982 ejusce
2246 916 2540 971 novitatem
2606 920 2773 988 ipsius
2806 939 2927 978 esse
2962 922 3277 984 substantia:
3324 930 3572 987 abolitio.

2011 1020 2156 1068 nem,
2189 1009 2464 1076 totiusque
2490 1009 2614 1064 fidei
2646 1013 3084 1082 abnegationem.

2031 1116 2050 1136 ο
2085 1095 2267 1166 Neque
2315 1115 2446 1154 vero
2481 1103 2584 1157 ista
2637 1105 2832 1171 solum,
2881 1124 3002 1176 quae
3036 1111 3295 1176 diximus,
3333 1115 3578 1169 ordinem

2013 1184 2067 1239 in
2111 1198 2298 1242 sancta
2346 1189 2611 1246 Triuitate
2653 1199 3058 1264 commendant,
3117 1206 3583 1274 personarumque

2013 1289 2352 1342 processum,
2402 1294 2496 1347 per
2572 1298 2735 1350 quem
2770 1283 2942 1342 Filius
2976 1291 3190 1357 quidem
3234 1295 3355 1348 sine
3403 1296 3582 1349 medio

2012 1378 2080 1415 ex
2133 1366 2307 1432 primo
2351 1379 2461 1433 est;
2512 1369 2751 1440 Spiritus
2787 1385 2966 1429 autem
3002 1387 3228 1434 sanctus
3273 1397 3341 1436 ex
3402 1384 3580 1450 primo

2013 1467 2108 1522 per
2150 1456 2409 1524 medium,
2435 1461 2530 1514 sed
2556 1477 2622 1515 ex
2651 1463 2772 1516 aliis
2797 1465 3070 1532 plurimis,
3096 1485 3216 1537 quae
3246 1485 3275 1524 a
3309 1473 3583 1540 magistris

2013 1540 2157 1597 dicta
2192 1556 2343 1611 sunt,
2375 1550 2635 1606 discimus
2675 1561 2730 1606 et
2754 1551 2876 1607 Filii
2911 1557 3391 1626 mediationem,et
3409 1565 3583 1619 sancti

2016 1631 2253 1701 Spiritus
2278 1641 2575 1695 naturalem
2615 1646 3071 1716 essentialemque
3100 1664 3439 1718 processum.

2087 1721 2313 1794 Magnus
2340 1729 2537 1798 quippe
2572 1732 2908 1789 Athanasius
2937 1736 2993 1790 in
3022 1754 3096 1803 ,ιιι
3126 1738 3330 1794 Contra
3353 1743 3582 1796 Arianos

1951 1814 1995 1870 Β
2023 1811 2182 1878 libro,
2229 1816 2385 1885 cujus
2421 1819 2634 1897 initium
2673 1833 2756 1876 est
2787 1841 2803 1878 :
2833 1825 2940 1892 Qui
2985 1828 3104 1882 Arii
3139 1841 3408 1885 sectantur
3439 1834 3585 1886 insa-
3681 1904 3684 1905 ν

2016 1903 2181 1964 niam,
2212 1917 2268 1959 ut
2295 1908 2520 1980 intelligi
2549 1913 2734 1978 datur,
2768 1917 3102 1971 decreverunt
3128 1923 3290 1974 semel
3321 1931 3582 1988 apostatu:

2013 1992 2154 2061 ﬁeri,
2214 2005 2732 2071 transgressoresque
2787 2007 3044 2072 veritatis,
3093 2009 3167 2062 ita
3214 2010 3290 2062 ait
3331 2025 3346 2063 :
3388 2028 3406 2061 ι
3463 2011 3585 2066 Non

2017 2083 2252 2152 spiritus
2294 2085 2526 2143 Verbum
2555 2093 2840 2166 conjungit
2885 2094 3054 2162 Patri,
3086 2098 3180 2152 sed
3207 2098 3310 2154 hoc
3347 2115 3375 2152 a
3407 2101 3585 2156 Verbo

2016 2177 2200 2243 potius
2231 2179 2431 2247 accipit
2480 2181 2743 2252 Spiritus.
2800 2205 2820 2237 ι
2873 2185 2938 2240 Ει
2969 2198 3092 2258 post
3124 2204 3341 2258 pauca:
3383 2209 3402 2242 ι
3444 2193 3582 2259 Quia

2013 2265 2160 2319 enim
2214 2267 2450 2324 Verbum
2504 2272 2556 2326 in
2599 2272 2762 2331 Patre
2825 2285 2932 2342 est,
3004 2280 3242 2348 Spiritus
3289 2291 3467 2338 autem
3517 2299 3588 2340 ex

2017 2354 2193 2412 Verbo
2228 2360 2412 2427 datur,
2452 2363 2572 2418 ideo
2603 2380 2704 2420 nos
2737 2368 2850 2422 vult
2880 2369 3130 2438 accipere
3163 2372 3448 2442 Spiritum,
3506 2390 3584 2442 ut,

2014 2461 2138 2501 cum
2179 2450 2329 2504 illum
2373 2457 2775 2524 acceperimus,
2813 2468 2942 2515 tunc
2966 2463 3235 2522 habentes
3272 2467 3430 2523 Verbi
3457 2468 3585 2539 Spi-

2016 2541 2206 2606 ritum,
2241 2545 2385 2612 quod
2418 2548 2573 2600 estin
2604 2548 2782 2616 Patre,
2801 2561 2855 2606 et
2886 2568 2985 2608 nos
3005 2569 3170 2609 unum
3190 2557 3306 2612 fieri
3334 2560 3387 2612 in
3416 2560 3588 2615 Verbo

2013 2641 2238 2699 propter
2307 2633 2611 2704 Spiritum,
2669 2654 2732 2694 ac
2790 2656 2888 2711 per
2955 2643 3130 2714 ipsqu
3184 2647 3238 2701 in
3295 2648 3454 2705 Patre
3511 2650 3590 2706 via

2011 2721 2256 2778 deamttr.
2290 2743 2309 2777 ι

2085 2813 2233 2868 ldem
2263 2815 2317 2869 in
2372 2817 2605 2887 epistola,
2631 2819 2698 2874 ad
2743 2819 3094 2893 Serapionem
3129 2826 3196 2881 de
3223 2837 3412 2884 sancto
3456 2831 3588 2899 Spi-

2014 2902 2142 2968 ritu,
2173 2921 2292 2974 quae
2328 2906 2517 2978 incipit
2547 2927 2562 2964 ε
2598 2909 2813 2966 Littera:
2863 2917 3005 2968 sacri
3039 2920 3094 2970 in
3123 2935 3214 2972 nos
3243 2921 3464 2988 a/frctus
3512 2925 3590 2976 tui

2013 2992 2141 3045 milii
2163 2994 2216 3046 in
2251 3011 2421 3049 eremo
2445 2999 2665 3054 reddita:
2691 3012 2834 3068 sunt,
2853 3004 2929 3058 ita
2953 3006 3028 3059 ait
3056 3024 3071 3060 :
3103 3024 3122 3056 ‹
3153 3007 3432 3076 Ignorant,
3457 3026 3594 3078 quo-

1947 3121 1990 3181 c
2023 3079 2168 3133 niam
2218 3092 2276 3136 ut
2323 3085 2415 3153 qui
2459 3088 2706 3142 dividunt
2748 3105 2779 3144 a
2817 3089 2980 3147 Patre
3016 3091 3236 3160 Filium,
3269 3113 3436 3152 unum
3470 3115 3593 3156 esse

2023 3171 2188 3226 Deum
2217 3174 2405 3230 tollunt
2429 3193 2442 3229 :
2480 3178 2574 3244 ita,
2597 3180 2739 3248 quod
2770 3197 2800 3234 a
2829 3182 3005 3239 Verbo
3024 3186 3282 3243 dirimunt
3306 3190 3586 3259 Spiritum,

2021 3277 2127 3316 non
2150 3263 2263 3334 jam
2299 3281 2460 3320 unam
2497 3270 2552 3322 in
2577 3269 2846 3327 Trinitate
2877 3271 3140 3330 Deitatem
3177 3290 3416 3344 servant.
3460 3299 3480 3334 ›

2091 3352 2234 3408 ldum
2266 3372 2457 3412 rursus
2494 3358 2548 3412 in
2589 3361 2693 3416 alia
2761 3364 2825 3418 de
2863 3378 3054 3421 sancto
3088 3368 3292 3438 Spiritu
3335 3373 3402 3425 ad
3440 3389 3591 3429 cum-

2021 3445 2140 3498 detn
2177 3448 2430 3516 epistola,
2477 3451 2635 3520 cujus
2688 3455 2901 3510 initiqu
2941 3471 3025 3514 est
3067 3476 3082 3513 :
3127 3459 3382 3518 Fortasse
3422 3469 3592 3520 mira-

2029 3537 2164 3590 beris
2201 3555 2220 3591 :
2264 3559 2282 3590 ε
2330 3541 2447 3594 Non
2495 3545 2678 3610 enim,
2739 3550 2912 3615 inquit
2938 3566 2961 3612 ,'
3002 3561 3156 3606 extra
3223 3553 3454 3611 Verbum
3511 3571 3596 3615 est

2023 3629 2278 3697 Spiritus.
2305 3633 2398 3686 sed
2441 3633 2494 3686 in
2542 3635 2718 3690 Verbo
2760 3653 2884 3691 cum
2928 3640 3022 3702 sit,
3051 3642 3104 3694 in
3142 3644 3250 3698 Deo
3284 3661 3377 3713 per
3416 3648 3592 3716 ipsum

2019 3729 2125 3773 est.
2176 3739 2194 3772 ι
2235 3720 2298 3773 Et
2331 3732 2452 3791 past
2518 3740 2688 3794 pauca
2733 3743 2746 3780 :
2788 3746 2806 3779 ι
2865 3727 3000 3784 Cum
3041 3742 3223 3786 autem
3264 3734 3499 3804 Spiritus
3539 3739 3594 3792 in

2023 3812 2200 3867 Verbo
2231 3815 2318 3880 sit,
2353 3815 2520 3884 liquet
2549 3819 2814 3886 profecto,
2847 3821 2900 3875 in
2930 3819 3039 3877 Deo
3071 3838 3168 3892 per
3196 3823 3445 3881 Verbum.
3471 3843 3593 3884 esse

2023 3903 2306 3974 Spiritum.
2350 3925 2368 3958 ι

2097 3995 2332 4050 Sanctus
2392 4008 2578 4052 autem
2630 3998 2861 4058 Basilius
2923 4003 2978 4058 in
3037 4005 3271 4074 quodam
3330 4008 3590 4077 capitulo,

2022 4089 2179 4156 cujus
2203 4090 2485 4159 inscriptio
2512 4099 2595 4145 est
2633 4109 2646 4145 :
2685 4093 3091 4164 Congloriﬁcari
3147 4113 3266 4149 cum
3319 4097 3428 4151 Deo
3471 4098 3595 4169 Spi-

2024 4180 2205 4244 ritum,
2262 4180 2338 4234 ait
2373 4200 2385 4236 :
2425 4201 2442 4232 ‹
2478 4182 2628 4247 Quod
2693 4194 2873 4240 autem
2911 4189 2964 4240 in
2996 4189 3198 4242 eisdem
3232 4189 3434 4245 divinis
3468 4208 3598 4260 ope-

2023 4273 2175 4324 ribus
2235 4270 2475 4326 Trinitas
2518 4274 2876 4342 gloriilcatur,
2907 4281 3068 4333 unius
3103 4281 3401 4335 divinitatis
3443 4287 3595 4338 testi-

2025 4364 2268 4416 monium
2311 4375 2519 4418 certum
2560 4374 2680 4432 est,
2735 4369 2875 4436 quod
2937 4385 3108 4450 neque
3161 4373 3279 4426 sine
3329 4371 3468 4427 Filio
3500 4377 3598 4430 Pa-

342 4450 598 4518 pr0prie,
634 4459 686 4502 et
713 4451 856 4518 quod
883 4451 1182 4505 secundum
1217 4467 1276 4506 se
1327 4461 1381 4506 et
1421 4452 1672 4506 accidens
1703 4454 1754 4506 in
1782 4451 1920 4506 divi-
1948 4461 2004 4520 υ
2035 4466 2114 4507 ter
2146 4465 2425 4524 Operatur,
2452 4473 2630 4528 neque
2667 4459 2786 4531 sine
2816 4461 3021 4528 Spiritu
3055 4460 3242 4516 Filius.
3276 4481 3295 4514 ι

341 4540 440 4594 nis
484 4542 730 4608 personis
783 4541 1006 4597 habebit
1057 4545 1258 4598 locum.
1305 4541 1533 4612 Proprie
1585 4545 1730 4599 enim
1779 4543 1924 4613 quod

342 4633 614 4687 dicuntur
647 4645 698 4688 et
746 4637 1047 4690 secundum
1082 4653 1162 4703 se,
1211 4632 1280 4691 ad
1319 4639 1570 4694 accidens
1613 4640 1925 4709 Opponitur.

342 4723 605 4794 Insuper,
656 4735 709 4778 et
761 4727 906 4795 quod
955 4742 984 4780 a
1016 4713 1193 4783 Patre
1241 4745 1350 4783 non
1392 4731 1608 4800 proprie
1664 4732 1926 4799 Spiritum

345 4832 476 4871 esse
498 4829 775 4882 asserunt,
809 4834 838 4871 a
861 4820 1017 4873 Patre
1035 4821 1222 4890 utique
1248 4837 1354 4876 non
1384 4824 1803 4877 discerneretur.
1827 4824 1930 4878 Sed

347 4910 484 4984 ista,
517 4922 581 4964 ut
605 4913 867 4978 diximus,
903 4914 1275 4984 intelligentiae
1302 4916 1676 4986 theologorum
1706 4919 1934 4971 omnino

346 5000 740 5068 adversantur,
799 5007 890 5075 qui
927 5007 1298 5063 monumentis
1340 5009 1457 5063 suis
1497 5009 1712 5063 divinas
1747 5023 1934 5077 perso-

345 5107 454 5148 nas
495 5096 898 5150 discreverunt.
926 5096 1083 5164 Quod
1129 5113 1258 5170 ergo
1280 5099 1391 5170 jam
1423 5101 1631 5155 dictum
1662 5107 1766 5166 est,
1801 5117 1932 5156 cou-

347 5195 464 5243 stat
503 5203 570 5244 ex
608 5189 714 5255 bis,
745 5205 868 5260 qua:
901 5193 1294 5261 praediximus;
1339 5193 1432 5263 qui
1474 5191 1721 5248 ordinem
1769 5193 1930 5257 tollit,

356 5295 491 5334 cum
521 5283 700 5351 ipsum
739 5299 960 5354 quoque
993 5300 1346 5355 personarqu
1377 5300 1714 5356 processum,
1748 5301 1810 5339 ac
1839 5301 1932 5355 per

357 5383 734 5440 consequens,
772 5391 1040 5445 personas
1087 5377 1250 5430 etiatn
1299 5376 1445 5446 ipsas
1473 5376 1934 5433 sustulisse.l\'am

359 5463 669 5518 secundum
722 5466 1017 5532 proceSsus
1073 5465 1156 5520 sui
1205 5465 1502 5526 rationem.
1553 5466 1656 5520 alia
1712 5467 1931 5535 quidem

381 5550 480 5605 ine
547 5553 720 5608 medio
776 5556 1024 5624 procedit
1101 5572 1166 5612 ex
1230 5556 1426 5625 Patre,
1477 5557 1580 5612 alia
1650 5574 1772 5614 vero
1837 5573 1932 5628 per

430 5762 548 5832 (16)
599 5762 670 5817 De
695 5764 797 5833 [ide
831 5764 1040 5820 ortliod.
1075 5780 1122 5819 ς.
1154 5764 1207 5817 5.

2103 4548 2243 4601 ldetn
2305 4548 2359 4600 in
2402 4549 2509 4602 alio
2555 4549 2818 4619 capitulo,
2852 4552 2993 4619 quod
3032 4551 3348 4607 inscribitur
3385 4573 3397 4608 :
3443 4556 3596 4619 Quod

2030 4656 2094 4694 ea:
2121 4643 2301 4693 diuina
2337 4652 2534 4694 natura
2580 4641 2857 4697 Trinitatis
2905 4646 3081 4697 unitas
3115 4645 3439 4714 insinuatur,
3473 4651 3547 4702 ait
3581 4668 3594 4704 :

2039 4748 2058 4780 ‹
2097 4729 2384 4798 Nunquam
2425 4732 2527 4786 fuit
2565 4731 2723 4788 Pater
2756 4733 2873 4788 sine
2901 4732 3061 4799 Filio,
3093 4749 3270 4802 neque
3307 4737 3426 4793 sine
3476 4739 3601 4808 Spi-

2034 4821 2143 4875 ritu
2181 4819 2367 4876 Filius.
2411 4841 2430 4874 ι
3559 4892 3576 4908 θ

2107 4916 2248 4968 Idem
2287 4920 2338 4966 in
2371 4929 2492 4982 cap.
2531 4915 2617 4977 16,
2651 4917 2715 4971 ad
2747 4905 3182 4988 Amphilochium
3216 4936 3228 4972 :
3265 4938 3284 4971 ‹
3322 4920 3392 4975 Ut
3437 4905 3604 4991 igitur

2037 5019 2096 5060 se
2130 5004 2291 5058 liabet
2316 5005 2381 5058 ad
2423 5003 2637 5059 Patrem
2670 5006 2856 5070 Filius,
2891 5009 2964 5063 ita
3001 5019 3055 5064 et
3088 5011 3153 5064 ad
3191 5009 3385 5064 Filium
3432 5011 3606 5083 Spiri-

2039 5105 2149 5159 tus,
2189 5097 2342 5163 juxta
2384 5098 2674 5154 verborum
2718 5101 3138 5165 conuexionem,
3180 5101 3340 5157 nobis
3379 5103 3434 5157 in
3475 5105 3606 5174 bap-

2040 5190 2203 5246 tismo
2239 5193 2516 5247 traditam.
2546 5188 2700 5256 Quod
2735 5193 2778 5246 si
2821 5191 3055 5261 Spiritus
3095 5193 3234 5249 Filio
3283 5198 3424 5250 serie
3470 5214 3605 5251 con-

2039 5283 2311 5348 nectitur,
2366 5282 2516 5338 Patri
2567 5294 2746 5336 autem
2803 5281 3003 5350 Filius,
3042 5292 3095 5338 et
3151 5283 3416 5353 Spiritus,
3459 5285 3610 5341 Patri

2041 5375 2272 5430 scilicet.
2318 5394 2336 5427 ι

2112 5467 2259 5523 idem
2292 5468 2379 5520 tibi
2422 5482 2587 5538 supra
2632 5484 2645 5522 :
2687 5483 2703 5516 ι
2737 5464 2893 5521 Unus
2920 5473 3101 5520 autem
3132 5477 3186 5523 et
3217 5467 3454 5538 Spiritus
3485 5485 3612 5524 san-

2043 5571 2161 5618 ctus
2186 5564 2276 5616 uni
2294 5560 2434 5615 Patri
2454 5576 2550 5632 per
2577 5575 2740 5615 unum
2766 5556 2959 5612 Filium
2978 5563 3338 5619 connectitur.
3367 5581 3385 5612 ι
3416 5562 3617 5631 EtpOst
