4010 6220
272 342 344 413 31
1396 363 1801 425 ADVERSUS
1838 363 2161 427 caecos
2203 368 2355 433 LIB.
2393 369 2445 431 Ι.
3218 337 3225 344 ’
3461 382 3531 446 38

274 459 378 513 tio.
416 475 435 509 ι
481 456 541 512 Si
581 457 746 525 igitur
785 476 845 516 se
876 462 1110 520 invicem
1157 468 1444 526 continere
1473 476 1573 529 hoc
1600 483 1707 538 est,
1740 486 1845 535 ter.-
1874 475 1917 532 Α
1951 476 2073 533 atus
2108 477 2335 535 Iudaeos
2380 479 2685 552 alloquens,
2718 482 2779 539 Si
2816 493 3011 556 autem,
3046 487 3237 558 inquit,
3279 492 3333 545 in
3363 492 3529 561 digito

271 549 416 602 tium
446 564 514 602 ex
542 548 717 617 primo
744 567 842 619 per
868 555 1106 634 medium
1134 573 1295 626 esse;
1325 562 1482 617 aliter
1517 567 1716 634 quippe
1743 572 1850 622 non

269 646 432 692 esset
474 637 706 693 Trinitas
744 641 918 709 Deus,
946 631 1135 716 ‘neque
1169 650 1449 707 individua
1495 631 1709 724 Deitas;
1743 676 1849 715 una

272 731 429 783 enim
453 738 533 783 est
550 729 762 784 luminis
792 741 1223 807 contemperatio
1243 741 1413 812 liquet
1431 746 1672 814 profecto
1701 766 1717 804 :
1742 766 1848 805 una

268 834 407 872 cum
432 822 1011 893 consubstantialitate
1036 832 1200 886 etiam
1238 848 1595 902 personarum
1638 842 1846 897 servari

267 907 543 974 ordinem,
582 915 882 969 secundum
923 932 1088 987 quem
1122 923 1278 979 tertia
1324 938 1406 982 est
1445 944 1510 983 es
1546 931 1720 1001 prima
1754 949 1848 1004 per

261 1001 531 1057 mediam.

334 1094 626 1163 Nyssenus
653 1098 819 1154 etiam
849 1101 904 1155 in
931 1101 1073 1159 libro
1107 1106 1181 1161 De
1216 1112 1628 1184 sancto'Spiritu
1663 1128 1846 1174 contra

261 1185 692 1255 Macedonicam,
743 1191 1245 1273 incommutabilem
1303 1217 1661 1270 personarum
1708 1211 1845 1264 divi-

262 1290 460 1330 narum
498 1282 804 1335 secundum
851 1288 1145 1343 essentiam
1209 1293 1573 1366 ordinemque
1624 1298 1840 1354 illarum

264 1369 332 1461 ad
355 1370 594 1424 invicem
626 1373 874 1439 tradens,
905 1394 1109 1449 eosque
1133 1382 1479 1449 insimulatis,
1504 1390 1597 1459 qui
1624 1403 1844 1462 prapter

264 1446 609 1528 personalem
644 1466 920 1534 ordinem,
954 1473 1159 1541 tiliique
1197 1478 1605 1549 medialionem,
1664 1485 1844 1537 immi-

268 1557 546 1609 nutionem
581 1557 932 1616 introducere
964 1567 1246 1628 auderent.
1280 1571 1488 1627 addidit
1528 1591 1612 1630 τι(
1658 1576 1838 1631 Veluti

270 1642 323 1696 si
352 1645 474 1711 quis
501 1645 555 1697 in
582 1646 761 1701 tribus
814 1649 1115 1708 luminibus
1155 1656 1387 1713 divisam
1419 1660 1636 1717 intuens
1678 1663 1839 1720 ﬂam-

268 1749 695 1799 mam;causam
752 1755 883 1794 vero
932 1745 1076 1798 tertii
1124 1745 1350 1803 luminis
1390 1753 1620 1819 primum
1683 1755 1836 1810 ﬂam-

260 1840 407 1879 mam
431 1840 555 1882 esse
583 1843 996 1899 supponamus;
1038 1852 1159 1905 quae
1216 1854 1280 1895 ex
1317 1832 1702 1901 distributione
1739 1864 1836 1918 per

260 1918 505 1971 medium
554 1934 867 1988 supremum
918 1927 1231 1984 intenderit.
1285 1930 1519 2000 Deinde,
1566 1937 1617 1991 in
1665 1942 1838 2008 prima

268 2006 487 2061 ﬂamma
520 2009 761 2065 calorem
796 2014 1076 2072 abundare
1102 2029 1293 2088 parat;
1342 2023 1394 2077 in
1432 2006 1679 2094 sequenti
1705 2045 1838 2086 vero

258 2098 611 2164 decrescere,
661 2116 889 2172 eamque
922 2107 1365 2168 immutationem
1405 2116 1457 2169 in
1504 2119 1685 2174 minus
1716 2137 1839 2176 ver-

252 2207 432 2263 gere;
464 2196 773 2269 tertiam.ne
824 2198 1003 2269 ignem
1056 2203 1274 2272 quidem
1316 2207 1431 2277 jam
1461 2209 1589 2276 dici,
1621 2212 1836 2271 etiamsi

256 2284 521 2338 similiter
566 2287 776 2355 ardeat,
824 2299 879 2345 et
927 2291 1131 2357 luceat,
1182 2307 1233 2350 et
1279 2309 1480 2355 cuneta
1526 2317 1648 2373 quae
1704 2315 1838 2363 sunt

254 2370 405 2442 ignis
442 2384 726 2441 operetur.
771 2395 792 2429 ι
1360 2382 1373 2387 “

339 2461 402 2515 ει
424 2478 489 2517 ει
521 2465 623 2519 hoc
657 2465 823 2536 igitur
850 2471 1099 2542 exemplo
1118 2472 1309 2545 liquet,
1337 2480 1556 2534 tertium
1573 2497 1636 2538 ex
1659 2486 1835 2554 primo

260 2565 370 2618 per
413 2554 643 2608 medium
689 2561 1061 2617 essentialiter
1098 2580 1220 2620 esse
1267 2567 1489 2626 habere.
1523 2570 1598 2627 Ex
1646 2577 1836 2631 distri-

264 2640 501 2697 butione
525 2645 663 2698 enim
693 2649 864 2702 medii
892 2665 1213 2720 supremum
1245 2656 1465 2713 incendi
1498 2662 1699 2718 dictum
1720 2676 1831 2733 est;

257 2740 439 2801 atque
505 2752 605 2790 una
648 2740 873 2808 quidem
925 2743 1157 2829 ﬂamma.-
1209 2752 1515 2806 substantia
1563 2763 1675 2821 est;
1727 2773 1831 2812 non

251 2830 470 2889 tamen,
515 2830 657 2895 quod
715 2835 1015 2890 secundum
1068 2840 1427 2897 substantiam
1490 2855 1573 2900 est
1623 2848 1678 2901 iu
1725 2848 1835 2903 ullo

253 2915 427 2970 trium
477 2921 661 2977 minus
695 2921 1008 2995 inspicitur.
1536 2978 1550 2991 .

334 3006 602 3065 Summus
648 3016 808 3070 etiam
855 3018 1282 3091 Chrysostomus
1322 3025 1376 3080 in
1406 3029 1629 3097 psalmo,
1657 3046 1831 3087 xcnt:

254 3120 277 3152 ε
322 3100 555 3157 Fontem
582 3108 803 3173 quidem
850 3112 1084 3180 appellat
1126 3104 1367 3182 Patrem,
1401 3118 1601 3175 ﬂumen
1648 3128 1829 3181 autem
1859 3143 1902 3200 ο

244 3191 490 3249 Filium.
518 3209 707 3263 aquam
740 3214 872 3253 vero
912 3200 1156 3257 ﬂuminis
1204 3203 1465 3275 Spiritum
1495 3222 1769 3279 sanctum,
1809 3231 1827 3264 ι

247 3287 637 3355 testimonium
668 3304 961 3347 assumens
1002 3294 1237 3359 Domini,
1284 3300 1376 3368 qui
1414 3301 1491 3355 ait
1522 3318 1536 3355 :
1568 3301 1671 3367 Qui
1697 3303 1835 3358 bibe-

248 3376 405 3427 rit”
422 3392 764 3448 «qumquam
782 3397 875 3450 ego
895 3383 1031 3437 dabo
1049 3387 1118 3448 ei,
1139 3403 1241 3441 non
1259 3390 1396 3444 sitiet
1421 3393 1474 3444 in
1492 3402 1747 3447 aeternum
1768 3393 1831 3452 ".

244 3464 409 3529 Quod
473 3483 764 3536 exponens
815 3473 1182 3543 Evangelista,
1231 3476 1343 3533 Hoc
1392 3492 1586 3549 autem,
1636 3480 1843 3554 inquit,

242 3556 469 3610 decebat
495 3559 563 3610 de
590 3557 791 3628 Spiritu
835 3580 982 3633 quem
1019 3572 1285 3637 accepturi
1314 3581 1464 3625 erant
1489 3576 1753 3630 credentes
1778 3576 1834 3632 in

240 3663 365 3701 eum
400 3650 482 3702 “.
509 3647 671 3704 Sicut
695 3668 813 3723 ergo
846 3673 986 3724 aqua
1019 3658 1185 3716 fontis
1232 3677 1329 3731 per
1359 3664 1579 3722 ﬂuvium
1614 3676 1809 3723 natura

242 3741 375 3793 riter
402 3754 669 3806 manans,
703 3758 799 3812 per
841 3746 1018 3816 ipsum
1058 3740 1423 3819 su‘bStantiatu
1454 3755 1636 3820 habet,
1669 3767 1833 3826 atque

237 3847 384 3885 cum
428 3833 625 3888 ordine
651 3851 759 3889 una
816 3847 869 3901 et
900 3841 1088 3896 eadem
1121 3857 1274 3913 aqua:
1298 3845 1626 3914 substantia,
1660 3864 1833 3919 quau-

252 3934 389 3975 tum
426 3922 484 3975 in
511 3923 763 3984 humanis
821 3928 1214 4002 fragilibusque
1244 3936 1406 3992 rebus
1440 3932 1700 4007 possibile
1726 3949 1829 4003 est,

244 4025 529 4078 apparere
558 4016 823 4080 cernitur,
864 4020 938 4071 ita
960 4027 1013 4073 et
1049 4019 1117 4075 de
1156 4019 1294 4077 Filio
1314 4037 1379 4077 ac
1405 4033 1598 4079 sancto
1627 4023 1829 4095 Spiritu

238 4101 575 4160 dicendum.

314 4195 425 4249 Alii
452 4207 646 4252 autem
688 4207 1005 4254 sanctorum
1051 4200 1271 4258 Patrum
1315 4205 1518 4274 ignem,
1554 4205 1827 4262 ﬂammam

241 4296 298 4341 et
343 4288 558 4352 lucem,
614 4288 668 4342 in
697 4290 932 4360 imagine
966 4291 1249 4348 Trinitatis
1285 4306 1721 4366 assumpserunt,
1763 4313 1829 4353 ex

242 4379 447 4444 quibus
481 4381 683 4432 eadem
708 4382 966 4451 colligere
1003 4385 1148 4438 licet.
1175 4385 1372 4440 Beatus
1412 4387 1539 4441 item
1567 4388 1825 4459 Cyrillus,

1955 566 2052 622 Dri
2078 568 2233 637 ejicio
2259 571 2545 638 damonia,
2602 577 2837 644 pro/ecta
2860 580 3089 645 pervenit
3118 581 3167 633 in
3197 597 3284 635 vos
3311 599 3528 653 regnum

1954 656 2048 712 Dei
2077 660 2146 714 .¹⁸.
2178 660 2416 730 Digitum
2456 664 2562 718 hoc
2595 666 2809 727 inloco
2841 670 3104 740 Spiritum
3142 685 3391 727 sanctum
3424 677 3522 739 ait,

1949 749 2366 817 quodammodo
2412 752 2599 808 divina
2644 759 2880 811 essentia
2934 770 3209 820 exortum.
3247 772 3409 831 atque
3457 778 3525 817 ex

1947 850 2007 890 ea
2042 839 2365 893 naturaliter
2392 842 2716 909 pendentem
2745 885 2762 907 ,
2788 891 2808 916 ,
2835 847 2975 901 sicut
3014 856 3064 901 et
3095 848 3300 917 digitus
3328 865 3392 902 ex
3422 849 3526 903 btt-

1948 938 2112 978 mana
2153 927 2353 995 pendet
2383 942 2572 981 manu.
2604 928 2896 985 Bracbium
2929 935 3129 1002 quippe
3160 934 3274 998 Dei,
3306 947 3355 989 et
3391 935 3526 990 dex—

1948 1019 2143 1075 teram,
2202 1010 2401 1067 Filium
2458 1030 2631 1069 sacrm
2683 1015 2906 1073 Litterae
2959 1021 3264 1088 appellant,
3317 1030 3377 1077 ut
3437 1030 3541 1076 est‘

1946 1101 2077 1155 illud
2123 1117 2139 1156 :
2183 1098 2422 1171 saluauit
2464 1105 2564 1158 sibi
2604 1107 2820 1161 dextera
2849 1108 2986 1175 ejus,
3012 1121 3062 1162 et
3104 1109 3371 1164 brachium
3401 1127 3525 1166 san-

1947 1201 2087 1246 ctum
2131 1192 2250 1261 ejus
2281 1193 2347 1248 ¹⁶.
2386 1195 2466 1250 Ac
2517 1211 2738 1251 rursum
2790 1215 2805 1252 :
2856 1198 3096 1262 Domine,
3141 1199 3405 1255 excelsum
3444 1210 3522 1263 est

1946 1285 2221 1339 brachium
2263 1294 2431 1351 tuum,
2467 1298 2517 1341 et
2566 1291 2859 1344 nescierunt
2892 1309 2909 1346 :
2943 1294 3162 1346 scientes
3192 1305 3364 1348 autem
3397 1312 3524 1349 con-
3566 1284 3579 1299 χ

1944 1378 2235 1447 fundentur
2274 1379 2339 1432 η.
2376 1379 2532 1435 Sicut
2562 1395 2694 1452 ergo
2731 1382 3019 1438 brachium
3065 1386 3385 1441 naturaliter
3420 1387 3518 1442 toti

1944 1464 2159 1535 corpori
2191 1473 2504 1535 coaptatum
2545 1475 2651 1532 est,
2719 1480 2919 1525 cuncta
2975 1484 3239 1541 Operaus,
3290 1482 3519 1542 qumque

1943 1560 2113 1613 menti
2143 1559 2256 1615 visa
2304 1558 2532 1625 fuerint,
2586 1555 2742 1629 ungit
2788 1572 2992 1625 autem.
3041 1576 3303 1618 consuete
3347 1564 3519 1635 digito

1943 1649 2011 1704 ad
2059 1649 2165 1705 hoc
2216 1659 2408 1717 utens;
2458 1655 2532 1704 ita
2579 1660 2634 1706 et
2680 1650 2914 1707 Verbum
2950 1655 3041 1709 Dei
3077 1671 3141 1710 ex
3177 1655 3319 1725 ipso.
3358 1664 3410 1709 et
3460 1656 3516 1710 in

1944 1740 2067 1810 ipso
2111 1741 2436 1796 naturaliter
2476 1750 2641 1812 atque
2701 1745 3066 1801 essentialiter
3091 1757 3423 1817 coaptatum,
3459 1753 3520 1799 ut

1941 1833 2015 1886 ita
2046 1830 2296 1897 dixerim,
2340 1842 2504 1901 atque
2564 1844 2811 1889 exortum
2866 1838 3173 1907 cogitamus
3214 1857 3228 1893 :
3272 1839 3325 1893 in
3375 1837 3517 1893 Filio

1941 1932 2124 1977 autem
2161 1924 2483 1977 naturaliter
2531 1926 2680 1992 item,
2721 1936 2775 1981 et
2817 1929 3190 1982 essentialiter
3223 1938 3519 1999 penetran-

1940 2020 2050 2065 tem
2087 2026 2118 2066 a
2158 2009 2321 2066 Patre
2376 2012 2642 2082 Spiritum
2686 2027 2962 2078 sanctum,
3003 2033 3098 2086 per
3126 2034 3286 2088 quem
3328 2021 3517 2074 omnia

1940 2102 2212 2173 inuugens
2238 2103 2562 2159 sanctiiicat.
2587 2100 2705 2158 Non
2735 2104 2902 2174 igitur
2922 2107 3132 2161 alienus
3173 2120 3238 2161 ac
3274 2116 3516 2163 remotus

1938 2206 1969 2246 a
2007 2191 2189 2246 divina
2234 2192 2474 2245 essentia
2516 2193 2732 2247 videtur
2766 2193 3009 2260 Spiritus
3051 2204 3297 2260 sanctus,
3329 2193 3421 2249 sed
3453 2195 3510 2249 in

1938 2280 2078 2349 ipsa,
2108 2288 2272 2348 atque
2298 2296 2361 2335 ex
2397 2281 2513 2349 ipsa
2560 2282 2889 2336 naturaliter
2931 2289 3016 2336 est
3047 2299 3061 2336 :
3098 2282 3246 2337 sicut
3277 2296 3454 2353 neque
3481 2297 3515 2338 a

1937 2386 2171 2441 corpore
2219 2371 2423 2441 digitus
2460 2372 2565 2442 ipsi
2626 2371 2816 2427 manui
2870 2372 3144 2441 ingenitus
3193 2383 3359 2443 atque
3403 2390 3514 2431 una

1938 2473 2187 2519 exortus.
2218 2463 2284 2517 Et
2303 2478 2501 2519 manus
2536 2479 2754 2519 rursum
2782 2466 2838 2519 iu
2859 2479 3091 2535 corpore
3116 2477 3225 2521 non
3259 2465 3513 2535 alteriusJ

1936 2571 2100 2626 quam
2125 2555 2297 2624 ipsius
2328 2555 2647 2610 substantiae
2682 2555 2974 2611 exsistens.
2997 2574 3015 2608 ι

2008 2645 2121 2701 Hoc
2162 2646 2217 2700 in
2253 2646 2377 2701 loco
2420 2660 2520 2715 per
2569 2645 2869 2716 Scriptum
2919 2648 3209 2716 imaginem
3258 2644 3514 2703 Ecclesia

1936 2738 2198 2808 magister
2228 2737 2493 2802 ostendit,
2525 2748 2577 2792 et
2609 2752 2967 2807 personarum
3003 2740 3270 2806 ordinem,
3307 2753 3415 2809 quo
3444 2753 3513 2796 es

1946 2828 2179 2883 invicem
2241 2828 2513 2899 pendent,
2566 2841 2693 2899 puta
2744 2845 2941 2885 manus
2992 2832 3247 2901 corpori,
3301 2829 3512 2900 digitus

1935 2929 2115 2975 autem
2168 2921 2353 2974 manui
2427 2920 2510 2974 vel
2561 2920 2789 2977 brachio
2827 2921 3104 2976 cohaerent
3160 2939 3174 2977 ;
3215 2923 3511 2977 secundum

1936 3028 2097 3082 quem
2128 3014 2374 3067 ordinem
2409 3013 2577 3067 etiam
2619 3013 2814 3068 tertius
2840 3028 2905 3068 es
2936 3013 3114 3083 primo
3141 3029 3237 3083 per
3270 3014 3514 3069 medium

1935 3112 2038 3168 est,
2075 3103 2536 3173 quemadmodum
2573 3112 2627 3156 et
2662 3103 2885 3173 digitus,
2916 3104 3156 3159 naturali
3188 3103 3253 3158 ad
3283 3118 3342 3159 se
3373 3117 3512 3158 con-

1945 3195 2200 3258 nexione,
2238 3201 2291 3247 et
2321 3193 2652 3257 substantia,
2695 3209 2759 3249 ac
2792 3194 2997 3249 virtute
3037 3193 3383 3264 pertingente
3414 3208 3512 3262 per

1943 3286 2257 3343 brachium.
2289 3282 2441 3339 Sicut
2472 3293 2527 3339 et
2553 3299 2787 3355 magnus
2816 3287 2891 3340 ait
2912 3286 3178 3351 Basilius,
3205 3284 3510 3339 naturalem

1941 3378 2243 3434 bonitatem
2310 3376 2625 3444 regiamque
2696 3374 3017 3445 dignitatem
3072 3389 3137 3429 ex
3195 3372 3356 3428 Patre
3414 3386 3515 3443 per

1942 3466 2290 3536 Unigcnitum
2311 3466 2375 3518 ad
2400 3463 2663 3533 Spiritum
2688 3467 3012 3534 pertingere.
3044 3464 3230 3535 Neque
3262 3465 3367 3520 hoc
3415 3478 3514 3520 so-

1941 3559 2078 3619 lum,
2111 3558 2203 3611 sed
2244 3564 2297 3609 et
2330 3555 2512 3608 omnia
2551 3570 2615 3610 ex
2658 3554 2817 3609 Patre
2852 3571 2947 3623 per
2985 3555 3185 3611 Iilium
3230 3557 3283 3611 in
3319 3565 3512 3612 sancto

1942 3647 2147 3717 Spiritu
2191 3654 2247 3700 et
2294 3644 2559 3713 producta
2614 3659 2758 3705 esse,
2804 3654 2861 3699 et
2905 3657 3181 3711 constare,
3236 3648 3509 3717 theologia

1939 3738 2144 3794 docuit.
2198 3736 2378 3806 Ipsum
2428 3750 2558 3806 ergo
2602 3749 2961 3806 personarum
3014 3736 3263 3791 ordinem
3316 3739 3513 3793 doctor

1938 3828 2196 3892 ostendit.
2223 3841 2525 3898 earumque
2545 3826 3010 3882 consubstantiale
3038 3828 3167 3881 hinc
3196 3828 3511 3883 necessario

1940 3921 2263 3975 insinuavit.
2313 3918 2428 3974 Una
2478 3920 2625 3973 enim
2663 3926 2747 3974 est
2794 3920 3070 3989 corporis,
3105 3928 3160 3975 et
3196 3919 3427 3986 brachii,
3455 3929 3512 3977 et

1937 4011 2097 4082 digiti
2157 4010 2424 4065 naturalis
2450 4010 2873 4081 essentialisque
2916 4010 3221 4067 substantia
3263 4026 3510 4081 :‘quam-

1936 4107 2022 4161 vis
2046 4118 2222 4175 neque
2258 4114 2451 4160 manus
2478 4104 2550 4160 sit
2575 4104 2800 4174 digitus,
2830 4116 3011 4174 neque
3043 4104 3251 4176 digitus
3287 4120 3507 4170 manus,

1939 4201 2068 4271 quia
2103 4183 2286 4270 neque
2334 4212 2533 4254 manus
2582 4212 2680 4269 per
2711 4200 2939 4270 digitum
2987 4206 3204 4270 corpori
3256 4210 3510 4270 coaptata

1936 4299 2039 4347 est.
2088 4289 2360 4355 Quocirca
2406 4298 2632 4344 ostenso
2684 4290 2849 4345 etiam
2896 4306 2994 4361 per
3022 4291 3165 4345 banc
3215 4290 3508 4361 imaginem

1937 4393 2294 4447 personarum
2323 4378 2387 4431 ad
2424 4392 2484 4433 se
2510 4380 2755 4433 invicem
2782 4376 3000 4444 Ordine,
3036 4381 3509 4437 consubstantiale

242 4465 301 4517 ᾖ
347 4466 651 4522 Tuum;
695 4470 831 4537 suis,
862 4473 1142 4536 radicem,
1215 4489 1427 4527 ramum
1482 4466 1904 4547 nucum.qu
1934 4468 2183 4537 protinus
2219 4466 2427 4549 addidit
2478 4486 2492 4522 :
2542 4466 2663 4524 Non
2690 4469 2876 4539 igitur,
2918 4469 3115 4540 inquit,
3150 4471 3359 4524 alienus
3414 4486 3510 4525 ne-

248 4570 353 4623 pro
390 4560 765 4615 similitudine
826 4565 1099 4630 sumps't;
1147 4575 1309 4633 atque
1360 4565 1574 4622 Patrem
1621 4585 1828 4637 rosam,

244 4646 429 4703 iurem
497 4649 738 4717 Filium,
813 4653 1110 4723 odorisque
1165 4657 1519 4725 fragrantiatn
1566 4657 1827 4729 Spiritum

256 4751 500 4797 auctum
518 4743 819 4811 appellavit
841 4761 857 4809 ;
892 4742 1125 4816 Filiique
1157 4745 1418 4817 Spiritum
1440 4750 1512 4804 ita
1531 4766 1650 4805 esse
1670 4751 1829 4818 dixit,

254 4835 395 4897 qusi
426 4848 703 4901 vaporem
750 4851 814 4890 ex
861 4852 1023 4905 aqua,
1057 4855 1121 4894 ac
1154 4840 1319 4894 Veluti
1342 4842 1657 4911 qualitatem
1689 4845 1827 4913 ejus.

241 4919 397 4976 Sicut
424 4924 606 4992 igitur
644 4925 857 4980 fructus
885 4943 949 4981 ex
986 4929 1171 4984 radice
1198 4946 1296 5000 per
1320 4946 1535 4985 ramum
1566 4935 1831 4989 naturali-

236 5020 317 5067 ter
361 5016 665 5084 prodiens,
717 5019 1082 5075 substantiam
1122 5038 1187 5078 es
1242 5024 1425 5080 radice
1468 5041 1565 5096 per
1612 5041 1825 5082 ramum

229 5108 470 5175 accipit,
527 5123 641 5160 nun
676 5124 746 5163 ex
793 5111 1005 5176 radice,
1051 5113 1170 5168 sine
1201 5117 1414 5181 medio;
1455 5117 1665 5171 sublata
1700 5131 1828 5171 vero

229 5200 373 5251 nni
423 5199 819 5266 mediatione,
897 5202 1109 5257 fructus
1165 5215 1418 5261 constare
1463 5221 1568 5262 non
1604 5208 1824 5276 poterit,

227 5298 405 5357 atqu
456 5306 571 5345 una
642 5302 696 5347 et
745 5294 1010 5348 naturalis
1060 5297 1293 5365 qualitas
1343 5307 1395 5352 et
1441 5299 1573 5353 ordo
1612 5300 1822 5365 elucet;

228 5380 432 5434 itide.
467 5392 527 5436 et
555 5384 632 5438 de
665 5393 856 5438 saneto
885 5383 1090 5453 Spiritu
1120 5388 1433 5456 dicendum,
1466 5390 1519 5444 in
1557 5402 1820 5460 quantum

221 5475 485 5542 exempti
518 5476 789 5543 permittit
817 5478 1124 5535 inﬁrmitas.
1362 5464 1365 5467 ’
1772 5556 1783 5559 _

296 5561 521 5618 Beatus
551 5566 703 5620 idem
750 5567 988 5639 Cyrillus
1020 5570 1071 5625 in
1124 5570 1406 5628 Thesauris
1445 5575 1559 5629 ait:
1605 5594 1623 5628 ‹
1666 5574 1825 5632 Chri-

293 5742 353 5773 ⁸³
388 5739 556 5796 Joan.
596 5756 673 5808 tv,
708 5743 794 5798 i3.
874 5748 918 5779 ιδ
948 5745 1107 5801 Joan.
1136 5761 1232 5811 vit,
1269 5746 1356 5804 39.

1104 5963 1155 5985 κ

1444 5750 1483 5783 ⁸³
1518 5748 1650 5805 [ιαμ
1682 5767 1743 5816 u,
1787 5752 1869 5818 19,
1919 5751 2010 5808 90.

1927 4574 2032 4628 que
2073 4562 2314 4613 remotus
2345 4573 2375 4612 a
2427 4558 2611 4629 divina
2678 4561 2918 4616 essentia
2977 4570 3058 4615 est
3096 4559 3331 4631 Spiritus
3377 4576 3508 4617 san-

1928 4658 2070 4704 ctus.
2118 4667 2139 4700 ι

2000 4761 2159 4816 Certe
2192 4768 2246 4815 et
2284 4761 2478 4817 beatus
2533 4764 2890 4831 Augustinus,
2930 4779 3091 4833 quem
3142 4779 3410 4818 summum
3454 4777 3509 4821 et

1929 4851 2453 4906 excellentissimum
2483 4852 2759 4908 doctorem
2786 4853 3123 4908 universales
3152 4854 3340 4924 synodi
3366 4869 3508 4922 pra:-

1938 4943 2296 5007 dicaverunt,
2332 4943 2473 4997 sicut
2523 4960 2588 4998 ex
2639 4946 2806 5015 gestis
2852 4946 3205 5016 synodalibus
3266 4952 3504 5005 constat,

1937 5034 2229 5088 humanam
2288 5044 2520 5089 mentem
2556 5051 2655 5105 pro
2704 5036 2861 5091 Patre
2910 5040 2959 5091 in
3010 5037 3243 5105 imagine
3292 5040 3503 5101 sumit;

1942 5122 2176 5179 Verbum
2225 5133 2430 5188 autem,
2469 5127 2611 5195 quod
2639 5126 2861 5179 insitum
2919 5135 3083 5194 atque
3129 5125 3379 5179 intimum
3416 5125 3501 5179 di-

1937 5214 2101 5277 citur,
2139 5230 2239 5284 pro
2263 5205 2422 5281 Filio;
2451 5216 2543 5286 qui
2573 5225 2625 5271 et
2651 5204 2790 5285 apud
2822 5216 3083 5271 Joannem
3112 5218 3503 5285 evangelistam

1936 5308 2028 5361 Dei
2088 5305 2322 5362 Verbum
2378 5308 2558 5362 dictus
2624 5318 2708 5362 est
2747 5325 2760 5361 :
2794 5306 3079 5378 Patrisque
3153 5310 3416 5374 deﬁnitio,
3450 5320 3506 5365 et

1934 5397 2190 5461 Verbum,
2221 5407 2273 5449 et
2305 5412 2524 5467 germen
2577 5413 2629 5453 et
2696 5400 2944 5455 voluntas
2984 5410 3033 5455 et
3080 5402 3420 5470 signaculum
3472 5415 3533 5454 a'

1929 5490 2189 5559 Gregorio
2211 5491 2480 5559 'l‘beologo
2513 5493 2811 5560 appellatus
2858 5504 2939 5547 est
2993 5496 3289 5549 secundmn
3339 5494 3543 5563 quam‘

1943 5582 2179 5636 maxime
2239 5582 2526 5651 imaginem
2557 5586 2608 5636 in
2642 5585 2861 5639 homine
2898 5586 2989 5641 Dei
3017 5590 3193 5657 imago
3239 5597 3503 5675 servetur.

2124 5754 2167 5785 ¹⁸
2210 5752 2352 5809 l’sal.
2390 5773 2553 5822 xcvtt,
2606 5759 2649 5814 Ι.
2766 5764 2807 5794 ’⁷
2841 5764 2981 5817 Psnl.
3028 5778 3176 5822 .\'t.'ll,
3222 5761 3276 5816 4.
