4046 6204
480 348 551 414 ες)
1158 292 1177 301 κ
1350 290 1363 297 Ἢ
1750 340 2071 403 MANUEL

2176 340 2471 403 CALEC/E
3062 290 3073 301 ’
3679 342 3743 407 to

486 459 828 515 Voluntatem
865 470 997 512 vero
1027 469 1145 526 quae
1174 452 1499 511 naturaliter
1521 452 1775 508 omnibus
1810 453 2059 523 ratiopa-
2097 459 2138 514 Α
2172 451 2323 507 diuis
2350 453 2400 504 in
2432 453 2509 508 eis
2558 458 2660 517 est,
2700 451 2750 506 id
2786 451 2893 506 Deo
2942 452 3100 522 longe
3128 452 3347 524 dignius
3400 456 3742 518 ascribimus.

479 554 625 608 libus
674 560 727 605 et
750 549 1205 605 intellectualibus
1241 548 1401 611 inest,
1446 544 1634 598 divino
1673 543 1901 611 Spiritui
1939 544 2072 596 assi-

481 654 633 711 gnat,
657 642 851 711 partim
880 638 1097 708 quidem
1127 653 1193 691 ex
1218 637 1418 691 divinis
1445 634 1688 701 Litteris,
1711 633 1945 703 exempli
1972 634 2076 687 liu-

476 737 566 806 jus
608 733 923 791 occasiones
949 743 1196 791 sumens,
1230 727 1448 796 partim,
1501 727 1631 794 quia
1674 724 2075 789 intellectualis,

482 837 536 879 et
562 824 865 887 rationalis,
895 836 959 875 ac
982 820 1173 874 volens
1200 817 1344 871 Deus
1369 826 1423 871 et
1457 817 1657 871 dicitur
1677 823 1729 870 et
1755 824 1859 870 est.
1892 815 2078 885 Neque

480 918 627 970 enim
670 917 877 970 ratione
932 922 984 966 et
1035 912 1315 964 voluntate
1346 909 1566 978 prmdita
1622 924 1861 977 unquam
1885 918 2077 977 protu-

485 1004 665 1072 lisset,
718 1006 819 1059 nisi
876 1003 989 1056 haec
1017 1000 1169 1071 prius
1214 1000 1269 1054 in
1299 1014 1357 1055 se
1415 999 1572 1069 longe
1622 999 2078 1055 excellentissime

491 1097 738 1151 haberet.

559 1184 1030 1252 Quemadmodum
1053 1200 1181 1240 vero
1198 1184 1375 1240 Patris
1389 1182 1650 1247 deﬁnitio,
1676 1192 1729 1238 et
1744 1180 1979 1237 Verbum
1996 1183 2078 1236 in-

485 1269 671 1337 situm,
699 1273 993 1327 essentiale
1036 1289 1098 1328 ac
1129 1273 1488 1329 substantiale
1531 1282 1652 1327 est:
1686 1272 1758 1327 ita
1789 1282 1844 1327 et
1879 1272 2076 1341 hujus-

487 1364 636 1418 modi
696 1364 956 1418 voluntas
987 1373 1093 1428 est,
1115 1364 1416 1419 secundum
1441 1379 1609 1431 quam
1636 1363 1779 1419 Deus
1836 1364 2075 1433 seipsnm

490 1456 628 1519 vult,
682 1454 825 1508 sicut
857 1462 911 1510 et
967 1456 1267 1509 secundum
1319 1453 1557 1509 Verbum
1607 1468 1792 1517 suum,
1834 1454 2076 1523 seipsum

486 1544 757 1611 intelligit.
784 1541 1003 1597 Nullum
1039 1545 1185 1600 enim
1246 1552 1328 1607 es;
1357 1544 1410 1597 in
1460 1544 1567 1598 Deo
1617 1544 1896 1599 accidens.
1945 1542 2079 1599 Ver-

485 1636 613 1689 hum
656 1636 821 1704 igitur
845 1636 962 1689 sine
990 1635 1169 1689 medio
1193 1650 1257 1689 ex
1283 1643 1464 1689 mente
1494 1650 1509 1688 :
1534 1634 1789 1692 voluntas
1803 1644 1981 1689 autem
2010 1650 2074 1690 cx

486 1736 668 1782 mente
694 1742 788 1797 per
809 1725 1046 1781 Verbum
1075 1736 1176 1781 est.
1206 1725 1545 1797 Impossibile
1568 1735 1653 1782 est
1673 1727 1818 1781 enim
1844 1726 2077 1797 quemli-

2181 542 2319 597 liinc
2355 546 2498 597 enim
2531 544 2998 598 consubstantiale
3029 545 3337 599 divinarum
3368 562 3743 616 personarum,

2178 634 2539 704 ordinemque
2570 635 2637 689 ad
2670 635 2898 689 invicem
2922 650 3110 690 earum
3144 637 3281 690 clam
3316 639 3583 703 tollimus,
3608 644 3747 697 sicut

2180 727 2233 781 in
2268 726 2437 790 fonte,
2472 737 2526 781 et
2555 727 2747 784 ﬂuvio.
2784 735 2836 781 et
2868 728 2986 781 viva
3015 742 3155 796 aqua
3214 728 3397 783 habet.
3436 727 3576 786 llinc
3605 733 3747 787 ordi-

2180 819 2265 873 nis
2294 820 2595 884 immobile,
2632 819 2947 873 nullatenus
3005 820 3390 888 personalibus
3447 824 3747 892 proprieta-

2179 911 2326 965 tibus
2357 911 2539 977 motis;
2576 926 2753 980 neque
2778 910 2923 964 enim
2954 911 3118 967 fontis
3141 912 3353 977 oculos,
3381 912 3503 968 fons
3528 915 3745 982 dicitur;

2179 1017 2355 1069 neque
2386 1002 2530 1064 fons,
2568 1002 2789 1057 ﬂuvius.
2826 1000 3015 1072 Neque
3065 1018 3258 1058 rursus
3288 1006 3389 1070 sol,
3424 1007 3611 1061 radius
3658 1024 3747 1061 vo-

2180 1101 2377 1155 catur;
2440 1108 2617 1158 neque
2674 1093 2858 1148 radius
2918 1108 2983 1147 ea
3024 1109 3145 1162 quae
3208 1111 3305 1164 per
3355 1096 3500 1151 hunc
3568 1107 3751 1153 manat

2179 1192 2343 1252 atque
2364 1182 2687 1238 diﬂ'unditur
2712 1184 2823 1249 lux,
2887 1199 3010 1239 cum
3068 1194 3120 1240 et
3166 1186 3281 1251 ipse
3310 1194 3457 1241 certe
3516 1187 3590 1243 sit
3634 1188 3746 1242 lux.

2180 1274 2443 1328 Servandi
2501 1284 2679 1329 tamen
2747 1276 2957 1331 ordinis
3013 1290 3204 1340 causa,
3260 1277 3473 1347 singula
3522 1281 3749 1351 singulis

2180 1365 2401 1417 nomina
2432 1364 2725 1433 distributa
2782 1373 2837 1420 et
2866 1376 3118 1435 separata
3174 1378 3322 1423 sunt.
3363 1369 3516 1424 Sicut
3573 1387 3749 1440 neque

2178 1454 2338 1509 Pater
2370 1455 2542 1510 Filius
2575 1467 2678 1520 est,
2712 1471 2889 1526 neque
2945 1457 3114 1513 Filius
3146 1457 3324 1526 Pater,
3358 1476 3534 1530 neque
3578 1462 3747 1532 Spiri-

2181 1558 2268 1604 tus
2294 1560 2518 1605 sanctus
2544 1548 2705 1607 Pater
2737 1561 2831 1605 aut
2861 1551 3055 1608 Filius.

2249 1642 2426 1711 Atque
2482 1643 2700 1699 aliunde
2758 1645 2980 1713 quidem
3035 1660 3389 1713 personarum
3450 1649 3579 1702 unio
3615 1648 3748 1704 insi-

2178 1738 2405 1785 nuatur.
2454 1732 2691 1789 Basilius
2750 1734 2952 1803 quippe
3010 1736 3245 1791 eximius
3320 1737 3473 1793 iridis
3504 1739 3747 1807 exemplo

487 1818 576 1872 bet
627 1819 905 1888 qnedlihct
954 1828 1045 1873 aut
1090 1818 1499 1888 quomodolibet
1554 1818 1689 1874 velle
1714 1858 1728 1882 ,
1774 1818 1879 1872 nisi
1931 1818 2079 1886 prius
2114 1824 2155 1880 Β
2186 1838 2319 1877 usus
2347 1834 2451 1878 est.
2488 1821 2544 1877 in
2574 1840 2699 1893 qua,
2726 1839 2849 1880 cum
2877 1826 3049 1881 unitio
3102 1828 3472 1896 discretioque
3498 1829 3745 1882 colorum

488 1909 814 1979 cogitaverit
868 1907 999 1978 quid
1053 1908 1204 1965 velit.
1239 1907 1426 1978 Itaque
1454 1908 1711 1963 voluntas
1734 1924 1832 1978 per
1855 1910 2076 1962 verbum

498 2010 547 2053 et
581 2015 645 2053 ex
684 1999 851 2053 verbo
884 2000 1149 2069 procedit.
1198 1998 1324 2054 Ideo
1365 2008 1419 2054 et
1448 2000 1605 2054 bruta
1637 2000 1917 2066 animalia,
1951 1999 2078 2068 quia

484 2090 653 2144 verbo
706 2099 758 2144 et
792 2090 1001 2144 ratione
1022 2098 1228 2155 carent,
1261 2104 1436 2159 neque
1461 2089 1672 2154 volunt,
1714 2105 1891 2160 neque
1943 2090 2079 2146 velle

484 2181 761 2245 dicuntur,
789 2182 882 2237 sed
949 2181 1183 2236 naturali
1247 2191 1396 2235 metu
1439 2181 1885 2236 irrationabiliter
1921 2180 2075 2239 ferri.

484 2272 753 2339 Quoniam
802 2274 965 2345 igitur
1010 2274 1230 2327 verbum
1255 2275 1321 2327 ad
1391 2283 1627 2328 mentem
1689 2270 1940 2335 refertur,
1982 2286 2076 2324 vo-

485 2370 778 2437 luntasque
810 2367 1118 2421 necessario
1170 2381 1236 2419 ex
1270 2375 1448 2420 mente
1490 2380 1587 2433 per
1619 2364 1842 2418 verbum
1876 2364 2074 2432 prodit,

494 2461 639 2530 quod
672 2458 1013 2529 propositum
1036 2465 1174 2524 erat,
1200 2458 1326 2512 hinc
1350 2458 1514 2511 etiam
1545 2465 1825 2512 ostensum
1851 2465 1957 2510 est.

555 2555 734 2620 Atque
785 2550 1032 2620 exempla
1078 2549 1328 2619 quidem,
1378 2564 1497 2618 qua:
1566 2548 1740 2602 sancti
1790 2555 2077 2602 assumunt

484 2642 793 2713 huiusmodi
827 2651 975 2696 sunt.
1028 2640 1181 2694 Sicut
1213 2648 1392 2693 autem
1444 2638 1647 2692 ﬂuvius
1677 2638 1790 2709 (18)
1843 2653 1951 2692 non
1991 2646 2077 2692 est

483 2735 603 2789 sine
624 2733 801 2788 medio
840 2747 902 2788 ex
928 2733 1111 2795 oculo,
1147 2746 1324 2797 neque
1378 2730 1469 2783 lux
1500 2726 1621 2785 esse
1654 2729 1809 2783 aliter
1871 2740 2074 2798 posset,

485 2827 586 2880 nisi
614 2840 681 2880 ex
701 2823 812 2878 sole
835 2838 929 2893 per
950 2826 1180 2887 radium,
1201 2835 1378 2887 neque
1407 2822 1527 2874 viva
1552 2834 1693 2890 aqua
1714 2835 1778 2874 ex
1795 2819 1941 2875 fonte
1960 2821 2076 2873 sine

482 2916 686 2981 medio,
716 2916 808 2971 sed
836 2931 930 2985 per
978 2914 1199 2969 ﬂuvium
1268 2922 1486 2979 manat,
1546 2928 1723 2982 neque
1754 2912 1962 2968 fructus
2007 2927 2075 2966 ex

487 3008 671 3062 radice
737 3007 856 3063 sine
875 3007 1011 3061 rami
1031 3006 1227 3061 medio.
1259 3006 1373 3061 iloc
1402 3006 1548 3060 enim
1589 3021 1771 3061 rerum
1826 3006 2071 3063 ordinem

480 3113 550 3153 ac
611 3096 933 3152 substantiie
1005 3110 1325 3167 processum
1386 3095 1669 3151 confundit
1717 3104 1771 3151 et
1830 3094 2070 3163 perimit,

2183 1912 2425 1968 suaviter
2476 1922 2531 1968 et
2557 1915 2771 1970 modice
2797 1926 3078 1985 appareat,
3103 1932 3211 1970 non
3243 1927 3422 1972 tamen
3457 1932 3747 1985 processus

2184 2004 2290 2059 ulla
2328 2004 2379 2058 in
2413 2005 2499 2060 his
2527 2008 2669 2062 ratio
2705 2009 3018 2075 inspicitur.
3050 2008 3286 2063 Aliunde
3316 2016 3496 2063 autem
3528 2024 3749 2077 proces-

2180 2110 2277 2151 sus
2311 2110 2434 2151 cum
2468 2099 2663 2153 ordine
2727 2100 3031 2155 diﬂerentia
3091 2100 3387 2170 colligitur,
3456 2100 3536 2154 vel
3592 2100 3747 2169 plura

2179 2199 2299 2239 esse
2332 2200 2397 2239 ex
2440 2200 2572 2251 uno,
2615 2187 2719 2241 alia
2750 2202 2873 2242 esse
2921 2203 2984 2242 ex
3022 2187 3150 2253 alio,
3211 2187 3263 2241 in
3302 2202 3463 2242 unam
3511 2188 3749 2256 aliquam

2179 2275 2423 2330 veritatis
2462 2276 2877 2332 similitudinem
2910 2279 3196 2348 phantasia
3229 2278 3541 2347 coHigente.
3573 2277 3751 2348 Opor-

2182 2375 2257 2419 tet
2283 2366 2430 2420 enim
2457 2382 2579 2431 nos,
2609 2367 2853 2437 quandiu
2907 2368 2959 2422 in
3015 2368 3222 2424 umbris
3262 2376 3315 2422 et
3368 2370 3753 2440 anigmatibns

2182 2460 2437 2523 vivimus,
2471 2459 2556 2514 his
2584 2460 2770 2524 rebus,
2808 2475 2929 2530 qua
2954 2463 3109 2517 nobis
3155 2463 3399 2518 notiores
3438 2475 3584 2530 sunt,
3634 2466 3754 2519 vel-

2179 2554 2255 2603 uti
2319 2550 2642 2618 quibusdam
2706 2551 3052 2608 adminiculis
3100 2554 3166 2608 ad
3228 2554 3397 2609 Deum
3439 2555 3579 2609 niti:
3636 2571 3757 2610 cre-

2178 2642 2369 2693 dentes
2434 2642 2654 2710 quidem
2709 2643 3085 2714 principaliter
3124 2657 3189 2700 ac
3256 2646 3584 2709 necessario,
3662 2645 3755 2700 bis

2178 2745 2297 2799 qua:
2336 2730 2461 2784 inde
2489 2741 2731 2798 manant,
2762 2735 3089 2801 sententiis;
3154 2737 3580 2791 consolationem
3615 2753 3753 2792 vero

2177 2821 2339 2872 etiam
2365 2834 2431 2874 ex
2481 2822 2565 2875 bis
2600 2838 2720 2891 qua:
2745 2824 3021 2891 videntur,
3047 2834 3313 2894 quantum
3346 2827 3494 2891 licet,
3532 2828 3755 2895 capien-

2180 2919 2280 2975 tes,
2333 2922 2709 2984 quantumque
2769 2928 3034 2971 creatura:
3086 2918 3139 2972 in
3181 2934 3238 2973 se
3270 2919 3402 2987 ipsis
3447 2932 3752 2973 creatorem

2177 3004 2391 3057 exiliter
2434 3005 2715 3060 insinuare
2783 3017 3055 3076 possunt:
3110 3009 3455 3079 visibiliaqne
3504 3010 3757 3063 invisibi-

2178 3092 2281 3147 lem
2326 3095 2576 3149 vehicula
2610 3096 2860 3165 quadam
2900 3097 2966 3151 ad
2997 3097 3230 3167 primam
3261 3100 3542 3154 veritatem
3593 3101 3755 3155 exiti-

484 3189 545 3243 ln
579 3190 687 3254 liis,
746 3196 800 3242 et
831 3188 888 3242 in
951 3190 1164 3243 caneris
1208 3203 1329 3257 quae
1376 3188 1780 3258 proposuimus,
1809 3186 2071 3255 exemplis
2103 3158 2144 3213 θ
2179 3185 2379 3239 hcnlia.

487 3280 675 3334 eadem
722 3277 963 3348 profecto
990 3281 1201 3334 ratione
1222 3288 1276 3333 et
1320 3287 1543 3334 sanctus
1570 3276 1803 3347 Spiritus
1828 3277 2072 3331 rationa-

484 3369 666 3424 biliter
723 3384 787 3423 ex
824 3370 992 3425 Patre
1021 3370 1139 3424 sine
1195 3370 1373 3424 medio
1430 3384 1537 3424 non
1585 3369 1805 3423 dicitur.
1854 3367 2073 3423 Tertius

482 3461 627 3516 enim
660 3476 689 3514 a
722 3460 889 3517 Patre
916 3446 1241 3517 secundum
1292 3460 1635 3531 personalem
1697 3459 1942 3514 ordinem
1978 3475 2077 3528 pu-

482 3553 655 3618 nitur,
686 3564 849 3622 atque
870 3566 966 3621 per
992 3551 1197 3621 filium
1251 3566 1372 3607 esse
1397 3566 1461 3605 ac
1486 3549 1783 3621 procedere
1807 3565 1837 3605 a
1866 3550 2071 3607 theolo-

482 3647 565 3717 gis
588 3656 956 3702 asseveratur.
992 3624 1184 3702 Dicere
1219 3656 1402 3701 autem
1433 3661 1499 3699 ex
1533 3645 1692 3700 Patre
1716 3646 1835 3701 sine
1888 3645 2070 3699 medio

483 3754 609 3794 esse
637 3738 903 3809 Spiritum
937 3750 1185 3795 sanctum
1220 3754 1410 3793 eorum
1434 3748 1540 3800 est,
1577 3738 1668 3808 qui
1720 3752 1881 3791 unam
1933 3732 2070 3792 lucis

487 3833 1010 3902 contemperantiam
1044 3833 1327 3896 dividunt;
1376 3829 1631 3899 quodque
1688 3829 1907 3886 dicitur,
1958 3836 2069 3882 tres

484 3939 749 3993 personas
776 3938 835 3978 se
859 3924 1091 3977 invicem
1117 3922 1421 3987 continere,
1474 3928 1789 3990 cateneque
1827 3918 2067 3973 Trinita-

484 4024 594 4068 tem
618 4012 934 4073 assimilari,
964 4026 1028 4065 ac
1050 4020 1244 4065 caetera
1275 4010 1586 4081 hujusmodi
1621 4011 1868 4080 exempla
1902 4027 1918 4063 :
1945 4025 2067 4078 qua:

494 4104 727 4174 quadam
779 4101 1106 4156 rectitudine
1186 4101 1433 4156 ordinem
1483 4101 1537 4154 in
1557 4110 1745 4154 sancta
1800 4099 2068 4154 Trinitate

487 4195 715 4265 intelligi
772 4194 985 4259 volunt,
1022 4208 1199 4262 neque
1222 4193 1366 4247 enim
1418 4192 1577 4247 aliter
1622 4203 1916 4256 constaret;
1944 4207 2065 4245 om-

485 4289 615 4342 nino
654 4295 853 4356 negant
873 4284 1078 4350 omnia,
1112 4297 1272 4353 atque
1301 4299 1331 4338 θ
1353 4282 1489 4338 Filio
1512 4282 1777 4352 Spiritum
1797 4287 1947 4354 juxta
1964 4284 2065 4336 tri-

479 4376 671 4445 anguli
700 4374 1026 4445 positionem
1060 4372 1331 4426 dirimunt
1374 4371 1529 4440 cujus
1588 4371 1759 4425 latera
1798 4364 1857 4424 in
1882 4371 2011 4425 base
2034 4386 2064 4424 a

2247 3273 2404 3329 Unde
2438 3285 2493 3330 et
2547 3275 2840 3346 Gregorius
2891 3275 3201 3346 Theologus
3241 3277 3405 3330 aitu
3465 3277 3607 3331 Nihil
3660 3290 3755 3334 est

2173 3364 2318 3433 quod
2344 3366 2475 3419 mihi
2516 3367 2756 3421 animant
2792 3367 2953 3423 sistat
3006 3367 3319 3436 inspicienti
3358 3370 3412 3421 in
3476 3370 3751 3438 exemplis

2176 3456 2252 3519 id,
2309 3461 2453 3527 quod
2519 3459 2806 3528 imaginari
2862 3467 2918 3514 et
2980 3460 3281 3527 consiiicari
3344 3475 3527 3529 pergo,
3579 3480 3596 3513 ι
3636 3462 3752 3516 nisi

2172 3548 2297 3616 quis
2330 3565 2499 3604 unum
2541 3551 2745 3619 aliquid
2780 3566 3004 3605 sumens
3054 3565 3165 3619 pra:
3192 3552 3526 3619 gratitudine
3576 3553 3750 3621 proji-

2172 3638 2280 3693 ciat
2312 3641 2542 3711 reliqua.
2581 3642 2635 3695 Si
2696 3644 2843 3696 enim
2877 3651 3096 3712 propter
3137 3642 3250 3708 illa,
3297 3657 3418 3711 qua:
3458 3644 3746 3697 materiam

2171 3740 2334 3801 atque
2374 3733 2760 3787 univcrsaliter
2796 3743 2977 3787 creata
3036 3743 3383 3800 sequuntur:
3436 3750 3609 3801 neque
3641 3752 3749 3789 cs-

2170 3821 2359 3873 sentiae
2423 3820 2787 3885 identitatem,
2825 3835 3006 3890 neque
3061 3821 3334 3887 ordinem,
3375 3838 3441 3877 ex
3480 3824 3563 3879 liis
3620 3840 3746 3893 quae

2168 3909 2313 3962 dicta
2345 3919 2491 3977 sunt,
2542 3912 2811 3980 exemplis
2856 3912 2911 3965 in
2961 3913 3071 3967 Deo
3101 3914 3352 3982 aequabili
3392 3917 3745 3985 proportione

2169 4014 2483 4054 sumemus:
2537 4016 2884 4071 nequaquam
2933 4003 3115 4058 dicere
3181 4006 3450 4075 quispiam
3514 4007 3741 4075 poterit,

2169 4091 2305 4145 nihil
2337 4091 2449 4147 haec
2471 4092 2631 4148 nobis
2663 4094 2907 4163 exempla
2936 4096 3218 4165 prodesse,
3270 4098 3424 4166 quasi
3474 4096 3675 4152 fruatra
3711 4116 3743 4153 a

2167 4183 2370 4265 sanctis
2401 4183 2606 4239 iuerint
2638 4199 2703 4239 ac
2738 4185 2858 4241 sine
2902 4196 3052 4241 certa
3082 4187 3293 4241 ratione
3319 4197 3591 4256 suscepta.

2238 4273 2329 4327 Sic
2370 4274 2533 4343 igitur
2561 4275 2760 4331 divinae
2790 4276 3317 4343 Trinitatis‘ordiue,
3354 4273 3584 4347 Filiique
3625 4295 3745 4335 me-

2167 4364 2277 4430 dio,
2316 4367 2695 4435 multipliciter
2724 4382 2754 4420 a
2780 4368 3144 4423 sanctissima:
3169 4369 3430 4425 Ecclesia;
3461 4372 3741 4441 magistris

482 4482 547 4523 se
575 4466 1052 4522 disterminantur.
1115 4463 1221 4518 Sed
1278 4465 1385 4518 hoc
1426 4464 1745 4532 praedictum
1804 4462 2066 4531 pervertit
2102 4493 2143 4546 υ
2174 4461 2452 4527 roborato,
2480 4471 2737 4526 constat,
2766 4463 2916 4532 quia,
2946 4464 2989 4517 si
3021 4464 3113 4532 qui
3153 4474 3466 4519 sanctorum
3509 4480 3739 4534 usquam

481 4558 761 4623 ordinem;
785 4564 840 4609 et
866 4553 1073 4625 quaede
1117 4554 1219 4607 huc
1264 4568 1293 4606 a
1337 4553 1543 4607 sanctis
1571 4550 1823 4608 Patribus
1871 4551 2066 4607 dicun-

484 4661 601 4715 tur,
623 4647 800 4705 aul'ert
823 4648 1028 4701 omnia.
1054 4646 1129 4701 lta
1158 4645 1305 4699 enim
1338 4644 1585 4714 cogitare
1642 4645 1847 4709 licebit,
1867 4645 2069 4699 sectio-

486 4757 611 4794 nem
660 4756 724 4795 ac
776 4740 1096 4795 divisionem
1134 4737 1257 4792 Filii
1300 4736 1707 4805 etSpiI-itus,ac
1754 4734 1950 4790 Filium
1982 4752 2067 4790 co.

472 4833 660 4901 .gitare
685 4831 802 4885 sine
833 4829 1081 4899 Spiritu;
1110 4838 1165 4883 et
1205 4844 1327 4883 cum
1376 4826 1573 4881 Filium
1609 4818 1875 4888 dié‘emus,
1895 4840 2071 4895 neque

488 4924 724 4992 invicem
751 4922 1070 4984 contineri,:
1109 4930 1163 4975 et
1202 4919 1476 4975 contraria
1505 4919 1727 4973 omnino
1764 4928 2064 4986 sequentur

487 5016 671 5070 omnia
705 5016 789 5069 his
814 5030 936 5084 quae
974 5029 1003 5068 a
1038 5013 1242 5067 sanctis
1273 5011 1416 5066 dicta
1447 5019 1609 5075 sunt;
1668 5008 1762 5063 sed
1814 5008 1865 5061 id
1925 5023 2081 5062 sane

492 5109 755 5176 ineptum,
786 5107 1055 5162 insulsum
1085 5115 1247 5173 atque
1278 5106 1524 5173 impium.

560 5198 638 5254 Ne
663 5210 843 5254 tamen
889 5200 941 5254 id
987 5199 1294 5269 quempiam
1345 5194 1651 5258 conturbet,
1706 5192 1909 5255 nullus,
1945 5207 2065 5260 qua:

492 5291 546 5344 in
582 5291 808 5344 materia
843 5294 1190 5360 contingunt,
1222 5288 1333 5342 Deo
1359 5287 1566 5340 tribuit.
1596 5285 1814 5337 Locatia
1860 5282 2059 5352 quippe

493 5382 923 5451 temporaliaque
958 5379 1260 5441 intervalla,
1313 5386 1366 5431 et
1396 5391 1516 5446 qua:
1565 5374 1733 5427 ﬂuxui
1789 5389 1852 5427 ac
1918 5389 2059 5425 mor-

492 5473 689 5527 talitali
723 5487 850 5529 sunt
877 5474 1135 5537 obnoxia,
1168 5468 1407 5524 materiae
1434 5466 1812 5535 relinquimus.
1848 5463 1903 5518 Si
1932 5464 2060 5531 quid

490 5577 673 5622 autem
706 5566 1073 5635 perfectionis,
1130 5573 1293 5632 atque
1324 5562 1391 5616 ad
1449 5562 1758 5615 Creatorem
1814 5558 2065 5613 similitu-

500 5816 503 5819 δ
566 5750 679 5822 (l8)
724 5749 802 5804 lla
834 5747 995 5803 habet
1029 5764 1131 5802 ms.

2174 4553 2360 4607 dixere
2399 4556 2676 4624 geminum
2717 4557 2952 4621 radium,
2981 4572 3045 4610 ac
3066 4556 3279 4623 gemina
3310 4557 3517 4613 lumina
3539 4557 3738 4624 Patris,

2175 4643 2396 4711 Filium,
2445 4662 2509 4701 ac
2537 4648 2838 4716 Spiritum:
2877 4664 3197 4717 ramumque
3229 4650 3519 4719 duplicem,
3566 4667 3629 4704 ac
3654 4667 3744 4704 se-

2174 4737 2351 4790 cunda
2378 4738 2573 4803 Patris,
2602 4740 2651 4792 id
2684 4743 2827 4809 quod
2848 4756 2878 4793 a
2923 4739 3187 4809 Gregorio
3212 4741 3488 4812 Tlieologo
3520 4743 3743 4810 quidam

2176 4830 2426 4883 versibus
2451 4830 2651 4883 dictum
2683 4832 2943 4897 referunt,
2968 4848 3082 4886 non
3114 4834 3474 4889 adversantur
3504 4835 3586 4887 liis
3620 4850 3746 4902 qua:

2174 4919 2320 4974 dicta
2345 4929 2510 4985 sunt,
2565 4936 2738 4991 neque
2786 4923 2888 4976 sibi
2926 4926 3079 4993 ipsis,
3123 4941 3298 4995 neque
3346 4927 3573 4980 invicem
3604 4942 3746 4980 con-

2172 5013 2342 5066 traria
2374 5021 2522 5067 sunt.
2556 5011 2740 5083 Neque
2760 5014 2904 5068 enim
2933 5015 3012 5070 illi
3044 5018 3348 5073 divinarum
3386 5032 3744 5086 personarum

2170 5106 2235 5156 ad
2269 5104 2498 5157 invicem
2524 5106 2792 5172 ordinem,
2829 5122 3129 5179 earumque
3170 5123 3486 5177 processum
3528 5108 3744 5160 tradere

2172 5195 2557 5261 instituebant,
2607 5211 2730 5250 cum
2791 5200 2896 5252 ista
2930 5202 3198 5265 dicerent,
3257 5199 3351 5251 sed
3416 5196 3742 5265 simpliciter

2175 5295 2285 5340 trcs
2323 5296 2534 5339 tantum
2573 5302 2694 5342 esse
2749 5305 3029 5358 personas,
3088 5275 3441 5357 causaliaque
3486 5303 3517 5341 a
3577 5287 3744 5342 Patre

2166 5391 2286 5428 esse
2334 5376 2529 5431 Filium
2574 5388 2626 5431 et
2655 5379 2915 5449 Spiritum
2942 5389 3213 5443 sanctum,
3240 5394 3568 5446 causamque
3597 5380 3747 5435 unde

2171 5479 2367 5521 cuncta
2402 5472 2702 5526 manarint.
2731 5471 2831 5525 Per
2860 5473 2973 5525 haec
3002 5472 3148 5524 enim
3182 5470 3421 5524 indicant
3455 5472 3636 5525 omnia
3670 5474 3739 5525 ad

2177 5559 2390 5614 l‘atrem
2463 5560 2675 5618 referri.
2736 5561 2981 5632 Namque
3031 5562 3133 5617 sub
3180 5548 3410 5617 causalis
3467 5564 3739 5630 deﬁnitio-
