  <div class='ocr_page' id='page_1' title='image "/cluster/home/n/w/nwhite01/storage/ocr_20150623/152/hvd.32044073502635/032.png"; bbox 0 0 4046 6204; ppageno 0'>
   <div class='ocr_carea' id='block_1_1' title="bbox 305 317 3534 403">
    <p class='ocr_par' dir='ltr' id='par_1_1' title="bbox 305 317 3534 403">
     <span class='ocr_line' id='line_1_1' title="bbox 305 317 3534 403; baseline 0.003 -24"><span class='ocrx_word' id='word_1_1' title='bbox 305 317 363 379; x_wconf 74' lang='grc' dir='ltr'>Η</span> <span class='ocrx_word' id='word_1_2' title='bbox 1417 321 1818 382; x_wconf 76' lang='lat' dir='ltr'><strong>ADVERSUS</strong></span> <span class='ocrx_word' id='word_1_3' title='bbox 1854 320 2173 385; x_wconf 57' lang='lat' dir='ltr'><strong>GRAECOS</strong></span> <span class='ocrx_word' id='word_1_4' title='bbox 2215 326 2357 386; x_wconf 79' lang='lat' dir='ltr'><strong>LIB.</strong></span> <span class='ocrx_word' id='word_1_5' title='bbox 2400 328 2452 388; x_wconf 90' lang='grc' dir='ltr'><strong>Ι.</strong></span> <span class='ocrx_word' id='word_1_6' title='bbox 3463 340 3534 403; x_wconf 64' lang='lat'><strong>43</strong></span> 
     </span>
    </p>
   </div>
   <div class='ocr_carea' id='block_1_2' title="bbox 307 435 3537 523">
    <p class='ocr_par' dir='ltr' id='par_1_2' title="bbox 307 435 3537 523">
     <span class='ocr_line' id='line_1_2' title="bbox 307 435 3537 523; baseline 0.007 -32"><span class='ocrx_word' id='word_1_7' title='bbox 307 453 450 501; x_wconf 87' lang='lat' dir='ltr'><strong>nem,</strong></span> <span class='ocrx_word' id='word_1_8' title='bbox 485 444 718 505; x_wconf 87' lang='lat' dir='ltr'><strong>utraque</strong></span> <span class='ocrx_word' id='word_1_9' title='bbox 764 435 1043 491; x_wconf 86' lang='lat' dir='ltr'><strong>deducunt</strong></span> <span class='ocrx_word' id='word_1_10' title='bbox 1070 436 1225 508; x_wconf 82' lang='lat' dir='ltr'><strong>juxta</strong></span> <span class='ocrx_word' id='word_1_11' title='bbox 1277 438 1515 509; x_wconf 80' lang='lat' dir='ltr'><strong>priorem</strong></span> <span class='ocrx_word' id='word_1_12' title='bbox 1575 441 1863 496; x_wconf 70' lang='lat' dir='ltr'><strong>discretio»</strong></span> <span class='ocrx_word' id='word_1_13' title='bbox 1897 443 1939 501; x_wconf 77' lang='grc' dir='ltr'><strong>Α</strong></span> <span class='ocrx_word' id='word_1_14' title='bbox 1972 445 2439 501; x_wconf 89' lang='lat' dir='ltr'><strong>consubstantiale</strong></span> <span class='ocrx_word' id='word_1_15' title='bbox 2464 445 2775 517; x_wconf 76' lang='lat' dir='ltr'><strong>significare</strong></span> <span class='ocrx_word' id='word_1_16' title='bbox 2806 449 2943 503; x_wconf 86' lang='lat' dir='ltr'><strong>velle</strong></span> <span class='ocrx_word' id='word_1_17' title='bbox 2972 460 3265 515; x_wconf 76' lang='lat' dir='ltr'><strong>assereret,</strong></span> <span class='ocrx_word' id='word_1_18' title='bbox 3304 454 3537 523; x_wconf 86' lang='lat' dir='ltr'><strong>primum</strong></span> 
     </span>
    </p>
   </div>
   <div class='ocr_carea' id='block_1_3' title="bbox 1973 534 3629 604">
    <p class='ocr_par' dir='ltr' id='par_1_3' title="bbox 1973 534 3629 604">
     <span class='ocr_line' id='line_1_3' title="bbox 1973 534 3629 604; baseline 0.01 -16"><span class='ocrx_word' id='word_1_19' title='bbox 1973 534 2194 602; x_wconf 84' lang='lat' dir='ltr'><strong>quidem</strong></span> <span class='ocrx_word' id='word_1_20' title='bbox 2245 539 2548 593; x_wconf 88' lang='lat' dir='ltr'><strong>secundum</strong></span> <span class='ocrx_word' id='word_1_21' title='bbox 2588 540 3055 597; x_wconf 71' lang='lat' dir='ltr'><strong>consubstantiale</strong></span> <span class='ocrx_word' id='word_1_22' title='bbox 3110 544 3290 601; x_wconf 89' lang='lat' dir='ltr'><strong>nullus</strong></span> <span class='ocrx_word' id='word_1_23' title='bbox 3342 547 3392 600; x_wconf 93' lang='lat' dir='ltr'><strong>in</strong></span> <span class='ocrx_word' id='word_1_24' title='bbox 3430 547 3541 604; x_wconf 88' lang='lat' dir='ltr'><strong>Deo</strong></span> <span class='ocrx_word' id='word_1_25' title='bbox 3622 548 3629 557; x_wconf 90' lang='grc'><em>’</em></span> 
     </span>
    </p>
   </div>
   <div class='ocr_carea' id='block_1_4' title="bbox 304 544 450 583">
    <p class='ocr_par' dir='ltr' id='par_1_4' title="bbox 304 544 450 583">
     <span class='ocr_line' id='line_1_4' title="bbox 304 544 450 583; baseline -0.021 0"><span class='ocrx_word' id='word_1_26' title='bbox 304 544 450 583; x_wconf 65' lang='lat' dir='ltr'><strong>“CIII.</strong></span> 
     </span>
    </p>
   </div>
   <div class='ocr_carea' id='block_1_5' title="bbox 376 638 1867 711">
    <p class='ocr_par' dir='ltr' id='par_1_5' title="bbox 376 638 1867 711">
     <span class='ocr_line' id='line_1_5' title="bbox 376 638 1867 711; baseline 0.005 -18"><span class='ocrx_word' id='word_1_27' title='bbox 376 640 529 706; x_wconf 85' lang='lat' dir='ltr'><strong>Quod</strong></span> <span class='ocrx_word' id='word_1_28' title='bbox 565 649 616 694; x_wconf 90' lang='lat' dir='ltr'><strong>et</strong></span> <span class='ocrx_word' id='word_1_29' title='bbox 649 638 932 711; x_wconf 74' lang='lat' dir='ltr'><strong>Nyssenus</strong></span> <span class='ocrx_word' id='word_1_30' title='bbox 968 640 1098 696; x_wconf 80' lang='lat' dir='ltr'><strong>fecit</strong></span> <span class='ocrx_word' id='word_1_31' title='bbox 1129 641 1450 711; x_wconf 82' lang='lat' dir='ltr'><strong>Gregorius,</strong></span> <span class='ocrx_word' id='word_1_32' title='bbox 1492 661 1661 700; x_wconf 92' lang='lat' dir='ltr'><strong>unum</strong></span> <span class='ocrx_word' id='word_1_33' title='bbox 1697 645 1867 701; x_wconf 83' lang='lat' dir='ltr'><strong>Deum</strong></span> 
     </span>
    </p>
   </div>
   <div class='ocr_carea' id='block_1_6' title="bbox 305 732 1867 807">
    <p class='ocr_par' dir='ltr' id='par_1_6' title="bbox 305 732 1867 807">
     <span class='ocr_line' id='line_1_6' title="bbox 305 732 1867 807; baseline 0.004 -21"><span class='ocrx_word' id='word_1_34' title='bbox 305 732 363 787; x_wconf 92' lang='lat' dir='ltr'><strong>in</strong></span> <span class='ocrx_word' id='word_1_35' title='bbox 394 747 608 788; x_wconf 80' lang='lat' dir='ltr'><strong>causam</strong></span> <span class='ocrx_word' id='word_1_36' title='bbox 669 741 722 786; x_wconf 91' lang='lat' dir='ltr'><strong>ct</strong></span> <span class='ocrx_word' id='word_1_37' title='bbox 749 734 972 789; x_wconf 86' lang='lat' dir='ltr'><strong>causale</strong></span> <span class='ocrx_word' id='word_1_38' title='bbox 1011 735 1346 799; x_wconf 85' lang='lat' dir='ltr'><strong>discernens,</strong></span> <span class='ocrx_word' id='word_1_39' title='bbox 1376 738 1491 793; x_wconf 84' lang='lat' dir='ltr'><strong>sive</strong></span> <span class='ocrx_word' id='word_1_40' title='bbox 1539 738 1593 793; x_wconf 89' lang='lat' dir='ltr'><strong>in</strong></span> <span class='ocrx_word' id='word_1_41' title='bbox 1626 752 1867 807; x_wconf 87' lang='lat' dir='ltr'><strong>causam,</strong></span> 
     </span>
    </p>
   </div>
   <div class='ocr_carea' id='block_1_7' title="bbox 307 822 1867 905">
    <p class='ocr_par' dir='ltr' id='par_1_7' title="bbox 307 822 1867 905">
     <span class='ocr_line' id='line_1_7' title="bbox 307 822 1867 905; baseline 0.004 -28"><span class='ocrx_word' id='word_1_42' title='bbox 307 837 363 905; x_wconf 82' lang='lat' dir='ltr'><strong>et</strong></span> <span class='ocrx_word' id='word_1_43' title='bbox 414 825 551 893; x_wconf 88' lang='lat' dir='ltr'><strong>quod</strong></span> <span class='ocrx_word' id='word_1_44' title='bbox 607 839 674 878; x_wconf 86' lang='lat' dir='ltr'><strong>ex</strong></span> <span class='ocrx_word' id='word_1_45' title='bbox 732 839 921 879; x_wconf 86' lang='lat' dir='ltr'><strong>causa.</strong></span> <span class='ocrx_word' id='word_1_46' title='bbox 973 822 1181 881; x_wconf 83' lang='lat' dir='ltr'><strong>Deinde</strong></span> <span class='ocrx_word' id='word_1_47' title='bbox 1238 828 1557 898; x_wconf 86' lang='lat' dir='ltr'><strong>subjiciens,</strong></span> <span class='ocrx_word' id='word_1_48' title='bbox 1618 829 1867 901; x_wconf 76' lang='lat' dir='ltr'><strong>ejusque,</strong></span> 
     </span>
    </p>
   </div>
   <div class='ocr_carea' id='block_1_8' title="bbox 301 916 1867 984">
    <p class='ocr_par' dir='ltr' id='par_1_8' title="bbox 301 916 1867 984">
     <span class='ocr_line' id='line_1_8' title="bbox 301 916 1867 984; baseline 0.004 -15"><span class='ocrx_word' id='word_1_49' title='bbox 301 917 447 984; x_wconf 86' lang='lat' dir='ltr'><strong>quod</strong></span> <span class='ocrx_word' id='word_1_50' title='bbox 477 932 539 970; x_wconf 80' lang='lat' dir='ltr'><strong>ex</strong></span> <span class='ocrx_word' id='word_1_51' title='bbox 565 930 729 970; x_wconf 87' lang='lat' dir='ltr'><strong>causa</strong></span> <span class='ocrx_word' id='word_1_52' title='bbox 753 925 856 981; x_wconf 90' lang='lat' dir='ltr'><strong>est,</strong></span> <span class='ocrx_word' id='word_1_53' title='bbox 884 916 1046 971; x_wconf 87' lang='lat' dir='ltr'><strong>aliam</strong></span> <span class='ocrx_word' id='word_1_54' title='bbox 1085 932 1276 973; x_wconf 79' lang='lat' dir='ltr'><strong>rursus</strong></span> <span class='ocrx_word' id='word_1_55' title='bbox 1309 919 1669 976; x_wconf 79' lang='lat' dir='ltr'><strong>differentiam</strong></span> <span class='ocrx_word' id='word_1_56' title='bbox 1704 921 1867 976; x_wconf 85' lang='lat' dir='ltr'><strong>intel-</strong></span> 
     </span>
    </p>
   </div>
   <div class='ocr_carea' id='block_1_9' title="bbox 300 1007 1866 1080">
    <p class='ocr_par' dir='ltr' id='par_1_9' title="bbox 300 1007 1866 1080">
     <span class='ocr_line' id='line_1_9' title="bbox 300 1007 1866 1080; baseline 0.003 -19"><span class='ocrx_word' id='word_1_57' title='bbox 300 1008 527 1078; x_wconf 88' lang='lat' dir='ltr'><strong>ligentia</strong></span> <span class='ocrx_word' id='word_1_58' title='bbox 572 1007 945 1076; x_wconf 89' lang='lat' dir='ltr'><strong>assequimur.</strong></span> <span class='ocrx_word' id='word_1_59' title='bbox 996 1008 1241 1063; x_wconf 83' lang='lat' dir='ltr'><strong>Alterum</strong></span> <span class='ocrx_word' id='word_1_60' title='bbox 1292 1012 1437 1066; x_wconf 89' lang='lat' dir='ltr'><strong>enim</strong></span> <span class='ocrx_word' id='word_1_61' title='bbox 1480 1013 1866 1080; x_wconf 76' lang='lat' dir='ltr'><strong>continenter;</strong></span> 
     </span>
    </p>
   </div>
   <div class='ocr_carea' id='block_1_10' title="bbox 298 1101 1866 1172">
    <p class='ocr_par' dir='ltr' id='par_1_10' title="bbox 298 1101 1866 1172">
     <span class='ocr_line' id='line_1_10' title="bbox 298 1101 1866 1172; baseline 0.003 -20"><span class='ocrx_word' id='word_1_62' title='bbox 298 1101 535 1153; x_wconf 86' lang='lat' dir='ltr'><strong>alterum</strong></span> <span class='ocrx_word' id='word_1_63' title='bbox 598 1115 731 1155; x_wconf 85' lang='lat' dir='ltr'><strong>vero</strong></span> <span class='ocrx_word' id='word_1_64' title='bbox 786 1115 883 1169; x_wconf 91' lang='lat' dir='ltr'><strong>per</strong></span> <span class='ocrx_word' id='word_1_65' title='bbox 930 1114 1053 1154; x_wconf 88' lang='lat' dir='ltr'><strong>eum</strong></span> <span class='ocrx_word' id='word_1_66' title='bbox 1104 1101 1284 1171; x_wconf 88' lang='lat' dir='ltr'><strong>ipsum</strong></span> <span class='ocrx_word' id='word_1_67' title='bbox 1349 1104 1444 1172; x_wconf 86' lang='lat' dir='ltr'><strong>qui</strong></span> <span class='ocrx_word' id='word_1_68' title='bbox 1498 1104 1866 1171; x_wconf 81' lang='lat' dir='ltr'><strong>continenter,</strong></span> 
     </span>
    </p>
   </div>
   <div class='ocr_carea' id='block_1_11' title="bbox 294 1192 1867 1265">
    <p class='ocr_par' dir='ltr' id='par_1_11' title="bbox 294 1192 1867 1265">
     <span class='ocr_line' id='line_1_11' title="bbox 294 1192 1867 1265; baseline 0.003 -19"><span class='ocrx_word' id='word_1_69' title='bbox 294 1202 467 1259; x_wconf 84' lang='lat' dir='ltr'><strong>atque</strong></span> <span class='ocrx_word' id='word_1_70' title='bbox 513 1192 743 1246; x_wconf 87' lang='lat' dir='ltr'><strong>alterum</strong></span> <span class='ocrx_word' id='word_1_71' title='bbox 777 1194 1045 1262; x_wconf 85' lang='lat' dir='ltr'><strong>genitum,</strong></span> <span class='ocrx_word' id='word_1_72' title='bbox 1085 1197 1387 1265; x_wconf 83' lang='lat' dir='ltr'><strong>procedens</strong></span> <span class='ocrx_word' id='word_1_73' title='bbox 1421 1197 1674 1264; x_wconf 84' lang='lat' dir='ltr'><strong>alterum,</strong></span> <span class='ocrx_word' id='word_1_74' title='bbox 1720 1208 1774 1254; x_wconf 89' lang='lat' dir='ltr'><strong>et</strong></span> <span class='ocrx_word' id='word_1_75' title='bbox 1823 1199 1867 1254; x_wconf 92' lang='lat' dir='ltr'><strong>si</strong></span> 
     </span>
    </p>
   </div>
   <div class='ocr_carea' id='block_1_12' title="bbox 297 1285 1863 1355">
    <p class='ocr_par' dir='ltr' id='par_1_12' title="bbox 297 1285 1863 1355">
     <span class='ocr_line' id='line_1_12' title="bbox 297 1285 1863 1355; baseline 0.004 -18"><span class='ocrx_word' id='word_1_76' title='bbox 297 1285 434 1350; x_wconf 90' lang='lat' dir='ltr'><strong>quid</strong></span> <span class='ocrx_word' id='word_1_77' title='bbox 463 1285 780 1353; x_wconf 90' lang='lat' dir='ltr'><strong>hujusmodi</strong></span> <span class='ocrx_word' id='word_1_78' title='bbox 808 1285 1047 1355; x_wconf 75' lang='lat' dir='ltr'><strong>perfecte</strong></span> <span class='ocrx_word' id='word_1_79' title='bbox 1074 1288 1513 1343; x_wconf 83' lang='lat' dir='ltr'><strong>discernentibus</strong></span> <span class='ocrx_word' id='word_1_80' title='bbox 1534 1289 1737 1343; x_wconf 90' lang='lat' dir='ltr'><strong>dictum</strong></span> <span class='ocrx_word' id='word_1_81' title='bbox 1764 1299 1863 1344; x_wconf 90' lang='lat' dir='ltr'><strong>est.</strong></span> 
     </span>
    </p>
   </div>
   <div class='ocr_carea' id='block_1_13' title="bbox 293 1373 1869 1449">
    <p class='ocr_par' dir='ltr' id='par_1_13' title="bbox 293 1373 1869 1449">
     <span class='ocr_line' id='line_1_13' title="bbox 293 1373 1869 1449; baseline 0.004 -20"><span class='ocrx_word' id='word_1_82' title='bbox 293 1373 460 1429; x_wconf 70' lang='lat' dir='ltr'><strong>Juxta</strong></span> <span class='ocrx_word' id='word_1_83' title='bbox 491 1390 657 1443; x_wconf 90' lang='lat' dir='ltr'><strong>quam</strong></span> <span class='ocrx_word' id='word_1_84' title='bbox 707 1391 839 1430; x_wconf 82' lang='lat' dir='ltr'><strong>sane</strong></span> <span class='ocrx_word' id='word_1_85' title='bbox 870 1378 1166 1443; x_wconf 88' lang='lat' dir='ltr'><strong>rationem,</strong></span> <span class='ocrx_word' id='word_1_86' title='bbox 1198 1389 1254 1434; x_wconf 90' lang='lat' dir='ltr'><strong>et</strong></span> <span class='ocrx_word' id='word_1_87' title='bbox 1282 1380 1377 1449; x_wconf 93' lang='lat' dir='ltr'><strong>qui</strong></span> <span class='ocrx_word' id='word_1_88' title='bbox 1415 1381 1653 1435; x_wconf 89' lang='lat' dir='ltr'><strong>secunda</strong></span> <span class='ocrx_word' id='word_1_89' title='bbox 1690 1380 1869 1436; x_wconf 83' lang='lat' dir='ltr'><strong>Patris</strong></span> 
     </span>
    </p>
   </div>
   <div class='ocr_carea' id='block_1_14' title="bbox 293 1463 1870 1539">
    <p class='ocr_par' dir='ltr' id='par_1_14' title="bbox 293 1463 1870 1539">
     <span class='ocr_line' id='line_1_14' title="bbox 293 1463 1870 1539; baseline 0.004 -22"><span class='ocrx_word' id='word_1_90' title='bbox 293 1464 437 1518; x_wconf 89' lang='lat' dir='ltr'><strong>dixit</strong></span> <span class='ocrx_word' id='word_1_91' title='bbox 466 1463 691 1529; x_wconf 85' lang='lat' dir='ltr'><strong>Filium,</strong></span> <span class='ocrx_word' id='word_1_92' title='bbox 716 1477 766 1519; x_wconf 90' lang='lat' dir='ltr'><strong>et</strong></span> <span class='ocrx_word' id='word_1_93' title='bbox 801 1465 1064 1534; x_wconf 87' lang='lat' dir='ltr'><strong>Spiritum</strong></span> <span class='ocrx_word' id='word_1_94' title='bbox 1099 1477 1350 1522; x_wconf 88' lang='lat' dir='ltr'><strong>sanctum</strong></span> <span class='ocrx_word' id='word_1_95' title='bbox 1400 1469 1451 1523; x_wconf 88' lang='lat' dir='ltr'><strong>id</strong></span> <span class='ocrx_word' id='word_1_96' title='bbox 1492 1470 1664 1524; x_wconf 91' lang='lat' dir='ltr'><strong>solum</strong></span> <span class='ocrx_word' id='word_1_97' title='bbox 1700 1471 1870 1539; x_wconf 88' lang='lat' dir='ltr'><strong>signi-</strong></span> 
     </span>
    </p>
   </div>
   <div class='ocr_carea' id='block_1_15' title="bbox 294 1556 1871 1632">
    <p class='ocr_par' dir='ltr' id='par_1_15' title="bbox 294 1556 1871 1632">
     <span class='ocr_line' id='line_1_15' title="bbox 294 1556 1871 1632; baseline 0.006 -24"><span class='ocrx_word' id='word_1_98' title='bbox 294 1557 463 1611; x_wconf 75' lang='lat' dir='ltr'><strong>ficare</strong></span> <span class='ocrx_word' id='word_1_99' title='bbox 492 1556 684 1622; x_wconf 78' lang='lat' dir='ltr'><strong>voluit,</strong></span> <span class='ocrx_word' id='word_1_100' title='bbox 732 1571 764 1610; x_wconf 88' lang='lat' dir='ltr'><strong>a</strong></span> <span class='ocrx_word' id='word_1_101' title='bbox 819 1556 982 1613; x_wconf 85' lang='lat' dir='ltr'><strong>Patre</strong></span> <span class='ocrx_word' id='word_1_102' title='bbox 1012 1558 1117 1613; x_wconf 90' lang='lat' dir='ltr'><strong>ista</strong></span> <span class='ocrx_word' id='word_1_103' title='bbox 1170 1560 1409 1614; x_wconf 88' lang='lat' dir='ltr'><strong>causalia</strong></span> <span class='ocrx_word' id='word_1_104' title='bbox 1446 1576 1585 1626; x_wconf 87' lang='lat' dir='ltr'><strong>esse,</strong></span> <span class='ocrx_word' id='word_1_105' title='bbox 1635 1578 1871 1632; x_wconf 78' lang='lat' dir='ltr'><strong>utraque</strong></span> 
     </span>
    </p>
   </div>
   <div class='ocr_carea' id='block_1_16' title="bbox 297 1648 1867 1724">
    <p class='ocr_par' dir='ltr' id='par_1_16' title="bbox 297 1648 1867 1724">
     <span class='ocr_line' id='line_1_16' title="bbox 297 1648 1867 1724; baseline 0.005 -22"><span class='ocrx_word' id='word_1_106' title='bbox 297 1648 410 1702; x_wconf 87' lang='lat' dir='ltr'><strong>sub</strong></span> <span class='ocrx_word' id='word_1_107' title='bbox 440 1648 670 1703; x_wconf 82' lang='lat' dir='ltr'><strong>causalis</strong></span> <span class='ocrx_word' id='word_1_108' title='bbox 702 1649 989 1705; x_wconf 81' lang='lat' dir='ltr'><strong>includens</strong></span> <span class='ocrx_word' id='word_1_109' title='bbox 1016 1651 1352 1706; x_wconf 82' lang='lat' dir='ltr'><strong>definitione.</strong></span> <span class='ocrx_word' id='word_1_110' title='bbox 1380 1650 1512 1707; x_wconf 69' lang='lat' dir='ltr'><strong>Nat&#39;n</strong></span> <span class='ocrx_word' id='word_1_111' title='bbox 1538 1654 1692 1723; x_wconf 85' lang='lat' dir='ltr'><strong>juxta</strong></span> <span class='ocrx_word' id='word_1_112' title='bbox 1720 1656 1867 1724; x_wconf 90' lang='lat' dir='ltr'><strong>quod</strong></span> 
     </span>
    </p>
   </div>
   <div class='ocr_carea' id='block_1_17' title="bbox 1973 631 3540 706">
    <p class='ocr_par' dir='ltr' id='par_1_17' title="bbox 1973 631 3540 706">
     <span class='ocr_line' id='line_1_17' title="bbox 1973 631 3540 706; baseline 0.01 -28"><span class='ocrx_word' id='word_1_113' title='bbox 1973 632 2332 695; x_wconf 82' lang='lat' dir='ltr'><strong>personarum</strong></span> <span class='ocrx_word' id='word_1_114' title='bbox 2365 631 2501 685; x_wconf 88' lang='lat' dir='ltr'><strong>ordo</strong></span> <span class='ocrx_word' id='word_1_115' title='bbox 2521 642 2623 686; x_wconf 90' lang='lat' dir='ltr'><strong>est.</strong></span> <span class='ocrx_word' id='word_1_116' title='bbox 2654 632 2787 687; x_wconf 73' lang='lat' dir='ltr'><strong>Nam</strong></span> <span class='ocrx_word' id='word_1_117' title='bbox 2812 648 2872 688; x_wconf 87' lang='lat' dir='ltr'><strong>ea</strong></span> <span class='ocrx_word' id='word_1_118' title='bbox 2909 636 3138 700; x_wconf 83' lang='lat' dir='ltr'><strong>ratione,</strong></span> <span class='ocrx_word' id='word_1_119' title='bbox 3162 652 3267 706; x_wconf 90' lang='lat' dir='ltr'><strong>qua</strong></span> <span class='ocrx_word' id='word_1_120' title='bbox 3298 642 3540 694; x_wconf 82' lang='lat' dir='ltr'><strong>consub-</strong></span> 
     </span>
    </p>
   </div>
   <div class='ocr_carea' id='block_1_18' title="bbox 1976 719 3535 787">
    <p class='ocr_par' dir='ltr' id='par_1_18' title="bbox 1976 719 3535 787">
     <span class='ocr_line' id='line_1_18' title="bbox 1976 719 3535 787; baseline 0.01 -16"><span class='ocrx_word' id='word_1_121' title='bbox 1976 719 2258 775; x_wconf 85' lang='lat' dir='ltr'><strong>stantiales</strong></span> <span class='ocrx_word' id='word_1_122' title='bbox 2323 732 2484 787; x_wconf 91' lang='lat' dir='ltr'><strong>sunt,</strong></span> <span class='ocrx_word' id='word_1_123' title='bbox 2555 738 2659 778; x_wconf 85' lang='lat' dir='ltr'><strong>una</strong></span> <span class='ocrx_word' id='word_1_124' title='bbox 2728 740 2817 779; x_wconf 88' lang='lat' dir='ltr'><strong>res</strong></span> <span class='ocrx_word' id='word_1_125' title='bbox 2881 734 2964 780; x_wconf 83' lang='lat' dir='ltr'><strong>est</strong></span> <span class='ocrx_word' id='word_1_126' title='bbox 3048 727 3232 781; x_wconf 88' lang='lat' dir='ltr'><strong>divina</strong></span> <span class='ocrx_word' id='word_1_127' title='bbox 3298 733 3535 787; x_wconf 80' lang='lat' dir='ltr'><strong>essentia</strong></span> 
     </span>
    </p>
   </div>
   <div class='ocr_carea' id='block_1_19' title="bbox 1975 810 3541 879">
    <p class='ocr_par' dir='ltr' id='par_1_19' title="bbox 1975 810 3541 879">
     <span class='ocr_line' id='line_1_19' title="bbox 1975 810 3541 879; baseline 0.01 -16"><span class='ocrx_word' id='word_1_128' title='bbox 1975 810 2251 865; x_wconf 88' lang='lat' dir='ltr'><strong>individua</strong></span> <span class='ocrx_word' id='word_1_129' title='bbox 2325 815 2549 869; x_wconf 84' lang='lat' dir='ltr'><strong>omnino</strong></span> <span class='ocrx_word' id='word_1_130' title='bbox 2596 826 2649 869; x_wconf 92' lang='lat' dir='ltr'><strong>et</strong></span> <span class='ocrx_word' id='word_1_131' title='bbox 2697 817 3008 872; x_wconf 87' lang='lat' dir='ltr'><strong>indiscreta.</strong></span> <span class='ocrx_word' id='word_1_132' title='bbox 3063 819 3541 879; x_wconf 81' lang='lat' dir='ltr'><strong>Consubstantiale</strong></span> 
     </span>
    </p>
   </div>
   <div class='ocr_carea' id='block_1_20' title="bbox 1974 904 3537 976">
    <p class='ocr_par' dir='ltr' id='par_1_20' title="bbox 1974 904 3537 976">
     <span class='ocr_line' id='line_1_20' title="bbox 1974 904 3537 976; baseline 0.012 -24"><span class='ocrx_word' id='word_1_133' title='bbox 1974 910 2179 966; x_wconf 86' lang='lat' dir='ltr'><strong>autem,</strong></span> <span class='ocrx_word' id='word_1_134' title='bbox 2234 904 2438 958; x_wconf 89' lang='lat' dir='ltr'><strong>nullam</strong></span> <span class='ocrx_word' id='word_1_135' title='bbox 2500 922 2724 976; x_wconf 83' lang='lat' dir='ltr'><strong>prorsus</strong></span> <span class='ocrx_word' id='word_1_136' title='bbox 2777 909 3161 966; x_wconf 86' lang='lat' dir='ltr'><strong>discretionem</strong></span> <span class='ocrx_word' id='word_1_137' title='bbox 3211 914 3537 970; x_wconf 75' lang='lat' dir='ltr'><strong>introducit.</strong></span> 
     </span>
    </p>
   </div>
   <div class='ocr_carea' id='block_1_21' title="bbox 1973 992 3539 1075">
    <p class='ocr_par' dir='ltr' id='par_1_21' title="bbox 1973 992 3539 1075">
     <span class='ocr_line' id='line_1_21' title="bbox 1973 992 3539 1075; baseline 0.009 -28"><span class='ocrx_word' id='word_1_138' title='bbox 1973 992 2133 1048; x_wconf 78' lang='lat' dir='ltr'><strong>Juxta</strong></span> <span class='ocrx_word' id='word_1_139' title='bbox 2159 1010 2288 1050; x_wconf 88' lang='lat' dir='ltr'><strong>vero</strong></span> <span class='ocrx_word' id='word_1_140' title='bbox 2316 1012 2603 1065; x_wconf 81' lang='lat' dir='ltr'><strong>processus</strong></span> <span class='ocrx_word' id='word_1_141' title='bbox 2638 1000 3107 1072; x_wconf 87' lang='lat' dir='ltr'><strong>rationem,atqtte</strong></span> <span class='ocrx_word' id='word_1_142' title='bbox 3137 1019 3260 1058; x_wconf 89' lang='lat' dir='ltr'><strong>eum</strong></span> <span class='ocrx_word' id='word_1_143' title='bbox 3290 1006 3382 1075; x_wconf 89' lang='lat' dir='ltr'><strong>qui</strong></span> <span class='ocrx_word' id='word_1_144' title='bbox 3415 1006 3539 1061; x_wconf 90' lang='lat' dir='ltr'><strong>inde</strong></span> 
     </span>
    </p>
   </div>
   <div class='ocr_carea' id='block_1_22' title="bbox 1974 1085 3541 1158">
    <p class='ocr_par' dir='ltr' id='par_1_22' title="bbox 1974 1085 3541 1158">
     <span class='ocr_line' id='line_1_22' title="bbox 1974 1085 3541 1158; baseline 0.009 -19"><span class='ocrx_word' id='word_1_145' title='bbox 1974 1085 2243 1153; x_wconf 85' lang='lat' dir='ltr'><strong>sequitur,</strong></span> <span class='ocrx_word' id='word_1_146' title='bbox 2279 1087 2549 1151; x_wconf 89' lang='lat' dir='ltr'><strong>ordinem,</strong></span> <span class='ocrx_word' id='word_1_147' title='bbox 2581 1105 2941 1158; x_wconf 83' lang='lat' dir='ltr'><strong>personarum</strong></span> <span class='ocrx_word' id='word_1_148' title='bbox 3002 1110 3265 1152; x_wconf 89' lang='lat' dir='ltr'><strong>numerus</strong></span> <span class='ocrx_word' id='word_1_149' title='bbox 3296 1098 3541 1153; x_wconf 82' lang='lat' dir='ltr'><strong>invectus</strong></span> 
     </span>
    </p>
   </div>
   <div class='ocr_carea' id='block_1_23' title="bbox 1974 1180 3543 1254">
    <p class='ocr_par' dir='ltr' id='par_1_23' title="bbox 1974 1180 3543 1254">
     <span class='ocr_line' id='line_1_23' title="bbox 1974 1180 3543 1254; baseline 0.011 -23"><span class='ocrx_word' id='word_1_150' title='bbox 1974 1188 2027 1232; x_wconf 82' lang='lat' dir='ltr'><strong>et</strong></span> <span class='ocrx_word' id='word_1_151' title='bbox 2052 1180 2329 1235; x_wconf 86' lang='lat' dir='ltr'><strong>admissus</strong></span> <span class='ocrx_word' id='word_1_152' title='bbox 2356 1192 2458 1237; x_wconf 88' lang='lat' dir='ltr'><strong>est.</strong></span> <span class='ocrx_word' id='word_1_153' title='bbox 2490 1182 2675 1252; x_wconf 86' lang='lat' dir='ltr'><strong>Itaque</strong></span> <span class='ocrx_word' id='word_1_154' title='bbox 2698 1186 2788 1254; x_wconf 90' lang='lat' dir='ltr'><strong>qui</strong></span> <span class='ocrx_word' id='word_1_155' title='bbox 2812 1188 3301 1247; x_wconf 86' lang='lat' dir='ltr'><strong>consubstantialis</strong></span> <span class='ocrx_word' id='word_1_156' title='bbox 3330 1194 3543 1249; x_wconf 85' lang='lat' dir='ltr'><strong>ratione</strong></span> 
     </span>
    </p>
   </div>
   <div class='ocr_carea' id='block_1_24' title="bbox 1972 1271 3544 1354">
    <p class='ocr_par' dir='ltr' id='par_1_24' title="bbox 1972 1271 3544 1354">
     <span class='ocr_line' id='line_1_24' title="bbox 1972 1271 3544 1354; baseline 0.011 -32"><span class='ocrx_word' id='word_1_157' title='bbox 1972 1271 2178 1328; x_wconf 90' lang='lat' dir='ltr'><strong>dictum</strong></span> <span class='ocrx_word' id='word_1_158' title='bbox 2228 1283 2403 1345; x_wconf 82' lang='lat' dir='ltr'><strong>putat,</strong></span> <span class='ocrx_word' id='word_1_159' title='bbox 2435 1291 2497 1330; x_wconf 87' lang='lat' dir='ltr'><strong>ex</strong></span> <span class='ocrx_word' id='word_1_160' title='bbox 2537 1274 2696 1331; x_wconf 84' lang='lat' dir='ltr'><strong>Patre</strong></span> <span class='ocrx_word' id='word_1_161' title='bbox 2735 1291 2830 1346; x_wconf 67' lang='lat' dir='ltr'><strong>per</strong></span> <span class='ocrx_word' id='word_1_162' title='bbox 2874 1277 3069 1334; x_wconf 88' lang='lat' dir='ltr'><strong>Filium</strong></span> <span class='ocrx_word' id='word_1_163' title='bbox 3108 1281 3373 1352; x_wconf 88' lang='lat' dir='ltr'><strong>Spiritum</strong></span> <span class='ocrx_word' id='word_1_164' title='bbox 3416 1300 3544 1354; x_wconf 91' lang='lat' dir='ltr'><strong>pro-</strong></span> 
     </span>
    </p>
   </div>
   <div class='ocr_carea' id='block_1_25' title="bbox 1974 1368 3544 1435">
    <p class='ocr_par' dir='ltr' id='par_1_25' title="bbox 1974 1368 3544 1435">
     <span class='ocr_line' id='line_1_25' title="bbox 1974 1368 3544 1435; baseline 0.008 -15"><span class='ocrx_word' id='word_1_165' title='bbox 1974 1368 2187 1431; x_wconf 87' lang='lat' dir='ltr'><strong>cedere,</strong></span> <span class='ocrx_word' id='word_1_166' title='bbox 2240 1369 2455 1423; x_wconf 90' lang='lat' dir='ltr'><strong>unicam</strong></span> <span class='ocrx_word' id='word_1_167' title='bbox 2511 1368 2655 1422; x_wconf 86' lang='lat' dir='ltr'><strong>illam</strong></span> <span class='ocrx_word' id='word_1_168' title='bbox 2703 1372 3023 1435; x_wconf 88' lang='lat' dir='ltr'><strong>essentiam,</strong></span> <span class='ocrx_word' id='word_1_169' title='bbox 3074 1388 3296 1428; x_wconf 81' lang='lat' dir='ltr'><strong>causam</strong></span> <span class='ocrx_word' id='word_1_170' title='bbox 3331 1377 3544 1431; x_wconf 90' lang='lat' dir='ltr'><strong>discre-</strong></span> 
     </span>
    </p>
   </div>
   <div class='ocr_carea' id='block_1_26' title="bbox 1979 1456 3545 1533">
    <p class='ocr_par' dir='ltr' id='par_1_26' title="bbox 1979 1456 3545 1533">
     <span class='ocr_line' id='line_1_26' title="bbox 1979 1456 3545 1533; baseline 0.006 -24"><span class='ocrx_word' id='word_1_171' title='bbox 1979 1457 2138 1511; x_wconf 83' lang='lat' dir='ltr'><strong>tioois</strong></span> <span class='ocrx_word' id='word_1_172' title='bbox 2169 1459 2339 1526; x_wconf 91' lang='lat' dir='ltr'><strong>ponit,</strong></span> <span class='ocrx_word' id='word_1_173' title='bbox 2370 1456 2510 1525; x_wconf 89' lang='lat' dir='ltr'><strong>quod</strong></span> <span class='ocrx_word' id='word_1_174' title='bbox 2550 1459 2764 1526; x_wconf 85' lang='lat' dir='ltr'><strong>proprie</strong></span> <span class='ocrx_word' id='word_1_175' title='bbox 2819 1460 3142 1514; x_wconf 78' lang='lat' dir='ltr'><strong>Arianorum</strong></span> <span class='ocrx_word' id='word_1_176' title='bbox 3200 1474 3324 1529; x_wconf 89' lang='lat' dir='ltr'><strong>est;</strong></span> <span class='ocrx_word' id='word_1_177' title='bbox 3382 1475 3545 1533; x_wconf 89' lang='lat' dir='ltr'><strong>atque</strong></span> 
     </span>
    </p>
   </div>
   <div class='ocr_carea' id='block_1_27' title="bbox 1973 1549 3544 1639">
    <p class='ocr_par' dir='ltr' id='par_1_27' title="bbox 1973 1549 3544 1637">
     <span class='ocr_line' id='line_1_27' title="bbox 1973 1549 3544 1637; baseline 0.004 -34"><span class='ocrx_word' id='word_1_178' title='bbox 1973 1549 2173 1604; x_wconf 89' lang='lat' dir='ltr'><strong>omissa</strong></span> <span class='ocrx_word' id='word_1_179' title='bbox 2231 1549 2563 1603; x_wconf 65' lang='lat' dir='ltr'><strong>discretione</strong></span> <span class='ocrx_word' id='word_1_180' title='bbox 2584 1566 2596 1575; x_wconf 90' lang='grc'><strong>·</strong></span> <span class='ocrx_word' id='word_1_181' title='bbox 2626 1552 2898 1617; x_wconf 84' lang='lat' dir='ltr'><strong>personali</strong></span> <span class='ocrx_word' id='word_1_182' title='bbox 2930 1593 2944 1614; x_wconf 90' lang='lat'><strong>,</strong></span> <span class='ocrx_word' id='word_1_183' title='bbox 3002 1563 3112 1607; x_wconf 85' lang='lat' dir='ltr'><strong>tres</strong></span> <span class='ocrx_word' id='word_1_184' title='bbox 3163 1554 3431 1609; x_wconf 89' lang='lat' dir='ltr'><strong>essentias</strong></span> <span class='ocrx_word' id='word_1_185' title='bbox 3461 1556 3544 1637; x_wconf 54' lang='grc' dir='ltr'><strong>ἐι)</strong></span> 
     </span>
    </p>
   </div>
   <div class='ocr_carea' id='block_1_28' title="bbox 1977 1639 3547 1717">
    <p class='ocr_par' dir='ltr' id='par_1_28' title="bbox 1977 1639 3547 1717">
     <span class='ocr_line' id='line_1_28' title="bbox 1977 1639 3547 1717; baseline 0.006 -24"><span class='ocrx_word' id='word_1_186' title='bbox 1977 1639 2206 1695; x_wconf 89' lang='lat' dir='ltr'><strong>invicem</strong></span> <span class='ocrx_word' id='word_1_187' title='bbox 2253 1640 2456 1695; x_wconf 82' lang='lat' dir='ltr'><strong>divisas</strong></span> <span class='ocrx_word' id='word_1_188' title='bbox 2517 1644 2825 1697; x_wconf 75' lang='lat' dir='ltr'><strong>necessario</strong></span> <span class='ocrx_word' id='word_1_189' title='bbox 2880 1643 3165 1711; x_wconf 75' lang='lat' dir='ltr'><strong>fatebitur,</strong></span> <span class='ocrx_word' id='word_1_190' title='bbox 3222 1661 3284 1701; x_wconf 90' lang='lat' dir='ltr'><strong>ac</strong></span> <span class='ocrx_word' id='word_1_191' title='bbox 3350 1657 3547 1717; x_wconf 67' lang='lat' dir='ltr'><strong>praeter</strong></span> 
     </span>
    </p>
   </div>
   <div class='ocr_carea' id='block_1_29' title="bbox 295 1734 1871 1831">
    <p class='ocr_par' dir='ltr' id='par_1_29' title="bbox 295 1741 1869 1815">
     <span class='ocr_line' id='line_1_29' title="bbox 295 1741 1869 1815; baseline 0.004 -21"><span class='ocrx_word' id='word_1_192' title='bbox 295 1741 543 1795; x_wconf 83' lang='lat' dir='ltr'><strong>causaiia</strong></span> <span class='ocrx_word' id='word_1_193' title='bbox 574 1750 723 1805; x_wconf 90' lang='lat' dir='ltr'><strong>sunt,</strong></span> <span class='ocrx_word' id='word_1_194' title='bbox 755 1741 993 1795; x_wconf 83' lang='lat' dir='ltr'><strong>secunda</strong></span> <span class='ocrx_word' id='word_1_195' title='bbox 1025 1742 1403 1797; x_wconf 71' lang='lat' dir='ltr'><strong>etiam-causae</strong></span> <span class='ocrx_word' id='word_1_196' title='bbox 1423 1744 1578 1813; x_wconf 89' lang='lat' dir='ltr'><strong>juxta</strong></span> <span class='ocrx_word' id='word_1_197' title='bbox 1611 1761 1869 1815; x_wconf 83' lang='lat' dir='ltr'><strong>persona-</strong></span> 
     </span>
    </p>
   </div>
   <div class='ocr_carea' id='block_1_30' title="bbox 1974 1734 3541 1831">
    <p class='ocr_par' dir='ltr' id='par_1_30' title="bbox 1976 1734 3541 1811">
     <span class='ocr_line' id='line_1_30' title="bbox 1976 1734 3541 1811; baseline 0.005 -25"><span class='ocrx_word' id='word_1_198' title='bbox 1976 1747 2192 1787; x_wconf 86' lang='lat' dir='ltr'><strong>omnem</strong></span> <span class='ocrx_word' id='word_1_199' title='bbox 2245 1734 2507 1788; x_wconf 82' lang='lat' dir='ltr'><strong>rationem</strong></span> <span class='ocrx_word' id='word_1_200' title='bbox 2583 1737 2801 1789; x_wconf 82' lang='lat' dir='ltr'><strong>causale</strong></span> <span class='ocrx_word' id='word_1_201' title='bbox 2876 1739 3030 1806; x_wconf 86' lang='lat' dir='ltr'><strong>quasi</strong></span> <span class='ocrx_word' id='word_1_202' title='bbox 3084 1754 3303 1794; x_wconf 84' lang='lat' dir='ltr'><strong>causam</strong></span> <span class='ocrx_word' id='word_1_203' title='bbox 3357 1750 3541 1811; x_wconf 90' lang='lat' dir='ltr'><strong>ponet.</strong></span> 
     </span>
    </p>
   </div>
   <div class='ocr_carea' id='block_1_31' title="bbox 293 1832 1514 1905">
    <p class='ocr_par' dir='ltr' id='par_1_31' title="bbox 293 1832 1514 1905">
     <span class='ocr_line' id='line_1_31' title="bbox 293 1832 1514 1905; baseline 0.002 -19"><span class='ocrx_word' id='word_1_204' title='bbox 293 1833 406 1887; x_wconf 88' lang='lat' dir='ltr'><strong>lem</strong></span> <span class='ocrx_word' id='word_1_205' title='bbox 440 1832 687 1887; x_wconf 86' lang='lat' dir='ltr'><strong>ordinem</strong></span> <span class='ocrx_word' id='word_1_206' title='bbox 719 1835 1087 1889; x_wconf 87' lang='lat' dir='ltr'><strong>communiter</strong></span> <span class='ocrx_word' id='word_1_207' title='bbox 1114 1834 1220 1889; x_wconf 86' lang='lat' dir='ltr'><strong>dici</strong></span> <span class='ocrx_word' id='word_1_208' title='bbox 1264 1847 1514 1905; x_wconf 88' lang='lat' dir='ltr'><strong>possunt.</strong></span> 
     </span>
    </p>
   </div>
   <div class='ocr_carea' id='block_1_32' title="bbox 370 1940 1867 2013">
    <p class='ocr_par' dir='ltr' id='par_1_32' title="bbox 370 1940 1867 2013">
     <span class='ocr_line' id='line_1_32' title="bbox 370 1940 1867 2013; baseline 0.005 -19"><span class='ocrx_word' id='word_1_209' title='bbox 370 1941 481 1995; x_wconf 86' lang='lat' dir='ltr'><strong>Sed</strong></span> <span class='ocrx_word' id='word_1_210' title='bbox 510 1940 655 1995; x_wconf 86' lang='lat' dir='ltr'><strong>enim</strong></span> <span class='ocrx_word' id='word_1_211' title='bbox 691 1941 778 1994; x_wconf 89' lang='lat' dir='ltr'><strong>hic</strong></span> <span class='ocrx_word' id='word_1_212' title='bbox 812 1941 930 2010; x_wconf 90' lang='lat' dir='ltr'><strong>ipse</strong></span> <span class='ocrx_word' id='word_1_213' title='bbox 972 1942 1024 1995; x_wconf 92' lang='lat' dir='ltr'><strong>in</strong></span> <span class='ocrx_word' id='word_1_214' title='bbox 1056 1942 1179 1996; x_wconf 89' lang='lat' dir='ltr'><strong>aliis</strong></span> <span class='ocrx_word' id='word_1_215' title='bbox 1220 1942 1323 1997; x_wconf 90' lang='lat' dir='ltr'><strong>ista</strong></span> <span class='ocrx_word' id='word_1_216' title='bbox 1354 1943 1649 2013; x_wconf 80' lang='lat' dir='ltr'><strong>perfectius</strong></span> <span class='ocrx_word' id='word_1_217' title='bbox 1669 1946 1867 2002; x_wconf 83' lang='lat' dir='ltr'><strong>distin-</strong></span> 
     </span>
    </p>
   </div>
   <div class='ocr_carea' id='block_1_33' title="bbox 290 2031 1869 2103">
    <p class='ocr_par' dir='ltr' id='par_1_33' title="bbox 290 2031 1869 2103">
     <span class='ocr_line' id='line_1_33' title="bbox 290 2031 1869 2103; baseline 0.004 -18"><span class='ocrx_word' id='word_1_218' title='bbox 290 2046 496 2102; x_wconf 79' lang='lat' dir='ltr'><strong>gneus,</strong></span> <span class='ocrx_word' id='word_1_219' title='bbox 552 2031 631 2085; x_wconf 86' lang='lat' dir='ltr'><strong>ait</strong></span> <span class='ocrx_word' id='word_1_220' title='bbox 668 2032 1039 2085; x_wconf 86' lang='lat' dir='ltr'><strong>emanationis</strong></span> <span class='ocrx_word' id='word_1_221' title='bbox 1125 2032 1459 2103; x_wconf 84' lang='lat' dir='ltr'><strong>habitusque</strong></span> <span class='ocrx_word' id='word_1_222' title='bbox 1515 2038 1582 2089; x_wconf 89' lang='lat' dir='ltr'><strong>ad</strong></span> <span class='ocrx_word' id='word_1_223' title='bbox 1638 2035 1869 2092; x_wconf 82' lang='lat' dir='ltr'><strong>invicem</strong></span> 
     </span>
    </p>
   </div>
   <div class='ocr_carea' id='block_1_34' title="bbox 287 2123 1871 2196">
    <p class='ocr_par' dir='ltr' id='par_1_34' title="bbox 287 2123 1871 2196">
     <span class='ocr_line' id='line_1_34' title="bbox 287 2123 1871 2196; baseline 0.003 -19"><span class='ocrx_word' id='word_1_224' title='bbox 287 2123 685 2187; x_wconf 73' lang='lat' dir='ltr'><strong>differentiam,</strong></span> <span class='ocrx_word' id='word_1_225' title='bbox 740 2123 1159 2194; x_wconf 86' lang='lat' dir='ltr'><strong>appellationem</strong></span> <span class='ocrx_word' id='word_1_226' title='bbox 1201 2140 1419 2196; x_wconf 85' lang='lat' dir='ltr'><strong>quoque</strong></span> <span class='ocrx_word' id='word_1_227' title='bbox 1468 2124 1663 2182; x_wconf 77' lang='lat' dir='ltr'><strong>fecisse</strong></span> <span class='ocrx_word' id='word_1_228' title='bbox 1711 2127 1871 2183; x_wconf 83' lang='lat' dir='ltr'><strong>diffe-</strong></span> 
     </span>
    </p>
   </div>
   <div class='ocr_carea' id='block_1_35' title="bbox 288 2215 1870 2285">
    <p class='ocr_par' dir='ltr' id='par_1_35' title="bbox 288 2215 1870 2285">
     <span class='ocr_line' id='line_1_35' title="bbox 288 2215 1870 2285; baseline 0.004 -17"><span class='ocrx_word' id='word_1_229' title='bbox 288 2226 531 2270; x_wconf 86' lang='lat' dir='ltr'><strong>rentem.</strong></span> <span class='ocrx_word' id='word_1_230' title='bbox 565 2215 920 2285; x_wconf 83' lang='lat' dir='ltr'><strong>Rursumque</strong></span> <span class='ocrx_word' id='word_1_231' title='bbox 956 2217 1007 2269; x_wconf 90' lang='lat' dir='ltr'><strong>in</strong></span> <span class='ocrx_word' id='word_1_232' title='bbox 1045 2217 1292 2272; x_wconf 77' lang='lat' dir='ltr'><strong>versibus</strong></span> <span class='ocrx_word' id='word_1_233' title='bbox 1326 2219 1402 2271; x_wconf 90' lang='lat' dir='ltr'><strong>ait</strong></span> <span class='ocrx_word' id='word_1_234' title='bbox 1440 2236 1453 2273; x_wconf 89' lang='lat'><strong>:</strong></span> <span class='ocrx_word' id='word_1_235' title='bbox 1482 2237 1501 2270; x_wconf 84' lang='grc'><em>‹</em></span> <span class='ocrx_word' id='word_1_236' title='bbox 1535 2215 1715 2272; x_wconf 88' lang='lat' dir='ltr'><strong>Unum</strong></span> <span class='ocrx_word' id='word_1_237' title='bbox 1750 2235 1870 2275; x_wconf 91' lang='lat' dir='ltr'><strong>esse</strong></span> 
     </span>
    </p>
   </div>
   <div class='ocr_carea' id='block_1_36' title="bbox 289 2304 1866 2380">
    <p class='ocr_par' dir='ltr' id='par_1_36' title="bbox 289 2304 1866 2380">
     <span class='ocr_line' id='line_1_36' title="bbox 289 2304 1866 2380; baseline 0.003 -22"><span class='ocrx_word' id='word_1_238' title='bbox 289 2304 471 2359; x_wconf 84' lang='lat' dir='ltr'><strong>Deum</strong></span> <span class='ocrx_word' id='word_1_239' title='bbox 503 2320 566 2359; x_wconf 89' lang='lat' dir='ltr'><strong>ex</strong></span> <span class='ocrx_word' id='word_1_240' title='bbox 602 2304 763 2360; x_wconf 82' lang='lat' dir='ltr'><strong>Patre</strong></span> <span class='ocrx_word' id='word_1_241' title='bbox 815 2320 912 2375; x_wconf 88' lang='lat' dir='ltr'><strong>per</strong></span> <span class='ocrx_word' id='word_1_242' title='bbox 957 2305 1152 2361; x_wconf 87' lang='lat' dir='ltr'><strong>Filium</strong></span> <span class='ocrx_word' id='word_1_243' title='bbox 1190 2308 1241 2362; x_wconf 91' lang='lat' dir='ltr'><strong>in</strong></span> <span class='ocrx_word' id='word_1_244' title='bbox 1290 2321 1540 2364; x_wconf 88' lang='lat' dir='ltr'><strong>sanctum</strong></span> <span class='ocrx_word' id='word_1_245' title='bbox 1578 2310 1866 2380; x_wconf 85' lang='lat' dir='ltr'><strong>Spiritum,</strong></span> 
     </span>
    </p>
   </div>
   <div class='ocr_carea' id='block_1_37' title="bbox 288 2396 1870 2469">
    <p class='ocr_par' dir='ltr' id='par_1_37' title="bbox 288 2396 1870 2469">
     <span class='ocr_line' id='line_1_37' title="bbox 288 2396 1870 2469; baseline 0.006 -20"><span class='ocrx_word' id='word_1_246' title='bbox 288 2404 550 2450; x_wconf 89' lang='lat' dir='ltr'><strong>manente</strong></span> <span class='ocrx_word' id='word_1_247' title='bbox 584 2396 795 2451; x_wconf 85' lang='lat' dir='ltr'><strong>Deitate</strong></span> <span class='ocrx_word' id='word_1_248' title='bbox 828 2396 1065 2467; x_wconf 86' lang='lat' dir='ltr'><strong>perfecta</strong></span> <span class='ocrx_word' id='word_1_249' title='bbox 1101 2399 1156 2453; x_wconf 92' lang='lat' dir='ltr'><strong>in</strong></span> <span class='ocrx_word' id='word_1_250' title='bbox 1202 2400 1377 2456; x_wconf 89' lang='lat' dir='ltr'><strong>tribus</strong></span> <span class='ocrx_word' id='word_1_251' title='bbox 1413 2401 1687 2469; x_wconf 86' lang='lat' dir='ltr'><strong>perfectis.</strong></span> <span class='ocrx_word' id='word_1_252' title='bbox 1724 2422 1742 2455; x_wconf 72' lang='grc' dir='ltr'><strong><em>ι</em></strong></span> <span class='ocrx_word' id='word_1_253' title='bbox 1793 2404 1870 2459; x_wconf 83' lang='lat' dir='ltr'><strong>Ne</strong></span> 
     </span>
    </p>
   </div>
   <div class='ocr_carea' id='block_1_38' title="bbox 287 2489 1869 2563">
    <p class='ocr_par' dir='ltr' id='par_1_38' title="bbox 287 2489 1869 2563">
     <span class='ocr_line' id='line_1_38' title="bbox 287 2489 1869 2563; baseline 0.005 -20"><span class='ocrx_word' id='word_1_254' title='bbox 287 2490 346 2543; x_wconf 89' lang='lat' dir='ltr'><strong>id</strong></span> <span class='ocrx_word' id='word_1_255' title='bbox 389 2489 629 2557; x_wconf 89' lang='lat' dir='ltr'><strong>quidem,</strong></span> <span class='ocrx_word' id='word_1_256' title='bbox 680 2489 825 2559; x_wconf 90' lang='lat' dir='ltr'><strong>quod</strong></span> <span class='ocrx_word' id='word_1_257' title='bbox 880 2489 956 2543; x_wconf 88' lang='lat' dir='ltr'><strong>ait</strong></span> <span class='ocrx_word' id='word_1_258' title='bbox 1017 2490 1383 2548; x_wconf 90' lang='lat' dir='ltr'><strong>Damascenus</strong></span> <span class='ocrx_word' id='word_1_259' title='bbox 1421 2493 1556 2563; x_wconf 90' lang='lat' dir='ltr'><strong>(l9),</strong></span> <span class='ocrx_word' id='word_1_260' title='bbox 1607 2493 1869 2563; x_wconf 84' lang='lat' dir='ltr'><strong>Spiritum</strong></span> 
     </span>
    </p>
   </div>
   <div class='ocr_carea' id='block_1_39' title="bbox 290 2580 1867 2654">
    <p class='ocr_par' dir='ltr' id='par_1_39' title="bbox 290 2580 1867 2654">
     <span class='ocr_line' id='line_1_39' title="bbox 290 2580 1867 2654; baseline 0.004 -20"><span class='ocrx_word' id='word_1_261' title='bbox 290 2593 543 2634; x_wconf 81' lang='lat' dir='ltr'><strong>sanctum</strong></span> <span class='ocrx_word' id='word_1_262' title='bbox 605 2580 842 2634; x_wconf 89' lang='lat' dir='ltr'><strong>medium</strong></span> <span class='ocrx_word' id='word_1_263' title='bbox 877 2594 997 2635; x_wconf 90' lang='lat' dir='ltr'><strong>esse</strong></span> <span class='ocrx_word' id='word_1_264' title='bbox 1046 2580 1274 2650; x_wconf 90' lang='lat' dir='ltr'><strong>ingeniti</strong></span> <span class='ocrx_word' id='word_1_265' title='bbox 1306 2590 1359 2637; x_wconf 90' lang='lat' dir='ltr'><strong>et</strong></span> <span class='ocrx_word' id='word_1_266' title='bbox 1382 2584 1574 2652; x_wconf 80' lang='lat' dir='ltr'><strong>geniti,</strong></span> <span class='ocrx_word' id='word_1_267' title='bbox 1608 2587 1867 2654; x_wconf 68' lang='lat' dir='ltr'><strong>praedicto</strong></span> 
     </span>
    </p>
   </div>
   <div class='ocr_carea' id='block_1_40' title="bbox 291 2670 1871 2748">
    <p class='ocr_par' dir='ltr' id='par_1_40' title="bbox 291 2670 1871 2748">
     <span class='ocr_line' id='line_1_40' title="bbox 291 2670 1871 2748; baseline 0.006 -24"><span class='ocrx_word' id='word_1_268' title='bbox 291 2672 599 2725; x_wconf 86' lang='lat' dir='ltr'><strong>reluctatur</strong></span> <span class='ocrx_word' id='word_1_269' title='bbox 663 2671 867 2726; x_wconf 90' lang='lat' dir='ltr'><strong>ordini.</strong></span> <span class='ocrx_word' id='word_1_270' title='bbox 922 2670 1107 2742; x_wconf 82' lang='lat' dir='ltr'><strong>Neque</strong></span> <span class='ocrx_word' id='word_1_271' title='bbox 1152 2674 1295 2729; x_wconf 87' lang='lat' dir='ltr'><strong>enim</strong></span> <span class='ocrx_word' id='word_1_272' title='bbox 1328 2689 1427 2744; x_wconf 91' lang='lat' dir='ltr'><strong>per</strong></span> <span class='ocrx_word' id='word_1_273' title='bbox 1457 2675 1557 2730; x_wconf 87' lang='lat' dir='ltr'><strong>hoc</strong></span> <span class='ocrx_word' id='word_1_274' title='bbox 1614 2676 1703 2733; x_wconf 92' lang='lat' dir='ltr'><strong>ille</strong></span> <span class='ocrx_word' id='word_1_275' title='bbox 1746 2694 1871 2748; x_wconf 87' lang='lat' dir='ltr'><strong>per-</strong></span> 
     </span>
    </p>
   </div>
   <div class='ocr_carea' id='block_1_41' title="bbox 290 2764 1869 2844">
    <p class='ocr_par' dir='ltr' id='par_1_41' title="bbox 290 2764 1869 2844">
     <span class='ocr_line' id='line_1_41' title="bbox 290 2764 1869 2844; baseline 0.006 -25"><span class='ocrx_word' id='word_1_276' title='bbox 290 2780 558 2819; x_wconf 89' lang='lat' dir='ltr'><strong>sonarum</strong></span> <span class='ocrx_word' id='word_1_277' title='bbox 650 2765 898 2818; x_wconf 89' lang='lat' dir='ltr'><strong>ordinem</strong></span> <span class='ocrx_word' id='word_1_278' title='bbox 961 2764 1489 2844; x_wconf 62' lang='lat' dir='ltr'><strong>substantialctrtque</strong></span> <span class='ocrx_word' id='word_1_279' title='bbox 1549 2785 1869 2844; x_wconf 88' lang='lat' dir='ltr'><strong>processum</strong></span> 
     </span>
    </p>
   </div>
   <div class='ocr_carea' id='block_1_42' title="bbox 289 2856 808 2911">
    <p class='ocr_par' dir='ltr' id='par_1_42' title="bbox 289 2856 808 2911">
     <span class='ocr_line' id='line_1_42' title="bbox 289 2856 808 2911; baseline -0.002 -2"><span class='ocrx_word' id='word_1_280' title='bbox 289 2856 514 2911; x_wconf 79' lang='lat' dir='ltr'><strong>tradere</strong></span> <span class='ocrx_word' id='word_1_281' title='bbox 552 2856 808 2909; x_wconf 86' lang='lat' dir='ltr'><strong>intendit.</strong></span> 
     </span>
    </p>
   </div>
   <div class='ocr_carea' id='block_1_43' title="bbox 366 2969 1869 3030">
    <p class='ocr_par' dir='ltr' id='par_1_43' title="bbox 366 2969 1869 3030">
     <span class='ocr_line' id='line_1_43' title="bbox 366 2969 1869 3030; baseline -0.003 -1"><span class='ocrx_word' id='word_1_282' title='bbox 366 2974 642 3029; x_wconf 70' lang='lat' dir='ltr'><strong>Caeterum</strong></span> <span class='ocrx_word' id='word_1_283' title='bbox 692 2989 813 3029; x_wconf 92' lang='lat' dir='ltr'><strong>cum</strong></span> <span class='ocrx_word' id='word_1_284' title='bbox 853 2973 1094 3029; x_wconf 77' lang='lat' dir='ltr'><strong>haeretici</strong></span> <span class='ocrx_word' id='word_1_285' title='bbox 1141 2973 1667 3030; x_wconf 87' lang='lat' dir='ltr'><strong>consubstantialem</strong></span> <span class='ocrx_word' id='word_1_286' title='bbox 1718 2969 1869 3027; x_wconf 87' lang='lat' dir='ltr'><strong>Patri</strong></span> 
     </span>
    </p>
   </div>
   <div class='ocr_carea' id='block_1_44' title="bbox 292 3064 1871 3135">
    <p class='ocr_par' dir='ltr' id='par_1_44' title="bbox 292 3064 1871 3135">
     <span class='ocr_line' id='line_1_44' title="bbox 292 3064 1871 3135; baseline -0.002 -15"><span class='ocrx_word' id='word_1_287' title='bbox 292 3066 499 3120; x_wconf 80' lang='lat' dir='ltr'><strong>Filium</strong></span> <span class='ocrx_word' id='word_1_288' title='bbox 531 3064 623 3117; x_wconf 87' lang='lat' dir='ltr'><strong>vix</strong></span> <span class='ocrx_word' id='word_1_289' title='bbox 655 3066 1070 3130; x_wconf 76' lang='lat' dir='ltr'><strong>conﬁterentur,</strong></span> <span class='ocrx_word' id='word_1_290' title='bbox 1103 3064 1369 3135; x_wconf 90' lang='lat' dir='ltr'><strong>Spiritum</strong></span> <span class='ocrx_word' id='word_1_291' title='bbox 1405 3074 1585 3118; x_wconf 85' lang='lat' dir='ltr'><strong>autem</strong></span> <span class='ocrx_word' id='word_1_292' title='bbox 1618 3074 1871 3119; x_wconf 89' lang='lat' dir='ltr'><strong>sanctum</strong></span> 
     </span>
    </p>
   </div>
   <div class='ocr_carea' id='block_1_45' title="bbox 1976 1825 3544 1901">
    <p class='ocr_par' dir='ltr' id='par_1_45' title="bbox 1976 1825 3544 1901">
     <span class='ocr_line' id='line_1_45' title="bbox 1976 1825 3544 1901; baseline 0.006 -24"><span class='ocrx_word' id='word_1_293' title='bbox 1976 1825 2184 1894; x_wconf 86' lang='lat' dir='ltr'><strong>Quippe</strong></span> <span class='ocrx_word' id='word_1_294' title='bbox 2263 1826 2570 1895; x_wconf 84' lang='lat' dir='ltr'><strong>ltujusmodi</strong></span> <span class='ocrx_word' id='word_1_295' title='bbox 2662 1829 2943 1895; x_wconf 88' lang='lat' dir='ltr'><strong>processio</strong></span> <span class='ocrx_word' id='word_1_296' title='bbox 3021 1832 3286 1886; x_wconf 86' lang='lat' dir='ltr'><strong>naturalis</strong></span> <span class='ocrx_word' id='word_1_297' title='bbox 3380 1842 3544 1901; x_wconf 84' lang='lat' dir='ltr'><strong>atque</strong></span> 
     </span>
    </p>
   </div>
   <div class='ocr_carea' id='block_1_46' title="bbox 1973 1915 3545 1987">
    <p class='ocr_par' dir='ltr' id='par_1_46' title="bbox 1973 1915 3545 1987">
     <span class='ocr_line' id='line_1_46' title="bbox 1973 1915 3545 1987; baseline 0.004 -18"><span class='ocrx_word' id='word_1_298' title='bbox 1973 1916 2281 1969; x_wconf 86' lang='lat' dir='ltr'><strong>essentialis</strong></span> <span class='ocrx_word' id='word_1_299' title='bbox 2325 1930 2447 1970; x_wconf 91' lang='lat' dir='ltr'><strong>cum</strong></span> <span class='ocrx_word' id='word_1_300' title='bbox 2508 1915 2619 1979; x_wconf 90' lang='lat' dir='ltr'><strong>sit,</strong></span> <span class='ocrx_word' id='word_1_301' title='bbox 2687 1933 2808 1985; x_wconf 65' lang='lat' dir='ltr'><strong>quae</strong></span> <span class='ocrx_word' id='word_1_302' title='bbox 2871 1919 3244 1987; x_wconf 86' lang='lat' dir='ltr'><strong>producuntur</strong></span> <span class='ocrx_word' id='word_1_303' title='bbox 3308 1923 3545 1975; x_wconf 88' lang='lat' dir='ltr'><strong>consub-</strong></span> 
     </span>
    </p>
   </div>
   <div class='ocr_carea' id='block_1_47' title="bbox 1973 2006 3014 2064">
    <p class='ocr_par' dir='ltr' id='par_1_47' title="bbox 1973 2006 3014 2064">
     <span class='ocr_line' id='line_1_47' title="bbox 1973 2006 3014 2064; baseline 0.004 -4"><span class='ocrx_word' id='word_1_304' title='bbox 1973 2006 2245 2061; x_wconf 83' lang='lat' dir='ltr'><strong>stantialia</strong></span> <span class='ocrx_word' id='word_1_305' title='bbox 2300 2006 2405 2061; x_wconf 84' lang='lat' dir='ltr'><strong>sibi</strong></span> <span class='ocrx_word' id='word_1_306' title='bbox 2470 2007 2704 2063; x_wconf 88' lang='lat' dir='ltr'><strong>invicem</strong></span> <span class='ocrx_word' id='word_1_307' title='bbox 2753 2010 3014 2064; x_wconf 87' lang='lat' dir='ltr'><strong>ostendit.</strong></span> 
     </span>
    </p>
   </div>
   <div class='ocr_carea' id='block_1_48' title="bbox 2046 2119 3542 2194">
    <p class='ocr_par' dir='ltr' id='par_1_48' title="bbox 2046 2119 3542 2194">
     <span class='ocr_line' id='line_1_48' title="bbox 2046 2119 3542 2194; baseline 0.007 -22"><span class='ocrx_word' id='word_1_308' title='bbox 2046 2119 2269 2187; x_wconf 88' lang='lat' dir='ltr'><strong>Deinde,</strong></span> <span class='ocrx_word' id='word_1_309' title='bbox 2300 2119 2403 2174; x_wconf 91' lang='lat' dir='ltr'><strong>etsi</strong></span> <span class='ocrx_word' id='word_1_310' title='bbox 2460 2120 2927 2177; x_wconf 88' lang='lat' dir='ltr'><strong>consubstantiale</strong></span> <span class='ocrx_word' id='word_1_311' title='bbox 2961 2123 3167 2194; x_wconf 87' lang='lat' dir='ltr'><strong>signari</strong></span> <span class='ocrx_word' id='word_1_312' title='bbox 3228 2124 3313 2180; x_wconf 87' lang='lat' dir='ltr'><strong>his</strong></span> <span class='ocrx_word' id='word_1_313' title='bbox 3360 2126 3542 2183; x_wconf 85' lang='lat' dir='ltr'><strong>verbis</strong></span> 
     </span>
    </p>
   </div>
   <div class='ocr_carea' id='block_1_49' title="bbox 1976 2198 3539 2285">
    <p class='ocr_par' dir='ltr' id='par_1_49' title="bbox 1976 2198 3539 2285">
     <span class='ocr_line' id='line_1_49' title="bbox 1976 2198 3539 2285; baseline 0.005 -23"><span class='ocrx_word' id='word_1_314' title='bbox 1976 2208 2242 2263; x_wconf 84' lang='lat' dir='ltr'><strong>veraciter</strong></span> <span class='ocrx_word' id='word_1_315' title='bbox 2270 2208 2496 2275; x_wconf 88' lang='lat' dir='ltr'><strong>dicitur,</strong></span> <span class='ocrx_word' id='word_1_316' title='bbox 2546 2211 2918 2279; x_wconf 83' lang='lat' dir='ltr'><strong>principaliter</strong></span> <span class='ocrx_word' id='word_1_317' title='bbox 2965 2221 3145 2268; x_wconf 89' lang='lat' dir='ltr'><strong>tamen</strong></span> <span class='ocrx_word' id='word_1_318' title='bbox 3183 2198 3539 2285; x_wconf 85' lang='lat' dir='ltr'><strong>personarum</strong></span> 
     </span>
    </p>
   </div>
   <div class='ocr_carea' id='block_1_50' title="bbox 1973 2300 3542 2374">
    <p class='ocr_par' dir='ltr' id='par_1_50' title="bbox 1973 2300 3542 2374">
     <span class='ocr_line' id='line_1_50' title="bbox 1973 2300 3542 2374; baseline 0.004 -19"><span class='ocrx_word' id='word_1_319' title='bbox 1973 2300 2109 2355; x_wconf 89' lang='lat' dir='ltr'><strong>ordo</strong></span> <span class='ocrx_word' id='word_1_320' title='bbox 2156 2301 2592 2355; x_wconf 85' lang='lat' dir='ltr'><strong>commendatur.</strong></span> <span class='ocrx_word' id='word_1_321' title='bbox 2650 2300 2773 2367; x_wconf 82' lang='lat' dir='ltr'><strong>Per,</strong></span> <span class='ocrx_word' id='word_1_322' title='bbox 2812 2304 2982 2369; x_wconf 91' lang='lat' dir='ltr'><strong>enim,</strong></span> <span class='ocrx_word' id='word_1_323' title='bbox 3013 2305 3301 2374; x_wconf 87' lang='lat' dir='ltr'><strong>particula,</strong></span> <span class='ocrx_word' id='word_1_324' title='bbox 3354 2316 3415 2361; x_wconf 92' lang='lat' dir='ltr'><strong>ut</strong></span> <span class='ocrx_word' id='word_1_325' title='bbox 3468 2309 3542 2363; x_wconf 89' lang='lat' dir='ltr'><strong>ait</strong></span> 
     </span>
    </p>
   </div>
   <div class='ocr_carea' id='block_1_51' title="bbox 1974 2392 3543 2470">
    <p class='ocr_par' dir='ltr' id='par_1_51' title="bbox 1974 2392 3543 2470">
     <span class='ocr_line' id='line_1_51' title="bbox 1974 2392 3543 2470; baseline 0.007 -24"><span class='ocrx_word' id='word_1_326' title='bbox 1974 2394 2210 2449; x_wconf 87' lang='lat' dir='ltr'><strong>Basilius</strong></span> <span class='ocrx_word' id='word_1_327' title='bbox 2280 2394 2345 2447; x_wconf 86' lang='lat' dir='ltr'><strong>ad</strong></span> <span class='ocrx_word' id='word_1_328' title='bbox 2422 2392 2865 2463; x_wconf 80' lang='lat' dir='ltr'><strong>Amphilochium</strong></span> <span class='ocrx_word' id='word_1_329' title='bbox 2937 2398 3207 2463; x_wconf 79' lang='lat' dir='ltr'><strong>scribens,</strong></span> <span class='ocrx_word' id='word_1_330' title='bbox 3282 2414 3543 2470; x_wconf 83' lang='lat' dir='ltr'><strong>personas</strong></span> 
     </span>
    </p>
   </div>
   <div class='ocr_carea' id='block_1_52' title="bbox 1973 2486 3543 2557">
    <p class='ocr_par' dir='ltr' id='par_1_52' title="bbox 1973 2486 3543 2557">
     <span class='ocr_line' id='line_1_52' title="bbox 1973 2486 3543 2557; baseline 0.006 -19"><span class='ocrx_word' id='word_1_331' title='bbox 1973 2486 2152 2557; x_wconf 90' lang='lat' dir='ltr'><strong>primo</strong></span> <span class='ocrx_word' id='word_1_332' title='bbox 2205 2486 2486 2542; x_wconf 86' lang='lat' dir='ltr'><strong>discernit.</strong></span> <span class='ocrx_word' id='word_1_333' title='bbox 2525 2486 2938 2557; x_wconf 88' lang='lat' dir='ltr'><strong>Consequenter</strong></span> <span class='ocrx_word' id='word_1_334' title='bbox 2982 2500 3164 2545; x_wconf 84' lang='lat' dir='ltr'><strong>autem</strong></span> <span class='ocrx_word' id='word_1_335' title='bbox 3217 2494 3380 2547; x_wconf 90' lang='lat' dir='ltr'><strong>etiam</strong></span> <span class='ocrx_word' id='word_1_336' title='bbox 3412 2509 3543 2547; x_wconf 88' lang='lat' dir='ltr'><strong>con-</strong></span> 
     </span>
    </p>
   </div>
   <div class='ocr_carea' id='block_1_53' title="bbox 1974 2579 3541 2652">
    <p class='ocr_par' dir='ltr' id='par_1_53' title="bbox 1974 2579 3541 2652">
     <span class='ocr_line' id='line_1_53' title="bbox 1974 2579 3541 2652; baseline 0.003 -18"><span class='ocrx_word' id='word_1_337' title='bbox 1974 2580 2335 2634; x_wconf 86' lang='lat' dir='ltr'><strong>substantiale</strong></span> <span class='ocrx_word' id='word_1_338' title='bbox 2377 2580 2694 2634; x_wconf 86' lang='lat' dir='ltr'><strong>introducit.</strong></span> <span class='ocrx_word' id='word_1_339' title='bbox 2730 2579 2885 2634; x_wconf 90' lang='lat' dir='ltr'><strong>Sicut</strong></span> <span class='ocrx_word' id='word_1_340' title='bbox 2910 2581 3054 2634; x_wconf 91' lang='lat' dir='ltr'><strong>enim</strong></span> <span class='ocrx_word' id='word_1_341' title='bbox 3086 2581 3279 2649; x_wconf 84' lang='lat' dir='ltr'><strong>Filius,</strong></span> <span class='ocrx_word' id='word_1_342' title='bbox 3318 2585 3446 2652; x_wconf 88' lang='lat' dir='ltr'><strong>quia</strong></span> <span class='ocrx_word' id='word_1_343' title='bbox 3476 2602 3541 2639; x_wconf 82' lang='lat' dir='ltr'><strong>ex</strong></span> 
     </span>
    </p>
   </div>
   <div class='ocr_carea' id='block_1_54' title="bbox 1973 2670 3539 2736">
    <p class='ocr_par' dir='ltr' id='par_1_54' title="bbox 1973 2670 3539 2736">
     <span class='ocr_line' id='line_1_54' title="bbox 1973 2670 3539 2736; baseline 0.003 -10"><span class='ocrx_word' id='word_1_344' title='bbox 1973 2670 2135 2726; x_wconf 84' lang='lat' dir='ltr'><strong>Patre</strong></span> <span class='ocrx_word' id='word_1_345' title='bbox 2164 2680 2271 2736; x_wconf 91' lang='lat' dir='ltr'><strong>est,</strong></span> <span class='ocrx_word' id='word_1_346' title='bbox 2313 2672 2519 2726; x_wconf 89' lang='lat' dir='ltr'><strong>idcirco</strong></span> <span class='ocrx_word' id='word_1_347' title='bbox 2556 2672 2717 2725; x_wconf 88' lang='lat' dir='ltr'><strong>etiam</strong></span> <span class='ocrx_word' id='word_1_348' title='bbox 2770 2672 2845 2725; x_wconf 90' lang='lat' dir='ltr'><strong>illi</strong></span> <span class='ocrx_word' id='word_1_349' title='bbox 2890 2674 3375 2730; x_wconf 72' lang='lat' dir='ltr'><strong>consubstantialis</strong></span> <span class='ocrx_word' id='word_1_350' title='bbox 3407 2686 3491 2731; x_wconf 91' lang='lat' dir='ltr'><strong>est</strong></span> <span class='ocrx_word' id='word_1_351' title='bbox 3523 2695 3539 2731; x_wconf 89' lang='lat'><strong>:</strong></span> 
     </span>
    </p>
   </div>
   <div class='ocr_carea' id='block_1_55' title="bbox 1975 2764 3540 2835">
    <p class='ocr_par' dir='ltr' id='par_1_55' title="bbox 1975 2764 3540 2835">
     <span class='ocr_line' id='line_1_55' title="bbox 1975 2764 3540 2835; baseline 0.004 -18"><span class='ocrx_word' id='word_1_352' title='bbox 1975 2765 2048 2818; x_wconf 88' lang='lat' dir='ltr'><strong>ita</strong></span> <span class='ocrx_word' id='word_1_353' title='bbox 2078 2774 2130 2818; x_wconf 90' lang='lat' dir='ltr'><strong>et</strong></span> <span class='ocrx_word' id='word_1_354' title='bbox 2177 2764 2230 2818; x_wconf 88' lang='lat' dir='ltr'><strong>itt</strong></span> <span class='ocrx_word' id='word_1_355' title='bbox 2264 2772 2455 2820; x_wconf 90' lang='lat' dir='ltr'><strong>sancto</strong></span> <span class='ocrx_word' id='word_1_356' title='bbox 2484 2765 2713 2833; x_wconf 88' lang='lat' dir='ltr'><strong>Spiritu,</strong></span> <span class='ocrx_word' id='word_1_357' title='bbox 2746 2764 2872 2818; x_wconf 90' lang='lat' dir='ltr'><strong>dum</strong></span> <span class='ocrx_word' id='word_1_358' title='bbox 2906 2780 2969 2819; x_wconf 82' lang='lat' dir='ltr'><strong>ex</strong></span> <span class='ocrx_word' id='word_1_359' title='bbox 3008 2765 3163 2825; x_wconf 77' lang='lat' dir='ltr'><strong>Patre</strong></span> <span class='ocrx_word' id='word_1_360' title='bbox 3206 2783 3300 2835; x_wconf 87' lang='lat' dir='ltr'><strong>per</strong></span> <span class='ocrx_word' id='word_1_361' title='bbox 3343 2767 3540 2823; x_wconf 89' lang='lat' dir='ltr'><strong>Filium</strong></span> 
     </span>
    </p>
   </div>
   <div class='ocr_carea' id='block_1_56' title="bbox 1974 2857 3542 2931">
    <p class='ocr_par' dir='ltr' id='par_1_56' title="bbox 1974 2857 3542 2931">
     <span class='ocr_line' id='line_1_56' title="bbox 1974 2857 3542 2931; baseline 0.004 -20"><span class='ocrx_word' id='word_1_362' title='bbox 1974 2857 2301 2912; x_wconf 88' lang='lat' dir='ltr'><strong>naturaliter</strong></span> <span class='ocrx_word' id='word_1_363' title='bbox 2337 2865 2499 2927; x_wconf 86' lang='lat' dir='ltr'><strong>atque</strong></span> <span class='ocrx_word' id='word_1_364' title='bbox 2538 2858 2905 2912; x_wconf 87' lang='lat' dir='ltr'><strong>essentialiter</strong></span> <span class='ocrx_word' id='word_1_365' title='bbox 2953 2874 2982 2912; x_wconf 91' lang='lat' dir='ltr'><strong>a</strong></span> <span class='ocrx_word' id='word_1_366' title='bbox 3038 2860 3305 2931; x_wconf 78' lang='lat' dir='ltr'><strong>theologis</strong></span> <span class='ocrx_word' id='word_1_367' title='bbox 3339 2866 3542 2917; x_wconf 83' lang='lat' dir='ltr'><strong>asseri—</strong></span> 
     </span>
    </p>
   </div>
   <div class='ocr_carea' id='block_1_57' title="bbox 1976 2947 3543 3024">
    <p class='ocr_par' dir='ltr' id='par_1_57' title="bbox 1976 2947 3543 3024">
     <span class='ocr_line' id='line_1_57' title="bbox 1976 2947 3543 3024; baseline 0.005 -22"><span class='ocrx_word' id='word_1_368' title='bbox 1976 2961 2085 3011; x_wconf 91' lang='lat' dir='ltr'><strong>tur,</strong></span> <span class='ocrx_word' id='word_1_369' title='bbox 2157 2949 2356 3018; x_wconf 88' lang='lat' dir='ltr'><strong>primo,</strong></span> <span class='ocrx_word' id='word_1_370' title='bbox 2412 2949 2525 3002; x_wconf 68' lang='lat' dir='ltr'><strong>haec</strong></span> <span class='ocrx_word' id='word_1_371' title='bbox 2574 2963 2669 3018; x_wconf 91' lang='lat' dir='ltr'><strong>per</strong></span> <span class='ocrx_word' id='word_1_372' title='bbox 2717 2947 2914 3003; x_wconf 87' lang='lat' dir='ltr'><strong>Filium</strong></span> <span class='ocrx_word' id='word_1_373' title='bbox 2968 2952 3246 3020; x_wconf 88' lang='lat' dir='ltr'><strong>processio</strong></span> <span class='ocrx_word' id='word_1_374' title='bbox 3314 2952 3543 3024; x_wconf 84' lang='lat' dir='ltr'><strong>ejusque</strong></span> 
     </span>
    </p>
   </div>
   <div class='ocr_carea' id='block_1_58' title="bbox 1975 3038 3544 3104">
    <p class='ocr_par' dir='ltr' id='par_1_58' title="bbox 1975 3038 3544 3104">
     <span class='ocr_line' id='line_1_58' title="bbox 1975 3038 3544 3104; baseline 0.003 -8"><span class='ocrx_word' id='word_1_375' title='bbox 1975 3040 2234 3096; x_wconf 88' lang='lat' dir='ltr'><strong>discretio</strong></span> <span class='ocrx_word' id='word_1_376' title='bbox 2289 3038 2632 3104; x_wconf 87' lang='lat' dir='ltr'><strong>insinuatur;</strong></span> <span class='ocrx_word' id='word_1_377' title='bbox 2673 3039 2870 3094; x_wconf 88' lang='lat' dir='ltr'><strong>deinde</strong></span> <span class='ocrx_word' id='word_1_378' title='bbox 2911 3040 3074 3095; x_wconf 63' lang='lat' dir='ltr'><strong>etiam</strong></span> <span class='ocrx_word' id='word_1_379' title='bbox 3105 3044 3544 3101; x_wconf 76' lang='lat' dir='ltr'><strong>consubstantia-</strong></span> 
     </span>
    </p>
   </div>
   <div class='ocr_carea' id='block_1_59' title="bbox 293 3126 3543 3224">
    <p class='ocr_par' dir='ltr' id='par_1_59' title="bbox 293 3126 3543 3224">
     <span class='ocr_line' id='line_1_59' title="bbox 293 3126 3543 3224; baseline 0.004 -45"><span class='ocrx_word' id='word_1_380' title='bbox 293 3158 405 3210; x_wconf 55' lang='grc' dir='ltr'><strong>ηπ</strong></span> <span class='ocrx_word' id='word_1_381' title='bbox 434 3156 647 3210; x_wconf 67' lang='lat' dir='ltr'><strong>honore</strong></span> <span class='ocrx_word' id='word_1_382' title='bbox 706 3170 769 3209; x_wconf 66' lang='lat' dir='ltr'><strong>ac</strong></span> <span class='ocrx_word' id='word_1_383' title='bbox 793 3126 1066 3224; x_wconf 37' lang='lat' dir='ltr'><strong>dignm“,</strong></span> <span class='ocrx_word' id='word_1_384' title='bbox 1117 3126 1331 3224; x_wconf 69' lang='lat' dir='ltr'><strong>p&#39;eniws</strong></span> <span class='ocrx_word' id='word_1_385' title='bbox 1361 3168 1470 3208; x_wconf 68' lang='lat' dir='ltr'><strong>non</strong></span> <span class='ocrx_word' id='word_1_386' title='bbox 1498 3154 1870 3223; x_wconf 52' lang='lat' dir='ltr'><strong>dignarentur,</strong></span> <span class='ocrx_word' id='word_1_387' title='bbox 1900 3126 1943 3185; x_wconf 84' lang='lat' dir='ltr'><strong><em>C</em></strong></span> <span class='ocrx_word' id='word_1_388' title='bbox 1981 3132 2149 3224; x_wconf 86' lang='lat' dir='ltr'><strong>litatis</strong></span> <span class='ocrx_word' id='word_1_389' title='bbox 2171 3140 2394 3219; x_wconf 83' lang='lat' dir='ltr'><strong>apparet</strong></span> <span class='ocrx_word' id='word_1_390' title='bbox 2426 3132 2588 3186; x_wconf 86' lang='lat' dir='ltr'><strong>ratio.</strong></span> <span class='ocrx_word' id='word_1_391' title='bbox 2623 3131 2909 3224; x_wconf 79' lang='lat' dir='ltr'><strong>Naturalis</strong></span> <span class='ocrx_word' id='word_1_392' title='bbox 2937 3133 3136 3203; x_wconf 88' lang='lat' dir='ltr'><strong>quippe</strong></span> <span class='ocrx_word' id='word_1_393' title='bbox 3160 3145 3208 3188; x_wconf 92' lang='lat' dir='ltr'><strong>et</strong></span> <span class='ocrx_word' id='word_1_394' title='bbox 3234 3137 3543 3192; x_wconf 84' lang='lat' dir='ltr'><strong>essentialis</strong></span> 
     </span>
    </p>
   </div>
   <div class='ocr_carea' id='block_1_60' title="bbox 290 3244 1899 3303">
    <p class='ocr_par' dir='ltr' id='par_1_60' title="bbox 290 3244 1899 3303">
     <span class='ocr_line' id='line_1_60' title="bbox 290 3244 1899 3303; baseline -0.002 0"><span class='ocrx_word' id='word_1_395' title='bbox 290 3247 478 3303; x_wconf 84' lang='lat' dir='ltr'><strong>sancti</strong></span> <span class='ocrx_word' id='word_1_396' title='bbox 542 3245 739 3302; x_wconf 88' lang='lat' dir='ltr'><strong>Patres</strong></span> <span class='ocrx_word' id='word_1_397' title='bbox 788 3246 937 3300; x_wconf 87' lang='lat' dir='ltr'><strong>hunc</strong></span> <span class='ocrx_word' id='word_1_398' title='bbox 980 3244 1151 3300; x_wconf 88' lang='lat' dir='ltr'><strong>Deum</strong></span> <span class='ocrx_word' id='word_1_399' title='bbox 1205 3259 1391 3299; x_wconf 86' lang='lat' dir='ltr'><strong>verum</strong></span> <span class='ocrx_word' id='word_1_400' title='bbox 1468 3260 1535 3299; x_wconf 87' lang='lat' dir='ltr'><strong>ex</strong></span> <span class='ocrx_word' id='word_1_401' title='bbox 1587 3244 1700 3298; x_wconf 89' lang='lat' dir='ltr'><strong>Deo</strong></span> <span class='ocrx_word' id='word_1_402' title='bbox 1749 3259 1899 3299; x_wconf 24' lang='lat' dir='ltr'><strong>vero.</strong></span> 
     </span>
    </p>
   </div>
   <div class='ocr_carea' id='block_1_61' title="bbox 288 3336 1874 3409">
    <p class='ocr_par' dir='ltr' id='par_1_61' title="bbox 288 3336 1874 3409">
     <span class='ocr_line' id='line_1_61' title="bbox 288 3336 1874 3409; baseline -0.002 -15"><span class='ocrx_word' id='word_1_403' title='bbox 288 3355 443 3405; x_wconf 86' lang='lat' dir='ltr'><strong>esse,</strong></span> <span class='ocrx_word' id='word_1_404' title='bbox 472 3348 638 3409; x_wconf 89' lang='lat' dir='ltr'><strong>atque</strong></span> <span class='ocrx_word' id='word_1_405' title='bbox 661 3354 730 3393; x_wconf 82' lang='lat' dir='ltr'><strong>ex</strong></span> <span class='ocrx_word' id='word_1_406' title='bbox 758 3338 867 3392; x_wconf 88' lang='lat' dir='ltr'><strong>Deo</strong></span> <span class='ocrx_word' id='word_1_407' title='bbox 894 3338 1199 3393; x_wconf 87' lang='lat' dir='ltr'><strong>secundum</strong></span> <span class='ocrx_word' id='word_1_408' title='bbox 1236 3336 1551 3400; x_wconf 86' lang='lat' dir='ltr'><strong>Scripturas</strong></span> <span class='ocrx_word' id='word_1_409' title='bbox 1580 3337 1874 3406; x_wconf 89' lang='lat' dir='ltr'><strong>procedere</strong></span> 
     </span>
    </p>
   </div>
   <div class='ocr_carea' id='block_1_62' title="bbox 280 3429 1869 3500">
    <p class='ocr_par' dir='ltr' id='par_1_62' title="bbox 280 3429 1869 3500">
     <span class='ocr_line' id='line_1_62' title="bbox 280 3429 1869 3500; baseline -0.003 -13"><span class='ocrx_word' id='word_1_410' title='bbox 280 3430 556 3498; x_wconf 82' lang='lat' dir='ltr'><strong>scientes,</strong></span> <span class='ocrx_word' id='word_1_411' title='bbox 616 3447 723 3485; x_wconf 90' lang='lat' dir='ltr'><strong>non</strong></span> <span class='ocrx_word' id='word_1_412' title='bbox 778 3430 1082 3486; x_wconf 89' lang='lat' dir='ltr'><strong>secundum</strong></span> <span class='ocrx_word' id='word_1_413' title='bbox 1142 3429 1453 3485; x_wconf 84' lang='lat' dir='ltr'><strong>nativitatis</strong></span> <span class='ocrx_word' id='word_1_414' title='bbox 1498 3444 1869 3500; x_wconf 86' lang='lat' dir='ltr'><strong>progressum,</strong></span> 
     </span>
    </p>
   </div>
   <div class='ocr_carea' id='block_1_63' title="bbox 293 3520 1872 3590">
    <p class='ocr_par' dir='ltr' id='par_1_63' title="bbox 293 3520 1872 3590">
     <span class='ocr_line' id='line_1_63' title="bbox 293 3520 1872 3590; baseline -0.001 -14"><span class='ocrx_word' id='word_1_415' title='bbox 293 3523 402 3577; x_wconf 89' lang='lat' dir='ltr'><strong>sed</strong></span> <span class='ocrx_word' id='word_1_416' title='bbox 453 3525 749 3577; x_wconf 85' lang='lat' dir='ltr'><strong>secundum</strong></span> <span class='ocrx_word' id='word_1_417' title='bbox 782 3535 1102 3590; x_wconf 87' lang='lat' dir='ltr'><strong>processum</strong></span> <span class='ocrx_word' id='word_1_418' title='bbox 1136 3536 1153 3577; x_wconf 86' lang='lat'><strong>:</strong></span> <span class='ocrx_word' id='word_1_419' title='bbox 1194 3520 1307 3587; x_wconf 84' lang='lat' dir='ltr'><strong>Est,</strong></span> <span class='ocrx_word' id='word_1_420' title='bbox 1361 3520 1603 3587; x_wconf 89' lang='lat' dir='ltr'><strong>aiebant,</strong></span> <span class='ocrx_word' id='word_1_421' title='bbox 1648 3521 1872 3590; x_wconf 85' lang='lat' dir='ltr'><strong>quidam</strong></span> 
     </span>
    </p>
   </div>
   <div class='ocr_carea' id='block_1_64' title="bbox 290 3612 1872 3680">
    <p class='ocr_par' dir='ltr' id='par_1_64' title="bbox 290 3612 1872 3680">
     <span class='ocr_line' id='line_1_64' title="bbox 290 3612 1872 3680; baseline -0.001 -14"><span class='ocrx_word' id='word_1_422' title='bbox 290 3623 471 3666; x_wconf 80' lang='lat' dir='ltr'><strong>etiam</strong></span> <span class='ocrx_word' id='word_1_423' title='bbox 505 3613 641 3668; x_wconf 88' lang='lat' dir='ltr'><strong>alius</strong></span> <span class='ocrx_word' id='word_1_424' title='bbox 690 3614 1013 3669; x_wconf 71' lang='lat' dir='ltr'><strong>substantiae</strong></span> <span class='ocrx_word' id='word_1_425' title='bbox 1046 3612 1259 3677; x_wconf 88' lang='lat' dir='ltr'><strong>modus,</strong></span> <span class='ocrx_word' id='word_1_426' title='bbox 1306 3625 1597 3680; x_wconf 85' lang='lat' dir='ltr'><strong>processus</strong></span> <span class='ocrx_word' id='word_1_427' title='bbox 1640 3613 1872 3675; x_wconf 83' lang='lat' dir='ltr'><strong>scilicet,</strong></span> 
     </span>
    </p>
   </div>
   <div class='ocr_carea' id='block_1_65' title="bbox 290 3706 1932 3787">
    <p class='ocr_par' dir='ltr' id='par_1_65' title="bbox 290 3706 1932 3787">
     <span class='ocr_line' id='line_1_65' title="bbox 290 3706 1932 3787; baseline 0 -26"><span class='ocrx_word' id='word_1_428' title='bbox 290 3706 611 3761; x_wconf 89' lang='lat' dir='ltr'><strong>secundum</strong></span> <span class='ocrx_word' id='word_1_429' title='bbox 663 3722 823 3787; x_wconf 84' lang='lat' dir='ltr'><strong>quem</strong></span> <span class='ocrx_word' id='word_1_430' title='bbox 874 3706 982 3759; x_wconf 85' lang='lat' dir='ltr'><strong>alia</strong></span> <span class='ocrx_word' id='word_1_431' title='bbox 1028 3721 1262 3775; x_wconf 89' lang='lat' dir='ltr'><strong>persona</strong></span> <span class='ocrx_word' id='word_1_432' title='bbox 1312 3721 1376 3761; x_wconf 88' lang='lat' dir='ltr'><strong>ex</strong></span> <span class='ocrx_word' id='word_1_433' title='bbox 1426 3706 1536 3761; x_wconf 91' lang='lat' dir='ltr'><strong>Deo</strong></span> <span class='ocrx_word' id='word_1_434' title='bbox 1568 3706 1786 3775; x_wconf 89' lang='lat' dir='ltr'><strong>prodit;</strong></span> <span class='ocrx_word' id='word_1_435' title='bbox 1821 3718 1875 3761; x_wconf 90' lang='lat' dir='ltr'><strong>et</strong></span> <span class='ocrx_word' id='word_1_436' title='bbox 1926 3768 1932 3775; x_wconf 33' lang='grc' dir='ltr'><strong><em>ο</em></strong></span> 
     </span>
    </p>
   </div>
   <div class='ocr_carea' id='block_1_66' title="bbox 289 3796 1869 3868">
    <p class='ocr_par' dir='ltr' id='par_1_66' title="bbox 289 3796 1869 3868">
     <span class='ocr_line' id='line_1_66' title="bbox 289 3796 1869 3868; baseline -0.001 -13"><span class='ocrx_word' id='word_1_437' title='bbox 289 3800 389 3856; x_wconf 81' lang='lat' dir='ltr'><strong>hic</strong></span> <span class='ocrx_word' id='word_1_438' title='bbox 422 3809 526 3860; x_wconf 84' lang='lat' dir='ltr'><strong>est,</strong></span> <span class='ocrx_word' id='word_1_439' title='bbox 579 3813 687 3866; x_wconf 90' lang='lat' dir='ltr'><strong>quo</strong></span> <span class='ocrx_word' id='word_1_440' title='bbox 744 3799 992 3868; x_wconf 85' lang='lat' dir='ltr'><strong>procedit</strong></span> <span class='ocrx_word' id='word_1_441' title='bbox 1047 3796 1287 3867; x_wconf 79' lang='lat' dir='ltr'><strong>Spiritus</strong></span> <span class='ocrx_word' id='word_1_442' title='bbox 1343 3810 1568 3853; x_wconf 85' lang='lat' dir='ltr'><strong>sanctus</strong></span> <span class='ocrx_word' id='word_1_443' title='bbox 1620 3800 1869 3868; x_wconf 89' lang='lat' dir='ltr'><strong>ejusdem</strong></span> 
     </span>
    </p>
   </div>
   <div class='ocr_carea' id='block_1_67' title="bbox 291 3889 1870 3959">
    <p class='ocr_par' dir='ltr' id='par_1_67' title="bbox 291 3889 1870 3959">
     <span class='ocr_line' id='line_1_67' title="bbox 291 3889 1870 3959; baseline 0 -14"><span class='ocrx_word' id='word_1_444' title='bbox 291 3890 560 3945; x_wconf 70' lang='lat' dir='ltr'><strong>essentia:</strong></span> <span class='ocrx_word' id='word_1_445' title='bbox 585 3904 707 3943; x_wconf 88' lang='lat' dir='ltr'><strong>cum</strong></span> <span class='ocrx_word' id='word_1_446' title='bbox 729 3889 890 3943; x_wconf 89' lang='lat' dir='ltr'><strong>Patre</strong></span> <span class='ocrx_word' id='word_1_447' title='bbox 915 3898 967 3944; x_wconf 91' lang='lat' dir='ltr'><strong>et</strong></span> <span class='ocrx_word' id='word_1_448' title='bbox 994 3890 1167 3954; x_wconf 85' lang='lat' dir='ltr'><strong>Filio;</strong></span> <span class='ocrx_word' id='word_1_449' title='bbox 1197 3889 1313 3959; x_wconf 90' lang='lat' dir='ltr'><strong>qui,</strong></span> <span class='ocrx_word' id='word_1_450' title='bbox 1366 3905 1542 3959; x_wconf 92' lang='lat' dir='ltr'><strong>neque</strong></span> <span class='ocrx_word' id='word_1_451' title='bbox 1574 3889 1870 3959; x_wconf 84' lang='lat' dir='ltr'><strong>ingenitus,</strong></span> 
     </span>
    </p>
   </div>
   <div class='ocr_carea' id='block_1_68' title="bbox 292 3980 1869 4053">
    <p class='ocr_par' dir='ltr' id='par_1_68' title="bbox 292 3980 1869 4053">
     <span class='ocr_line' id='line_1_68' title="bbox 292 3980 1869 4053; baseline -0.001 -17"><span class='ocrx_word' id='word_1_452' title='bbox 292 3997 479 4051; x_wconf 87' lang='lat' dir='ltr'><strong>neque</strong></span> <span class='ocrx_word' id='word_1_453' title='bbox 507 3982 625 4036; x_wconf 79' lang='lat' dir='ltr'><strong>sine</strong></span> <span class='ocrx_word' id='word_1_454' title='bbox 648 3996 816 4035; x_wconf 90' lang='lat' dir='ltr'><strong>causa</strong></span> <span class='ocrx_word' id='word_1_455' title='bbox 843 3980 1166 4053; x_wconf 88' lang='lat' dir='ltr'><strong>[principio]</strong></span> <span class='ocrx_word' id='word_1_456' title='bbox 1191 3997 1205 4033; x_wconf 91' lang='lat'><strong>:</strong></span> <span class='ocrx_word' id='word_1_457' title='bbox 1242 3996 1348 4035; x_wconf 88' lang='lat' dir='ltr'><strong>non</strong></span> <span class='ocrx_word' id='word_1_458' title='bbox 1383 3981 1530 4035; x_wconf 92' lang='lat' dir='ltr'><strong>enim</strong></span> <span class='ocrx_word' id='word_1_459' title='bbox 1564 3980 1725 4035; x_wconf 89' lang='lat' dir='ltr'><strong>Pater</strong></span> <span class='ocrx_word' id='word_1_460' title='bbox 1753 3990 1869 4048; x_wconf 89' lang='lat' dir='ltr'><strong>est;</strong></span> 
     </span>
    </p>
   </div>
   <div class='ocr_carea' id='block_1_69' title="bbox 292 4070 1871 4144">
    <p class='ocr_par' dir='ltr' id='par_1_69' title="bbox 292 4070 1871 4144">
     <span class='ocr_line' id='line_1_69' title="bbox 292 4070 1871 4144; baseline 0.001 -17"><span class='ocrx_word' id='word_1_461' title='bbox 292 4088 479 4144; x_wconf 83' lang='lat' dir='ltr'><strong>neque</strong></span> <span class='ocrx_word' id='word_1_462' title='bbox 531 4088 755 4127; x_wconf 88' lang='lat' dir='ltr'><strong>rursum</strong></span> <span class='ocrx_word' id='word_1_463' title='bbox 835 4074 1072 4144; x_wconf 92' lang='lat' dir='ltr'><strong>genitus,</strong></span> <span class='ocrx_word' id='word_1_464' title='bbox 1124 4073 1253 4143; x_wconf 89' lang='lat' dir='ltr'><strong>quia</strong></span> <span class='ocrx_word' id='word_1_465' title='bbox 1311 4089 1413 4127; x_wconf 87' lang='lat' dir='ltr'><strong>nec</strong></span> <span class='ocrx_word' id='word_1_466' title='bbox 1464 4070 1658 4138; x_wconf 88' lang='lat' dir='ltr'><strong>Filius,</strong></span> <span class='ocrx_word' id='word_1_467' title='bbox 1716 4074 1871 4144; x_wconf 83' lang='lat' dir='ltr'><strong>juxta</strong></span> 
     </span>
    </p>
   </div>
   <div class='ocr_carea' id='block_1_70' title="bbox 293 4157 1869 4231">
    <p class='ocr_par' dir='ltr' id='par_1_70' title="bbox 293 4157 1869 4231">
     <span class='ocr_line' id='line_1_70' title="bbox 293 4157 1869 4231; baseline -0.003 -12"><span class='ocrx_word' id='word_1_468' title='bbox 293 4162 520 4219; x_wconf 83' lang='lat' dir='ltr'><strong>scilicet</strong></span> <span class='ocrx_word' id='word_1_469' title='bbox 571 4162 879 4217; x_wconf 80' lang='lat' dir='ltr'><strong>nativitatis</strong></span> <span class='ocrx_word' id='word_1_470' title='bbox 924 4157 1351 4231; x_wconf 84' lang='lat' dir='ltr'><strong>processionem.</strong></span> <span class='ocrx_word' id='word_1_471' title='bbox 1386 4158 1597 4217; x_wconf 88' lang='lat' dir='ltr'><strong>Idcirco</strong></span> <span class='ocrx_word' id='word_1_472' title='bbox 1632 4162 1869 4215; x_wconf 90' lang='lat' dir='ltr'><strong>medium</strong></span> 
     </span>
    </p>
   </div>
   <div class='ocr_carea' id='block_1_71' title="bbox 293 4251 1872 4324">
    <p class='ocr_par' dir='ltr' id='par_1_71' title="bbox 293 4251 1872 4324">
     <span class='ocr_line' id='line_1_71' title="bbox 293 4251 1872 4324; baseline -0.001 -17"><span class='ocrx_word' id='word_1_473' title='bbox 293 4252 527 4324; x_wconf 88' lang='lat' dir='ltr'><strong>ingeniti</strong></span> <span class='ocrx_word' id='word_1_474' title='bbox 556 4260 609 4307; x_wconf 92' lang='lat' dir='ltr'><strong>et</strong></span> <span class='ocrx_word' id='word_1_475' title='bbox 638 4252 803 4322; x_wconf 84' lang='lat' dir='ltr'><strong>geniti</strong></span> <span class='ocrx_word' id='word_1_476' title='bbox 840 4251 1108 4321; x_wconf 84' lang='lat' dir='ltr'><strong>Spiritum</strong></span> <span class='ocrx_word' id='word_1_477' title='bbox 1138 4259 1389 4309; x_wconf 85' lang='lat' dir='ltr'><strong>sanctum</strong></span> <span class='ocrx_word' id='word_1_478' title='bbox 1417 4253 1609 4307; x_wconf 86' lang='lat' dir='ltr'><strong>doctor</strong></span> <span class='ocrx_word' id='word_1_479' title='bbox 1643 4252 1755 4321; x_wconf 72' lang='lat'><strong>(20)</strong></span> <span class='ocrx_word' id='word_1_480' title='bbox 1782 4252 1872 4306; x_wconf 88' lang='lat' dir='ltr'><strong>hic</strong></span> 
     </span>
    </p>
   </div>
   <div class='ocr_carea' id='block_1_72' title="bbox 291 4342 1871 4413">
    <p class='ocr_par' dir='ltr' id='par_1_72' title="bbox 291 4342 1871 4413">
     <span class='ocr_line' id='line_1_72' title="bbox 291 4342 1871 4413; baseline 0 -15"><span class='ocrx_word' id='word_1_481' title='bbox 291 4346 457 4399; x_wconf 84' lang='lat' dir='ltr'><strong>dixit.</strong></span> <span class='ocrx_word' id='word_1_482' title='bbox 475 4342 802 4413; x_wconf 88' lang='lat' dir='ltr'><strong>Ubicunque</strong></span> <span class='ocrx_word' id='word_1_483' title='bbox 818 4343 961 4397; x_wconf 89' lang='lat' dir='ltr'><strong>enim</strong></span> <span class='ocrx_word' id='word_1_484' title='bbox 984 4342 1155 4399; x_wconf 90' lang='lat' dir='ltr'><strong>tribus</strong></span> <span class='ocrx_word' id='word_1_485' title='bbox 1176 4342 1421 4398; x_wconf 86' lang='lat' dir='ltr'><strong>terminis</strong></span> <span class='ocrx_word' id='word_1_486' title='bbox 1440 4342 1656 4412; x_wconf 87' lang='lat' dir='ltr'><strong>positis,</strong></span> <span class='ocrx_word' id='word_1_487' title='bbox 1679 4343 1871 4398; x_wconf 88' lang='lat' dir='ltr'><strong>tertius</strong></span> 
     </span>
    </p>
   </div>
   <div class='ocr_carea' id='block_1_73' title="bbox 292 4433 1944 4523">
    <p class='ocr_par' dir='ltr' id='par_1_73' title="bbox 292 4433 1944 4523">
     <span class='ocr_line' id='line_1_73' title="bbox 292 4433 1944 4523; baseline -0.001 -34"><span class='ocrx_word' id='word_1_488' title='bbox 292 4439 367 4489; x_wconf 87' lang='lat' dir='ltr'><strong>ab</strong></span> <span class='ocrx_word' id='word_1_489' title='bbox 390 4448 629 4504; x_wconf 88' lang='lat' dir='ltr'><strong>utroque</strong></span> <span class='ocrx_word' id='word_1_490' title='bbox 656 4434 991 4501; x_wconf 86' lang='lat' dir='ltr'><strong>reliquorum</strong></span> <span class='ocrx_word' id='word_1_491' title='bbox 1024 4433 1348 4504; x_wconf 76' lang='lat' dir='ltr'><strong>denegatur,</strong></span> <span class='ocrx_word' id='word_1_492' title='bbox 1372 4434 1675 4489; x_wconf 80' lang='lat' dir='ltr'><strong>secundum</strong></span> <span class='ocrx_word' id='word_1_493' title='bbox 1700 4435 1868 4488; x_wconf 88' lang='lat' dir='ltr'><strong>diale—</strong></span> <span class='ocrx_word' id='word_1_494' title='bbox 1901 4466 1944 4523; x_wconf 72' lang='grc' dir='ltr'>ο</span> 
     </span>
    </p>
   </div>
   <div class='ocr_carea' id='block_1_74' title="bbox 296 4523 1865 4595">
    <p class='ocr_par' dir='ltr' id='par_1_74' title="bbox 296 4523 1865 4595">
     <span class='ocr_line' id='line_1_74' title="bbox 296 4523 1865 4595; baseline 0.001 -16"><span class='ocrx_word' id='word_1_495' title='bbox 296 4527 457 4579; x_wconf 60' lang='lat' dir='ltr'><strong>etim</strong></span> <span class='ocrx_word' id='word_1_496' title='bbox 488 4525 939 4580; x_wconf 88' lang='lat' dir='ltr'><strong>consuetudinem</strong></span> <span class='ocrx_word' id='word_1_497' title='bbox 978 4523 1191 4579; x_wconf 88' lang='lat' dir='ltr'><strong>medius</strong></span> <span class='ocrx_word' id='word_1_498' title='bbox 1226 4524 1283 4579; x_wconf 92' lang='lat' dir='ltr'><strong>in</strong></span> <span class='ocrx_word' id='word_1_499' title='bbox 1310 4524 1538 4579; x_wconf 89' lang='lat' dir='ltr'><strong>aliorum</strong></span> <span class='ocrx_word' id='word_1_500' title='bbox 1575 4525 1865 4595; x_wconf 87' lang='lat' dir='ltr'><strong>negatione</strong></span> 
     </span>
    </p>
   </div>
   <div class='ocr_carea' id='block_1_75' title="bbox 291 4612 1859 4683">
    <p class='ocr_par' dir='ltr' id='par_1_75' title="bbox 291 4612 1859 4683">
     <span class='ocr_line' id='line_1_75' title="bbox 291 4612 1859 4683; baseline 0 -13"><span class='ocrx_word' id='word_1_501' title='bbox 291 4632 423 4670; x_wconf 87' lang='lat' dir='ltr'><strong>esse</strong></span> <span class='ocrx_word' id='word_1_502' title='bbox 446 4615 703 4669; x_wconf 88' lang='lat' dir='ltr'><strong>cernitur.</strong></span> <span class='ocrx_word' id='word_1_503' title='bbox 740 4614 798 4668; x_wconf 90' lang='lat' dir='ltr'><strong>Si</strong></span> <span class='ocrx_word' id='word_1_504' title='bbox 828 4615 973 4669; x_wconf 91' lang='lat' dir='ltr'><strong>enim</strong></span> <span class='ocrx_word' id='word_1_505' title='bbox 1008 4613 1271 4683; x_wconf 86' lang='lat' dir='ltr'><strong>Spiritum</strong></span> <span class='ocrx_word' id='word_1_506' title='bbox 1304 4629 1332 4668; x_wconf 88' lang='lat' dir='ltr'><strong>a</strong></span> <span class='ocrx_word' id='word_1_507' title='bbox 1362 4612 1525 4670; x_wconf 84' lang='lat' dir='ltr'><strong>Patre</strong></span> <span class='ocrx_word' id='word_1_508' title='bbox 1557 4617 1859 4671; x_wconf 87' lang='lat' dir='ltr'><strong>secundum</strong></span> 
     </span>
    </p>
   </div>
   <div class='ocr_carea' id='block_1_76' title="bbox 291 4703 1868 4776">
    <p class='ocr_par' dir='ltr' id='par_1_76' title="bbox 291 4703 1868 4776">
     <span class='ocr_line' id='line_1_76' title="bbox 291 4703 1868 4776; baseline 0.003 -19"><span class='ocrx_word' id='word_1_509' title='bbox 291 4718 417 4759; x_wconf 84' lang='lat' dir='ltr'><strong>esse</strong></span> <span class='ocrx_word' id='word_1_510' title='bbox 446 4705 739 4773; x_wconf 85' lang='lat' dir='ltr'><strong>putavisset</strong></span> <span class='ocrx_word' id='word_1_511' title='bbox 770 4703 905 4771; x_wconf 74' lang='lat'><strong>(&#39;21),</strong></span> <span class='ocrx_word' id='word_1_512' title='bbox 934 4719 1213 4774; x_wconf 86' lang='lat' dir='ltr'><strong>nunquam</strong></span> <span class='ocrx_word' id='word_1_513' title='bbox 1239 4705 1416 4774; x_wconf 83' lang='lat' dir='ltr'><strong>ipsum</strong></span> <span class='ocrx_word' id='word_1_514' title='bbox 1443 4705 1638 4761; x_wconf 87' lang='lat' dir='ltr'><strong>ibidem</strong></span> <span class='ocrx_word' id='word_1_515' title='bbox 1663 4720 1758 4776; x_wconf 81' lang='lat' dir='ltr'><strong>per</strong></span> <span class='ocrx_word' id='word_1_516' title='bbox 1778 4706 1868 4761; x_wconf 88' lang='lat' dir='ltr'><strong>Fi-</strong></span> 
     </span>
    </p>
   </div>
   <div class='ocr_carea' id='block_1_77' title="bbox 278 4794 1863 4868">
    <p class='ocr_par' dir='ltr' id='par_1_77' title="bbox 278 4794 1863 4868">
     <span class='ocr_line' id='line_1_77' title="bbox 278 4794 1863 4868; baseline 0.004 -21"><span class='ocrx_word' id='word_1_517' title='bbox 278 4794 429 4850; x_wconf 65' lang='lat' dir='ltr'><strong>dium</strong></span> <span class='ocrx_word' id='word_1_518' title='bbox 453 4796 595 4850; x_wconf 85' lang='lat' dir='ltr'><strong>Patri</strong></span> <span class='ocrx_word' id='word_1_519' title='bbox 627 4796 884 4866; x_wconf 75' lang='lat' dir='ltr'><strong>conjungi</strong></span> <span class='ocrx_word' id='word_1_520' title='bbox 909 4796 1157 4852; x_wconf 81' lang='lat' dir='ltr'><strong>dixisset.</strong></span> <span class='ocrx_word' id='word_1_521' title='bbox 1189 4796 1301 4852; x_wconf 89' lang='lat' dir='ltr'><strong>Hoc</strong></span> <span class='ocrx_word' id='word_1_522' title='bbox 1325 4798 1468 4851; x_wconf 90' lang='lat' dir='ltr'><strong>enim</strong></span> <span class='ocrx_word' id='word_1_523' title='bbox 1501 4801 1863 4868; x_wconf 86' lang='lat' dir='ltr'><strong>quorumdam</strong></span> 
     </span>
    </p>
   </div>
   <div class='ocr_carea' id='block_1_78' title="bbox 292 4877 1867 4961">
    <p class='ocr_par' dir='ltr' id='par_1_78' title="bbox 292 4877 1867 4961">
     <span class='ocr_line' id='line_1_78' title="bbox 292 4877 1867 4961; baseline 0.005 -22"><span class='ocrx_word' id='word_1_524' title='bbox 292 4887 691 4956; x_wconf 86' lang='lat' dir='ltr'><strong>malignitatem</strong></span> <span class='ocrx_word' id='word_1_525' title='bbox 724 4890 925 4959; x_wconf 80' lang='lat' dir='ltr'><strong>arguit,</strong></span> <span class='ocrx_word' id='word_1_526' title='bbox 966 4888 1400 4959; x_wconf 80' lang='lat' dir='ltr'><strong>magistrumque</strong></span> <span class='ocrx_word' id='word_1_527' title='bbox 1428 4877 1531 4945; x_wconf 87' lang='lat' dir='ltr'><strong>sibi</strong></span> <span class='ocrx_word' id='word_1_528' title='bbox 1558 4890 1660 4959; x_wconf 76' lang='lat' dir='ltr'><strong>ipsi</strong></span> <span class='ocrx_word' id='word_1_529' title='bbox 1704 4901 1867 4961; x_wconf 86' lang='lat' dir='ltr'><strong>atque</strong></span> 
     </span>
    </p>
   </div>
   <div class='ocr_carea' id='block_1_79' title="bbox 287 4979 1861 5052">
    <p class='ocr_par' dir='ltr' id='par_1_79' title="bbox 287 4979 1861 5052">
     <span class='ocr_line' id='line_1_79' title="bbox 287 4979 1861 5052; baseline 0.006 -22"><span class='ocrx_word' id='word_1_530' title='bbox 287 4980 414 5032; x_wconf 86' lang='lat' dir='ltr'><strong>aliis</strong></span> <span class='ocrx_word' id='word_1_531' title='bbox 444 4979 758 5034; x_wconf 87' lang='lat' dir='ltr'><strong>consentire</strong></span> <span class='ocrx_word' id='word_1_532' title='bbox 792 4982 1069 5036; x_wconf 83' lang='lat' dir='ltr'><strong>evidenter</strong></span> <span class='ocrx_word' id='word_1_533' title='bbox 1098 4983 1359 5037; x_wconf 88' lang='lat' dir='ltr'><strong>ostendit.</strong></span> <span class='ocrx_word' id='word_1_534' title='bbox 1398 4981 1476 5037; x_wconf 83' lang='lat' dir='ltr'><strong>Ne</strong></span> <span class='ocrx_word' id='word_1_535' title='bbox 1510 4982 1615 5038; x_wconf 89' lang='lat' dir='ltr'><strong>hoc</strong></span> <span class='ocrx_word' id='word_1_536' title='bbox 1644 4984 1861 5052; x_wconf 87' lang='lat' dir='ltr'><strong>quidem</strong></span> 
     </span>
    </p>
   </div>
   <div class='ocr_carea' id='block_1_80' title="bbox 288 5073 1865 5147">
    <p class='ocr_par' dir='ltr' id='par_1_80' title="bbox 288 5073 1865 5147">
     <span class='ocr_line' id='line_1_80' title="bbox 288 5073 1865 5147; baseline 0.006 -24"><span class='ocrx_word' id='word_1_537' title='bbox 288 5086 535 5139; x_wconf 86' lang='lat' dir='ltr'><strong>unquam</strong></span> <span class='ocrx_word' id='word_1_538' title='bbox 576 5073 825 5137; x_wconf 78' lang='lat' dir='ltr'><strong>dixisset,</strong></span> <span class='ocrx_word' id='word_1_539' title='bbox 876 5073 1138 5141; x_wconf 88' lang='lat' dir='ltr'><strong>Spiritum</strong></span> <span class='ocrx_word' id='word_1_540' title='bbox 1186 5084 1434 5129; x_wconf 87' lang='lat' dir='ltr'><strong>sanctum</strong></span> <span class='ocrx_word' id='word_1_541' title='bbox 1472 5092 1539 5130; x_wconf 83' lang='lat' dir='ltr'><strong>ex</strong></span> <span class='ocrx_word' id='word_1_542' title='bbox 1580 5077 1739 5132; x_wconf 87' lang='lat' dir='ltr'><strong>Patre</strong></span> <span class='ocrx_word' id='word_1_543' title='bbox 1771 5093 1865 5147; x_wconf 88' lang='lat' dir='ltr'><strong>per</strong></span> 
     </span>
    </p>
   </div>
   <div class='ocr_carea' id='block_1_81' title="bbox 286 5157 1864 5239">
    <p class='ocr_par' dir='ltr' id='par_1_81' title="bbox 286 5157 1864 5239">
     <span class='ocr_line' id='line_1_81' title="bbox 286 5157 1864 5239; baseline 0.008 -26"><span class='ocrx_word' id='word_1_544' title='bbox 286 5157 491 5215; x_wconf 78' lang='lat' dir='ltr'><strong>Filium</strong></span> <span class='ocrx_word' id='word_1_545' title='bbox 515 5162 832 5232; x_wconf 87' lang='lat' dir='ltr'><strong>procedere,</strong></span> <span class='ocrx_word' id='word_1_546' title='bbox 856 5164 1178 5234; x_wconf 86' lang='lat' dir='ltr'><strong>Patremque</strong></span> <span class='ocrx_word' id='word_1_547' title='bbox 1213 5167 1601 5235; x_wconf 86' lang='lat' dir='ltr'><strong>productorem</strong></span> <span class='ocrx_word' id='word_1_548' title='bbox 1628 5168 1864 5239; x_wconf 89' lang='lat' dir='ltr'><strong>Spiritus</strong></span> 
     </span>
    </p>
   </div>
   <div class='ocr_carea' id='block_1_82' title="bbox 287 5253 1861 5327">
    <p class='ocr_par' dir='ltr' id='par_1_82' title="bbox 287 5253 1861 5327">
     <span class='ocr_line' id='line_1_82' title="bbox 287 5253 1861 5327; baseline 0.008 -23"><span class='ocrx_word' id='word_1_549' title='bbox 287 5268 390 5322; x_wconf 81' lang='lat' dir='ltr'><strong>per</strong></span> <span class='ocrx_word' id='word_1_550' title='bbox 453 5253 687 5308; x_wconf 73' lang='lat' dir='ltr'><strong>Verbum</strong></span> <span class='ocrx_word' id='word_1_551' title='bbox 754 5271 892 5310; x_wconf 90' lang='lat' dir='ltr'><strong>esse.</strong></span> <span class='ocrx_word' id='word_1_552' title='bbox 959 5254 1084 5310; x_wconf 67' lang='lat' dir='ltr'><strong>Haec</strong></span> <span class='ocrx_word' id='word_1_553' title='bbox 1149 5260 1293 5311; x_wconf 90' lang='lat' dir='ltr'><strong>enim</strong></span> <span class='ocrx_word' id='word_1_554' title='bbox 1363 5260 1708 5327; x_wconf 87' lang='lat' dir='ltr'><strong>apertissime</strong></span> <span class='ocrx_word' id='word_1_555' title='bbox 1759 5263 1861 5318; x_wconf 90' lang='lat' dir='ltr'><strong>sibi</strong></span> 
     </span>
    </p>
   </div>
   <div class='ocr_carea' id='block_1_83' title="bbox 290 5345 1025 5403">
    <p class='ocr_par' dir='ltr' id='par_1_83' title="bbox 290 5345 1025 5403">
     <span class='ocr_line' id='line_1_83' title="bbox 290 5345 1025 5403; baseline 0.007 -6"><span class='ocrx_word' id='word_1_556' title='bbox 290 5345 529 5400; x_wconf 77' lang='lat' dir='ltr'><strong>invicem</strong></span> <span class='ocrx_word' id='word_1_557' title='bbox 560 5351 837 5401; x_wconf 88' lang='lat' dir='ltr'><strong>contraria</strong></span> <span class='ocrx_word' id='word_1_558' title='bbox 877 5360 1025 5403; x_wconf 89' lang='lat' dir='ltr'><strong>sunt.</strong></span> 
     </span>
    </p>
   </div>
   <div class='ocr_carea' id='block_1_84' title="bbox 373 5458 1856 5534">
    <p class='ocr_par' dir='ltr' id='par_1_84' title="bbox 373 5458 1856 5534">
     <span class='ocr_line' id='line_1_84' title="bbox 373 5458 1856 5534; baseline 0.006 -24"><span class='ocrx_word' id='word_1_559' title='bbox 373 5458 429 5510; x_wconf 86' lang='lat' dir='ltr'><strong>Si</strong></span> <span class='ocrx_word' id='word_1_560' title='bbox 463 5460 581 5528; x_wconf 90' lang='lat' dir='ltr'><strong>quis</strong></span> <span class='ocrx_word' id='word_1_561' title='bbox 636 5468 814 5515; x_wconf 85' lang='lat' dir='ltr'><strong>tamen</strong></span> <span class='ocrx_word' id='word_1_562' title='bbox 852 5475 1167 5529; x_wconf 89' lang='lat' dir='ltr'><strong>processum</strong></span> <span class='ocrx_word' id='word_1_563' title='bbox 1206 5478 1302 5531; x_wconf 89' lang='lat' dir='ltr'><strong>per</strong></span> <span class='ocrx_word' id='word_1_564' title='bbox 1337 5461 1533 5518; x_wconf 84' lang='lat' dir='ltr'><strong>Filium</strong></span> <span class='ocrx_word' id='word_1_565' title='bbox 1596 5466 1856 5534; x_wconf 83' lang='lat' dir='ltr'><strong>Spiritus,</strong></span> 
     </span>
    </p>
   </div>
   <div class='ocr_carea' id='block_1_85' title="bbox 371 5684 1503 5752">
    <p class='ocr_par' dir='ltr' id='par_1_85' title="bbox 371 5684 1503 5752">
     <span class='ocr_line' id='line_1_85' title="bbox 371 5684 1503 5752; baseline 0.008 -14"><span class='ocrx_word' id='word_1_566' title='bbox 371 5685 484 5752; x_wconf 91' lang='lat' dir='ltr'><strong>(l9)</strong></span> <span class='ocrx_word' id='word_1_567' title='bbox 523 5687 772 5742; x_wconf 86' lang='lat' dir='ltr'><strong>Damasc.</strong></span> <span class='ocrx_word' id='word_1_568' title='bbox 802 5688 837 5741; x_wconf 91' lang='lat' dir='ltr'><strong>l.</strong></span> <span class='ocrx_word' id='word_1_569' title='bbox 862 5703 900 5743; x_wconf 86' lang='lat' dir='ltr'><strong>tt</strong></span> <span class='ocrx_word' id='word_1_570' title='bbox 932 5684 1067 5742; x_wconf 80' lang='lat' dir='ltr'><strong>Fide</strong></span> <span class='ocrx_word' id='word_1_571' title='bbox 1092 5692 1302 5746; x_wconf 81' lang='lat' dir='ltr'><strong>orthod.</strong></span> <span class='ocrx_word' id='word_1_572' title='bbox 1335 5706 1387 5746; x_wconf 93' lang='lat' dir='ltr'><strong>c.</strong></span> <span class='ocrx_word' id='word_1_573' title='bbox 1422 5692 1503 5747; x_wconf 91' lang='lat' dir='ltr'><strong>l8.</strong></span> 
     </span>
    </p>
   </div>
   <div class='ocr_carea' id='block_1_86' title="bbox 372 5756 908 5827">
    <p class='ocr_par' dir='ltr' id='par_1_86' title="bbox 372 5756 908 5827">
     <span class='ocr_line' id='line_1_86' title="bbox 372 5756 908 5827; baseline 0.007 -18"><span class='ocrx_word' id='word_1_574' title='bbox 372 5757 482 5827; x_wconf 76' lang='lat'><strong>(20)</strong></span> <span class='ocrx_word' id='word_1_575' title='bbox 518 5756 908 5813; x_wconf 86' lang='lat' dir='ltr'><strong>Damascenus.</strong></span> 
     </span>
    </p>
   </div>
   <div class='ocr_carea' id='block_1_87' title="bbox 626 5853 1254 5915">
    <p class='ocr_par' dir='ltr' id='par_1_87' title="bbox 626 5853 1254 5915">
     <span class='ocr_line' id='line_1_87' title="bbox 626 5853 1254 5915; baseline 0.002 -1"><span class='ocrx_word' id='word_1_576' title='bbox 626 5856 895 5914; x_wconf 76' lang='grc' dir='ltr'><strong>ΡΑτιιοι..</strong></span> <span class='ocrx_word' id='word_1_577' title='bbox 922 5854 1045 5913; x_wconf 77' lang='lat' dir='ltr'><strong>Gtt.</strong></span> <span class='ocrx_word' id='word_1_578' title='bbox 1082 5853 1254 5915; x_wconf 80' lang='lat' dir='ltr'><strong>CLII.</strong></span> 
     </span>
    </p>
   </div>
   <div class='ocr_carea' id='block_1_88' title="bbox 1978 3223 3545 3294">
    <p class='ocr_par' dir='ltr' id='par_1_88' title="bbox 1978 3223 3545 3294">
     <span class='ocr_line' id='line_1_88' title="bbox 1978 3223 3545 3294; baseline 0.005 -17"><span class='ocrx_word' id='word_1_579' title='bbox 1978 3223 2081 3277; x_wconf 87' lang='lat' dir='ltr'><strong>ista</strong></span> <span class='ocrx_word' id='word_1_580' title='bbox 2133 3225 2412 3292; x_wconf 86' lang='lat' dir='ltr'><strong>processio</strong></span> <span class='ocrx_word' id='word_1_581' title='bbox 2461 3238 2580 3279; x_wconf 83' lang='lat' dir='ltr'><strong>esse</strong></span> <span class='ocrx_word' id='word_1_582' title='bbox 2638 3239 2736 3294; x_wconf 81' lang='lat' dir='ltr'><strong>pro</strong></span> <span class='ocrx_word' id='word_1_583' title='bbox 2782 3223 3033 3281; x_wconf 84' lang='lat' dir='ltr'><strong>confesso</strong></span> <span class='ocrx_word' id='word_1_584' title='bbox 3072 3227 3324 3282; x_wconf 89' lang='lat' dir='ltr'><strong>habetur.</strong></span> <span class='ocrx_word' id='word_1_585' title='bbox 3390 3227 3545 3285; x_wconf 85' lang='lat' dir='ltr'><strong>Unde</strong></span> 
     </span>
    </p>
   </div>
   <div class='ocr_carea' id='block_1_89' title="bbox 1976 3315 3543 3386">
    <p class='ocr_par' dir='ltr' id='par_1_89' title="bbox 1976 3315 3543 3386">
     <span class='ocr_line' id='line_1_89' title="bbox 1976 3315 3543 3386; baseline 0.006 -18"><span class='ocrx_word' id='word_1_586' title='bbox 1976 3324 2029 3368; x_wconf 90' lang='lat' dir='ltr'><strong>et</strong></span> <span class='ocrx_word' id='word_1_587' title='bbox 2069 3330 2301 3384; x_wconf 86' lang='lat' dir='ltr'><strong>magnus</strong></span> <span class='ocrx_word' id='word_1_588' title='bbox 2340 3315 2575 3369; x_wconf 89' lang='lat' dir='ltr'><strong>Basilius</strong></span> <span class='ocrx_word' id='word_1_589' title='bbox 2610 3316 2663 3370; x_wconf 89' lang='lat' dir='ltr'><strong>in</strong></span> <span class='ocrx_word' id='word_1_590' title='bbox 2718 3316 2817 3371; x_wconf 89' lang='lat' dir='ltr'><strong>lib.</strong></span> <span class='ocrx_word' id='word_1_591' title='bbox 2871 3316 3071 3373; x_wconf 83' lang='lat' dir='ltr'><strong>Contra</strong></span> <span class='ocrx_word' id='word_1_592' title='bbox 3123 3317 3441 3386; x_wconf 81' lang='lat' dir='ltr'><strong>Sabellium,</strong></span> <span class='ocrx_word' id='word_1_593' title='bbox 3494 3336 3543 3377; x_wconf 80' lang='lat' dir='ltr'><strong>et</strong></span> 
     </span>
    </p>
   </div>
   <div class='ocr_carea' id='block_1_90' title="bbox 1976 3408 3543 3479">
    <p class='ocr_par' dir='ltr' id='par_1_90' title="bbox 1976 3408 3543 3479">
     <span class='ocr_line' id='line_1_90' title="bbox 1976 3408 3543 3479; baseline 0.005 -20"><span class='ocrx_word' id='word_1_594' title='bbox 1976 3408 2273 3472; x_wconf 73' lang='lat' dir='ltr'><strong>Anomaeos,</strong></span> <span class='ocrx_word' id='word_1_595' title='bbox 2318 3408 2474 3478; x_wconf 88' lang='lat' dir='ltr'><strong>cujus</strong></span> <span class='ocrx_word' id='word_1_596' title='bbox 2502 3408 2717 3461; x_wconf 90' lang='lat' dir='ltr'><strong>initium</strong></span> <span class='ocrx_word' id='word_1_597' title='bbox 2746 3422 2830 3462; x_wconf 87' lang='lat' dir='ltr'><strong>est</strong></span> <span class='ocrx_word' id='word_1_598' title='bbox 2864 3425 2877 3461; x_wconf 76' lang='grc' dir='ltr'><em>τ</em></span> <span class='ocrx_word' id='word_1_599' title='bbox 2912 3409 3235 3463; x_wconf 77' lang='lat' dir='ltr'><strong>Adrersatur</strong></span> <span class='ocrx_word' id='word_1_600' title='bbox 3260 3412 3543 3479; x_wconf 80' lang='lat' dir='ltr'><strong>gentilitatt&#39;</strong></span> 
     </span>
    </p>
   </div>
   <div class='ocr_carea' id='block_1_91' title="bbox 1975 3495 3546 3569">
    <p class='ocr_par' dir='ltr' id='par_1_91' title="bbox 1975 3495 3546 3569">
     <span class='ocr_line' id='line_1_91' title="bbox 1975 3495 3546 3569; baseline 0.006 -20"><span class='ocrx_word' id='word_1_601' title='bbox 1975 3496 2308 3558; x_wconf 78' lang='lat' dir='ltr'><strong>Judaismus,</strong></span> <span class='ocrx_word' id='word_1_602' title='bbox 2340 3512 2359 3546; x_wconf 76' lang='lat' dir='ltr'><strong>t</strong></span> <span class='ocrx_word' id='word_1_603' title='bbox 2399 3495 2616 3550; x_wconf 89' lang='lat' dir='ltr'><strong>Patrem</strong></span> <span class='ocrx_word' id='word_1_604' title='bbox 2694 3506 2748 3551; x_wconf 90' lang='lat' dir='ltr'><strong>et</strong></span> <span class='ocrx_word' id='word_1_605' title='bbox 2802 3498 3023 3563; x_wconf 85' lang='lat' dir='ltr'><strong>Filium,</strong></span> <span class='ocrx_word' id='word_1_606' title='bbox 3074 3500 3273 3569; x_wconf 89' lang='lat' dir='ltr'><strong>inquit,</strong></span> <span class='ocrx_word' id='word_1_607' title='bbox 3321 3504 3546 3559; x_wconf 81' lang='lat' dir='ltr'><strong>confite-</strong></span> 
     </span>
    </p>
   </div>
   <div class='ocr_carea' id='block_1_92' title="bbox 1977 3584 3545 3657">
    <p class='ocr_par' dir='ltr' id='par_1_92' title="bbox 1977 3584 3545 3657">
     <span class='ocr_line' id='line_1_92' title="bbox 1977 3584 3545 3657; baseline 0.004 -17"><span class='ocrx_word' id='word_1_608' title='bbox 1977 3601 2121 3650; x_wconf 90' lang='lat' dir='ltr'><strong>mur,</strong></span> <span class='ocrx_word' id='word_1_609' title='bbox 2162 3596 2371 3641; x_wconf 73' lang='lat' dir='ltr'><strong>naturae</strong></span> <span class='ocrx_word' id='word_1_610' title='bbox 2420 3595 2601 3640; x_wconf 88' lang='lat' dir='ltr'><strong>autem</strong></span> <span class='ocrx_word' id='word_1_611' title='bbox 2651 3587 2937 3643; x_wconf 88' lang='lat' dir='ltr'><strong>identitate</strong></span> <span class='ocrx_word' id='word_1_612' title='bbox 2975 3584 3233 3657; x_wconf 81' lang='lat' dir='ltr'><strong>quoniam</strong></span> <span class='ocrx_word' id='word_1_613' title='bbox 3272 3609 3338 3645; x_wconf 84' lang='lat' dir='ltr'><strong>ex</strong></span> <span class='ocrx_word' id='word_1_614' title='bbox 3386 3594 3545 3648; x_wconf 86' lang='lat' dir='ltr'><strong>Patre</strong></span> 
     </span>
    </p>
   </div>
   <div class='ocr_carea' id='block_1_93' title="bbox 1978 3677 3544 3746">
    <p class='ocr_par' dir='ltr' id='par_1_93' title="bbox 1978 3677 3544 3746">
     <span class='ocr_line' id='line_1_93' title="bbox 1978 3677 3544 3746; baseline 0.003 -13"><span class='ocrx_word' id='word_1_615' title='bbox 1978 3680 2151 3735; x_wconf 88' lang='lat' dir='ltr'><strong>Filius</strong></span> <span class='ocrx_word' id='word_1_616' title='bbox 2201 3687 2320 3745; x_wconf 88' lang='lat' dir='ltr'><strong>est;</strong></span> <span class='ocrx_word' id='word_1_617' title='bbox 2394 3677 2583 3732; x_wconf 89' lang='lat' dir='ltr'><strong>itidem</strong></span> <span class='ocrx_word' id='word_1_618' title='bbox 2638 3677 2803 3746; x_wconf 80' lang='lat' dir='ltr'><strong>igitur</strong></span> <span class='ocrx_word' id='word_1_619' title='bbox 2852 3690 2907 3732; x_wconf 86' lang='lat' dir='ltr'><strong>et</strong></span> <span class='ocrx_word' id='word_1_620' title='bbox 2961 3680 3013 3733; x_wconf 90' lang='lat' dir='ltr'><strong>in</strong></span> <span class='ocrx_word' id='word_1_621' title='bbox 3054 3681 3191 3735; x_wconf 86' lang='lat' dir='ltr'><strong>Filio</strong></span> <span class='ocrx_word' id='word_1_622' title='bbox 3247 3691 3299 3734; x_wconf 92' lang='lat' dir='ltr'><strong>et</strong></span> <span class='ocrx_word' id='word_1_623' title='bbox 3355 3692 3544 3738; x_wconf 90' lang='lat' dir='ltr'><strong>sancto</strong></span> 
     </span>
    </p>
   </div>
   <div class='ocr_carea' id='block_1_94' title="bbox 1976 3758 3543 3842">
    <p class='ocr_par' dir='ltr' id='par_1_94' title="bbox 1976 3758 3543 3842">
     <span class='ocr_line' id='line_1_94' title="bbox 1976 3758 3543 3842; baseline 0.001 -15"><span class='ocrx_word' id='word_1_624' title='bbox 1976 3772 2181 3842; x_wconf 85' lang='lat' dir='ltr'><strong>Spiritu</strong></span> <span class='ocrx_word' id='word_1_625' title='bbox 2212 3771 2526 3827; x_wconf 90' lang='lat' dir='ltr'><strong>dicendum.</strong></span> <span class='ocrx_word' id='word_1_626' title='bbox 2553 3789 2572 3823; x_wconf 77' lang='grc' dir='ltr'><strong><em>ι</em></strong></span> <span class='ocrx_word' id='word_1_627' title='bbox 2601 3770 2704 3837; x_wconf 85' lang='lat' dir='ltr'><strong>Qui</strong></span> <span class='ocrx_word' id='word_1_628' title='bbox 2731 3770 2877 3824; x_wconf 86' lang='lat' dir='ltr'><strong>enim</strong></span> <span class='ocrx_word' id='word_1_629' title='bbox 2904 3770 3093 3839; x_wconf 65' lang='lat' dir='ltr'><strong>aequali</strong></span> <span class='ocrx_word' id='word_1_630' title='bbox 3124 3758 3290 3826; x_wconf 84' lang='lat' dir='ltr'><strong>causa</strong></span> <span class='ocrx_word' id='word_1_631' title='bbox 3320 3773 3543 3841; x_wconf 87' lang='lat' dir='ltr'><strong>prodiit,</strong></span> 
     </span>
    </p>
   </div>
   <div class='ocr_carea' id='block_1_95' title="bbox 1975 3863 3542 3957">
    <p class='ocr_par' dir='ltr' id='par_1_95' title="bbox 1975 3863 3542 3957">
     <span class='ocr_line' id='line_1_95' title="bbox 1975 3863 3542 3957; baseline -0.002 -37"><span class='ocrx_word' id='word_1_632' title='bbox 1975 3866 2082 3920; x_wconf 87' lang='lat' dir='ltr'><strong>hoc</strong></span> <span class='ocrx_word' id='word_1_633' title='bbox 2120 3874 2205 3920; x_wconf 88' lang='lat' dir='ltr'><strong>est</strong></span> <span class='ocrx_word' id='word_1_634' title='bbox 2251 3864 2576 3919; x_wconf 89' lang='lat' dir='ltr'><strong>naturaliter</strong></span> <span class='ocrx_word' id='word_1_635' title='bbox 2616 3872 2784 3933; x_wconf 89' lang='lat' dir='ltr'><strong>atque</strong></span> <span class='ocrx_word' id='word_1_636' title='bbox 2863 3863 3271 3957; x_wconf 34' lang='lat' dir='ltr'><strong>essentialitera</strong></span> <span class='ocrx_word' id='word_1_637' title='bbox 3308 3875 3542 3930; x_wconf 86' lang='lat' dir='ltr'><strong>constat,</strong></span> 
     </span>
    </p>
   </div>
   <div class='ocr_carea' id='block_1_96' title="bbox 1974 3955 3545 4026">
    <p class='ocr_par' dir='ltr' id='par_1_96' title="bbox 1974 3955 3545 4026">
     <span class='ocr_line' id='line_1_96' title="bbox 1974 3955 3545 4026; baseline -0.003 -14"><span class='ocrx_word' id='word_1_638' title='bbox 1974 3958 2103 4024; x_wconf 89' lang='lat' dir='ltr'><strong>quia</strong></span> <span class='ocrx_word' id='word_1_639' title='bbox 2153 3957 2395 4026; x_wconf 84' lang='lat' dir='ltr'><strong>ejusdem</strong></span> <span class='ocrx_word' id='word_1_640' title='bbox 2432 3955 2596 4011; x_wconf 84' lang='lat' dir='ltr'><strong>etiam</strong></span> <span class='ocrx_word' id='word_1_641' title='bbox 2647 3966 2862 4011; x_wconf 72' lang='lat' dir='ltr'><strong>naturae</strong></span> <span class='ocrx_word' id='word_1_642' title='bbox 2914 3970 3040 4010; x_wconf 92' lang='lat' dir='ltr'><strong>cum</strong></span> <span class='ocrx_word' id='word_1_643' title='bbox 3098 3955 3451 4026; x_wconf 85' lang='lat' dir='ltr'><strong>producente,</strong></span> <span class='ocrx_word' id='word_1_644' title='bbox 3488 3971 3545 4013; x_wconf 90' lang='lat' dir='ltr'><strong>et</strong></span> 
     </span>
    </p>
   </div>
   <div class='ocr_carea' id='block_1_97' title="bbox 1974 4047 2981 4119">
    <p class='ocr_par' dir='ltr' id='par_1_97' title="bbox 1974 4047 2981 4119">
     <span class='ocr_line' id='line_1_97' title="bbox 1974 4047 2981 4119; baseline -0.005 -15"><span class='ocrx_word' id='word_1_645' title='bbox 1974 4065 2099 4105; x_wconf 89' lang='lat' dir='ltr'><strong>cum</strong></span> <span class='ocrx_word' id='word_1_646' title='bbox 2136 4062 2223 4115; x_wconf 89' lang='lat' dir='ltr'><strong>eo,</strong></span> <span class='ocrx_word' id='word_1_647' title='bbox 2259 4064 2355 4119; x_wconf 91' lang='lat' dir='ltr'><strong>per</strong></span> <span class='ocrx_word' id='word_1_648' title='bbox 2386 4064 2549 4119; x_wconf 90' lang='lat' dir='ltr'><strong>quem</strong></span> <span class='ocrx_word' id='word_1_649' title='bbox 2586 4047 2854 4117; x_wconf 89' lang='lat' dir='ltr'><strong>procedit,</strong></span> <span class='ocrx_word' id='word_1_650' title='bbox 2879 4057 2981 4102; x_wconf 88' lang='lat' dir='ltr'><strong>cst.</strong></span> 
     </span>
    </p>
   </div>
   <div class='ocr_carea' id='block_1_98' title="bbox 2047 4158 3539 4233">
    <p class='ocr_par' dir='ltr' id='par_1_98' title="bbox 2047 4158 3539 4233">
     <span class='ocr_line' id='line_1_98' title="bbox 2047 4158 3539 4233; baseline -0.005 -15"><span class='ocrx_word' id='word_1_651' title='bbox 2047 4164 2374 4233; x_wconf 84' lang='lat' dir='ltr'><strong>Quanquam</strong></span> <span class='ocrx_word' id='word_1_652' title='bbox 2426 4161 2588 4216; x_wconf 87' lang='lat' dir='ltr'><strong>etiam</strong></span> <span class='ocrx_word' id='word_1_653' title='bbox 2643 4160 2800 4228; x_wconf 85' lang='lat' dir='ltr'><strong>juxta</strong></span> <span class='ocrx_word' id='word_1_654' title='bbox 2854 4160 3132 4229; x_wconf 85' lang='lat' dir='ltr'><strong>proposita</strong></span> <span class='ocrx_word' id='word_1_655' title='bbox 3167 4158 3439 4226; x_wconf 81' lang='lat' dir='ltr'><strong>exetnpla,</strong></span> <span class='ocrx_word' id='word_1_656' title='bbox 3492 4160 3539 4213; x_wconf 89' lang='lat' dir='ltr'><strong>si</strong></span> 
     </span>
    </p>
   </div>
   <div class='ocr_carea' id='block_1_99' title="bbox 1972 4251 3540 4327">
    <p class='ocr_par' dir='ltr' id='par_1_99' title="bbox 1972 4251 3540 4327">
     <span class='ocr_line' id='line_1_99' title="bbox 1972 4251 3540 4327; baseline -0.003 -16"><span class='ocrx_word' id='word_1_657' title='bbox 1972 4256 2098 4327; x_wconf 91' lang='lat' dir='ltr'><strong>quis</strong></span> <span class='ocrx_word' id='word_1_658' title='bbox 2123 4270 2187 4311; x_wconf 88' lang='lat' dir='ltr'><strong>ea</strong></span> <span class='ocrx_word' id='word_1_659' title='bbox 2216 4254 2379 4308; x_wconf 89' lang='lat' dir='ltr'><strong>etiam</strong></span> <span class='ocrx_word' id='word_1_660' title='bbox 2404 4251 2869 4308; x_wconf 89' lang='lat' dir='ltr'><strong>consubstantiale</strong></span> <span class='ocrx_word' id='word_1_661' title='bbox 2895 4252 3269 4306; x_wconf 89' lang='lat' dir='ltr'><strong>tantummodo</strong></span> <span class='ocrx_word' id='word_1_662' title='bbox 3297 4251 3540 4306; x_wconf 83' lang='lat' dir='ltr'><strong>iudicare</strong></span> 
     </span>
    </p>
   </div>
   <div class='ocr_carea' id='block_1_100' title="bbox 1974 4342 3535 4412">
    <p class='ocr_par' dir='ltr' id='par_1_100' title="bbox 1974 4342 3535 4412">
     <span class='ocr_line' id='line_1_100' title="bbox 1974 4342 3535 4412; baseline -0.004 -11"><span class='ocrx_word' id='word_1_663' title='bbox 1974 4346 2274 4401; x_wconf 88' lang='lat' dir='ltr'><strong>arbitratur</strong></span> <span class='ocrx_word' id='word_1_664' title='bbox 2305 4358 2430 4398; x_wconf 90' lang='lat' dir='ltr'><strong>cum</strong></span> <span class='ocrx_word' id='word_1_665' title='bbox 2480 4350 2851 4412; x_wconf 76' lang='lat' dir='ltr'><strong>consequente</strong></span> <span class='ocrx_word' id='word_1_666' title='bbox 2908 4356 3272 4411; x_wconf 84' lang='lat' dir='ltr'><strong>processuum</strong></span> <span class='ocrx_word' id='word_1_667' title='bbox 3318 4342 3535 4407; x_wconf 89' lang='lat' dir='ltr'><strong>ordine,</strong></span> 
     </span>
    </p>
   </div>
   <div class='ocr_carea' id='block_1_101' title="bbox 1974 4431 3538 4501">
    <p class='ocr_par' dir='ltr' id='par_1_101' title="bbox 1974 4431 3538 4501">
     <span class='ocr_line' id='line_1_101' title="bbox 1974 4431 3538 4501; baseline -0.006 -8"><span class='ocrx_word' id='word_1_668' title='bbox 1974 4434 2559 4493; x_wconf 88' lang='lat' dir='ltr'><strong>consubstantialitatis</strong></span> <span class='ocrx_word' id='word_1_669' title='bbox 2618 4447 2840 4501; x_wconf 91' lang='lat' dir='ltr'><strong>quoque</strong></span> <span class='ocrx_word' id='word_1_670' title='bbox 2897 4433 3158 4486; x_wconf 88' lang='lat' dir='ltr'><strong>rationem</strong></span> <span class='ocrx_word' id='word_1_671' title='bbox 3219 4431 3538 4487; x_wconf 88' lang='lat' dir='ltr'><strong>introducit.</strong></span> 
     </span>
    </p>
   </div>
   <div class='ocr_carea' id='block_1_102' title="bbox 1977 4521 3542 4599">
    <p class='ocr_par' dir='ltr' id='par_1_102' title="bbox 1977 4521 3542 4599">
     <span class='ocr_line' id='line_1_102' title="bbox 1977 4521 3542 4599; baseline -0.005 -16"><span class='ocrx_word' id='word_1_672' title='bbox 1977 4530 2133 4599; x_wconf 69' lang='lat' dir='ltr'><strong>Nam,</strong></span> <span class='ocrx_word' id='word_1_673' title='bbox 2160 4543 2285 4583; x_wconf 93' lang='lat' dir='ltr'><strong>cum</strong></span> <span class='ocrx_word' id='word_1_674' title='bbox 2321 4526 2581 4581; x_wconf 88' lang='lat' dir='ltr'><strong>unitatem</strong></span> <span class='ocrx_word' id='word_1_675' title='bbox 2613 4524 2668 4577; x_wconf 89' lang='lat' dir='ltr'><strong>itt</strong></span> <span class='ocrx_word' id='word_1_676' title='bbox 2700 4522 2986 4586; x_wconf 85' lang='lat' dir='ltr'><strong>Trinitate,</strong></span> <span class='ocrx_word' id='word_1_677' title='bbox 3027 4533 3082 4577; x_wconf 92' lang='lat' dir='ltr'><strong>et</strong></span> <span class='ocrx_word' id='word_1_678' title='bbox 3116 4521 3436 4576; x_wconf 86' lang='lat' dir='ltr'><strong>Trinitatem</strong></span> <span class='ocrx_word' id='word_1_679' title='bbox 3485 4521 3542 4575; x_wconf 89' lang='lat' dir='ltr'><strong>in</strong></span> 
     </span>
    </p>
   </div>
   <div class='ocr_carea' id='block_1_103' title="bbox 1976 4612 3546 4682">
    <p class='ocr_par' dir='ltr' id='par_1_103' title="bbox 1976 4612 3546 4682">
     <span class='ocr_line' id='line_1_103' title="bbox 1976 4612 3546 4682; baseline -0.007 -7"><span class='ocrx_word' id='word_1_680' title='bbox 1976 4622 2183 4675; x_wconf 88' lang='lat' dir='ltr'><strong>unitate</strong></span> <span class='ocrx_word' id='word_1_681' title='bbox 2230 4617 2457 4674; x_wconf 86' lang='lat' dir='ltr'><strong>credere</strong></span> <span class='ocrx_word' id='word_1_682' title='bbox 2490 4630 2706 4672; x_wconf 89' lang='lat' dir='ltr'><strong>summa</strong></span> <span class='ocrx_word' id='word_1_683' title='bbox 2758 4614 2881 4670; x_wconf 81' lang='lat' dir='ltr'><strong>fidei</strong></span> <span class='ocrx_word' id='word_1_684' title='bbox 2931 4622 3132 4669; x_wconf 69' lang='lat' dir='ltr'><strong>nostra:</strong></span> <span class='ocrx_word' id='word_1_685' title='bbox 3177 4612 3271 4674; x_wconf 86' lang='lat' dir='ltr'><strong>sit,</strong></span> <span class='ocrx_word' id='word_1_686' title='bbox 3300 4613 3414 4666; x_wconf 79' lang='lat' dir='ltr'><strong>haec</strong></span> <span class='ocrx_word' id='word_1_687' title='bbox 3447 4627 3546 4682; x_wconf 89' lang='lat' dir='ltr'><strong>per</strong></span> 
     </span>
    </p>
   </div>
   <div class='ocr_carea' id='block_1_104' title="bbox 1975 4702 3624 4777">
    <p class='ocr_par' dir='ltr' id='par_1_104' title="bbox 1975 4702 3624 4777">
     <span class='ocr_line' id='line_1_104' title="bbox 1975 4702 3624 4777; baseline -0.007 -12"><span class='ocrx_word' id='word_1_688' title='bbox 1975 4710 2180 4769; x_wconf 89' lang='lat' dir='ltr'><strong>omnia,</strong></span> <span class='ocrx_word' id='word_1_689' title='bbox 2208 4723 2329 4776; x_wconf 69' lang='lat' dir='ltr'><strong>qua:</strong></span> <span class='ocrx_word' id='word_1_690' title='bbox 2351 4722 2381 4760; x_wconf 90' lang='lat' dir='ltr'><strong>a</strong></span> <span class='ocrx_word' id='word_1_691' title='bbox 2412 4706 2693 4777; x_wconf 78' lang='lat' dir='ltr'><strong>magistris</strong></span> <span class='ocrx_word' id='word_1_692' title='bbox 2723 4706 2868 4761; x_wconf 90' lang='lat' dir='ltr'><strong>dicta</strong></span> <span class='ocrx_word' id='word_1_693' title='bbox 2913 4713 3065 4767; x_wconf 88' lang='lat' dir='ltr'><strong>sunt,</strong></span> <span class='ocrx_word' id='word_1_694' title='bbox 3097 4703 3259 4757; x_wconf 89' lang='lat' dir='ltr'><strong>simul</strong></span> <span class='ocrx_word' id='word_1_695' title='bbox 3293 4702 3543 4755; x_wconf 77' lang='lat' dir='ltr'><strong>inferun—</strong></span> <span class='ocrx_word' id='word_1_696' title='bbox 3602 4710 3624 4729; x_wconf 83' lang='lat'><strong><em>’</em></strong></span> 
     </span>
    </p>
   </div>
   <div class='ocr_carea' id='block_1_105' title="bbox 1973 4795 3543 4869">
    <p class='ocr_par' dir='ltr' id='par_1_105' title="bbox 1973 4795 3543 4869">
     <span class='ocr_line' id='line_1_105' title="bbox 1973 4795 3543 4869; baseline -0.008 -9"><span class='ocrx_word' id='word_1_697' title='bbox 1973 4815 2081 4869; x_wconf 87' lang='lat' dir='ltr'><strong>tur,</strong></span> <span class='ocrx_word' id='word_1_698' title='bbox 2108 4817 2171 4857; x_wconf 90' lang='lat' dir='ltr'><strong>ac</strong></span> <span class='ocrx_word' id='word_1_699' title='bbox 2197 4816 2257 4857; x_wconf 88' lang='lat' dir='ltr'><strong>se</strong></span> <span class='ocrx_word' id='word_1_700' title='bbox 2284 4800 2518 4854; x_wconf 88' lang='lat' dir='ltr'><strong>invicem</strong></span> <span class='ocrx_word' id='word_1_701' title='bbox 2545 4808 2754 4863; x_wconf 91' lang='lat' dir='ltr'><strong>tenent,</strong></span> <span class='ocrx_word' id='word_1_702' title='bbox 2807 4806 2885 4862; x_wconf 89' lang='lat' dir='ltr'><strong>ut,</strong></span> <span class='ocrx_word' id='word_1_703' title='bbox 2919 4796 3012 4865; x_wconf 91' lang='lat' dir='ltr'><strong>qui</strong></span> <span class='ocrx_word' id='word_1_704' title='bbox 3045 4795 3273 4849; x_wconf 89' lang='lat' dir='ltr'><strong>alterum</strong></span> <span class='ocrx_word' id='word_1_705' title='bbox 3303 4795 3543 4849; x_wconf 86' lang='lat' dir='ltr'><strong>confessi</strong></span> 
     </span>
    </p>
   </div>
   <div class='ocr_carea' id='block_1_106' title="bbox 1974 4885 3544 4962">
    <p class='ocr_par' dir='ltr' id='par_1_106' title="bbox 1974 4885 3544 4962">
     <span class='ocr_line' id='line_1_106' title="bbox 1974 4885 3544 4962; baseline -0.008 -12"><span class='ocrx_word' id='word_1_706' title='bbox 1974 4896 2199 4958; x_wconf 85' lang='lat' dir='ltr'><strong>fuerint,</strong></span> <span class='ocrx_word' id='word_1_707' title='bbox 2251 4902 2307 4948; x_wconf 89' lang='lat' dir='ltr'><strong>et</strong></span> <span class='ocrx_word' id='word_1_708' title='bbox 2358 4893 2628 4962; x_wconf 89' lang='lat' dir='ltr'><strong>reliquum</strong></span> <span class='ocrx_word' id='word_1_709' title='bbox 2681 4891 2845 4944; x_wconf 85' lang='lat' dir='ltr'><strong>etiam</strong></span> <span class='ocrx_word' id='word_1_710' title='bbox 2902 4890 3291 4943; x_wconf 79' lang='lat' dir='ltr'><strong>conﬁteantur.</strong></span> <span class='ocrx_word' id='word_1_711' title='bbox 3346 4885 3411 4938; x_wconf 87' lang='lat' dir='ltr'><strong>Et</strong></span> <span class='ocrx_word' id='word_1_712' title='bbox 3462 4886 3544 4940; x_wconf 85' lang='lat' dir='ltr'><strong>sic</strong></span> 
     </span>
    </p>
   </div>
   <div class='ocr_carea' id='block_1_107' title="bbox 1973 4964 3541 5059">
    <p class='ocr_par' dir='ltr' id='par_1_107' title="bbox 1973 4964 3541 5059">
     <span class='ocr_line' id='line_1_107' title="bbox 1973 4964 3541 5059; baseline -0.008 -18"><span class='ocrx_word' id='word_1_713' title='bbox 1973 4988 2348 5059; x_wconf 84' lang='lat' dir='ltr'><strong>principaliter</strong></span> <span class='ocrx_word' id='word_1_714' title='bbox 2398 4988 2557 5049; x_wconf 90' lang='lat' dir='ltr'><strong>ordo,</strong></span> <span class='ocrx_word' id='word_1_715' title='bbox 2610 4964 3007 5050; x_wconf 61' lang='lat' dir='ltr'><strong>consequenter</strong></span> <span class='ocrx_word' id='word_1_716' title='bbox 3064 4988 3242 5033; x_wconf 90' lang='lat' dir='ltr'><strong>autem</strong></span> <span class='ocrx_word' id='word_1_717' title='bbox 3302 4978 3541 5032; x_wconf 88' lang='lat' dir='ltr'><strong>consub-</strong></span> 
     </span>
    </p>
   </div>
   <div class='ocr_carea' id='block_1_108' title="bbox 1972 5067 3544 5141">
    <p class='ocr_par' dir='ltr' id='par_1_108' title="bbox 1972 5067 3544 5141">
     <span class='ocr_line' id='line_1_108' title="bbox 1972 5067 3544 5141; baseline -0.006 -11"><span class='ocrx_word' id='word_1_718' title='bbox 1972 5074 2321 5141; x_wconf 70' lang='lat' dir='ltr'><strong>stantialitas,</strong></span> <span class='ocrx_word' id='word_1_719' title='bbox 2352 5084 2409 5129; x_wconf 92' lang='lat' dir='ltr'><strong>ut</strong></span> <span class='ocrx_word' id='word_1_720' title='bbox 2449 5073 2772 5134; x_wconf 89' lang='lat' dir='ltr'><strong>dictumest,</strong></span> <span class='ocrx_word' id='word_1_721' title='bbox 2804 5070 2857 5123; x_wconf 93' lang='lat' dir='ltr'><strong>in</strong></span> <span class='ocrx_word' id='word_1_722' title='bbox 2908 5067 3157 5138; x_wconf 87' lang='lat' dir='ltr'><strong>personis</strong></span> <span class='ocrx_word' id='word_1_723' title='bbox 3210 5067 3383 5121; x_wconf 90' lang='lat' dir='ltr'><strong>lucide</strong></span> <span class='ocrx_word' id='word_1_724' title='bbox 3442 5083 3544 5138; x_wconf 79' lang='lat' dir='ltr'><strong>ap-</strong></span> 
     </span>
    </p>
   </div>
   <div class='ocr_carea' id='block_1_109' title="bbox 1973 5180 2142 5241">
    <p class='ocr_par' dir='ltr' id='par_1_109' title="bbox 1973 5180 2142 5241">
     <span class='ocr_line' id='line_1_109' title="bbox 1973 5180 2142 5241; baseline 0.018 -19"><span class='ocrx_word' id='word_1_725' title='bbox 1973 5180 2142 5241; x_wconf 83' lang='lat' dir='ltr'><strong>paret.</strong></span> 
     </span>
    </p>
   </div>
   <div class='ocr_carea' id='block_1_110' title="bbox 2042 5276 3539 5346">
    <p class='ocr_par' dir='ltr' id='par_1_110' title="bbox 2042 5276 3539 5346">
     <span class='ocr_line' id='line_1_110' title="bbox 2042 5276 3539 5346; baseline -0.006 -9"><span class='ocrx_word' id='word_1_726' title='bbox 2042 5285 2271 5338; x_wconf 83' lang='lat' dir='ltr'><strong>Constat</strong></span> <span class='ocrx_word' id='word_1_727' title='bbox 2311 5290 2491 5335; x_wconf 88' lang='lat' dir='ltr'><strong>autem</strong></span> <span class='ocrx_word' id='word_1_728' title='bbox 2524 5294 2590 5333; x_wconf 86' lang='lat' dir='ltr'><strong>ex</strong></span> <span class='ocrx_word' id='word_1_729' title='bbox 2625 5278 2712 5332; x_wconf 77' lang='lat' dir='ltr'><strong>lllS</strong></span> <span class='ocrx_word' id='word_1_730' title='bbox 2763 5292 2881 5346; x_wconf 73' lang='lat' dir='ltr'><strong>qua:</strong></span> <span class='ocrx_word' id='word_1_731' title='bbox 2914 5276 3060 5330; x_wconf 91' lang='lat' dir='ltr'><strong>dicta</strong></span> <span class='ocrx_word' id='word_1_732' title='bbox 3097 5283 3245 5340; x_wconf 86' lang='lat' dir='ltr'><strong>sunt,</strong></span> <span class='ocrx_word' id='word_1_733' title='bbox 3294 5289 3390 5327; x_wconf 92' lang='lat' dir='ltr'><strong>eos</strong></span> <span class='ocrx_word' id='word_1_734' title='bbox 3443 5276 3539 5344; x_wconf 91' lang='lat' dir='ltr'><strong>qui</strong></span> 
     </span>
    </p>
   </div>
   <div class='ocr_carea' id='block_1_111' title="bbox 1974 5356 3540 5445">
    <p class='ocr_par' dir='ltr' id='par_1_111' title="bbox 1974 5356 3540 5445">
     <span class='ocr_line' id='line_1_111' title="bbox 1974 5356 3540 5445; baseline -0.008 -15"><span class='ocrx_word' id='word_1_735' title='bbox 1974 5392 2068 5445; x_wconf 88' lang='lat' dir='ltr'><strong>per</strong></span> <span class='ocrx_word' id='word_1_736' title='bbox 2108 5375 2305 5429; x_wconf 84' lang='lat' dir='ltr'><strong>Filium</strong></span> <span class='ocrx_word' id='word_1_737' title='bbox 2341 5373 2631 5442; x_wconf 82' lang='lat' dir='ltr'><strong>procedere</strong></span> <span class='ocrx_word' id='word_1_738' title='bbox 2666 5374 2737 5425; x_wconf 90' lang='lat' dir='ltr'><strong>ita</strong></span> <span class='ocrx_word' id='word_1_739' title='bbox 2773 5356 2996 5438; x_wconf 79' lang='lat' dir='ltr'><strong>intelligi</strong></span> <span class='ocrx_word' id='word_1_740' title='bbox 3030 5369 3238 5442; x_wconf 62' lang='lat' dir='ltr'><strong>Vglunt,</strong></span> <span class='ocrx_word' id='word_1_741' title='bbox 3276 5367 3540 5435; x_wconf 81' lang='lat' dir='ltr'><strong>exemplis</strong></span> 
     </span>
    </p>
   </div>
   <div class='ocr_carea' id='block_1_112' title="bbox 1970 5458 3536 5532">
    <p class='ocr_par' dir='ltr' id='par_1_112' title="bbox 1970 5458 3536 5532">
     <span class='ocr_line' id='line_1_112' title="bbox 1970 5458 3536 5532; baseline -0.008 -10"><span class='ocrx_word' id='word_1_742' title='bbox 1970 5469 2085 5522; x_wconf 87' lang='lat' dir='ltr'><strong>suis</strong></span> <span class='ocrx_word' id='word_1_743' title='bbox 2118 5473 2355 5527; x_wconf 70' lang='lat' dir='ltr'><strong>utentes.</strong></span> <span class='ocrx_word' id='word_1_744' title='bbox 2404 5473 2463 5519; x_wconf 91' lang='lat' dir='ltr'><strong>ut</strong></span> <span class='ocrx_word' id='word_1_745' title='bbox 2511 5464 2601 5518; x_wconf 80' lang='lat' dir='ltr'><strong>lux</strong></span> <span class='ocrx_word' id='word_1_746' title='bbox 2643 5478 2737 5532; x_wconf 90' lang='lat' dir='ltr'><strong>per</strong></span> <span class='ocrx_word' id='word_1_747' title='bbox 2792 5463 3014 5525; x_wconf 86' lang='lat' dir='ltr'><strong>vitrum,</strong></span> <span class='ocrx_word' id='word_1_748' title='bbox 3046 5468 3143 5515; x_wconf 86' lang='lat' dir='ltr'><strong>aut</strong></span> <span class='ocrx_word' id='word_1_749' title='bbox 3177 5475 3382 5524; x_wconf 84' lang='lat' dir='ltr'><strong>aerem,</strong></span> <span class='ocrx_word' id='word_1_750' title='bbox 3430 5458 3536 5521; x_wconf 88' lang='lat' dir='ltr'><strong>vel,</strong></span> 
     </span>
    </p>
   </div>
   <div class='ocr_carea' id='block_1_113' title="bbox 2047 5687 3360 5769">
    <p class='ocr_par' dir='ltr' id='par_1_113' title="bbox 2047 5687 3360 5769">
     <span class='ocr_line' id='line_1_113' title="bbox 2047 5687 3360 5769; baseline -0.009 -18"><span class='ocrx_word' id='word_1_751' title='bbox 2047 5699 2156 5769; x_wconf 66' lang='grc' dir='ltr'><strong>(Ἡ)</strong></span> <span class='ocrx_word' id='word_1_752' title='bbox 2202 5697 2314 5752; x_wconf 89' lang='lat' dir='ltr'><strong>lloc</strong></span> <span class='ocrx_word' id='word_1_753' title='bbox 2356 5707 2458 5762; x_wconf 86' lang='lat' dir='ltr'><strong>est,</strong></span> <span class='ocrx_word' id='word_1_754' title='bbox 2484 5710 2603 5750; x_wconf 84' lang='lat' dir='ltr'><strong>esse</strong></span> <span class='ocrx_word' id='word_1_755' title='bbox 2640 5692 3006 5749; x_wconf 80' lang='lat' dir='ltr'><strong>existimasset</strong></span> <span class='ocrx_word' id='word_1_756' title='bbox 3040 5687 3360 5744; x_wconf 90' lang='lat' dir='ltr'><strong>secundum.</strong></span> 
     </span>
    </p>
   </div>
   <div class='ocr_carea' id='block_1_114' title="bbox 3073 5844 3112 5899">
    <p class='ocr_par' dir='ltr' id='par_1_114' title="bbox 3073 5844 3112 5899">
     <span class='ocr_line' id='line_1_114' title="bbox 3073 5844 3112 5899; baseline 0 0"><span class='ocrx_word' id='word_1_757' title='bbox 3073 5844 3112 5899; x_wconf 81' lang='grc'><strong>2</strong></span> 
     </span>
    </p>
   </div>
  </div>
