4046 6204
458 341 530 404 43
1708 334 2109 394 MANUELIS
2144 334 2231 394 CA
2246 334 2455 394 LECJE
3602 388 3605 391 λ
3634 333 3702 397 il

459 462 604 516 sicut
633 472 773 529 aqua
815 472 909 528 per
965 457 1233 519 canalem,
1284 463 1380 510 aut
1443 457 1606 508 homo
1657 467 1756 522 per
1792 454 2039 521 januaai,
2071 452 2430 522 Acontingit.
2505 452 2654 514 Unus
2713 452 2857 506 enim
2912 451 3136 505 omnino
3216 464 3281 504 ac
3343 463 3557 521 semper
3617 453 3703 507 hic

461 550 737 606 contraria
804 549 1029 604 omnino
1088 547 1212 603 fidei
1272 544 1600 601 confessioni
1678 558 1743 598 ac
1833 545 2038 598 sanctis

461 641 716 696 I‘atribus
750 640 977 694 sentire.
1018 637 1100 691 Illi
1130 637 1274 690 enim
1312 650 1407 704 per
1442 633 1635 689 Filiqu
1666 631 2033 687 essentialiter

465 734 758 803 procedere
790 732 1084 786 affirmant.
1129 728 1220 783 Isti
1248 737 1457 791 autem,
1489 722 1855 780 essentialiter
1885 721 2032 789 quod

462 828 687 891 dicitur,
717 826 770 879 et
798 823 1143 882 naturaliter.
1170 835 1265 890 per
1286 834 1348 873 ea
1384 832 1506 887 qua;
1532 817 1787 874 afferunt.
1815 815 2035 869 tollunt.

464 920 650 989 Neque
689 918 834 972 enim
895 913 1219 969 naturaliter
1308 922 1472 980 atque
1528 907 1914 970 essentialiter,
1954 908 2039 959 vel

461 1024 605 1077 aqua
642 1024 738 1077 per
771 1005 1018 1060 canalem
1052 1001 1256 1072 prodit,
1287 1002 1368 1055 vel
1424 1000 1588 1053 homo
1634 1013 1728 1067 per
1782 998 2034 1067 januain.

462 1100 547 1155 vel
601 1115 696 1168 per
755 1112 958 1160 aerem,
1018 1106 1112 1150 aut
1163 1094 1361 1147 vitrum
1402 1092 1567 1147 etiam
1623 1090 1738 1145 lux.
1776 1088 2038 1156 Quinimo

462 1207 642 1259 neque
676 1190 923 1243 ordinem
969 1188 1069 1242 ista
1103 1187 1413 1240 divinarum
1444 1198 1804 1253 personarum
1846 1182 2038 1238 subin-

461 1285 707 1347 sinuant,
774 1297 952 1349 neque
1006 1294 1352 1350 processum.
1415 1278 1555 1331 Sunt
1606 1276 1751 1331 enim
1812 1274 2039 1343 alterius

462 1375 692 1428 omnino
758 1373 1099 1435 substantiae,
1134 1372 1226 1440 qui
1261 1370 1313 1423 ili
1347 1367 1611 1435 exemplis
1662 1376 2036 1431 assumuntur,

464 1467 757 1535 nullusque
781 1466 833 1518 in
857 1466 935 1520 eis
972 1477 1261 1533 processus
1296 1461 1563 1516 naturalis
1588 1458 1895 1528 inspicitur.

535 1579 809 1645 Quocirca
847 1594 1027 1648 neque
1081 1578 1172 1631 lux
1224 1590 1319 1646 per
1350 1589 1531 1639 aerem
1566 1568 1801 1643 proprie,
1837 1570 1931 1626 sed
1983 1570 2036 1624 in

465 1692 591 1730 aere
642 1673 870 1728 dicenda
908 1679 1029 1725 est.
1084 1670 1320 1723 Sanctus
1361 1676 1541 1721 autem
1596 1664 1835 1735 Spiritus
1869 1674 1926 1718 et
1984 1664 2035 1716 in

2141 560 2431 613 processus
2484 555 2583 599 est.
2646 544 2758 598 Deo
2811 543 2956 599 enim
3015 542 3149 597 nihil
3208 557 3447 612 unquam
3506 560 3702 599 novum

2134 636 2335 707 accidit
2398 651 2494 705 per
2538 651 2809 691 summam
2862 636 3009 697 illius
3064 634 3465 703 simplicitatem
3542 645 3705 706 atque

2139 726 2550 795 perfectionem.
2592 726 2872 781 Creatoris
2911 740 3063 789 vero,
3110 725 3251 779 idem
3284 725 3603 794 temporalis
3653 736 3705 779 ‹-ι

2138 829 2383 888 apparet,
2430 829 2485 874 et
2523 820 2758 886 dicitur;
2793 834 2926 882 non,
2958 818 3103 888 quod
3137 818 3212 892 illi
3241 827 3454 887 tempus
3484 818 3705 886 adjicia-

2139 920 2247 972 tur,
2280 912 2372 967 sed
2423 912 2534 967 illis
2562 912 2763 981 potius,
2790 925 2911 981 «tua:
2946 911 3247 967 secundum
3303 920 3513 980 tempus
3539 926 3705 981 agno-

2137 1010 2316 1065 8cunt,
2345 1011 2508 1073 atque
2536 1003 2860 1073 suscipiunt.

2208 1114 2395 1184 Itaque
2427 1116 2725 1169 Secundum
2760 1115 2811 1168 id
2841 1113 3088 1184 quidem,
3119 1114 3267 1184 quod
3302 1115 3501 1171 dicitur
3530 1136 3543 1172 :
3573 1138 3591 1171 ι
3628 1119 3703 1174 Ex

2138 1221 2265 1272 quo,
2299 1224 2318 1256 ι
2352 1206 2545 1261 unicus
2571 1215 2684 1270 est;
2728 1206 3024 1261 secundum
3054 1219 3256 1273 autem,
3283 1208 3431 1278 quod
3459 1209 3661 1265 dicitur
3686 1228 3701 1265 :

2143 1313 2161 1346 ι
2198 1296 2255 1350 In
2314 1297 2482 1365 quod,
2536 1315 2555 1349 ›
2599 1297 2848 1366 geminus
2901 1306 2987 1351 est
3038 1296 3351 1366 hujusmodi
3393 1314 3702 1368 processus.

2139 1387 2317 1443 Unice
2356 1389 2501 1443 enim
2559 1403 2624 1443 ac
2658 1388 3008 1458 singulariter
3043 1390 3286 1458 procedit
3316 1405 3381 1445 ex
3417 1391 3576 1446 Patre
3612 1409 3707 1460 [ιι-ι’

2139 1477 2332 1533 Filium
2354 1480 2656 1549 procedens
2674 1480 2824 1535 velut
2853 1496 2919 1535 ex
2951 1495 3061 1535 uno
3092 1481 3381 1550 principio,
3401 1483 3704 1538 secundum

2139 1572 2357 1625 unicum
2420 1571 2569 1625 illum
2668 1586 2734 1626 ac
2793 1570 3097 1640 simplicem
3165 1586 3478 1639 processum
3543 1587 3703 1625 suum

2140 1663 2433 1733 procedere
2488 1664 2744 1727 dicatur;
2805 1664 3016 1732 adiecta
3077 1673 3253 1717 tamen
3311 1671 3585 1728 creatura,
3639 1664 3707 1719 ad

464 1760 603 1824 Filio
621 1777 724 1831 est,
747 1779 800 1822 et
819 1779 914 1834 per
939 1760 1354 1831 Filiumprodit.
1384 1757 1500 1811 Non
1527 1758 1690 1827 igitur
1716 1755 2026 1810 istiusmodi
2054 1796 2110 1851 ,Β
2140 1772 2301 1826 quam
2363 1755 2810 1811 sanctificaudani
2851 1756 3144 1825 procedere
3193 1755 3413 1819 dicitur,
3476 1766 3604 1810 tunc
3660 1757 3707 1811 is

466 1859 740 1928 exempla,
779 1856 863 1910 vel
896 1854 1205 1909 divinarum
1239 1864 1597 1920 personarum
1652 1846 1924 1909 ordinem,
1953 1848 2033 1897 vel
2073 1828 2110 1851 ”

465 1947 1089 2008 cousubstantialitatem
1149 1942 1415 1996 indicant.
1450 1940 1584 2016 luto,
1618 1939 1663 1994 si
1694 1937 1911 2006 quidem
1958 1936 2037 1990 eis

463 2044 625 2098 tidem
676 2041 875 2094 habere
932 2034 1282 2099 voluerimus,
1354 2028 1768 2085 ministrationis
1798 2026 2033 2083 oﬂicium

464 2134 603 2189 Filio
674 2131 1069 2192 attribuetnus,
1126 2124 1229 2189 sic,
1305 2114 1362 2176 u’t
1435 2120 1597 2176 etiam
1663 2116 2035 2188 proportionis

465 2228 680 2280 ratione
737 2220 977 2276 ministri
1030 2218 1255 2287 impleat
1311 2228 1533 2269 munus.
1600 2211 1798 2266 Verum
1848 2211 1953 2265 hoc
1983 2220 2036 2263 et

467 2317 713 2384 ineptum
746 2322 849 2375 est,
880 2319 937 2373 et
974 2310 1223 2377 impium.
1264 2305 1340 2359 Ea
1374 2305 1564 2373 igitur,
1591 2301 2033 2372 quandoquidem

469 2409 527 2461 in
566 2405 703 2475 ipsis
755 2403 903 2456 nulla
957 2399 1184 2454 unitatis
1235 2398 1398 2463 ratio,
1435 2397 1615 2452 nullus
1661 2396 1797 2451 ordo
1832 2404 1936 2459 est,
1981 2406 2038 2448 ut

469 2498 655 2559 noxia,
679 2494 925 2561 nihilque
954 2492 1022 2545 ad
1078 2491 1129 2544 id
1181 2489 1326 2558 quod
1383 2489 1784 2558 proposuimus,
1822 2501 2038 2542 accom-

468 2589 684 2645 modata
720 2586 1041 2656 rejiciautur
1080 2601 1093 2636 :
1124 2582 1288 2652 idque
1316 2582 1438 2636 ideo
1481 2581 1739 2645 maxime,
1775 2579 2035 2651 quoniam

467 2682 551 2736 eis
605 2679 789 2734 nullus
848 2684 1166 2731 sanctorum
1220 2688 1351 2727 usus
1400 2683 1507 2726 εει.
1556 2669 1622 2724 Et
1652 2670 1803 2756 illud
1856 2681 2035 2724 autem

469 2773 639 2829 simul
674 2777 919 2840 apparet,
977 2766 1236 2835 Spiritum
1278 2772 1551 2832 sanctum,
1602 2777 1710 2816 non
1764 2760 1891 2831 quia
1944 2776 2039 2830 per

471 2865 672 2920 Filiqu
720 2864 879 2916 datur
933 2849 1279 2917 etmittittir.
1339 2857 1459 2909 ideo
1499 2856 1662 2910 etiam
1715 2870 1809 2924 per
1837 2852 2037 2908 Filium

474 2957 771 3026 procedere
828 2948 1158 3004 asseverari.
1220 2946 1341 2999 Dari
1399 2949 1570 3005 enim,
1624 2946 1766 3013 quod
1814 2943 2035 3007 dicitur,

474 3049 771 3117 temporale
820 3054 934 3109 est;
967 3042 1264 3111 procedere
1292 3049 1497 3103 autem,
1530 3048 1817 3092 aeternum.
1850 3036 2038 3106 Neque

2145 1847 2236 1913 qui
2266 1861 2333 1898 ex
2381 1844 2542 1899 Patre
2572 1860 2667 1914 per
2701 1844 2898 1899 Filium
2932 1845 3197 1913 procedit,
3227 1860 3288 1897 ex
3332 1845 3509 1906 Patre.
3539 1845 3703 1899 etiam

2144 1953 2240 2005 per
2268 1937 2465 1991 Filium
2510 1936 2650 1989 mitti
2700 1944 2864 2005 atque
2908 1935 3102 2007 donari
3148 1935 3489 2004 intelligitur.
3531 1936 3706 2004 Atque

2144 2027 2233 2084 ille
2288 2036 2435 2082 totus
2475 2044 2538 2081 cx
2602 2026 2762 2082 Patre
2823 2042 2920 2097 per
2966 2026 3163 2081 Filium
3228 2028 3431 2082 sancti:
3469 2026 3706 2095 Spiritus

2146 2135 2442 2190 processus
2478 2123 2544 2174 ad
2575 2127 2905 2183 creaturam,
2941 2120 3131 2173 missio
3189 2128 3441 2183 vocatur,
3478 2132 3601 2188 qua:
3652 2119 3704 2171 in

2145 2222 2387 2280 tempore
2418 2212 2475 2265 Iit
2508 2219 2729 2281 propter
2764 2219 3096 2275 creaturam,
3136 2226 3254 2279 ρυςε
3288 2209 3576 2279 temporali
3621 2207 3703 2262 sui

2146 2301 2559 2371 participatione
2609 2300 2834 2363 fruitur,
2906 2301 3183 2368 temporali
3236 2300 3327 2353 illo
3374 2300 3551 2367 spatio
3599 2312 3705 2352 non

2146 2392 2274 2455 Deo,
2306 2392 2400 2446 sed
2428 2392 2586 2446 nobis
2631 2391 2924 2461 applicato.
2956 2390 3019 2444 Et
3046 2400 3131 2444 est
3168 2405 3310 2447 unus
3343 2391 3583 2459 quidem,
3612 2390 3706 2444 sed

2146 2485 2357 2540 ratione
2389 2485 2666 2540 differens.
2723 2484 2907 2555 Neque
2963 2484 3132 2549 enim,
3164 2482 3292 2552 quia
3334 2482 3707 2551 tempnraliter

2144 2577 2442 2646 accipimus
2499 2590 2620 2640 nos,
2675 2576 2800 2631 ideo
2862 2575 3158 2644 temporale
3215 2574 3421 2644 aliquid
3486 2577 3539 2626 in
3599 2572 3708 2626 Deo

2145 2653 2325 2723 dicere
2351 2669 2635 2731 debemus,
2682 2666 3109 2721 imbecillitatem
3142 2664 3476 2720 conditionis
3510 2646 3709 2717 nostrae

2146 2759 2220 2813 illi
2258 2759 2615 2829 applicantes.
2668 2757 2878 2826 Neque,
2927 2757 2973 2810 si
3024 2756 3148 2824 quis
3202 2758 3461 2809 hactenus
3506 2768 3706 2817 crecus,

2145 2865 2293 2904 nunc
2325 2851 2557 2920 primum
2600 2849 2871 2916 respicere
2919 2862 2984 2900 ac
3011 2847 3148 2901 solis
3179 2846 3347 2900 radiis
3370 2845 3532 2913 empit
3564 2842 3703 2896 frui:

2147 2944 2267 2999 ideo
2316 2941 2481 2997 etiam
2539 2941 2620 2993 vel
2660 2956 2724 2993 ex
2760 2939 2874 2993 sole
2930 2930 3137 3000 radius,
3173 2936 3255 2991 vel
3295 2952 3358 2989 ea
3419 2936 3569 2988 radio
3616 2936 3706 2988 lux

2145 3051 2292 3090 nunc
2330 3048 2554 3087 manare
2606 3032 2792 3099 erepit.
2824 3028 3055 3083 Constat
3092 3028 3289 3097 quippe
3320 3034 3372 3081 et
3399 3035 3696 3092 antequam

473 3138 734 3210 possibile
764 3132 889 3197 ’est,
938 3132 1084 3202 quod
1133 3130 1430 3211 temporale
1477 3128 1572 3192 sit,
1620 3128 1671 3181 id
1703 3129 1844 3197 ejus,
1894 3128 2036 3196 quod
2070 3144 2112 3201 (ς
2146 3141 2322 3180 caecus
2349 3124 2647 3192 aspiceret,
2674 3121 2776 3174 soli
2806 3130 2861 3173 et
2895 3117 3108 3170 radium
3163 3125 3217 3172 et
3252 3117 3427 3170 lucem
3457 3116 3710 3170 similiter

474 3247 639 3301 supra
674 3239 888 3295 tempus
932 3238 1039 3286 est,
1072 3238 1293 3277 causam
1333 3235 1473 3275 esse.
1512 3219 1699 3288 Itaque
1739 3220 2037 3274 secundum

474 3320 892 3379 substauttalcm
919 3329 1232 3384 processum
1259 3328 1417 3367 suum
1446 3327 1509 3364 ex
1536 3309 1692 3364 Patre
1726 3322 1820 3378 per
1846 3307 2038 3363 Filium

474 3414 769 3484 procedere
823 3417 1046 3465 sanctus
1104 3404 1340 3474 Spiritus
1392 3403 1693 3466 asseritur;
1734 3401 2042 3456 substantia

475 3504 696 3575 quippe,
742 3501 884 3554 sicut
907 3508 961 3552 ct
984 3495 1288 3566 processio,
1324 3505 1524 3546 aeterna
1552 3502 1656 3545 est.

546 3617 681 3671 Illud
706 3623 886 3670 autem
916 3627 1021 3664 una
1054 3609 1389 3668 insinuatur,
1420 3606 1571 3659 illum
1606 3622 1636 3659 a
1672 3605 1809 3660 Filio
1838 3606 2042 3661 idcirco

476 3711 594 3765 dari
681 3719 736 3764 et
801 3704 965 3770 mitti,
1039 3702 1188 3771 quia.
1260 3698 1565 3753 secundum
1631 3698 2040 3753 suhstantialem

478 3811 793 3872 processum
835 3808 1019 3856 suum,
1062 3792 1225 3845 etiam
1288 3804 1380 3855 per
1415 3788 1591 3855 ipsum
1642 3795 1743 3840 est.
1779 3784 1849 3840 Ut
1896 3789 2041 3841 enim

478 3899 672 3945 contra
699 3889 887 3965 lirium
919 3884 1171 3936 scribens
1204 3892 1433 3947 magnus
1461 3876 1798 3932 Athanasius
1825 3878 2002 3947 inquit
2030 3895 2044 3931 :

486 4002 504 4033 ι
553 3983 597 4034 Α
644 3995 753 4048 quo
804 3976 923 4031 dari
970 3972 1260 4041 oportebat
1315 3970 1577 4036 Spiritum
1633 3970 1736 4023 nisi
1789 3970 1857 4023 ah
1905 3973 2045 4039 ipso,

480 4072 639 4141 cujus
690 4068 813 4121 est?
866 4065 1018 4119 Alias
1070 4062 1270 4130 quippe
1304 4063 1554 4113 minister
1596 4071 1739 4114 esset
1776 4061 1965 4126 Filius,
2000 4066 2047 4118 si

481 4162 625 4232 quod
683 4174 793 4214 non
862 4170 958 4227 per
1017 4169 1076 4209 se
1126 4155 1445 4207 naturaliter
1510 4152 1854 4222 procederet,
1917 4158 2047 4209 dare

482 4259 777 4308 diceretur.
817 4267 835 4300 ι
896 4246 1072 4301 Simul
1104 4247 1266 4299 etiam
1305 4245 1459 4299 fateri
1517 4260 1859 4313 cogeremur,
1908 4245 2045 4299 Filio

484 4355 539 4399 et
574 4340 806 4413 Spiritui
860 4348 1052 4394 sancto
1105 4337 1478 4404 temporaliter
1509 4336 1716 4405 aliquid
1749 4336 1998 4391 accidere
2033 4354 2046 4389 :

487 4435 565 4489 illi
595 4432 823 4489 scilicet.
852 4430 1018 4491 dare,
1054 4425 1181 4481 huic
1208 4425 1346 4480 dari.

559 4550 731 4603 Porro
762 4544 837 4609 id,
868 4555 979 4611 quo
1022 4542 1228 4610 posito,
1294 4539 1496 4607 ineptia
1528 4536 1687 4590 simul
1744 4547 1798 4591 et
1828 4537 2052 4589 menda-

485 4645 631 4699 cium
690 4638 961 4708 sequitur,
1004 4635 1247 4702 ineptum
1317 4633 1390 4685 sit
1442 4640 1497 4681 et
1545 4630 1773 4683 mendax
1835 4643 2056 4683 necesse

487 4746 589 4791 est.
638 4732 717 4785 Ex
764 4745 873 4799 quo
927 4728 1100 4795 liquet
1134 4738 1240 4777 non
1272 4736 1395 4776 esse
1422 4721 1698 4789 geminum
1736 4734 2051 4789 processum

444 4827 769 4898 .Spiritus;
862 4819 1215 4889 temporalem
1308 4814 1536 4867 alterum
1616 4812 1878 4874 alterum,
1939 4813 2056 4865 sine

492 4929 758 4986 tempore.
785 4914 1030 4968 Primum
1073 4909 1316 4987 quidem,
1350 4904 1477 4972 quia
1514 4902 1695 4955 nullus
1740 4910 2050 4955 sanctorum

490 5014 712 5067 l’atrum
744 5007 846 5059 hoc
877 5001 1009 5057 dixit
1036 5018 1053 5067 ;
1078 4998 1293 5061 deinde,
1350 4996 1501 5063 quia,
1542 4996 1585 5046 si
1621 4994 1672 5045 id
1708 4992 1962 5045 concedat
1990 5005 2053 5051 .r,
2118 5037 2127 5047 ,

491 5103 676 5169 inepta
735 5107 789 5150 et
823 5093 1043 5161 indigna
1090 5090 1321 5160 plurima
1353 5082 1798 5152 emergent.'Sed
1860 5081 2055 5133 nnieus

492 5209 625 5246 sane
691 5200 1021 5258 processus
1063 5192 1226 5249 atque
1288 5189 1523 5231 aeternus
1577 5183 1693 5235 est,
1755 5172 2050 5226 secundum

488 5298 651 5354 quem
718 5298 787 5335 ex
856 5280 1021 5333 I’atte
1088 5290 1185 5344 per
1250 5270 1447 5325 Filium
1518 5277 1745 5333 sanctus
1794 5269 2057 5335 procedit

493 5374 752 5446 Spiritus.
812 5368 1090 5445 Creatoris
1135 5374 1313 5419 autem
1369 5377 1491 5431 quin
1547 5372 1684 5427 apta:
1757 5374 1822 5411 ac
1876 5359 2052 5426 uigoie

496 5466 719 5528 fuerint,
752 5463 817 5515 ad
860 5456 1171 5529 huiusmodi
1208 5467 1498 5525 processus
1528 5450 1847 5521 capiendam
1883 5450 2058 5502 notio-

498 5574 621 5614 nem
676 5565 839 5622 atque
892 5550 1334 5612 illustrationem,
1371 5545 1613 5614 prodire,
1645 5555 1711 5595 ac
1767 5541 1968 5604 lucere,
2002 5548 2057 5592 et

498 5648 775 5722 profundi,
812 5660 875 5698 ac
925 5643 1042 5697 dari
1074 5656 1167 5710 per
1197 5639 1396 5693 Filium
1427 5637 1647 5699 dicitur,
1686 5642 1849 5703 atque
1903 5642 2057 5697 tunc,

495 5746 637 5817 quod
690 5743 741 5796 in
778 5742 956 5809 seipse
1013 5746 1269 5790 internum
1324 5743 1425 5796 est,
1492 5726 1597 5785 illis
1677 5726 2055 5798 temporaliter

2080 4470 2130 4530 D

2147 3217 2414 3280 alfuisse,
2448 3214 2766 3279 radiumque
2801 3209 3055 3263 similiter
3082 3207 3467 3276 perstrinxisse
3499 3208 3709 3268 fulgore

2147 3306 2353 3360 oculos.

2220 3396 2485 3465 Quocirca
2520 3393 2681 3447 etiam
2733 3388 3059 3443 mirabilium
3111 3395 3355 3455 patrator
3388 3384 3708 3455 Gregorius,

2152 3494 2205 3546 in
2260 3492 2418 3554 libro,
2474 3488 2631 3555 cujus
2686 3483 2899 3537 initium
2954 3488 3036 3534 est
3072 3497 3085 3534 :
3128 3479 3493 3533 luimicissimi
3554 3489 3711 3546 atque

2149 3583 2303 3636 alieni
2338 3582 2400 3632 ab
2454 3576 2749 3646 apostolica
2782 3572 3545 3642 confessione,proccssionem
3576 3572 3712 3625 hanc
3800 3556 3807 3559 ’

2152 3689 2506 3730 cunssrouem
2563 3669 2952 3737 sempiternam
3006 3663 3317 3733 appellavit.
3361 3664 3525 3732 Atqui
3584 3663 3712 3717 huic

2152 3776 2431 3830 nunquam
2458 3768 2599 3811 esset
2629 3753 2943 3823 temporalis
2974 3753 3278 3805 aeternitas.
3311 3750 3402 3804 Ait
3429 3751 3663 3819 denique
3694 3769 3709 3804 :

2159 3875 2176 3905 ι
2214 3854 2490 3922 lngeniltls
2522 3846 2742 3916 quidem
2790 3844 2951 3897 Pater
2987 3858 3109 3897 cum
3144 3843 3234 3904 sit,
3277 3842 3499 3910 genitus
3529 3854 3709 3896 autem

2150 3964 2214 4003 ex
2278 3946 2433 3998 I'atre
2490 3940 2681 4000 Filius,
2737 3947 3073 4005 sanetusque
3111 3934 3348 4001 Spiritus
3402 3950 3465 3989 ex
3530 3934 3707 3989 Patris

2150 4037 2380 4094 essentia
2415 4033 2747 4100 sempiterno
2782 4044 2874 4097 per
2918 4026 3113 4099 Fl_llllill
3150 4027 3405 4081 emissus.
3440 4042 3458 4075 ι

2224 4153 2328 4207 Sed
2383 4160 2437 4204 et
2498 4148 2782 4215 ilicologtts
2825 4142 3142 4211 Gregorius,
3176 4141 3229 4194 in
3276 4139 3412 4194 lihro
3441 4153 3600 4208 quem
3647 4139 3715 4192 ad

2156 4244 2424 4298 lIeronem
2458 4240 2844 4310 phiIOsophum
2880 4234 3121 4302 SCl‘llhll,
3156 4233 3508 4287 emissionem
3541 4232 3715 4287 sancti

2153 4338 2388 4407 Spiritus
2434 4333 2704 4402 propriam
2753 4329 2933 4391 dixit;
2979 4326 3273 4395 temporale
3341 4337 3525 4378 autem
3580 4340 3719 4376 nun-

2161 4444 2321 4499 quam
2355 4439 2476 4479 esse
2509 4422 2707 4492 poterit
2743 4418 2915 4473 sancti
2950 4416 3187 4485 Spiritus
3222 4416 3523 4484 preprium.
3558 4414 3719 4470 Certe

2159 4522 2303 4575 enim
2339 4518 2405 4581 si,
2435 4515 2695 4585 quoniam
2724 4528 2752 4564 a
2781 4509 2918 4563 Filio
2955 4509 3115 4561 datur
3149 4516 3203 4560 ct
3233 4506 3487 4568 mittitur,
3520 4508 3720 4560 idcirco

2158 4613 2325 4664 etiam
2378 4622 2471 4676 per
2509 4620 2633 4658 eum
2693 4600 2984 4671 procedere
3041 4596 3274 4657 dicitur,
3328 4596 3502 4649 ttostri
3557 4597 3720 4666 igitur

2157 4711 2322 4753 causa
2383 4693 2743 4748 substantiam
2804 4685 2995 4749 habet,
3063 4684 3361 4738 secundum
3422 4700 3584 4753 quam
3653 4698 3720 4736 ex

2157 4791 2316 4846 Patre
2367 4802 2458 4857 per
2508 4783 2701 4836 Filium
2738 4790 2839 4833 est.
2894 4777 2997 4831 Sed
3048 4785 3103 4830 et
3151 4791 3313 4843 quem
3370 4775 3721 4828 introducunt

2160 4877 2534 4945 temporalem,
2570 4872 2818 4940 sequitur
2851 4878 2909 4924 ut
2937 4877 2988 4921 et
3035 4867 3150 4933 ipse
3200 4874 3419 4934 propter
3466 4879 3562 4916 nes
3590 4872 3724 4914 sun-

2160 4970 2412 5027 stantiam
2473 4969 2688 5041 haheat.
2742 4959 2897 5025 Quod
2957 4959 3002 5011 si
3066 4959 3248 5024 datur,
3305 4967 3421 5010 erat
3504 4955 3720 5033 utique,

2160 5059 2378 5130 quando
2433 5070 2537 5107 non
2589 5030 2743 5113 erat;
2792 5063 3123 5116 rursumque
3173 5062 3296 5101 cuin
3350 5030 3555 5108 fuerit,
3604 5062 3724 5097 esse

2162 5151 2409 5204 desistet.
2452 5145 2557 5199 Sed
2610 5147 2719 5196 haec
2775 5142 2938 5208 impia
2994 5148 3140 5193 sunt.
3197 5136 3311 5189 Non
3359 5149 3530 5203 ergo,
3577 5136 3723 5200 quod

2164 5242 2505 5313 proponitur,
2542 5252 2729 5288 \et'utu
2771 5243 2871 5287 est.
2925 5233 3189 5285 l’razterea
3223 5238 3275 5281 et
3305 5228 3539 5280 eximius
3570 5225 3724 5279 Basi-

2162 5336 2265 5387 lius
2297 5334 2348 5383 itt
2392 5331 2486 5382 lib.
2520 5327 2585 5380 IV
2619 5324 2982 5390 Quosliouum
3013 5321 3088 5371 ait
3120 5334 3133 5368 :
3174 5335 3190 5367 ι
3228 5315 3345 5368 Non
3377 5316 3426 5367 in
3460 5327 3721 5384 tempore,

2162 5427 2305 5496 quod
2354 5422 2551 5492 prodiit
2613 5437 2677 5473 ex
2754 5418 2882 5479 Deo,
2951 5410 3179 5480 prodiit,
3231 5408 3339 5463 etsi
3384 5408 3439 5462 in
3484 5417 3728 5477 tempore

2164 5518 2349 5571 ellieax
2385 5514 2531 5568 illius
2566 5512 2709 5566 actio
2748 5509 3039 5567 reddatur,
3078 5520 3095 5551 ι
3129 5503 3459 5555 mentionem
3516 5500 3726 5554 scilicet
3802 5560 3809 5567 κ

2163 5610 2228 5662 de
2262 5617 2446 5662 sancto
2479 5606 2681 5671 Spiritu
2722 5598 2945 5652 faciens.

2239 5724 2500 5791 Quoniam
2558 5723 2721 5794 igitur
2770 5717 3006 5787 Spiritus
3057 5724 3280 5771 sanctus
3312 5731 3375 5770 ex
3429 5714 3582 5769 I‘atrc
3637 5723 3728 5779 per
