4010 6220
318 304 381 366 15
1429 296 1826 357 ADVERSUS
1865 286 2180 355 GRAECOS
2221 293 2363 356 LIB.
2406 295 2452 354 I.
3406 388 3415 393 θ
3484 296 3549 359 ιδ

312 424 500 478 Filium
528 416 881 473 naturaliter.
919 422 972 467 et
1015 412 1401 475 essentialiter,
1430 420 1486 466 et
1515 420 1719 471 reterne
1745 426 1871 481 prn-
1903 414 1945 468 Δ
1976 406 2135 463 Patre
2180 416 2238 463 et
2282 408 2416 463 Filio
2448 416 2652 463 natura
2708 416 2873 479 atque
2903 409 3154 466 essentia:
3203 420 3304 467 est.
3353 412 3423 467 At
3472 413 3546 480 id,

310 516 501 572 cedere
537 526 566 561 a
616 507 882 576 theologis
931 506 1230 569 asscritur,
1290 505 1437 573 quod
1469 512 1653 558 autem
1686 518 1877 572 proce-

328 609 447 658 dere
512 603 751 663 dicitur,
809 612 1113 666 processus
1179 596 1390 651 ratione
1466 595 1616 650 illum
1678 595 1878 649 habere

325 694 672 752 substantiam
726 692 971 757 indicat,
1030 690 1175 746 sicut
1227 690 1388 743 etiam
1448 689 1621 759 gigni,
1672 686 1875 741 Filium

330 772 611 840 nativitatis
658 784 875 837 ratione
907 781 1247 847 subsistere;
1286 794 1449 834 omne
1493 789 1695 843 autem,
1728 780 1875 848 quod

321 894 407 947 per
454 876 676 944 aliquod
734 874 1101 931 essentialiter
1148 872 1510 929 substantiam
1563 872 1758 937 habet,
1809 885 1877 925 ex

319 970 399 1023 illo
431 969 597 1021 etiam
630 976 713 1021 est
738 983 754 1021 :
782 975 1000 1021 constat
1024 964 1292 1034 profecto,
1327 964 1590 1034 Spiritum
1622 972 1871 1019 sanctum

314 1074 373 1113 ex
402 1057 539 1111 Filio
592 1054 727 1112 esse
808 1056 1328 1127 atqueiprocedere.
1360 1056 1469 1109 Aut
1525 1054 1672 1110 enim
1731 1053 1877 1124 quod

316 1150 529 1214 dicitur,
563 1164 678 1218 per,
716 1146 854 1201 nihil
904 1148 959 1200 in
1014 1146 1190 1200 sancti
1240 1144 1479 1215 Spiritus
1527 1145 1878 1215 processione

316 1242 695 1301 commendat,
740 1248 839 1293 aut
881 1237 1229 1292 commendat
1263 1237 1512 1307 quidem,
1546 1237 1641 1294 sed
1673 1237 1877 1306 imper-

323 1334 507 1387 fectum
542 1330 771 1401 aliquid,
799 1341 892 1384 aut
930 1330 1287 1385 instrumenti
1317 1330 1503 1398 implet
1529 1330 1729 1392 vicem,
1758 1338 1876 1392 aut,

322 1426 447 1479 sicut
471 1440 567 1493 per
597 1424 804 1488 locum,
836 1432 930 1477 aut
961 1432 1202 1489 tempus,
1238 1431 1330 1476 aut
1360 1430 1519 1478 certe
1551 1436 1649 1490 per
1674 1421 1874 1476 Filium

316 1516 652 1577 naturaliter,
678 1527 733 1569 et
764 1529 1059 1584 processus
1101 1515 1341 1578 ratione,
1371 1524 1535 1584 atque
1570 1512 1877 1568 essentiali-

326 1620 399 1663 ter
430 1609 722 1678 procl-Aere
775 1607 1039 1678 Spiritum
1089 1616 1343 1662 sanctum
1385 1606 1685 1661 secundum
1734 1620 1878 1674 pro-

322 1703 488 1770 prium
536 1701 760 1753 modum
808 1700 1137 1755 substantiae
1187 1699 1555 1753 commendat.
1607 1697 1710 1751 Sed
1750 1711 1875 1750 cum

320 1763 495 1845 caetera
530 1792 583 1844 iu
622 1800 834 1855 sancta,
864 1800 1032 1860 atque
1066 1790 1607 1859 supersubstantiali,
1639 1796 1694 1842 et
1740 1788 1875 1840 sim-
1910 1763 1952 1821 Β

314 1883 430 1950 piiri
466 1881 734 1936 Trinitate
781 1896 1055 1949 nusquam
1108 1880 1288 1934 locum
1347 1880 1620 1942 habeant,
1656 1880 1877 1931 omnino

322 1969 616 2021 necessario
657 1967 1008 2038 relinquitur,
1039 1977 1097 2021 ut
1140 1968 1411 2030 dicamus,
1443 1982 1556 2035 per,
1602 1981 1632 2019 a
1673 1965 1877 2020 sanctis

321 2058 564 2117 i'atribus
596 2075 701 2112 non
753 2059 961 2114 frustra
994 2060 1284 2123 insertum,
1315 2069 1478 2127 atque
1506 2058 1559 2113 id
1595 2074 1699 2112 una
1732 2073 1879 2111 com-

320 2154 578 2215 mendare,
605 2152 750 2221 quod
785 2168 851 2206 ex
881 2151 1042 2206 Patre
1066 2167 1164 2221 per
1204 2150 1403 2205 Filium
1434 2150 1878 2217 substantiaiiter

306 2239 455 2303 juxta
506 2255 670 2291 unam
759 2240 1121 2310 eamdemque
1176 2240 1584 2310 processionem
1630 2241 1879 2309 procedit

313 2329 539 2400 Spiritus
593 2342 841 2388 sanctus.
892 2333 1125 2388 Prorsus
1180 2333 1326 2388 enim
1359 2373 1374 2397 ,
1416 2349 1536 2401 per,
1564 2332 1627 2386 in
1675 2332 1877 2401 quibus

302 2427 621 2487 assumitur,
652 2425 985 2493 praecedenti
1015 2440 1193 2480 causa
1217 2425 1501 2480 concurrit
1526 2425 1591 2479 ad
1627 2426 1874 2479 eamdem

308 2513 668 2577 efficientiam,
696 2530 862 2583 quam
892 2515 985 2569 illa
1016 2514 1443 2585 spectat.Atque
1469 2514 1571 2569 hoc
1597 2513 1705 2569 late
1732 2520 1879 2584 patet

308 2604 512 2675 singula
546 2607 986 2675 inspicientibus.

377 2695 510 2750 Nam
535 2712 669 2753 cum
708 2697 922 2752 fructus
946 2713 1011 2752 ex
1042 2696 1224 2752 radice
1250 2713 1344 2767 per
1377 2714 1591 2754 ramum
1625 2698 1874 2767 prodeat,

308 2802 491 2842 ramus
514 2789 671 2858 juxta
718 2788 1039 2844 seminalem
1085 2799 1297 2844 natura:
1335 2788 1624 2853 rationem,
1666 2805 1787 2860 qua:
1816 2790 1877 2843 in

313 2877 488 2932 radice
524 2889 610 2932 est
646 2880 711 2933 ad
748 2878 1093 2933 efﬁcientiam
1121 2893 1414 2949 processus
1443 2879 1719 2934 fructuum
1749 2895 1874 2933 cum

312 2970 488 3024 radice
548 2969 852 3024 contendit.
916 2971 1099 3039 Atque
1153 2970 1207 3024 in
1274 2970 1552 3040 praedictis
1619 2970 1876 3025 omnibus

312 3062 608 3130 exemplis,
645 3061 733 3131 qui
789 3062 1065 3131 ingenium
1122 3076 1380 3116 exercere
1426 3062 1680 3127 voluerit,
1731 3063 1873 3116 idem

312 3168 563 3221 apparere
590 3154 905 3223 perspiciet.
941 3153 1047 3207 Sed
1085 3154 1137 3208 in
1184 3154 1270 3207 his
1313 3169 1557 3224 quoque,
1588 3156 1641 3208 in
1675 3154 1877 3224 quibus

323 3261 405 3298 ars
436 3257 712 3317 operatur,
765 3263 939 3315 serra,
973 3249 1125 3304 verbi
1170 3250 1369 3319 gratia,
1402 3264 1498 3319 per
1526 3264 1689 3319 quam
1725 3248 1880 3303 faber

320 3338 532 3404 gradum
580 3340 823 3407 ligneum
876 3340 1045 3405 facit,
1083 3342 1151 3396 ad
1185 3342 1362 3409 illum,
1395 3357 1503 3395 non
1539 3343 1608 3395 ad
1648 3341 1879 3397 alterius

323 3431 519 3494 generis
573 3430 826 3486 effectum
873 3433 1071 3487 artifici
1111 3443 1461 3503 cooperator.
1495 3432 1683 3502 Neque
1728 3432 1875 3487 enim

325 3517 394 3567 ιιιί
434 3520 497 3573 ad
526 3522 955 3578 calefaciendum
1018 3524 1134 3578 sive
1166 3525 1528 3579 dealbandum
1555 3524 1878 3594 cooperabi-

326 3617 424 3672 tur,
451 3612 603 3681 idque
634 3630 730 3683 per
763 3618 906 3684 quod
958 3616 1198 3671 trahitur
1227 3616 1507 3679 machina,
1537 3615 1774 3670 trahenti
1807 3616 1877 3669 ad

320 3706 725 3768 pertractionem
760 3707 945 3761 oneris
978 3708 1387 3778 cooperabitur.

393 3796 459 3848 Ac
490 3797 531 3849 si
569 3797 793 3866 quidem
842 3815 999 3855 serra
1024 3801 1189 3855 homo
1219 3812 1388 3867 esset,
1424 3802 1567 3859 sicut
1599 3812 1656 3858 et
1694 3802 1867 3869 faber,

324 3893 379 3938 et
408 3887 532 3942 idem
580 3893 767 3953 homo,
795 3893 1254 3960 quemadmodum
1294 3896 1348 3949 in
1392 3893 1555 3951 Patre
1619 3885 1681 3951 ei
1734 3895 1876 3952 Filio

318 3977 450 4033 idem
489 3990 569 4035 est
616 3980 780 4048 Deus,
835 3993 1049 4039 secaret
1083 3994 1137 4039 et
1188 3986 1328 4055 ipsa,
1368 3988 1515 4042 sicut
1569 3996 1623 4043 et
1672 3988 1867 4043 faber:

316 4073 557 4141 quodque
584 4088 681 4141 per
704 4088 911 4128 serram
941 4076 1110 4140 fieret,
1135 4077 1278 4131 idem
1306 4087 1473 4144 esset,
1495 4081 1642 4148 quod
1673 4095 1703 4134 a
1723 4097 1872 4137 serra

320 4166 477 4219 fieret.
520 4167 576 4219 Si
601 4175 784 4220 autem
822 4168 873 4221 in
909 4169 1108 4236 quibus
1139 4178 1219 4224 est
1254 4179 1450 4226 natura
1498 4172 1775 4240 differens,
1808 4190 1871 4230 ea

314 4272 409 4325 per
433 4275 553 4327 qua:
582 4260 790 4329 aliquid
818 4261 914 4322 fit,
950 4270 1319 4330 cooperantur
1359 4265 1443 4319 his
1474 4266 1567 4334 qui
1605 4281 1663 4322 se
1695 4267 1871 4337 primo

318 4361 547 4414 moveut,
570 4367 636 4405 ac
656 4367 754 4421 pro
780 4353 942 4408 modo
965 4369 1066 4409 suo
1090 4370 1196 4408 una
1227 4369 1389 4410 causa
1416 4356 1553 4413 ﬁunt
1576 4374 1589 4411 :
1619 4358 1701 4413 vel
1727 4360 1870 4415 sicut

1979 501 2128 570 quod
2156 501 2381 565 dicitur,
2419 517 2513 570 per
2560 498 2758 555 Filium
2792 496 2973 557 om’nia
3012 502 3275 572 producta
3321 519 3463 567 esse,
3496 515 3553 559 et
3611 494 3618 502 ’

1980 592 2175 648 Filium
2208 608 2371 647 unam
2418 609 2540 649 cum
2574 593 2733 649 Patre
2762 609 3007 658 causam,
3049 610 3327 665 unumque
3355 598 3551 651 condi-

1979 694 2152 739 torem
2183 684 2758 756 commendat.ltaque
2777 684 2933 754 longe
2966 687 3160 752 magis.
3190 689 3332 754 quod
3353 688 3551 743 dicitur

1982 790 2076 845 per
2105 773 2303 831 Filium
2339 778 2654 846 procedere,
2687 777 2863 845 ipsum
2897 792 3116 847 quoque
3148 777 3345 832 Filium
3378 776 3550 834 imum

1978 888 2105 927 cum
2149 872 2309 928 Patre
2363 858 2748 945 productorem
2802 890 2958 935 esse,
3009 876 3321 930 necessario
3388 875 3546 931 fateri

1971 973 2172 1034 coget:
2206 979 2384 1034 eoque
2423 966 2617 1034 magis,
2644 981 2753 1035 quo
2779 974 2832 1020 et
2863 981 2956 1036 per
2986 966 3225 1021 Verbum
3257 969 3551 1037 productor

1982 1056 2223 1126 Spiritus
2278 1056 2500 1111 dicitur.
2550 1056 2685 1111 Nam
2739 1058 2784 1111 si
2842 1056 2997 1113 Pater
3044 1059 3197 1114 solus
3252 1061 3551 1127 productor

1978 1157 2146 1214 esset,
2188 1162 2254 1202 ac
2304 1149 2607 1217 producere
2657 1148 2735 1202 illi
2794 1148 3156 1204 substantiale
3208 1160 3391 1214 esset,
3441 1167 3548 1203 non

1972 1242 2280 1313 productor
2311 1257 2406 1311 per
2446 1240 2682 1295 Verbum
2733 1242 2913 1298 dictus
2948 1243 3159 1298 fuisset.
3207 1242 3341 1308 Quae
3400 1243 3548 1298 enim

1979 1334 2357 1391 snbstantiaiia
2413 1350 2772 1404 personarum
2814 1346 2962 1399 sunt,
2995 1338 3309 1390 communia
3339 1337 3549 1392 exteris

1978 1446 2101 1486 esse
2142 1446 2251 1485 non
2310 1440 2558 1497 possunt.
2610 1430 2852 1500 Exempli
2898 1447 3065 1487 causa
3094 1474 3108 1497 ,
3150 1433 3196 1485 si
3247 1442 3397 1502 pater
3451 1449 3549 1502 per

1979 1520 2218 1590 aliquem
2272 1530 2431 1590 pater
2461 1532 2628 1586 esset,
2660 1522 2960 1592 paternitas
3006 1523 3153 1589 illius
3192 1523 3549 1579 substantiaie

1977 1624 2101 1664 esse
2124 1623 2238 1664 non
2266 1619 2473 1679 posset.
2508 1610 2611 1664 Sed
2638 1611 2704 1665 de
2734 1611 2819 1666 his
2849 1620 3035 1681 postea
3070 1612 3303 1667 dicetur.

2051 1720 2207 1775 Nunc
2229 1720 2473 1790 Cyrillus
2517 1720 2859 1777 admirabilis
2893 1724 3218 1778 auctoritate
3248 1736 3368 1787 sua,
3398 1724 3544 1793 quod

1982 1812 2410 1882 proposuimus,
2466 1812 2707 1869 roboret.
2761 1813 2813 1869 is
2869 1814 3015 1869 enim
3072 1816 3125 1870 in
3176 1816 3420 1872 secundo
3477 1815 3544 1870 ad

1974 1902 2254 1957 Hermiam
2284 1902 2450 1983 libro,
2489 1904 2568 1958 sic
2602 1904 2715 1957 ait:

2054 2031 2073 2065 ι
2113 2008 2375 2069 Sanctum
2423 2024 2604 2069 autem
2650 2014 2914 2084 Spiritum
2966 2015 3139 2082 dices,
3181 2018 3271 2087 qui
3318 2031 3384 2073 ex
3435 2018 3548 2073 Deo

1978 2102 2139 2160 Patre
2168 2120 2265 2175 per
2295 2105 2492 2161 Filium
2527 2108 2848 2161 naturaliter
2875 2107 3241 2177 profunditur,
3273 2125 3361 2178 ac,
3404 2110 3549 2166 sicut

1977 2194 2033 2248 in
2076 2194 2245 2265 figura
2278 2196 2656 2266 respirationis
2690 2198 2804 2252 oris
2829 2198 3003 2253 nostri
3036 2214 3189 2253 suam
3225 2201 3385 2255 nobis
3416 2203 3548 2255 sul--

1977 2287 2232 2346 stantiam
2266 2288 2489 2344 indicat.
2530 2308 2553 2342 ν

2050 2397 2105 2450 Si
2166 2397 2328 2467 igitur
2385 2399 2553 2466 figura
2614 2402 2995 2470 respirationis
3055 2401 3167 2457 oris
3221 2403 3394 2458 nostri
3446 2419 3547 2473 pro

1975 2490 2231 2558 exemplo
2286 2501 2499 2561 sumpta
2543 2502 2647 2554 est,
2685 2494 2831 2562 quod
2898 2510 2993 2561 per
3051 2494 3248 2549 Filium
3309 2496 3547 2564 Spiritus

1977 2582 2235 2651 procedat
2262 2601 2276 2636 :
2310 2598 2373 2638 os
2404 2584 2547 2637 enim
2586 2583 2762 2639 Patris
2790 2584 2982 2639 Filium
3013 2587 3184 2641 sancti
3210 2585 3397 2642 Patres
3426 2602 3549 2642 esse

1975 2672 2169 2739 aiunt;
2199 2674 2285 2728 vel
2322 2674 2486 2729 etiam
2520 2686 2741 2743 propter
2778 2678 3161 2733 iusulliationis
3194 2679 3339 2734 illius
3370 2679 3546 2743 signi-

1978 2764 2325 2829 ficationem,
2374 2766 2592 2837 quando
2652 2767 2935 2824 insuflians
2983 2764 3245 2839 Spiritum
3294 2780 3545 2827 sanctum

1976 2854 2260 2925 discipulis
2293 2856 2556 2911 Dominus
2594 2857 2777 2912 dedit:
2818 2859 2961 2913 sicut
2987 2859 3039 2913 in
3080 2862 3547 2932 consequentibus

1976 2945 2401 3012 monstrabitur;
2439 2946 2543 3001 hoc
2573 2957 2751 3002 autem
2774 2949 3053 3019 propriam
3085 2951 3244 3006 nobis
3285 2954 3544 3007 substan-

1976 3037 2107 3091 tiam
2168 3038 2474 3110 significat:
2510 3049 2760 3101 constat,
2807 3044 2967 3111 quia,
3028 3043 3142 3097 sive
3197 3060 3293 3113 per
3348 3045 3546 3101 Filium
3626 3042 3629 3045 λ

1978 3132 2276 3201 procedere
2340 3132 2677 3198 dixerimus,
2710 3116 2840 3189 sive
2890 3134 3268 3192 insulllationis
3320 3139 3545 3208 figuram

1978 3227 2403 3295 susceperimus,
2438 3242 2500 3281 ex
2529 3236 2761 3297 utroque
2789 3229 2986 3283 horum
3020 3229 3260 3299 Spiritus
3294 3232 3548 3287 substan-

1980 3316 2133 3381 tiam,
2179 3325 2287 3371 tam
2343 3318 2615 3387 praecipuo
2686 3318 2913 3375 doctore
2962 3326 3213 3376 tradente
3264 3322 3546 3380 docemur.

1979 3407 2072 3462 Sin
2122 3416 2304 3463 autem
2356 3410 2459 3463 ista
2512 3425 2637 3464 vero
2670 3412 3144 3467 consentientibus
3184 3414 3354 3470 initiis
3398 3416 3544 3481 fidei,

1977 3500 2411 3571 doctoribnsque
2441 3504 2635 3567 sacris,
2663 3511 2717 3557 ct
2747 3505 3002 3561 oumibus
3026 3506 3101 3560 ita
3135 3510 3545 3574 attestantibus,

1979 3608 2274 3661 verumque
2304 3594 2528 3646 omnino
2568 3598 2980 3663 comprobatur,
3017 3599 3160 3667 quod
3201 3615 3298 3668 per
3328 3602 3548 3675 aliquod

1976 3681 2338 3738 substantiam
2386 3683 2602 3749 habeat,
2633 3684 2682 3737 id
2715 3686 2877 3738 etiam
2926 3700 2991 3740 ex
3046 3688 3163 3753 ipso
3199 3703 3343 3755 es-e,
3378 3690 3548 3759 liquet

1974 3773 2251 3840 profecto,
2298 3774 2405 3827 nisi
2450 3774 2574 3843 quis
2627 3776 2852 3829 omnino
2903 3774 3188 3846 impudens
3236 3792 3359 3832 esse
3395 3781 3545 3838 velit.

1980 3862 2241 3931 Spiritum
2266 3872 2514 3918 sanctum
2538 3880 2603 3919 ex
2631 3864 2768 3919 Filio
2794 3881 2947 3921 esse:
2974 3868 3416 3937 quandoquidem
3452 3884 3546 3938 per

1978 3956 2155 4024 ipsum
2191 3957 2556 4011 substantiam
2596 3958 2777 4023 habet,
2801 3972 2865 4012 ac
2896 3974 2990 4029 per
3033 3960 3207 4029 ipsum
3242 3963 3506 4031 procedit.

2045 4086 2315 4141 Caeterum
2343 4102 2445 4142 nos
2481 4102 2546 4141 ex
2579 4090 2785 4144 sanctis
2816 4088 3067 4144 Patribus
3103 4092 3346 4160 apertius
3375 4093 3547 4148 doce-

1974 4178 2191 4243 bimus,
2247 4195 2359 4248 per,
2410 4188 2463 4234 et
2516 4196 2604 4246 ex,
2652 4181 2705 4234 in
2741 4182 2939 4237 divinis
2996 4184 3159 4239 rebus
3202 4187 3541 4241 tantumdem

1978 4268 2180 4331 valere,
2227 4269 2320 4337 qui
2370 4268 2475 4323 ista
2527 4269 2581 4322 in
2624 4269 2709 4325 his
2759 4270 3132 4327 indifferenter
3162 4275 3432 4344 accipere,
3482 4287 3542 4331 ut

1975 4356 2147 4430 pium,
2182 4370 2551 4416 monuerunt:
2586 4363 2747 4416 aliter
2778 4373 2956 4417 autem
3005 4364 3328 4436 intelligere,
3368 4370 3539 4423 haere-

318 4439 775 4507 instrumenta,vel
795 4444 932 4498 alias
966 4446 1652 4514 quomodolibetjuvantia
1700 4459 1867 4519 atque
1900 4464 1943 4519 ι)
1974 4452 2093 4506 tica:
2142 4453 2491 4522 malignitatis
2557 4468 2675 4509 esse
2703 4455 3025 4510 docuerunt.
3067 4456 3130 4510 Hi
3161 4459 3304 4511 enim
3335 4475 3545 4528 pracpo-

318 4534 636 4587 conferentia
667 4553 683 4589 :
720 4534 889 4609 multo
935 4538 1107 4606 magis
1161 4539 1213 4591 iu
1263 4537 1423 4592 Patre
1473 4551 1529 4593 et
1559 4541 1715 4605 Filio,
1776 4543 1870 4597 ubi

313 4624 541 4689 perfecta
591 4628 845 4680 identitas
894 4638 1058 4697 atque
1103 4630 1623 4687 incommutabilitas
1650 4645 1708 4687 et
1747 4633 1872 4689 Filii

319 4717 379 4767 ad
412 4716 664 4785 Patrem;
705 4729 782 4782 et,
830 4735 983 4789 requa
1024 4721 1205 4777 Deitas
1238 4724 1542 4778 secundum
1597 4729 1868 4790 eamdem,

315 4815 369 4855 ρει
420 4810 631 4862 unicam
691 4812 868 4865 sancti
922 4811 1163 4880 Spiritus
1224 4829 1292 4869 ex
1335 4814 1499 4872 Patre
1534 4833 1630 4887 per
1660 4819 1862 4875 Filium

314 4900 714 4953 substantiaiem
747 4903 1181 4969 processionem,
1213 4905 1327 4974 ipse
1356 4905 1528 4962 Filius
1556 4909 1867 4962 communi-

308 4991 446 5042 cabit
485 4989 653 5055 l’atri,
719 5006 827 5045 non
887 4993 1380 5050 iustrumentaliter
1410 5012 1527 5052 xseu
1574 4999 1864 5065 serviliter,

308 5082 397 5134 sed
426 5086 994 5153 essentialiter,atq.ue
1023 5088 1367 5152 naturaliter,
1389 5097 1574 5157 utpote
1602 5089 1866 5145 naturalis
1892 5141 1899 5149 .

305 5173 352 5223 ri
376 5190 492 5241 qn:
517 5176 955 5230 substantiaiitcr
992 5177 1148 5231 insita
1179 5178 1257 5232 illi
1307 5187 1392 5234 est
1420 5180 1613 5234 virtus.
1647 5180 1781 5233 Nam
1818 5182 1865 5234 si

310 5269 359 5318 in
390 5269 468 5321 his
494 5283 613 5334 qua-
643 5271 853 5320 minora
885 5276 1030 5331 sunt,
1058 5284 1152 5335 per
1185 5272 1433 5322 eamdem
1463 5279 1624 5345 atque
1655 5274 1869 5324 unicam

311 5372 423 5410 cum
464 5358 621 5413 Patre
674 5360 783 5411 vim
836 5360 997 5412 etiam
1058 5358 1198 5413 Filio
1254 5362 1477 5415 reddere
1517 5362 1779 5426 creditur,
1818 5364 1870 5416 in

308 5452 490 5517 quibus
545 5453 736 5519 utique
808 5454 1131 5507 substantiae
1186 5462 1271 5505 cst
1340 5452 1553 5506 infinita
1610 5454 1868 5519 varietas,

308 5545 467 5595 nwlto
511 5546 684 5613 magis
738 5547 792 5598 in
834 5556 1023 5598 sancto
1055 5543 1284 5613 Spiritu,
1321 5546 1415 5615 qui
1468 5547 1709 5615 ejusdem
1744 5564 1865 5603 cum

370 5752 414 5783 ⁸⁸
448 5752 582 5809 Cen.
620 5768 694 5817 tv,
732 5753 783 5807 f.
880 5757 923 5787 η
954 5752 1128 5807 Exod.
1161 5771 1247 5820 ιι,
1280 5754 1371 5808 ‘25.

1974 4545 2234 4599 sitionum
2284 4544 2623 4607 differentia,
2657 4545 2972 4601 differentes
3024 4550 3187 4601 etiam
3234 4560 3458 4605 naturas
3489 4555 3543 4604 in

1971 4644 2159 4690 sancta
2202 4632 2474 4688 Trinitate
2524 4635 2982 4691 subintroducerc
3032 4640 3418 4695 moliebantur.
3456 4644 3545 4696 Ait

1972 4727 2114 4778 enim
2153 4723 2449 4794 praeclarus
2477 4724 2716 4779 Basilius
2748 4726 2801 4778 in
2840 4727 2944 4789 his,
2987 4743 3109 4797 ane
3146 4730 3211 4783 ad
3258 4730 3541 4802 Amphilo-

1972 4818 2157 4871 chium
2200 4818 2466 4886 scripsit:
2502 4835 2523 4868 r
2573 4817 2689 4871 Non
2749 4817 2922 4873 solum
2981 4820 3048 4872 in'
3086 4819 3287 4876 divinis
3318 4822 3542 4880 Litteris

1978 4922 2110 4961 usus
2141 4922 2332 4961 vocum
2365 4918 2749 4972 nnmutautur,
2776 4910 2868 4963 sed
2888 4909 3000 4980 jam
3032 4911 3152 4965 alia:
3196 4929 3293 4982 pro
3314 4915 3539 4969 aliarum

1975 4999 2379 5069 significatione
2434 5009 2716 5068 ponuntur
2752 5002 2975 5069 sapius,
3019 5010 3182 5071 atque
3231 5020 3295 5058 ex
3340 5022 3439 5060 sua
3488 5009 3540 5061 in

1975 5088 2209 5141 alienam
2247 5098 2554 5144 transeunt.
2591 5089 2834 5160 Denique
2873 5091 2926 5144 in
2964 5092 3048 5145 his
3091 5094 3398 5162 particulis,
3427 5114 3541 5165 per,

1973 5188 2025 5234 et
2052 5198 2139 5248 ex,
2167 5180 2332 5236 altera
2354 5183 2581 5237 alterius
2605 5198 2748 5251 saepe
2774 5183 3222 5255 significationem
3264 5191 3450 5253 smnit,
3486 5202 3545 5246 nt

1972 5284 2054 5328 cst
2081 5274 2211 5328 illud
2238 5292 2253 5329 :
2293 5273 2508 5329 Possedi
2543 5275 2799 5330 hominem
2817 5293 2910 5345 per
2930 5276 3097 5331 Deum
3130 5279 3196 5346 ",
3222 5282 3364 5350 quod
3403 5283 3540 5337 idem

1971 5378 2157 5434 cst,ac
2180 5369 2225 5423 si
2253 5368 2503 5433 dixisset,
2526 5383 2590 5422 ex
2624 5369 2754 5422 Deo.
2780 5370 2958 5440 Atque
2992 5372 3121 5426 alibi
3157 5391 3169 5427 :
3206 5374 3541 5444 Qumcunqne

1971 5461 2241 5514 mandavit
2277 5459 2482 5531 Moyses
2520 5461 2713 5516 lsraeli
2740 5479 2831 5531 per
2860 5480 3178 5535 prwceptum
3225 5468 3438 5521 Domini
3473 5469 3535 5521 ¹⁹.

1969 5553 2046 5607 Ac
2078 5568 2323 5607 rursum:
2352 5552 2536 5607 Nonne
2566 5570 2657 5619 per
2686 5552 2849 5608 Deum
2875 5566 2950 5609 est
2980 5558 3164 5612 horum
3199 5559 3490 5612 declaratio
3514 5559 3539 5612 .’
