4046 6204
430 291 493 350 l7
1100 304 1109 307 -
1463 340 1479 355 ,
1694 274 2028 338 MANUELI

2087 307 2089 324 .
2128 274 2432 333 CALEC/E
3616 286 3685 351 43

430 406 535 458 Per
571 400 763 464 Deum,
818 396 1117 464 ilixit,‘pro
1167 408 1231 448 eo
1271 393 1416 462 quod
1469 401 1671 454 csl,e.1:
1716 391 1841 444 lico.
1880 406 1897 438 ι
1948 386 2007 438 Et
2039 385 2383 456 Aaugelus:
2433 386 2515 439 Ne
2567 387 2757 440 timeas
2820 390 3052 455 accipere
3120 389 3351 447 Mariam
3409 401 3683 472 conjugem

435 501 546 550 haec
574 492 794 563 quidem
825 487 1078 542 Basilius.
2109 483 2277 539 tuam,
2306 476 2443 543 quod
2482 478 2618 531 enim
2646 479 2697 530 in
2727 493 2787 531 ea
2823 490 3008 532 natum
3033 490 3136 546 est,
3163 498 3227 536 ea:
3254 484 3459 554 Spiritu
3496 508 3682 551 sancio

509 590 746 640 Sanctus
791 592 969 635 autem
1019 577 1254 648 Cyrillus
1302 576 1357 629 in
1394 576 1584 645 quinto
1613 576 1680 633 ad
1724 576 1995 631 Hermiam
2103 576 2181 620 est
2204 567 2272 620 ’³.
2314 586 2331 617 ι

436 682 503 735 ait
535 695 549 732 :
586 696 604 728 ‹
643 675 785 741 Quid
810 682 991 726 autem
1019 671 1043 722 ‘l
1072 668 1262 723 Nonne
1287 667 1616 721 credendum
1642 677 1728 722 est
1754 666 1951 721 dicenti
1980 683 1992 719 :
2184 660 2417 715 Sanctus
2449 673 2706 729 praeterea
2737 663 2971 734 Cyrillus
2989 669 3054 721 ad
3084 668 3384 727 Palladium
3406 678 3677 751 scribens,

438 773 543 840 Ego
568 755 687 823 gum
717 767 821 827 via,
841 764 1035 818 verum
1079 770 1129 814 ει
1157 760 1262 812 vim
1292 759 1337 788 so
1362 759 1385 810 «ρ
1409 758 1501 827 qui
1527 773 1649 812 cum
1680 759 1761 812 m-
1787 769 1991 827 ερριιιο,
2076 748 2083 751 ”
2113 765 2210 819 per
2229 752 2711 821 interrogationem
2761 772 2823 810 ac
2845 760 3277 827 responsionem,
3299 763 3414 819 fere
3438 748 3497 820 in
3531 772 3683 838 prin-

432 879 496 916 ac
534 858 885 930 singulariter
934 855 1172 923 seipsum
1215 850 1376 903 vitam
1426 864 1545 927 esse
1593 850 1759 915 dicat,
1820 865 1998 903 nonne
2110 846 2253 912 cipio
2283 845 2407 899 libri
2433 871 2460 910 ,ο
2482 862 2643 915 quem
2704 848 3021 917 inscripsit,
3079 851 3155 905 De
3192 855 3467 921 spirituali
3512 863 3681 927 cultu,

440 957 654 1008 Patrem
715 966 779 1005 ac
831 948 999 1000 Deum
1046 945 1150 998 hoc
1198 943 1374 1012 ipsum
1430 957 1656 1001 munere
1705 942 1999 996 excludere
2110 941 2229 992 ait:
2268 957 2286 989 ι
2328 937 2612 995 Variabilis
2642 940 2887 1003 profecto
2926 942 3162 1012 Spiritus
3193 963 3299 1000 non
3336 960 3440 1004 est.
3475 954 3602 1019 Aut,
3634 957 3678 1009 si

433 1040 883 1104 vi'dehimur,nisi
908 1038 1100 1091 ambos
1121 1035 1418 1090 uniusesse
1440 1042 1646 1089 natum
1667 1035 2002 1099 dederimus,
2111 1032 2239 1084 huic
2283 1034 2474 1086 morbo
2506 1033 2831 1090 variationis
2881 1037 3153 1102 subditur,
3184 1041 3251 1093 ad
3300 1041 3473 1108 ipsam
3536 1047 3678 1101 divi-

432 1155 496 1193 au
526 1153 620 1205 per
653 1130 1030 1201 utrumquein
1081 1142 1181 1182 nos
1243 1127 1522 1196 aequaliter
1552 1126 1717 1179 vitam
1757 1142 2000 1189 manare,
2113 1134 2236 1175 nam
2301 1127 2551 1177 naturam
2597 1124 2713 1178 haec
2764 1129 2972 1181 macula
3027 1130 3350 1198 reﬂectitur,
3405 1136 3673 1204 siquidem

434 1232 599 1297 idque
656 1241 763 1280 non
815 1223 972 1290 quasi
1027 1237 1094 1275 ex
1149 1219 1383 1282 duobus,
1424 1218 1517 1271 sed
1559 1219 1711 1288 quasi
1768 1233 1833 1273 ex
1889 1235 1998 1272 uno
2118 1215 2209 1269 llei
2238 1231 2300 1269 ac
2333 1216 2509 1270 Patris
2534 1226 2639 1283 est,
2678 1219 2806 1285 quin
2832 1221 3001 1275 etiam
3029 1220 3173 1289 Filii,
3202 1238 3327 1278 cum
3358 1241 3421 1279 ex
3452 1237 3680 1299 utroque

430 1321 614 1375 omnia
651 1316 959 1371 viviﬁcante
994 1313 1122 1366 Deo.
1169 1330 1186 1362 ,
1554 1314 1557 1315 '
2111 1308 2510 1370 essentialitcr,
2543 1311 2752 1365 scilicet
2783 1326 2847 1365 ex
2889 1311 3050 1367 Patre
3076 1328 3177 1384 per
3214 1314 3411 1371 Filium
3452 1321 3677 1388 proluu-
3740 1332 3745 1340 ‘

503 1410 646 1464 Idem
678 1411 731 1462 in
762 1415 917 1461 seno
950 1404 1015 1458 ad
1057 1402 1328 1457 llermiam
1355 1418 1368 1453 :
1413 1422 1430 1453 ‹
1462 1400 1839 1468 Quodcunque
1868 1416 2000 1455 sane
2109 1399 2271 1452 datur
2297 1399 2548 1468 Spiritus.
2588 1419 2607 1452 ι

430 1521 459 1557 a
496 1502 657 1557 Patre
709 1508 921 1569 gestum
955 1496 1141 1559 fuerit,
1178 1497 1231 1550 id
1281 1496 1501 1549 omnino
1549 1493 1671 1547 Filii
1717 1494 1999 1549 eﬂicientia
2186 1490 2371 1559 Neque
2420 1508 2549 1547 sane
2581 1494 2769 1549 multis
2814 1497 2995 1552 verbis
3025 1500 3292 1569 agendum
3347 1512 3453 1569 est,
3509 1514 3568 1560 ut
3614 1522 3675 1560 ea

431 1606 512 1651 est
543 1613 555 1648 :
586 1603 639 1649 et
670 1594 1039 1664 quodcunque
1067 1589 1273 1643 dictum
1314 1586 1480 1642 fuerit
1512 1602 1607 1655 per
1648 1586 1844 1640 Filium
1874 1602 1999 1656 per-
2110 1594 2475 1649 exponantur,
2537 1601 2659 1653 quae
2695 1596 2825 1641 sunt
2868 1591 3230 1657 apertissima.
3262 1594 3493 1652 Constat
3521 1600 3670 1652 enim

433 1687 543 1749 tici,
585 1684 690 1739 hoc
741 1696 970 1752 prorsus
1031 1679 1192 1733 Pater
1224 1676 1434 1733 eﬂ‘ecit:
1483 1675 1668 1730 omnia
1714 1676 1859 1730 enim
1906 1691 2002 1746 per
2037 1718 2077 1775 Β
2111 1687 2174 1724 ex
2212 1673 2314 1733 his.
2342 1690 2464 1742 quae
2490 1674 2636 1729 dicta
2670 1688 2822 1743 sunt,
2847 1697 2959 1748 per,
2992 1692 3045 1735 et
3072 1698 3157 1747 ex,
3199 1685 3252 1737 in
3284 1686 3483 1741 divinis
3517 1692 3679 1745 rebus

433 1779 627 1833 ambos
657 1775 944 1845 mqualiter
972 1772 1126 1826 liunt.
1169 1789 1188 1822 ι
2037 1765 2441 1818 "tantumdem
2495 1767 2696 1821 valere.
2742 1768 2809 1823 Et
2858 1773 3114 1840 quoniam
3168 1775 3404 1843 Spiritus
3456 1790 3683 1836 sanctus

506 1872 649 1926 idem
688 1870 742 1921 in
773 1867 1005 1937 quadam
1040 1864 1106 1917 ad
1142 1862 1456 1917 Nestorium
1491 1861 1719 1931 epistola
1755 1878 1769 1914 :
1809 1880 1827 1912 ι
1864 1860 2001 1926 Quia
2107 1867 2169 1906 ex
2208 1852 2373 1909 Patre
2408 1872 2505 1923 per
2535 1856 2731 1913 Filium
2768 1864 3037 1930 procedit,
3070 1878 3132 1919 ex
3186 1865 3323 1922 Filio
3352 1872 3515 1924 etiam
3553 1886 3681 1940 pro-

432 1972 561 2028 ergo
581 1971 745 2012 carne
766 1960 1004 2023 sumpta.
1037 1962 1089 2005 et
1117 1950 1291 2004 Filius
1315 1950 1549 2004 hominis
1570 1958 1654 2006 est
1678 1950 2003 2020 appellatus,
2106 1943 2270 1997 cedit.
2313 1942 2375 1997 Et
2409 1946 2543 1999 illud
2566 1948 2730 2002 simul
2770 1960 3010 2016 constat,
3046 1967 3140 2008 eos
3179 1956 3271 2023 qni
3303 1956 3513 2023 dicunt,
3562 1977 3676 2028 per,

342 2106 345 2107 ν
435 2047 594 2104 I'ateri
656 2059 878 2099 necesse
927 2052 1026 2106 cst,
1082 2041 1230 2093 illum
1275 2055 1371 2109 per
1420 2056 1641 2094 carnem
1674 2055 1739 2093 ex
1776 2030 2005 2115 muliere
2107 2042 2280 2099 018$.
2322 2048 2452 2091 tunc
2505 2048 2716 2093 ωηῑιιιη
2764 2042 3116 2111 aequivalere.
3164 2060 3287 2099 cum
3337 2048 3390 2101 ill
3427 2058 3677 2105 creatura

432 2140 733 2211 genuum”
770 2135 834 2189 El
867 2143 988 2204 post
1018 2146 1228 2203 pauca:
1264 2150 1283 2183 ί
1325 2130 1586 2194 Verbum,
1620 2132 1761 2201 quod
1796 2147 1861 2185 ex
1893 2132 2004 2185 ι)ρο
2108 2139 2486 2191 assumuntur,
2516 2138 2575 2183 ut
2606 2129 2737 2185 illud
2764 2149 2777 2185 :
2803 2130 3123 2187 PerFilium
3155 2139 3334 2191 omnia
3357 2139 3502 2208 facta
3533 2153 3676 2210 sunt,

396 2294 402 2303 ,
434 2232 595 2285 Patre
629 2239 733 2293 est,
766 2244 832 2281 ex
864 2234 1049 2279 sancta
1095 2222 1316 2293 Virgine
1357 2222 1623 2276 nascitur.
1670 2241 1686 2272 ι
1721 2221 2002 2290 itemque:
2111 2218 2251 2272 idem
2270 2234 2411 2282 esse,
2439 2236 2503 2274 ac
2533 2221 2577 2275 si
2598 2223 2895 2287 diceretur,
2923 2240 2989 2279 ex
3020 2224 3180 2291 Filio,
3213 2228 3264 2282 in
3298 2231 3554 2288 increatis
3584 2251 3680 2288 au-

439 2340 458 2371 c
499 2320 669 2375 Natus
705 2330 807 2383 est,
842 2319 1143 2369 secundum
1178 2329 1301 2375 nos,
1336 2304 1402 2366 ex
1437 2313 1685 2366 muliere.
1732 2331 1750 2363 ι
1786 2311 1913 2364 item
1953 2312 2004 2364 in
2111 2318 2216 2362 tem
2246 2321 2471 2381 negant,
2501 2330 2608 2367 non
2643 2323 2788 2368 recte
2834 2318 3120 2385 arbitrari;
3149 2321 3310 2375 divus
3349 2324 3490 2377 enim
3509 2326 3683 2397 Cyril-

436 2426 684 2468 sermone
716 2408 902 2462 habito
934 2421 1116 2460 coram
1148 2405 1472 2474 imperatore
1497 2402 1824 2468 Theodosio,
1850 2405 2007 2472 cujus
2111 2400 2194 2454 lus
2224 2400 2490 2469 Spiritum
2528 2403 2704 2459 Patris
2729 2416 2779 2459 et
2806 2404 2926 2460 Filii
2960 2411 3323 2466 essentialiter
3343 2430 3408 2467 ex
3430 2425 3679 2486 utroque,

434 2504 649 2558 initium
712 2509 796 2555 est
836 2516 851 2553 :
904 2497 1164 2551 Humana:
1226 2495 1409 2565 gloria:
1485 2510 1787 2561 supremum
1856 2494 2009 2563 fasli-
2113 2493 2364 2547 videlicet
2406 2509 2471 2548 ex
2511 2495 2669 2550 Patre
2716 2512 2809 2566 per
2856 2498 3049 2552 Filium
3084 2502 3331 2569 profundi
3363 2506 3679 2565 declaravit.

441 2598 583 2667 gium
618 2609 635 2647 ε
666 2590 934 2654 verbum,
985 2588 1198 2658 inquit,
1254 2587 1395 2656 quod
1439 2602 1502 2639 ex
1562 2585 1671 2639 Deo
1704 2585 1864 2640 Patre
1903 2596 2007 2651 est,
2112 2583 2303 2654 Liquet
2354 2586 2514 2652 item,
2562 2603 2686 2655 eum
2742 2588 3038 2647 identidem
3087 2606 3279 2662 putare
3327 2612 3390 2651 ex
3424 2609 3676 2671 utroque,

440 2683 845 2738 manifestatum
893 2688 977 2733 est
1026 2679 1078 2731 in
1133 2691 1319 2732 carne.
1373 2675 1571 2731 Natum
1605 2686 1689 2731 est
1723 2678 1868 2731 enim
1915 2692 2011 2746 per
2113 2677 2273 2731 Patre
2297 2679 2529 2748 scilicet,
2563 2691 2617 2736 et
2645 2681 2786 2736 Filio
2818 2683 3085 2753 Spiritum
3113 2690 3314 2754 dicere,
3344 2702 3395 2745 et
3423 2710 3486 2746 ex
3524 2695 3682 2751 Patre

440 2785 689 2831 sanctam
744 2770 841 2827 Dei
888 2768 1221 2825 Genitricem
1274 2769 1576 2839 virginem,
1631 2768 1804 2823 forma
1865 2769 2009 2824 servi
2114 2784 2209 2838 per
2236 2770 2455 2834 Filium,
2490 2779 2547 2826 ut
2587 2773 2795 2827 dictum
2828 2787 2931 2829 est.
2966 2777 3070 2831 Sed
3104 2788 3159 2832 et
3199 2779 3430 2837 Basilius
3452 2785 3683 2841 eximius

440 2876 742 2936 assmnpia,
784 2881 802 2916 ι
2114 2859 2167 2910 iu
2214 2858 2249 2910 5
2295 2874 2346 2914 c.
2412 2860 2491 2935 ad.
2522 2864 2963 2933 Amphilochium
3014 2871 3362 2936 partit-ulatn,
3413 2890 3501 2939 ex,
3544 2874 3684 2930 Filio

512 2959 743 3011 Sanctus
772 2957 899 3014 item
916 2952 1153 3009 Joannes
1185 2953 1552 3007 Damascenus
1582 2972 1595 3007 :
1643 2952 1860 3009 «Deum
1916 2970 2008 3025 ge-

2116 2960 2420 3014 congruere
2472 2950 2798 3014 oswudens,
2833 2951 2963 3005 illud
3007 2955 3236 3022 allegat:
3276 2957 3357 3009 Ex
3388 2976 3501 3013 meo
3539 2965 3683 3015 acci-

443 3050 637 3117 nuisti,
672 3060 845 3103 mater
873 3058 1088 3113 sancta,
1124 3048 1485 3100 incarnatum‘
1509 3062 1574 3099 ex
1621 3055 1693 3101 te.
1725 3066 1744 3100 ι
1780 3046 1848 3103 Et
1884 3064 2041 3119 των-λ

2114 3040 2217 3103 piet
2252 3039 2319 3102 ¹⁶,
2380 3050 2542 3108 atque
2604 3041 2735 3095 illud
2783 3059 2797 3095 :
2857 3042 3088 3113 Cognovi
3151 3048 3397 3105 virtutem
3463 3068 3528 3105 ea:
3604 3072 3684 3110 me

442 3160 606 3199 sum:
649 3160 666 3193 ί
706 3139 811 3195 Per
862 3151 933 3204 te,
986 3150 1158 3192 mater
1191 3138 1356 3207 Virgo
1387 3147 1601 3205 sancta,
1653 3140 1741 3192 lux
1779 3150 1861 3195 cst
1891 3140 2009 3194 orbi
2082 3129 2289 3215 β-τίεεε
2317 3130 2382 3182 "-
2425 3130 2673 3200 ¹Ρδίίιυον
2726 3136 2813 3187 συί
2862 3138 3281 3204 contradicunt.
3350 3143 3577 3207 κε’τιιὶαηι
3629 3155 3684 3199 ι’(

446 3234 677 3289 .cddim,
716 3252 733 3284 ι
2119 3221 2460 3275 efﬁcientiam
2500 3224 2799 3279 iucreatam
2835 3229 3189 3291 arbitrantes,
3226 3248 3319 3299 per
3358 3233 3577 3297 Filium,
3603 3248 3685 3290 at-

511 3330 589 3379 Αο
626 3339 883 3380 rursum;
922 3342 940 3374 ι
979 3321 1053 3376 Ex
1085 3334 1135 3376 ιε
1165 3337 1402 3377 massam
1432 3337 1600 3377 meam
1630 3324 1877 3392 sumpsit,
1918 3343 1937 3376 ι
2118 3332 2223 3384 que
2251 3333 2317 3370 ex
2363 3313 2500 3369 Filio
2531 3318 2827 3385 procedere
2860 3317 3179 3374 ditl‘erenter
3232 3322 3581 3377 conﬁtentur.
3622 3325 3686 3380 Et

517 3419 752 3473 Sanctus
809 3414 1080 3471 Maximus
1144 3416 1198 3469 in
1272 3415 1501 3483 dialogis
1562 3416 1822 3469 adversus
1868 3416 2014 3468 Ano-

2120 3409 2168 3460 id
2229 3417 2492 3477 praeterea
2542 3418 2778 3471 constat,
2837 3425 2932 3463 eos
2989 3414 3103 3478 qui,
3157 3428 3269 3481 per,
3306 3418 3686 3471 tantummodo

386 3537 399 3551 ,
445 3525 692 3575 manu“,
759 3509 1046 3570 (μηκας,
1114 3508 1328 3576 inquit,
1380 3508 1575 3560 munda
1633 3518 1759 3560 sum
1806 3509 2008 3563 omnia,
2118 3499 2257 3556 Filio
2297 3502 2608 3570 assignant,
2659 3517 2760 3565 ex,
2815 3502 3165 3567 auferentes,
3210 3506 3474 3560 minorem
3527 3507 3686 3564 Patre

443 3602 688 3670 Namque
733 3600 872 3669 apud
910 3599 1183 3667 nosjuxta
1230 3612 1399 3652 sacra:
1429 3596 1722 3666 Scriptura:
1755 3599 2007 3654 intentio.
2121 3592 2319 3648 Filium
2351 3595 2668 3648 necessario
2693 3594 2964 3649 dicturos.
2986 3592 3101 3649 Hoc
3132 3598 3335 3667 quippe
3366 3601 3686 3656 minutionis

446 3712 591 3761 nem,
634 3710 726 3763 per
748 3709 920 3762 quem,
972 3694 1109 3745 idem
1158 3701 1243 3746 est
1278 3689 1444 3759 quod,
1497 3704 1563 3743 ea:
1600 3706 1722 3759 quo.
1772 3692 2013 3760 Denique
2120 3689 2337 3757 signum
2382 3687 2665 3741 iueretieos
2694 3701 2933 3751 sumere,
2968 3685 3397 3751 Chrysostomus
3428 3693 3525 3745 ait.
3569 3692 3686 3747 Non

445 3788 577 3842 dicit
603 3785 663 3839 Β.
700 3784 897 3838 Paulus
927 3801 941 3837 :
976 3781 1179 3835 Fidelis
1210 3780 1372 3847 Deus,
1401 3797 1491 3850 per
1512 3797 1661 3850 quem
1691 3783 1860 3835 vocati
1888 3794 2011 3835 estis
2121 3778 2306 3844 igitur,
2338 3793 2451 3845 per,
2484 3786 2678 3832 sancto
2710 3774 2938 3845 Spiritui
2972 3778 3219 3845 reddere,
3253 3781 3360 3834 ulla
3395 3787 3688 3841 necessitas

445 3880 498 3934 iu
532 3878 945 3931 communionem
979 3870 1111 3927 Filii
1140 3874 1251 3942 ejus
1277 3874 1377 3926 ¹¹.›
2120 3880 2299 3939 coget.
2332 3867 2523 3938 Neque
2563 3868 2924 3925 enimdictus
2963 3881 3048 3924 est
3080 3870 3253 3926 Filius
3304 3889 3366 3925 ex
3402 3874 3563 3929 Patre
3593 3894 3687 3946 per

526 3971 694 4023 Divus
748 3978 929 4022 autem
999 3967 1426 4037 Chrysostomus
1473 3982 1635 4036 Super
1662 3965 2009 4034 Evangelium
2126 3960 2390 4030 Spiritum
2456 3960 2646 4023 nasci,
2688 3974 2864 4029 neque
2910 3958 3107 4015 Filium
3156 3979 3221 4016 ex
3271 3962 3480 4032 Spiritu
3550 3968 3688 4022 ratio

449 4057 702 4120 Joannis,
733 4071 857 4108 cum
903 4061 1220 4122 exponeret,
1255 4054 1398 4122 quod
1435 4054 1670 4107 dicitur:
1709 4051 1901 4107 Omnia
1922 4067 2014 4120 per
2122 4052 2521 4122 qualiscunque
2560 4052 2743 4106 dicere
2785 4054 2997 4123 urgebit

450 4138 618 4215 ipsum
654 4149 795 4216 [acta
846 4155 991 4211 sunt,
1043 4146 1156 4198 ait:
1200 4162 1218 4195 ς
1253 4143 1515 4207 Verbum,
1569 4160 1633 4198 ea:
1694 4161 1821 4214 quo,
1870 4145 2013 4214 quod
2195 4139 2485 4205 Praeterea,
2542 4142 2793 4209 plurimis
2843 4144 2894 4195 in
2937 4144 3069 4199 locis
3117 4148 3509 4214 opusculorum
3560 4166 3688 4205 suo-

410 4236 413 4239 ’
453 4240 618 4307 \eluti
650 4239 819 4293 solius
844 4236 1020 4291 Patris
1042 4237 1373 4306 praecipuum
1415 4254 1477 4291 ac
1496 4237 1772 4304 singulare
1791 4237 2011 4301 asseris,
2124 4246 2242 4287 rum
2276 4232 2453 4287 sancti
2488 4231 2701 4298 Patres,
2733 4249 2798 4287 ex
2826 4233 2964 4289 Filio
2996 4251 3115 4290 esse
3143 4248 3392 4292 sanctum
3427 4240 3687 4309 Spiritum

452 4329 615 4381 etiam
653 4329 715 4381 dc
749 4326 889 4380 Filio
924 4326 1125 4382 Paulus
1158 4328 1385 4396 loquens
1413 4327 1631 4396 posuit:
1668 4325 1751 4379 Ex
1780 4342 1905 4395 quo,
1936 4326 2017 4378 in-
2058 4402 2073 4403 ί
2126 4330 2533 4380 commendant.
2583 4326 2664 4379 Ac
2707 4327 2944 4394 primum
2987 4327 3285 4396 Gregorius
3349 4331 3689 4403 Theologus,
3756 4390 3771 4398 ,

452 4419 670 4487 quiens,
696 4432 845 4469 omne
865 4432 1055 4485 corpus
1100 4432 1191 4485 per
1218 4430 1383 4469 nexus
1434 4425 1482 4466 et
1497 4414 1778 4483 juncturas
1806 4431 2017 4483 compa-
2052 4402 2096 4457 Ῑ)
2124 4418 2177 4471 in
2216 4417 2313 4471 lib.
2349 4416 2424 4471 De
2462 4416 2667 4485 Spiritu
2694 4427 2898 4482 sancto,
2919 4433 2948 4471 a
2976 4420 3254 4475 contrario
3286 4424 3549 4477 rationem
3586 4426 3695 4479 lor-

452 4521 592 4563 ctum
644 4518 693 4562 et
747 4523 1040 4562 connexum
1092 4510 1277 4561 crescit
1328 4509 1383 4560 in
1431 4516 1769 4573 augmentum
1826 4506 1921 4560 Dei
1956 4509 2021 4559 ".
2124 4525 2323 4564 mans:
2362 4528 2381 4560 ‹
2422 4509 2562 4575 Quid
2609 4525 2739 4578 ergo
2784 4511 2936 4564 deest
2985 4509 3235 4578 Spiritui,
3280 4528 3348 4567 ne
3378 4512 3550 4571 Filius
3581 4518 3695 4569 sit?

453 4604 640 4670 hcque
678 4601 779 4655 hoc
820 4602 939 4655 solo
976 4608 1302 4661 contentus,
1337 4599 1554 4652 aliunde
1603 4612 1821 4667 quoque
1867 4598 2025 4651 nobis
2123 4599 2225 4651 nisi
2278 4600 2424 4652 enim
2457 4598 2661 4667 aliquid
2694 4600 2927 4660 deesset,
2962 4597 3130 4654 Filius
3169 4601 3413 4670 profecto
3464 4616 3637 4660 esset.
3669 4624 3689 4657 ι

454 4708 549 4745 ora
589 4693 845 4750 obstruit,
906 4692 1069 4754 istud,
1115 4706 1205 4758 per
1238 4706 1415 4753 quem,
1449 4692 1591 4759 quod
1629 4692 2024 4752 imminutionis
2123 4689 2235 4763 liae
2285 4702 2469 4743 autem
2524 4689 2835 4757 objectione
2882 4690 3081 4759 posita,
3113 4694 3367 4760 protinus
3413 4695 3694 4766 adjungit:

456 4797 579 4835 esse
628 4781 787 4843 dicis,
835 4779 980 4833 Patri
1036 4784 1344 4849 assignans.
1380 4777 1583 4833 Fidelis
1611 4781 1779 4846 enim,
1826 4778 2021 4847 inqu:t,
2132 4798 2149 4829 ι
2196 4777 2316 4831 Non
2361 4778 2437 4833 illi
2470 4779 2750 4847 quippiam
2784 4780 2976 4833 deesse
3021 4780 3281 4837 dicimus.
3316 4782 3459 4838 Deus
3489 4787 3696 4855 quippe

457 4876 597 4927 Deus
628 4883 703 4927 est
724 4888 816 4937 per
845 4888 995 4941 quem
1019 4874 1186 4924 vocati
1207 4872 1329 4923 estis
1358 4871 1411 4923 iu
1434 4871 1850 4923 communionem
1884 4868 2014 4921 Filii
2132 4869 2334 4923 nullius
2368 4884 2535 4940 egens
2582 4880 2703 4935 est;
2734 4870 2828 4924 sed
2880 4872 3262 4936 emanatiouis,
3290 4886 3348 4928 ut
3392 4877 3463 4929 ita
3493 4876 3694 4943 dicam,

457 4966 644 5033 ipsius.
697 4964 761 5017 Et
803 4981 1019 5018 rursum
1049 4983 1062 5016 :
1106 4963 1209 5017 Per
1264 4963 1582 5017 toluntatem
1629 4962 1721 5015 Dei
1745 4962 1813 5014 ”.
1846 4960 2022 5029 Atque
2130 4960 2453 5030 habitusque
2480 4962 2544 5014 ad
2580 4962 2808 5015 invicem
2840 4962 3166 5029 diﬂerentia,
3199 4967 3538 5032 dill'erentem
3575 4969 3696 5021 illo-

458 5060 565 5109 alio
602 5059 651 5109 in
686 5058 801 5112 loco
827 5098 839 5109 .
877 5056 1141 5127 Quoniam
1168 5073 1231 5109 ex
1276 5056 1413 5122 ipso,
1450 5064 1496 5107 et
1544 5069 1633 5118 per
1663 5054 1853 5120 ipsum,
1883 5060 1931 5101 et
1971 5053 2023 5101 in
2077 5116 2081 5121 ι
2133 5067 2251 5104 rum
2289 5054 2703 5121 appellationem
2760 5053 2909 5109 fecit.
2969 5074 2987 5107 ι
3042 5055 3199 5110 Hunc
3243 5066 3422 5110 autem
3459 5058 3584 5111 Filii
3631 5062 3697 5113 ad

458 5165 572 5217 ipso
611 5161 731 5201 sunt
770 5151 947 5201 omnia
979 5148 1045 5199 ".
1078 5147 1265 5215 Neque
1311 5146 1449 5198 Filio
1485 5144 1657 5196 solum
1709 5140 2026 5196 attribuitur
2134 5145 2397 5213 Spiritum
2441 5155 2692 5200 sanctum
2746 5146 2990 5201 habitum
3028 5148 3160 5216 (22),
3194 5158 3357 5217 atque
3407 5164 3437 5203 ο
3482 5160 3697 5215 contra,

458 5257 521 5293 ex
556 5258 680 5311 quo,
726 5242 821 5296 sed
849 5242 901 5295 ct
931 5239 1159 5310 Spiritui
1196 5248 1405 5293 sancto.
1436 5238 1526 5289 Ait
1558 5235 1700 5288 etaim
1729 5222 1794 5290 ad
1825 5234 2024 5302 Josrph
2136 5235 2415 5305 Nysscnus
2440 5237 2603 5291 etiam
2637 5236 2960 5308 Gregorius,
3013 5252 3179 5307 super
3227 5239 3477 5292 oratione
3519 5238 3701 5293 Domi-

532 5426 575 5455 ὀ
599 5424 756 5478 Joan.
783 5438 891 5481 xiv.
919 5421 973 5474 6.
1051 5420 1091 5449 ’ί
1126 5417 1142 5469 l
1176 5417 1303 5472 Cor.
1338 5442 1373 5479 ι,
1405 5415 1459 5469 9.
1538 5416 1581 5447 ²¹
1611 5414 1820 5471 Coloss.
1854 5430 1915 5483 tt,
1957 5416 2039 5470 19.
2116 5420 2130 5447 ¹

2116 5419 2161 5448 ’⁸
2196 5416 2363 5471 lCor.
2397 5434 2433 5482 I,
2469 5420 2519 5473 l.
2599 5420 2642 5450 "
2673 5419 2884 5475 Coloss.
2920 5433 2977 5481 tl,
3013 5418 3096 5471 l6.
3194 5417 3234 5447 ’⁸
3277 5417 3462 5472 Matth.
3492 5435 3558 5483 _l,
3609 5416 3694 5469 ‘20.

464 5498 507 5525 τε
536 5496 696 5548 .loau.
734 5510 839 5555 Mil,
885 5491 969 5543 M.
1049 5492 1093 5520 "’
1126 5488 1257 5540 Luc.
1288 5503 1399 5551 vm,
1434 5489 1523 5541 (54.

533 5680 642 5742 (Ξίεὶ)
712 5677 848 5742 Lege
898 5673 1279 5727 Bellauninnm
1347 5673 1379 5724 l.
1448 5688 1481 5725 ιι
1510 5670 1610 5722 'l)e
1674 5669 1899 5731 Christo,
1968 5685 2013 5721 ρ.
2059 5668 2148 5720 9.3.
