4046 6204
357 423 440 492 69

1488 430 1893 493 ADVERSUS
1927 432 2245 495 GRAECOS
2279 434 2351 495 ιι
2365 434 2427 494 Β.
2475 434 2526 492 Ι.

3539 432 3613 496 50

359 544 489 600 lica
524 542 756 598 amrmat
782 543 1017 600 dicens:
1052 565 1071 598 ε
1113 544 1287 602 Filius
1315 533 1494 602 autem
1544 549 1720 603 sancti
1763 549 1934 620 Spiri-
1967 560 2018 622 Α
2115 549 2181 604 Et
2242 553 2505 621 quoniam
2559 551 2905 622 praacogitari
2972 550 3026 605 in
3062 536 3278 604 sancta
3345 540 3616 605 Trinitatis

363 645 463 691 tus
484 650 582 690 nec
608 639 713 703 est,
744 652 846 691 nec
876 638 1119 702 dicitur;
1145 653 1321 708 neque
1344 642 1766 697 conversionem
1796 642 1975 699 acci-.

369 730 457 799 pit
485 729 717 796 habitus,
758 729 865 786 ista
894 734 1313 803 consequentia.
1354 750 1374 785 ι

442 843 706 909 Quoniam
757 844 925 913 igitur
990 857 1217 917 propter
1268 849 1512 903 materiai
1573 846 1942 903 omnimodam

361 936 723 999 amotionem,
767 952 1146 1009 supremzeqne
1193 940 1341 995 illius
1387 941 1642 996 essentia:
1692 939 1947 995 ideulita-

361 1036 473 1081 tem
529 1036 694 1098 atque
736 1030 1380 1098 ineommutabilitatem,
1429 1049 1609 1104 neque
1637 1032 1940 1089 secundum

360 1117 571 1188 majus,
606 1130 701 1174 aut
732 1123 940 1185 minus,
973 1124 1302 1194 priinumve,
1334 1134 1430 1182 aut
1461 1134 1821 1197 postremum.
1854 1137 1944 1178 ne-

357 1225 475 1279 que
500 1212 804 1267 secundum
827 1215 989 1269 aliam
1020 1217 1183 1271 ullam
1212 1219 1564 1274 eminentiam
1591 1219 1726 1274 ordo
1780 1228 1943 1291 atque

362 1299 592 1357 habitus
631 1302 687 1355 in
719 1304 943 1378 divinis.
972 1309 1223 1375 personis
1253 1323 1283 1362 a
1316 1309 1587 1380 theologis
1633 1311 1939 1380 accipitur:

358 1405 545 1462 neque
571 1396 716 1451 enim
746 1395 827 1452 fas
864 1409 969 1463 est,
1005 1399 1322 1465 huiusmodi
1364 1402 1528 1459 rebus
1558 1403 1736 1459 locum
1769 1404 1940 1459 ullum

362 1482 421 1535 in
455 1482 569 1538 Deo
598 1498 763 1552 esse;
800 1488 975 1541 solum
1024 1500 1206 1544 autem
1236 1493 1540 1552 secundum
1594 1494 1935 1560 relationem,

363 1590 729 1648 causamque,
762 1590 813 1634 et
846 1566 1067 1638 causale
1106 1584 1430 1653 suscipitur,
1476 1585 1936 1655 quemadmodum

367 1665 426 1717 in
464 1663 620 1719 Patre
672 1682 736 1722 ac
773 1667 934 1736 Filio,
965 1671 1160 1725 relatio
1218 1683 1272 1727 et
1319 1672 1535 1728 habitus
1581 1683 1635 1730 et
1681 1675 1935 1743 traditur,

367 1765 425 1809 et
453 1757 738 1822 creditur;
772 1758 867 1814 sed
904 1770 958 1815 et
997 1763 1051 1817 in
1099 1752 1264 1818 Patre
1314 1779 1376 1821 ac
1410 1765 1616 1837 Spiritu
1632 1764 1937 1833 “similiter,

359 1846 519 1917 juxta
564 1851 772 1905 scilicet
815 1852 1072 1909 traditam
1126 1855 1482 1912 diﬂ‘ercntiam
1546 1873 1937 1928 processuum,

362 1937 587 2006 liquet,
657 1940 786 2009 quia
838 1943 1002 1997 etiam
1051 1945 1287 2001 traditus
1338 1961 1367 1999 a
1428 1948 1634 2003 sanctis
1686 1946 1810 2008 Filii
1875 1962 1940 2008 ac

366 2027 623 2098 Spiritus,
642 2031 708 2083 ad
742 2032 978 2087 invicem
1012 2035 1251 2100 habitus,
1286 2037 1476 2093 eadem
1502 2039 1717 2095 ratione
1752 2055 1941 2096 neces-

364 2121 519 2174 sario
548 2123 814 2190 redditur,
840 2134 901 2180 ut
928 2137 1022 2181 aut
1048 2127 1245 2183 Filium
1277 2127 1535 2200 Spiritus,
1555 2139 1649 2185 aut
1674 2130 1939 2200 Spiritum

370 2213 501 2268 Filii
544 2230 766 2272 causam
811 2220 1107 2286 fateamur,
1146 2224 1401 2290 maxime,
1438 2226 1588 2295 quia,
1626 2233 1686 2281 ut
1731 2226 1939 2281 dictum

364 2316 474 2372 εει,
517 2307 734 2364 divinas
810 2314 1177 2395 personas‘in
1229 2316 1344 2371 sola
1400 2332 1567 2373 causa
1627 2318 1942 2389 causalique

363 2397 611 2453 discerni
639 2399 1120 2469 deprehendimus.
1155 2405 1306 2461 Alias
1343 2407 1491 2463 enim
1520 2409 1587 2464 ad
1618 2409 1941 2464 alterutrum

364 2487 545 2544 Filius
618 2504 681 2545 ac
732 2490 972 2563 Spiritus
1029 2495 1380 2553 habitualiler
1424 2515 1534 2554 non
1583 2499 1940 2569 referrentur,

366 2596 553 2651 neque
609 2583 843 2642 traditus
903 2597 1222 2665 servaretur
1257 2592 1502 2648 habitus.
1548 2594 1712 2665 Atqui
1771 2595 1941 2651 Filius

364 2681 600 2728 sanctus
642 2673 882 2745 Spiritus
924 2694 1101 2750 neque
1131 2691 1245 2747 est,
1281 2698 1459 2754 neque
1487 2684 1730 2752 dicitur;
1765 2700 1944 2757 neque

366 2767 647 2819 convertit
689 2766 911 2825 habitus
959 2770 1060 2826 ista
1094 2775 1513 2845 consequentia.
1560 2776 1747 2846 Neque
1795 2777 1942 2833 enim

361 2853 531 2920 juxta
580 2857 886 2925 expositum
946 2859 1092 2916 illius
1144 2864 1467 2921 substantia:
1509 2881 1831 2936 processum
1875 2883 1943 2925 ex

368 2944 536 3001 Patre
563 2963 661 3016 per
688 2947 952 3020 Spiritum
984 2954 1257 3012 nascitur.
1290 2958 1564 3025 Quocirca
1616 2975 1795 3031 neque
1822 2960 1943 3016 Filii

364 3050 542 3092 causa
582 3035 821 3108 Spiritus
857 3050 963 3098 est.

440 3146 738 3220 Reliquum
766 3164 852 3209 est
879 3154 1049 3225 igitur
1071 3156 1269 3214 Filium
1302 3161 1482 3217 sancti
1513 3162 1754 3233 Spiritus
1784 3163 1943 3222 fateri

365 3252 624 3305 causam,
658 3244 792 3314 quia
845 3244 1027 3301 dictus
1054 3259 1229 3304 estex
1264 3248 1427 3306 Patre
1460 3267 1555 3321 per
1577 3251 1776 3309 Filium
1814 3271 1945 3327 pro-

367 3331 594 3398 cedere,
624 3337 926 3393 secundum
959 3339 1169 3396 scilicet
1195 3342 1612 3401 substantialem
1644 3345 1792 3403 illius
1813 3363 1943 3418 pro-

367 3430 822 3500 cessutnzjcxta
867 3447 1030 3502 quem
1083 3442 1138 3489 et
1192 3451 1494 3506 processus
1539 3439 1771 3507 ratione,
1799 3456 1943 3509 esse,

369 3517 575 3582 habet,
610 3530 665 3575 et
704 3523 841 3577 ordo
880 3524 949 3578 ad
983 3526 1428 3595 alterutrum,‘et
1466 3525 1721 3601 habitus,
1755 3549 1820 3589 ac
1853 3550 1947 3605 per

368 3623 721 3681 consequens
748 3613 1006 3670 discretio
1031 3626 1300 3675 servatur.
1332 3619 1491 3678 Unde
1521 3625 1713 3679 merito
1740 3626 1944 3681 dictum
2000 3648 2011 3657 ι

372 3707 507 3762 est,
546 3716 652 3756 non
695 3708 939 3760 converti
992 3707 1212 3764 habitus
1263 3710 1422 3767 istam
1476 3718 1946 3786 consequentiam.

367 3793 819 3865 quandoquidem
889 3814 1068 3870 neque
1110 3815 1470 3871 personarum
1527 3821 1820 3876 processus
1884 3827 1950 3867 ac

371 3887 685 3942 substantia
711 3892 1073 3949 convertitur.
1099 3892 1287 3965 Neque
1312 3896 1460 3952 enim
1491 3897 1665 3956 Filius
1691 3916 1754 3956 ex
1788 3900 1950 3959 Patre

368 3993 474 4046 per
524 3977 788 4046 Spiritum
838 3985 1105 4041 nascitur.
1143 3984 1220 4042 Es
1255 4003 1365 4059 quo
1409 4004 1546 4046 sane
1594 3993 1946 4050 manifestum

370 4079 486 4138 est,
520 4072 688 4128 etiam
730 4090 795 4130 ex
839 4074 981 4132 Filio
1023 4076 1117 4133 Dei
1165 4080 1465 4150 procedere
1519 4082 1790 4154 Spiritum
1821 4102 1951 4143 san-

368 4172 549 4219 ctum.
1902 4176 1905 4179 “

444 4278 732 4350 Nyssen‘us
764 4291 1021 4352 praeterea
1049 4283 1346 4356 Gregorius
1384 4287 1438 4341 in
1479 4302 1656 4355 primo
1685 4289 1954 4356 Questiov

372 4391 511 4428 num
550 4375 818 4430 adversus
848 4375 1199 4445 Euuomium,
1228 4379 1370 4432 circa
1423 4378 1582 4433 linem
1605 4420 1621 4445 ,
1651 4395 1791 4436 cum.
1810 4396 1953 4451 pra:-

376 4465 644 4529 misisset,
676 4464 792 4519 sola
821 4480 1002 4521 causa:
1032 4467 1244 4523 ratione
1271 4466 1486 4525 Patrem
1516 4466 1653 4523 Filio
1685 4469 1950 4539 prmferri,

379 4556 624 4609 addidit:
666 4575 684 4607 ι
725 4556 872 4611 Idem
909 4568 964 4613 et
1006 4559 1075 4614 de
1116 4567 1311 4613 sancto
1354 4560 1559 4629 Spiritu
1614 4562 1772 4619 nobis
1817 4577 1949 4619 sen-

378 4646 651 4709 tiendnm.
707 4646 839 4704 Solo
890 4650 1093 4720 quippe
1141 4649 1334 4707 ordine
1374 4650 1655 4709 differunt.
1706 4653 1775 4708 Ut
1806 4655 1951 4710 enim

381 4739 736 4810 conjungitur
764 4741 912 4795 Patri
941 4740 1138 4805 Filius.
1174 4753 1343 4812 atque
1367 4758 1433 4798 ex
1465 4758 1534 4798 eo
1569 4758 1693 4801 esse
1721 4746 1952 4813 habens,

381 4832 706 4888 substantia
734 4842 915 4888 tamen
948 4835 1160 4889 ratione
1191 4836 1459 4904 posterior
1490 4852 1601 4893 non
1629 4847 1715 4893 est
1746 4853 1762 4892 :
1794 4839 1870 4894 ita
1901 4849 1958 4897 et

385 4920 680 4990 Uuigenito
721 4921 967 4992 jungitur
1001 4922 1243 4994 Spiritus
1295 4938 1521 4985 sanctus
1546 4966 1563 4994 ,
1595 4928 1712 4984 sola
1751 4930 1956 4999 quippe

383 5028 567 5071 causa
594 5013 808 5071 ratione
832 5016 1172 5086 praespicitur
1223 5020 1605 5090 acpraafertur
1630 5019 1802 5077 Filius
1825 5025 1955 5079 sub-

383 5108 606 5163 stantia:
638 5108 903 5180 Spiritus.
946 5127 968 5162 ι

459 5221 689 5290 Deinde,
754 5239 825 5278 ne
870 5223 997 5294 quis
1043 5240 1111 5281 ex
1163 5224 1316 5282 hisce
1359 5227 1543 5284 verbis
1600 5229 1753 5299 prius
1796 5240 1960 5299 atque

388 5314 682 5383 posterius,
714 5315 912 5370 localia
943 5317 1107 5372 etiam
1146 5318 1394 5388 quaedam
1422 5335 1487 5376 ac
1521 5322 1842 5391 temporalia
1880 5324 1959 5376 iu-

391 5408 614 5462 tervaiia
640 5394 757 5463 Deo
777 5409 1026 5466 accidere
1054 5411 1437 5481 arbitraretur,
1465 5429 1532 5470 ex
1563 5431 1673 5485 quo
1706 5416 1960 5471 substan-

390 5500 482 5554 tiae
527 5499 901 5566 iudivisibile,
942 5510 1109 5571 atque
1161 5502 1445 5568 identitas,
1496 5506 1960 5579 singularitasque

389 5590 700 5653 tolleretur,
734 5600 959 5647 secutus
987 5592 1241 5662 adjunxit
1270 5612 1284 5649 :
1331 5613 1350 5646 ι
1393 5594 1747 5666 Temporalcs
1778 5611 1957 5654 autem

390 5696 560 5737 morte
593 5683 648 5736 in
686 5689 889 5738 aeterna
919 5684 1049 5751 vita,
1082 5685 1262 5742 locum
1304 5701 1411 5741 non
1458 5687 1661 5744 habent
1692 5731 1708 5757 ,
1747 5701 1805 5745 ut
1838 5708 1959 5747 cum

388 5791 576 5831 causa
605 5778 747 5831 ratio
770 5776 1011 5846 praeferri
1039 5766 1273 5856 dicatur,
1302 5781 1356 5834 in
1390 5781 1537 5840 nullo
1564 5793 1743 5839 tamen
1773 5796 1958 5840 saneta

393 5868 641 5925 Trinitas
668 5869 773 5925 sibi
805 5868 1012 5928 discors
1041 5886 1162 5928 esse
1197 5873 1390 5944 possit.
1436 5892 1458 5931 θ

2045 643 2192 711 quod
2228 642 2450 707 dicitur,
2500 658 2690 698 eorum
2738 653 2842 708 est,
2881 643 2934 696 in
2979 643 3181 713 quibus
3236 643 3497 712 cogitatio
3560 654 3615 695 et

2047 735 2264 790 habitus
2293 727 2540 791 videlicet
2574 736 2873 792 secundum
2910 750 3176 806 personas
3206 746 3285 789 est
3314 751 3329 799 ;
3357 733 3616 805 cogitata

2046 836 2259 880 autem.
2298 834 2354 881 et
2396 827 2649 893 habitus,
2698 828 2753 881 in
2799 828 3002 898 quibus
3047 827 3309 883 discretio
3354 838 3460 891 est,
3492 836 3616 882 esse

2045 916 2223 982 solet;
2261 916 2523 973 discretio
2560 933 2691 973 vero
2723 919 2776 973 in
2817 918 2933 973 sola
2961 934 3152 980 causa,
3181 919 3475 974 et'causaii
3507 928 3612 981 est,

2046 1000 2210 1077 atque
2242 1008 2543 1079 accipitur;
2581 1009 2859 1078 colligitur
2894 1010 3039 1079 jam,
3082 993 3423 1087 praecogitari
3467 1011 3613 1079 quod

2045 1099 2457 1165 dicitur,soium
2488 1100 2788 1156 secundum
2815 1103 3037 1156 causam
3093 1109 3145 1156 et
3175 1101 3323 1170 quod
3348 1115 3414 1153 ex
3445 1113 3619 1153 causa

2042 1200 2149 1254 est,
2185 1191 2237 1244 in
2288 1200 2477 1245 sancta
2524 1205 2590 1246 ac
2642 1190 2955 1245 beatissima
3002 1190 3275 1245 Trinitate
3319 1204 3348 1243 a
3408 1189 3621 1245 sanctis

2046 1281 2303 1338 Patribus
2336 1282 2465 1338 dici.

2117 1373 2236 1438 llic,
2276 1375 2322 1430 si
2369 1375 2499 1445 quis
2537 1388 2753 1430 rursum
2788 1389 2967 1445 priora
3019 1373 3221 1428 inferat
3251 1384 3310 1427 ut
3348 1386 3613 1442 quoniam

2036 1468 2253 1527 Scilicet
2290 1468 2475 1532 Pater,
2512 1476 2567 1522 et
2600 1466 2758 1520 Pater
2806 1475 2861 1520 et
2883 1466 3180 1535 produrtor
3210 1473 3312 1530 est,
3345 1465 3615 1533 Patcrqne

2043 1560 2110 1613 ad
2143 1559 2339 1614 Filium
2381 1559 2731 1614 continenter
2758 1559 3049 1614 redditur:
3085 1544 3384 1627 produet'or
3421 1556 3488 1611 ad
3536 1557 3610 1621 id,

2043 1654 2187 1722 quod
2226 1652 2566 1722 producitur,
2596 1650 2859 1716 refertur,
2890 1666 3015 1706 cum
3045 1667 3109 1704 ex
3170 1648 3332 1704 Patre
3369 1647 3612 1717 Spiritus

2041 1745 2275 1805 dicatur,
2298 1723 2495 1799 Filium
2519 1752 2642 1798 ante
2660 1759 2821 1815 quam
2848 1745 3085 1805 Patrem,
3105 1741 3346 1812 cogitare
3369 1739 3606 1809 compel-

2045 1838 2230 1904 limur,
2261 1853 2327 1893 eo
2360 1838 2506 1908 quod
2554 1835 2735 1892 Patris
2762 1851 2963 1892 nomen
2994 1836 3059 1889 ad
3093 1834 3292 1889 Filium
3326 1833 3613 1897 redditur;

1972 1899 2016 1959 Β
2043 1931 2242 2000 quippe
2269 1944 2422 1985 mens
2452 1937 2661 1997 nostra,
2694 1946 2815 2000 quae
2839 1930 2907 1983 ad
2945 1929 3177 1982 invicem
3208 1926 3434 2007 relativa
3461 1936 3610 1988 sunt,

2041 2020 2205 2076 simul
2246 2023 2493 2093 c0gitare
2528 2022 2833 2076 consuevit.
2868 2020 3104 2091 Spiritus
3133 2018 3277 2072 enim
3310 2032 3377 2071 ex
3429 2017 3613 2076 Patre.

2043 2128 2152 2167 non
2207 2114 2509 2170 secundum
2559 2115 2703 2183 quod
2750 2111 2931 2178 Pater,
2963 2113 3057 2168 sed
3109 2112 3410 2168 secundum
3465 2109 3611 2178 quod

2042 2206 2341 2276 productor
2363 2213 2469 2270 est,
2497 2202 2721 2261 dicitur.
2751 2203 2989 2275 Spiritus
3012 2202 3158 2259 enim
3184 2202 3337 2272 juxta
3362 2210 3610 2255 sanctum

2042 2297 2362 2365 Maximum,
2392 2297 2608 2352 Patrem
2660 2313 2767 2351 non
2801 2297 2987 2352 habet.
3032 2295 3167 2350 Cum
3209 2311 3342 2350 vero
3370 2294 3616 2364 Spiritus

2041 2406 2106 2446 ex
2153 2390 2488 2461 productore
2532 2388 2760 2453 dicitur,
2795 2388 3121 2457 productum
3179 2386 3445 2456 Spiritum
3489 2395 3618 2439 ante

2040 2480 2243 2536 Filium
2277 2481 2521 2553 cogitare
2569 2480 2882 2535 necessario
2916 2478 3186 2549 cogimur,
3216 2477 3361 2545 quod
3408 2476 3617 2547 prodas

2046 2572 2213 2628 ctoris
2241 2584 2440 2627 nomen
2460 2569 2527 2624 ad
2557 2571 2882 2641 productum
2914 2568 3219 2633 referatur;
3247 2583 3344 2637 per
3375 2567 3615 2622 medium

2045 2670 2224 2716 autem
2274 2661 2684 2731 productorem,
2729 2660 3048 2719 et.Patrem
3086 2658 3274 2726 simul,
3323 2667 3378 2715 et
3411 2657 3611 2713 Filium

2043 2752 2229 2808 animo
2251 2766 2489 2808 versare.
3432 2770 3447 2785 κ
3573 2814 3589 2822 ,

2112 2845 2170 2899 Si
2220 2828 2344 2914 quis
2397 2843 2561 2915 igitur
2612 2844 2731 2899 haec
2788 2851 2843 2899 et
2876 2843 3194 2915 hujusmodi
3237 2843 3307 2897 de
3356 2855 3423 2895 eo
3471 2840 3615 2909 quod

2044 2936 2388 3006 praecogitari
2418 2936 2641 3003 dicitur,
2675 2937 2895 3003 asserit,
2929 2950 3023 3006 per
3053 2950 3176 3004 quae
3205 2935 3320 2989 haec
3372 2931 3617 2987 habitum

2043 3045 2110 3084 ac
2151 3027 2539 3084 discretionem
2587 3026 2714 3082 Filii
2763 3037 2819 3083 et
2875 3027 3135 3099 Spiritus,
3167 3041 3540 3095 causamque,
3569 3035 3624 3081 ct

2044 3121 2189 3189 quod
2221 3135 2287 3175 ex
2317 3134 2484 3175 causa
2517 3128 2625 3185 est,
2665 3134 2774 3174 una
2805 3119 3098 3175 excludere
3133 3119 3362 3173 nititur:
3398 3118 3486 3174 hic
3523 3135 3618 3172 ne-

1967 3233 2014 3295 c
2048 3209 2293 3265 cessario
2330 3206 2580 3278 cogetur‘,
2625 3209 2922 3276 aliquando
2972 3210 3193 3279 quidem
3229 3209 3496 3279 Spiritum
3555 3223 3621 3261 ex

2050 3301 2213 3357 Patre
2239 3316 2336 3373 per
2371 3300 2572 3357 Filium
2603 3302 2896 3371 procedere
2946 3301 3128 3367 fateri,
3161 3301 3459 3373 aliquando
3492 3316 3621 3354 vero

2051 3393 2250 3449 Filium
2284 3408 2351 3448 ex
2395 3394 2748 3463 productore,
2780 3409 2877 3464 per
2905 3397 3228 3465 productum
3275 3394 3445 3465 gigni.
3509 3394 3622 3449 lmo

2052 3486 2107 3541 id
2141 3486 2360 3556 quidem
2391 3496 2576 3556 aperte
2603 3501 2657 3542 et
2682 3486 2894 3552 dicunt,
2920 3496 2975 3543 et
3003 3488 3271 3543 scribunt.
3301 3484 3449 3542 Nihil
3475 3486 3622 3541 enim

2054 3579 2348 3648 prohibere
2373 3578 2531 3648 juxta
2562 3577 3043 3634 ratiocinationem
3089 3592 3247 3634 suam
3273 3577 3422 3632 Patri
3460 3576 3624 3631 etiam

2053 3666 2249 3722 Filium
2281 3683 2621 3739 prarponere.
2652 3669 2829 3737 Atque
2865 3669 2967 3722 liae
2995 3669 3231 3733 ratione,
3261 3678 3317 3724 et
3351 3685 3447 3738 per
3487 3669 3626 3723 invio

2053 3775 2173 3816 cem
2206 3769 2260 3817 et
2286 3775 2351 3815 ex
2387 3760 2618 3815 invicem
2644 3769 2827 3816 erunt.
2870 3758 2977 3815 Sed
3005 3760 3153 3816 enim
3189 3763 3292 3815 hoc
3324 3766 3379 3815 et
3405 3761 3651 3827 falsum,-

2054 3860 2110 3906 ct
2154 3852 2535 3921 blasphemum
2576 3865 2721 3917 esse,
2774 3867 2940 3922 supra
2988 3851 3103 3922 jam
3153 3852 3624 3907 declaratumest.

2057 3943 2169 3999 llac
2193 3938 2627 4023 enimtratione:
2667 3959 2774 3998 non
2827 3943 2956 4014 quia
3005 3942 3179 3999 Filius
3212 3959 3278 3999 ex
3328 3942 3491 3998 Patre
3519 3953 3625 4007 est,

2056 4035 2261 4091 ideirco
2306 4050 2370 4091 ex
2413 4034 2575 4090 Patre
2603 4049 2729 4092 esse
2756 4036 2984 4100 dicitur,
3013 4051 3191 4105 neque
3221 4038 3349 4106 quia
3384 4033 3628 4104 Spiritus

2057 4134 2281 4182 sanctus
2317 4142 2382 4181 ex
2413 4124 2577 4181 Patre
2617 4140 2715 4195 per
2756 4126 2955 4181 Filium
3004 4127 3270 4197 procedit,
3321 4125 3627 4181 secundum

2058 4219 2471 4275 substantialem
2508 4219 2630 4290 ejus
2697 4227 3072 4290 aternumque
3114 4233 3433 4290 processum
3456 4256 3473 4286 ,
3508 4218 3632 4275 ideo

2038 4311 2127 4365 ita
2155 4312 2451 4380 procedere
2484 4326 2517 4367 a
2550 4312 2819 4381 theologis
2853 4302 3139 4379 asseritn’r,
3177 4313 3270 4367 sed
3326 4313 3454 4383 quia
3486 4311 3630 4367 dici-

2056 4410 2165 4465 tur,
2198 4401 2321 4457 ideo
2360 4418 2419 4458 se
2446 4403 2521 4456 ita
2555 4401 2761 4458 habet:
2791 4402 3077 4472 dictioque
3110 4414 3296 4458 nostra
3351 4404 3427 4457 rei
3463 4416 3629 4457 causa

2057 4503 2163 4561 est,
2191 4508 2256 4549 ac
2279 4508 2376 4561 pro
2402 4495 2634 4549 arbitrio
2659 4494 2917 4550 dictionis
2961 4509 3026 4548 ac
3044 4495 3357 4577 “phantasia:
3405 4502 3624 4558 nostra),

1975 4574 2351 4640 Dimmobilis
2419 4594 2767 4655 mternusque
2844 4574 3205 4656 personarum
3277 4587 3413 4638 ordo
3492 4585 3629 4638 alias

2060 4678 2217 4732 aliter
2244 4676 2487 4743 habebit,
2519 4678 2814 4748 simulque,
2863 4692 2931 4731 ne
2968 4676 3227 4731 discretio
3252 4676 3469 4745 quidem
3507 4674 3627 4730 Filii

2060 4781 2125 4822 ac
2180 4766 2420 4836 Spiritus
2468 4768 2746 4823 reddetur.
2799 4768 2909 4822 Sed
2972 4767 3078 4822 ista
3146 4783 3278 4822 sane
3343 4781 3397 4822 et
3447 4768 3628 4835 inepta

2063 4859 2312 4915 simulet
2352 4858 2659 4927 perniciosa
2698 4867 2847 4913 sunt.

2137 4951 2400 5018 Querirea
2430 4953 2592 5006 etiam
2627 4951 2932 5006 rectissime
2965 4950 3193 5016 dicitur,
3224 4951 3433 5004 ordinis
3470 4953 3629 5006 istam

2066 5028 2362 5100 novitatem
2394 5045 2712 5101 substantia:
2735 5044 2907 5113 ipsius
2962 5045 3313 5099 abol.tione«.u
3351 5059 3493 5110 esse,
3554 5054 3633 5097 to-

2063 5140 2281 5209 tiusque
2316 5139 2437 5194 ﬁdei
2469 5130 2919 5217 abnegationem:
2969 5139 3306 5207 arqualisque
3334 5136 3633 5217 impietatis

2061 5248 2206 5298 esse,
2236 5234 2498 5302 Spiritum
2539 5212 2790 5287 sanetum
2835 5242 3143 5286 creaturam
3172 5232 3443 5295 confiteri,
3477 5248 3636 5285 eum-

2063 5341 2171 5395 que
2208 5327 2290 5379 vel
2340 5325 2486 5380 Patri
2547 5336 2641 5379 aut
2692 5324 2833 5381 Filio
2891 5334 3230 5396 praeputium,
3297 5342 3404 5381 non
3457 5327 3634 5384 solum

2064 5429 2330 5487 tempore,
2362 5418 2457 5474 sed
2484 5420 2697 5475 ordine.
2742 5418 2800 5473 ld
2859 5420 3062 5490 quippe
3118 5419 3319 5487 aufert,
3354 5425 3499 5478 unde
3529 5426 3637 5488 est,

2066 5510 2279 5566 sublato
2313 5526 2464 5579 vero,
2497 5513 2641 5568 unde
2664 5522 2770 5579 est,
2814 5523 2868 5568 et
2898 5516 3174 5585 quomodo
3207 5527 3310 5579 est,
3348 5515 3510 5571 simul
3541 5530 3639 5569 au-

2070 5603 2291 5671 feretur,
2316 5620 2381 5659 ac
2415 5620 2644 5676 persona
2672 5622 2793 5663 esse
2833 5608 3061 5664 desinet.
3096 5608 3322 5670 Deinde,
3369 5608 3497 5680 quid
3564 5609 3644 5661 di-

2071 5695 2214 5749 cturi
2243 5705 2396 5761 Sunt,
2428 5712 2551 5753 cum
2589 5695 2746 5753 Pater
2799 5708 3075 5755 asseratur
3104 5702 3404 5756 secundum
3459 5713 3641 5753 causa!

2063 5785 2330 5841 rationem
2357 5794 2482 5844 ante
2515 5787 2746 5854 Filium,
2780 5800 2960 5846 mente
3015 5789 3228 5859 concipi
3290 5798 3453 5857 atque
3493 5790 3637 5854 cogi-

2071 5874 2334 5933 lariillie
2359 5880 2506 5934 enim
2563 5880 2663 5936 ista
2715 5881 2927 5936 illurqu
2990 5880 3258 5944 expositio
3293 5878 3472 5933 locum
3532 5876 3640 5930 ιιυή
