4046 6204
439 426 561 493 δικ

1692 424 2088 488 MANUELIS
2126 429 2432 493 eamea;
3608 400 3709 499 δέ

436 532 623 591 habet.
658 532 748 606 Ait
776 532 921 589 enim
954 531 1145 588 doctor
1194 531 1346 602 (23):
1387 550 1407 583 ι
1440 531 1556 599 Qua
1612 540 1824 587 ratione
1851 530 2011 587 Pater
2042 539 2086 598 Α
2186 538 2319 594 Cum
2355 540 2538 610 itaque
2577 552 2677 607 pro
2702 538 2960 595 confesso
3007 539 3290 606 habeatur,
3330 542 3553 598 causale
3606 546 3683 601 ἱΙΙι

435 635 564 683 ante
595 626 888 696 cogitatur,
914 637 1077 694 quam
1103 623 1273 679 Filius
1293 662 1308 688 ,
1332 623 1518 678 eadem
1572 622 1791 677 ratione
1812 620 2005 677 Filium

433 729 562 777 ante
606 719 876 800 Spiritum
936 726 1187 774 sanctum
1239 716 1489 786 cogitari.
1558 735 1579 767 ι
1638 716 1800 787 Atqui
1846 714 2010 770 Pater

432 828 614 869 causa:
662 811 1010 882 causalisque
1033 810 1244 865 ratione
1271 816 1398 864 ante
1454 807 1647 862 Filium
1715 808 2005 878 cogitatur.

434 908 783 963 Praemissum
817 915 902 962 est
950 914 1158 969 autem,
1183 912 1238 959 et
1285 903 1480 959 Filium
1538 912 1667 957 ante
1732 899 2005 973 Spiritum

437 1007 691 1055 sanctum
720 1012 902 1053 causa:
946 995 1158 1049 ratione
1203 994 1429 1064 cogitari
1466 1003 1594 1047 ante
1627 993 1912 1063 Spiritum,
1943 1007 2005 1046 ea

433 1093 650 1148 scilicet
688 1104 878 1153 causa,
909 1103 1073 1157 quam
1104 1087 1219 1156 ipse
1247 1085 1408 1140 habet
1457 1086 1523 1140 ad
1568 1084 1855 1154 Spiritum,
1922 1099 2009 1140 se-

432 1183 668 1239 cundum
702 1196 864 1249 quam
925 1178 1167 1250 procedit
1188 1192 1251 1231 ex
1281 1175 1441 1230 Patre
1496 1189 1591 1244 per
1634 1173 1867 1239 Filium;
1896 1188 2005 1228 non

431 1286 615 1329 tamen
647 1273 948 1329 secundum
977 1285 1095 1325 eam
1125 1284 1287 1339 quam
1316 1268 1476 1322 habet
1504 1265 1662 1321 Pater
1688 1266 1753 1320 ad
1784 1265 2003 1321 Filium.

433 1368 551 1422 Hoc
583 1366 732 1423 enim
763 1378 918 1418 mens
952 1362 1189 1417 humana
1219 1375 1323 1414 non
1348 1360 1523 1429 capit;
1578 1372 1751 1427 neque
1781 1358 2006 1428 cogita-ri

430 1459 635 1515 Fiiium
663 1468 787 1512 an'e
815 1455 1075 1527 Spiritum
1132 1461 1377 1507 sanctum
1420 1450 1501 1505 ias
1534 1458 1641 1511 est.
1702 1457 1761 1504 ut
1815 1451 2008 1505 doctor

431 1548 527 1606 ait.
557 1544 824 1613 Quoniam
860 1546 1024 1614 igitur
1051 1541 1240 1596 eadem
1281 1541 1503 1595 omnino
1535 1540 1748 1593 ratione
1804 1553 2007 1606 praeco-

431 1643 635 1710 gitatur
659 1651 785 1695 ante
843 1637 1038 1692 Filium
1100 1635 1278 1701 Pater;
1328 1644 1491 1703 atque
1547 1641 1675 1688 ante
1744 1629 2004 1701 Spiritum

430 1732 621 1796 Filius,
680 1738 918 1797 constat,
978 1728 1235 1799 quoniam
1316 1724 1486 1780 Filius
1544 1723 1780 1793 Spiritus
1831 1723 2008 1780 sancti

431 1836 595 1877 causa
623 1828 728 1875 est.

504 1913 738 1969 Sanctus
762 1910 1255 1973 itemAthanasius,
1276 1908 1329 1962 in
1348 1908 1444 1963 lib.
1473 1907 1493 1962 l
1522 1906 1718 1962 Contra
1748 1906 1999 1971 Arianoa,
2031 1888 2072 1942 Β

432 2014 557 2075 post
595 2004 764 2059 multa
795 2005 874 2058 sic
906 2003 1022 2056 ait:
1065 2019 1083 2053 ι
1123 2000 1384 2055 Dominus
1421 1999 1676 2054 deitatem
1731 2006 1786 2052 et
1833 1996 2004 2066 maje-

432 2106 628 2152 statem
685 2110 840 2152 suam
898 2092 1181 2161 discipulis
1239 2088 1558 2155 ostendens,
1615 2102 1723 2143 non
1774 2086 1886 2155 jam
1919 2100 2038 2141 se--

430 2191 609 2260 ipsum
646 2188 934 2251 minorem,
988 2184 1082 2240 sed
1139 2183 1401 2252 majorem
1454 2188 1510 2235 et
1568 2178 1834 2250 aequalem
1882 2191 2003 2233 esse

432 2279 771 2351 signiﬁcans,
803 2279 966 2332 dabat
1027 2275 1244 2346 quidem
1311 2272 1574 2343 Spiritum
1641 2282 1889 2327 sanctum
1950 2277 2004 2323 et

432 2374 686 2427 dicebat:
719 2370 839 2440 Ego
860 2370 1026 2439 ipsum
1068 2368 1297 2432 mittam,
1319 2375 1366 2425 ct
1402 2380 1724 2435 quicumque
1753 2360 1998 2424 audierit,

434 2466 674 2535 loquetur
694 2464 760 2520 ⁸⁸.
792 2482 810 2515 ι

422 2607 432 2615 .
507 2556 571 2612 Et
599 2556 786 2626 paucis
817 2552 1134 2625 interiectis,
1180 2563 1418 2620 quonam
1454 2547 1615 2602 modo
1665 2544 1821 2600 Pater
1867 2543 2004 2598 Filio

433 2650 504 2703 s't
542 2644 717 2716 major
739 2659 1015 2715 exponens
1045 2644 1159 2697 ait:
1198 2658 1218 2694 ι
1247 2639 1508 2710 Maiorem
1556 2653 1616 2693 se
1653 2636 1870 2691 Patrem
1900 2633 2002 2689 Do-

434 2740 615 2795 minus
649 2739 808 2801 dixit,
844 2751 952 2791 non
985 2732 1365 2805 magnitudine
1388 2731 1595 2800 aliqua,
1632 2729 1713 2784 vel
1732 2738 2000 2797 tempore,

434 2832 531 2888 sed
565 2831 688 2900 quia
718 2845 782 2884 ex
823 2829 940 2899 ipso
975 2828 1135 2882 Patre
1169 2835 1331 2881 natus
1362 2811 1486 2880 est.'
1514 2842 1531 2875 ι
1576 2822 1683 2877 Sed
1721 2831 1775 2877 et
1809 2820 2005 2874 Dama-

434 2938 633 2978 scenus
662 2921 715 2975 in
756 2918 993 2990 capitulo
1026 2919 1091 2973 de
1129 2924 1317 2972 sancta
1350 2913 1635 2977 Trinitate,
1688 2911 1843 2980 cujus
1901 2909 2006 2964 itii-

435 3016 570 3070 tium
596 3023 680 3069 est
703 3031 715 3067 :
740 3012 1017 3068 Credimus
1040 3009 1202 3081 igitur
1223 3009 1277 3063 in
1301 3023 1464 3060 unum
1494 3006 1680 3065 Deum,
1715 3002 2001 3072 «majorem

436 3104 650 3160 Patrem
688 3101 847 3167 Filio,
889 3116 1069 3157 causze
1101 3097 1468 3164 ratione,tait.
1502 3095 1559 3152 Si
1610 3095 1774 3166 igitur
1805 3102 1863 3148 ut
1919 3093 2003 3148 di-

436 3209 581 3254 ctum
614 3206 717 3260 est,
748 3194 906 3250 Pater
938 3191 1077 3269 Filio
1106 3207 1286 3247 causa:
1313 3189 1525 3245 ratione
1556 3188 1726 3257 major
1750 3195 1852 3252 est,
1880 3201 2009 3241 san-

434 3300 666 3360 ctusque
702 3286 1034 3343 Athanasius
1091 3284 1355 3353 majorem
1381 3280 1585 3349 Spiritu
1610 3279 1808 3333 Filium
1843 3277 2005 3343 dixit,

434 3390 653 3437 constat
684 3380 948 3451 profecto.
977 3377 1105 3431 dum
1139 3375 1401 3442 majorem
1432 3373 1583 3436 dicit,
1610 3385 1832 3427 causam
1856 3369 2007 3424 illum

439 3490 567 3531 esse
588 3472 761 3529 sancti
797 3472 1035 3542 Spiritus
1064 3468 1375 3538 signiﬁcare
1408 3465 1665 3521 voluisse.
1697 3463 1794 3518 Sin
1828 3470 2009 3517 autem

434 3580 489 3625 et
512 3567 675 3624 Pater
711 3565 849 3620 Filio
872 3563 1229 3619 humanitatis
1277 3567 1572 3628 assumpta:
1604 3555 1812 3611 ratione
1840 3554 2011 3623 major

436 3679 466 3716 a
523 3660 848 3731 quibusdam
905 3656 1232 3718 dictusaest,
1272 3652 1512 3722 Spiritus
1570 3656 1791 3704 sanctus
1862 3654 2010 3700 certe

437 3755 750 3808 incarnatus
778 3764 887 3803 non
920 3754 1023 3813 est,
1057 3752 1115 3799 ut
1146 3744 1324 3797 minor
1354 3740 1492 3794 Filio
1536 3746 1801 3807 suscepta:
1827 3735 2011 3790 carnis

436 3843 608 3913 gratia
636 3841 871 3898 dicatur.
1376 3878 1381 3887 .
1949 3877 1955 3883 .

508 3933 621 3988 Etsi
650 3934 796 3987 enim
838 3944 1065 3998 magnus
1098 3926 1329 3981 Basilius
1379 3924 1431 3978 in
1464 3921 1632 3976 lib.l\"
1671 3920 1866 3977 Contra
1897 3920 2010 3974 Eu-

437 4025 669 4078 nomium
693 4022 836 4092 quod
860 4021 1061 4077 dicitur
1090 4018 1266 4089 majus
1299 4016 1597 4073 secundum
1629 4029 1852 4069 cansam
1886 4013 2004 4083 (ii)

438 4120 492 4172 in
525 4119 688 4172 Patre
724 4132 951 4172 renuere
976 4115 1223 4171 videtur:
1257 4111 1569 4181 hujusmodi
1627 4110 1735 4165 illic
1786 4124 2007 4164 causam

438 4220 667 4265 sanctus
724 4208 1023 4274 interdicit,
1084 4222 1205 4277 qua:
1266 4206 1563 4262 secundum
1617 4214 1857 4272 tempus,
1917 4209 2011 4255 aut

439 4299 892 4369 magnitudinem,
923 4308 1016 4352 aut
1051 4298 1212 4353 aliam
1245 4295 1549 4366 quamlibet
1594 4295 1645 4347 id
1697 4311 1869 4363 genus
1921 4310 2010 4349 ex.

439 4392 742 4449 cellentiam
775 4392 991 4446 causale
1018 4390 1308 4460 praecedat,
1361 4389 1542 4458 sitque
1568 4386 1659 4440 illo
1715 4387 2012 4439 honorabi-

438 4486 562 4549 lior,
585 4500 691 4539 non
721 4493 898 4538 tamen
924 4481 1139 4538 Patrem
1170 4479 1431 4536 Filiiesse
1456 4477 1781 4549 principium
1809 4488 2007 4548 negat;

2115 631 2585 686 consubstantiale
2624 646 2767 695 esse,
2796 647 2864 685 ex
2925 646 3036 700 quo
3105 640 3209 695 est,
3257 634 3505 702 proiecto
3574 651 3680 690 non

2113 724 2387 778 recusabit
2413 723 2711 793 praeclarus
2759 722 2950 777 doctor
2984 721 3199 778 Patrem
3235 722 3376 777 Filio
3419 726 3681 794 majorem

2113 829 2294 870 causa:
2330 815 2541 870 ratione
2568 815 2771 878 dicere.
2804 814 2869 868 ad
2902 829 2997 869 eos
3053 815 3381 885 prmsertim,
3413 818 3507 885 qui
3572 833 3682 870 ma-

2111 906 2201 974 jus
2231 907 2375 976 quod
2400 906 2598 961 dicitur
2634 907 2719 976 pic
2770 907 3095 975 suscipiunt,
3186 921 3363 976 neque
3392 922 3457 960 ex
3511 907 3686 960 ιιιιιιιιί⁴

2113 995 2278 1049 nibus
2307 995 2657 1064 blasphemia:
2686 998 3003 1052 occasiones
3051 1005 3417 1065 aucupentur.
3477 994 3683 1050 idcirco

2110 1095 2163 1142 et
2200 1086 2261 1141 D.
2318 1085 2672 1149 Athanasius,
2744 1101 2868 1143 cum
2937 1086 3165 1143 dixisset
3218 1086 3411 1142 Filium
3476 1086 3685 1156 Spiritu

2114 1179 2401 1249 majorem,
2423 1178 2585 1234 etiam
2611 1179 2863 1248 aqualem
2896 1179 3120 1240 addidit.
3148 1188 3207 1233 ut
3230 1194 3445 1233 omnem
3476 1181 3682 1233 aditum

2110 1271 2459 1342 blasphemia:
2481 1273 2808 1327 Obstrueret.
2839 1271 3104 1338 Quoniam
3140 1271 3305 1341 igitur
3332 1273 3502 1342 major
3544 1270 3685 1327 Filio

2111 1364 2291 1429 Pater,
2328 1364 2610 1434 Filiusque
2648 1364 2857 1433 Spiritu
2889 1378 3068 1418 causa:
3117 1363 3329 1417 ratione
3355 1363 3532 1417 dictus
3571 1372 3682 1427 est,

2116 1458 2287 1513 Filius
2321 1473 2450 1527 ergo
2482 1456 2725 1528 Spiritus
2757 1457 2926 1511 sancti
2960 1471 3123 1511 causa
3149 1463 3252 1516 est,
3306 1455 3408 1509 etsi
3447 1455 3568 1509 Filii
3621 1470 3685 1510 ac

2108 1551 2284 1614 sancti
2324 1550 2562 1621 Spiritus
2586 1550 2768 1603 omnia
2804 1549 2869 1602 ad
2907 1548 3120 1602 Patrem
3186 1547 3438 1612 renuant,
3475 1562 3539 1601 ex
3572 1561 3683 1617 quo

2110 1642 2221 1697 illis
2254 1651 2471 1705 etesse,
2498 1650 2551 1695 et
2581 1640 2817 1709 aequales
2850 1654 2991 1704 esse,
3012 1646 3116 1692 est.

2191 1733 2422 1801 Magnus
2472 1743 2731 1804 praeterea
2782 1730 3019 1785 Basilius
3068 1729 3135 1783 itr
3166 1730 3260 1784 lib.
3313 1746 3370 1784 ιιι
3414 1729 3685 1795 Qua'stio-

2109 1844 2231 1882 num
2253 1827 2387 1898 (25),
2402 1827 2558 1897 cujus
2576 1825 2789 1881 initium
2809 1834 2921 1880 est:
2948 1823 3053 1879 Via:
3071 1824 3283 1878 tandem
3301 1823 3550 1876 satiatus.
3575 1810 3685 1875 illic

2109 1920 2253 1974 enim
2292 1918 2558 1973 Eunomio
2593 1916 2856 1987 Spiritum
2885 1923 3135 1972 sanctum
3203 1921 3396 1967 natura
3457 1912 3679 1966 tertium

2109 2024 2232 2065 esse
2275 2016 2578 2074 asserente,
2647 2007 2763 2076 ipse
2820 2004 3009 2063 ordine
3060 2003 3284 2074 quidem
3336 2000 3576 2064 tertium,
3631 2006 3686 2052 et

2110 2099 2264 2155 valde
2294 2098 2613 2161 conﬁtetur,
2650 2097 2821 2152 Instat
2874 2106 3055 2151 autem
3103 2094 3301 2150 acriter
3347 2104 3535 2147 contra
3606 2090 3683 2153 id,

2109 2190 2255 2262 quod
2299 2200 2491 2245 natura
2558 2188 2754 2243 tertius
2814 2187 3116 2250 dicebatur,
3177 2196 3232 2240 et
3260 2184 3453 2243 addit;
3507 2200 3524 2232 ι
3554 2181 3686 2246 Quae

2110 2285 2253 2339 enim
2279 2290 2436 2351 urget
2502 2282 2822 2339 necessitas.
2880 2278 3322 2350 quandoquidem
3382 2277 3573 2330 ordine
3622 2289 3686 2328 ac

2109 2377 2368 2448 dignitate
2398 2376 2591 2431 tertius
2616 2384 2699 2429 est
2718 2373 2976 2443 Spiritus,
3004 2379 3197 2425 natura
3224 2383 3443 2438 quoque
3465 2365 3685 2421 tertium

2110 2467 2312 2523 fateri“!
2341 2466 2606 2538 Dignitate
2661 2466 2805 2520 enim
2857 2461 3152 2519 secundum
3204 2474 3233 2514 a
3265 2458 3427 2524 Filio,
3467 2472 3588 2511 cum
3617 2456 3685 2510 ab

2112 2560 2229 2630 ipso
2262 2574 2384 2615 esse
2421 2557 2637 2621 habeat,
2663 2564 2717 2611 et
2749 2556 2816 2610 ab
2868 2556 2985 2626 ipso
3012 2552 3266 2622 accipiat,
3291 2556 3345 2605 et
3398 2548 3686 2604 annuntict

2111 2651 2290 2714 nobis,
2335 2660 2495 2721 atque
2524 2649 2749 2704 omnino
2771 2663 2837 2703 ex
2886 2647 2975 2701 illa
3007 2660 3173 2701 causa
3220 2643 3477 2715 pendeat,
3510 2642 3682 2721 picta;

2114 2743 2181 2797 tis
2211 2742 2349 2797 ratio
2380 2739 2747 2797 commendat.
2777 2738 2983 2793 Natura
3009 2746 3189 2791 autem
3234 2735 3476 2798 tertium,
3506 2710 3685 2800 neque

2111 2850 2179 2891 ex
2211 2833 2381 2890 sacris
2404 2832 2621 2888 Litteris
2656 2829 2971 2895 didicimus,
3004 2841 3182 2896 neque
3206 2841 3271 2880 cx
3300 2825 3382 2880 his
3399 2839 3520 2894 quae
3542 2822 3684 2876 dicta

2114 2935 2263 2993 sunt,
2335 2926 2632 2983 secundum
2712 2924 2979 2979 rationem
3048 2919 3449 2991 consequentia:
3505 2914 3683 2985 colligi

2113 3027 2309 3089 potest.
2323 3036 2341 3070 ι

2183 3110 2282 3165 ilic
2304 3094 2643 3181 apertissime
2704 3120 2953 3163 summus
3003 3103 3090 3160 vir
3134 3102 3394 3173 Spiritum
3429 3108 3682 3155 sanctum
3774 3112 3783 3119 ‘

2112 3219 2177 3261 ex
2230 3217 2394 3257 causa
2444 3200 2563 3254 Filii
2627 3198 2883 3268 pendere,
2940 3211 3005 3251 ex
3069 3196 3294 3264 ipsoque
3355 3205 3683 3262 suspensum

2112 3310 2250 3361 esse,
2288 3305 2449 3364 atque
2481 3292 2547 3348 ab
2576 3294 2698 3360 ipso
2755 3289 3002 3358 accipere
3060 3298 3113 3341 et
3172 3301 3292 3341 esse
3348 3285 3570 3345 habere,
3624 3290 3683 3335 ut

2111 3390 2259 3460 pium
2288 3398 2339 3442 et
2387 3385 2615 3439 maxime
2670 3380 2980 3451 religiosum
3031 3377 3244 3450 prohat.
3306 3374 3418 3429 Hoc
3476 3381 3680 3434 autem,

2112 3481 2157 3539 si
2189 3480 2313 3550 quis
2341 3494 2447 3533 non
2511 3490 2632 3530 esse
2691 3472 2873 3527 Basilii
2923 3469 3239 3533 contendat,
3299 3465 3683 3536 adiectumque

2112 3571 2516 3643 exetnplarilius
2576 3567 2742 3629 dicat,
2824 3567 3043 3634 penitus
3092 3563 3307 3618 delirat.
3360 3559 3570 3629 Quippe
3630 3557 3683 3615 in

2114 3660 2500 3718 vetustissimis
2561 3657 2843 3712 codicibus
2914 3657 2987 3708 ita
3072 3653 3336 3722 scriptum
3390 3649 3681 3704 invenitur.

2114 3755 2263 3821 Quos
2289 3752 2506 3821 quidem
2538 3749 2756 3803 codices
2784 3760 2879 3815 pro
2903 3745 3227 3814 antiquitate
3252 3757 3371 3808 sua,
3394 3752 3684 3809 antequam

2114 3844 2348 3900 sehisma
2397 3840 2651 3903 oriretur,
2701 3838 3043 3905 conscriptos
3091 3849 3232 3897 esse,
3281 3834 3465 3888 nullus
3513 3832 3686 3886 ambi-

2114 3950 2240 4004 geie
2278 3932 2500 3989 omnino
2532 3930 2740 4000 possit:
2798 3942 3029 3997 quorum
3094 3925 3387 3980 oblitterati
3440 3922 3683 3979 nonnulli

2114 4033 2441 4082 cernuntur:
2469 4020 2794 4093 quihusdam
2822 4020 2926 4074 hoc
2953 4017 3100 4073 illius
3129 4018 3233 4075 viri
3291 4017 3494 4071 dictum
3527 4015 3682 4085 quasi

2114 4119 2479 4173 adulteratum
2510 4112 2790 4183 suscipere
2823 4111 3157 4175 nolentibus,
3208 4124 3272 4165 ac
3302 4109 3452 4164 ferro
3494 4115 3685 4163 contra

2116 4218 2294 4281 mutos
2322 4208 2504 4277 apices
2538 4206 2699 4274 impie
2735 4202 3053 4257 utentibus.

2182 4304 2447 4359 Caeterum
2474 4307 2756 4352 contextus
2814 4297 2932 4364 ipse
2951 4294 3257 4357 verborum,
3307 4292 3533 4362 ipsaque
3555 4290 3688 4345 allec

2114 4397 2282 4459 cutio,
2312 4395 2416 4450 sibi
2469 4393 2570 4462 ipsi
2622 4403 2679 4446 et
2723 4386 2958 4443 auditori
3009 4385 3254 4454 congruit
3312 4384 3558 4437 miritice.
3610 4381 3688 4435 Ex

2118 4490 2249 4561 ipsis
2302 4500 2521 4557 quoque
2566 4482 2685 4537 istis
2736 4478 2910 4535 sancti
2963 4476 3191 4531 intentio
3250 4474 3387 4528 satis
3438 4489 3559 4543 qua:
3614 4473 3687 4528 sit

442 4586 767 4645 constatque
794 4576 946 4630 illum
980 4575 1033 4629 in
1096 4574 1271 4644 primo
1319 4573 1581 4629 adversus
1662 4573 2007 4637 Eunominm,
2045 4568 2086 4625 D
2116 4588 2355 4651 apparet.
2389 4577 2479 4631 Ait
2505 4576 2647 4629 enim
2680 4587 2800 4627 emn
2839 4586 2865 4623 a
2898 4569 3036 4623 Filio
3060 4567 3384 4630 secundum,
3446 4567 3549 4620 hoc
3580 4572 3684 4630 est,

440 4670 585 4739 quod
616 4669 792 4738 majus
828 4670 880 4722 in
941 4668 1102 4723 Patre
1153 4673 1450 4723 secundum
1510 4684 1728 4724 causam
1789 4667 2009 4730 dicitur,

2109 4691 2138 4728 a
2169 4673 2323 4728 Patre
2347 4668 2562 4723 tertium
2582 4664 2787 4720 ordinis
2813 4661 3019 4715 ratione
3037 4674 3182 4725 esse,
3217 4659 3361 4729 quod
3392 4656 3493 4727 ipsi
3523 4658 3686 4712 etiam

439 4765 584 4819 sicut
617 4762 671 4816 in
703 4769 896 4817 sancta
959 4760 1226 4815 Trinitate
1278 4776 1441 4816 causa
1503 4758 1851 4830 intelligenda
1908 4767 2012 4823 est,
2110 4779 2174 4817 ex
2209 4757 2480 4830 praedictis
2514 4754 2804 4809 asseritur.
2850 4748 2965 4803 Hoc
2993 4751 3157 4821 igitur
3188 4748 3241 4802 in
3299 4748 3420 4801 loco
3467 4761 3685 4800 causam

440 4854 667 4910 omnino
703 4853 978 4923 suscipere
1011 4860 1174 4921 atque
1212 4852 1488 4907 conliteri.

511 4950 601 5002 Ait
634 4953 890 5001 autemet
921 4946 1206 5015 theologus
1232 4944 1548 5013 Gregorius,
1592 4962 1610 4995 t
1641 4943 1771 4997 Volo
1797 4944 2010 4997 Patrem

441 5039 702 5107 majorem
737 5038 940 5101 dicere,
1002 5052 1069 5091 ex
1134 5051 1242 5104 quo
1291 5049 1346 5090 et
1394 5037 1719 5106 aequalibus,
1780 5047 1839 5091 ut
1902 5038 2013 5090 sint

440 5129 693 5200 mqualia,
729 5128 1015 5198 ipsumque
1080 5143 1202 5182 esse
1264 5137 1367 5182 est.
1435 5127 1560 5181 lla'c
1614 5128 1757 5183 enim
1822 5143 2012 5184 omnes

441 5220 650 5275 dabunt
716 5234 1035 5288 vereorque,
1095 5234 1175 5275 ne.
1198 5217 1523 5287 principium
1557 5218 1824 5271 minorum
1866 5220 2013 5287 prin-

443 5313 648 5383 cipium
675 5311 904 5378 faciam,
944 5322 1105 5381 atque
1133 5311 1235 5365 hac
1262 5311 1429 5364 veluti
1468 5308 1765 5363 lionmiiira
1819 5309 2012 5378 praela-

444 5407 613 5472 tionc,
647 5404 827 5476 ipsum
859 5404 1206 5460 contumeliis
1241 5402 1488 5457 alliciam.
1522 5421 1541 5453 ι

514 5544 562 5577 ’⁸
598 5543 759 5599 Joan.
794 5558 907 5607 xvt,
950 5541 1036 5594 t5.

517 5686 629 5754 (‘23)
671 5682 930 5754 Basilius.
1149 5749 1159 5754 _
1358 5726 1363 5733 .

514 5743 626 5823 (2ιὶ
683 5753 945 5806 Absolttte
981 5762 1089 5823 non
1149 5749 1285 5823 bene
1330 5743 1763 5823 _souat,_die_ere
1794 5743 2009 5823 Patrem

444 5813 585 5880 Filio
614 5813 878 5890 majorem
915 5819 1128 5873 ratione
1168 5813 1446 5890 principii,
1478 5813 1705 5890 quianil
1742 5813 1917 5890 majus
1952 5814 2005 5865 in

446 5883 790 5947 sacrosancta
815 5889 1100 5953 Trinitatis,
1129 5883 1182 5938 ut
1214 5883 1371 5937 habet
1400 5883 1714 5952 Symbolum
1749 5884 1805 5937 ὃ.
1833 5885 2001 5937 Atha-

2060 4870 2075 4877 ·
2114 4852 2384 4925 apposuit,
2417 4865 2517 4905 cur
2543 4846 2783 4917 Spiritus
2844 4858 2873 4897 a
2908 4841 3045 4895 Filio
3097 4839 3372 4895 secundus
3415 4839 3507 4904 sit,
3541 4836 3689 4907 quod

2120 4947 2331 5000 scilicet
2354 4941 2421 4995 ab
2450 4940 2543 4995 illo
2591 4952 2712 4991 esse
2738 4935 2950 4988 habeat.
2978 4932 3089 4986 Hoc
3127 4932 3271 4985 enim
3298 4929 3689 4985 enuntiationis

2119 5035 2330 5107 species
2356 5032 2555 5101 exigit,
2589 5027 2748 5083 sicuti
2790 5039 2941 5089 cum,
2986 5023 3138 5078 verbi
3166 5022 3386 5093 gratia,
3414 5021 3685 5075 dicimus:

2121 5127 2220 5181 Hic
2258 5121 2574 5179 rationalem
2610 5118 2818 5173 habens
2869 5125 3139 5181 naturam,
3169 5114 3349 5176 discit,
3382 5114 3519 5167 idem
3541 5113 3686 5167 enim

2119 5229 2225 5283 est,
2281 5231 2345 5270 ac
2393 5216 2439 5269 si
2494 5213 2813 5268 diceretur:
2873 5208 3010 5273 Quia
3059 5205 3374 5262 rationalem
3433 5213 3686 5259 naturam

2119 5312 2303 5375 habet,
2333 5307 2537 5362 idcirco
2565 5302 2750 5359 discit.
2803 5300 3022 5355 Discere
3071 5299 3270 5367 quippe
3322 5298 3536 5352 causale
3564 5305 3687 5362 est;

2121 5398 2442 5456 rationalem
2500 5406 2680 5450 autem
2736 5403 3005 5454 naturam,
3076 5390 3220 5458 quod
3255 5389 3474 5452 dicitur,
3530 5396 3687 5457 quasi

2120 5673 2281 5727 nasii.
2327 5672 2522 5726 Calcca
2555 5680 2734 5724 tamen
2770 5672 3004 5718 mentem
3045 5679 3197 5718 suam
3237 5665 3371 5720 satis
3407 5664 3546 5721 bene
3587 5681 3687 5719 ex-

2120 5743 2308 5877 phéas‘).
2375 5808 2433 5860 I..
2479 5822 2546 5877 ιιι
2587 5813 2773 5859 contra
2811 5802 3179 5877 Eunomium."
3222 5802 3349 5857 Vide
3401 5801 3684 5856 Bollarmi-

2115 5874 2242 5933 num
2279 5880 2313 5935 Ι.
2353 5894 2388 5930 ιι
2413 5879 2482 5930 De
2512 5876 2736 5939 Christo,
2764 5890 2812 5930 c.
2846 5874 2937 5928 ‘25.

2626 6075 2651 6093 θ
