4010 6220
314 420 376 480 5'!

1427 410 1831 472 ADVERSUS
1868 404 2182 470 GRAECOS
2222 411 2366 471 LIB.
2401 411 2451 474 Ι.
2671 357 2690 368 ί
3336 357 3355 367 ⁷
3488 397 3553 457 Μ

309 550 399 605 pro
429 547 588 587 causa
619 529 877 584 sumitur.
911 529 1188 594 Nusquam
1223 529 1367 581 enim
1404 536 1507 590 est,
1544 528 1632 580 ubi
1681 524 1870 592 hujus—

2019 541 2048 580 c
2081 527 2343 598 dignitate
2369 525 2644 581 secundus
2675 541 2702 576 a
2739 522 2897 578 Patre
2927 531 3026 584 est,
3066 521 3328 590 quoniam
3368 519 3437 572 al)
3469 519 3561 570 illo

312 625 446 680 modi
515 623 907 677 enuntiatiouis
969 621 1179 690 species
1241 636 1349 673 non
1406 615 1625 673 causam
1709 625 1873 684 atque

317 717 516 770 causale
560 713 850 783 signiticet,
893 723 1150 766 ca‘terum
1203 712 1318 777 vel_
1346 710 1502 780 quasi
1558 708 1874 779 prateriens

320 809 543 876 ponitur,
597 805 680 857 vel
731 804 858 870 quia
904 812 1103 873 pra‘ter
1155 803 1258 855 hoc
1313 810 1478 857 estet
1522 803 1641 855 hoc.
1674 799 1872 855 Verum

318 899 368 952 in
398 908 578 949 saneta
613 895 908 957 Triuitate,
944 910 1067 948 cum
1127 893 1269 946 nulla
1305 893 1609 947 diﬂerentia
1634 883 1740 946 alia
1769 892 1874 945 nisi

313 991 417 1044 sola
443 987 744 1041 secundum
794 1000 1019 1041 causam
1063 986 1253 1040 relatio
1293 984 1634 1053 iuspiciatur.
1659 995 1880 1054 propter

310 1095 572 1134 summam
599 1077 1009 1148 simplicitatem
1037 1094 1050 1130 :
1075 1071 1497 1146 praeteriensque
1515 1077 1656 1145 quod
1680 1075 1882 1128 dicitur

311 1181 361 1224 et
393 1187 471 1230 re.
506 1181 561 1223 et
586 1171 753 1224 verbo
781 1170 908 1223 inde
966 1169 1189 1222 omnino
1240 1167 1520 1223 auferetur
1567 1168 1880 1237 huiusmodi

315 1260 697 1314 enuntiationis
750 1261 979 1330 species.

380 1349 514 1404 llinc
555 1366 801 1413 causam,
828 1350 956 1404 inde
997 1363 1217 1405 causate
1267 1351 1508 1404 secundo
1555 1349 1714 1405 nobis
1765 1348 1884 1402 loco

315 1460 342 1496 ει
420 1458 579 1496 causa
635 1443 974 1496 commendat
1007 1441 1141 1511 (ΞΘ).
1199 1441 1454 1495 Secundo
1541 1441 1685 1494 enim
1771 1456 1887 1492 toro

315 1548 429 1584 esse
457 1541 680 1600 propter
751 1546 1067 1602 processum
1140 1532 1452 1585 divinarum
1511 1545 1874 1599 personarum

322 1623 372 1676 in
397 1633 576 1676 sancta
601 1621 865 1677 Triuitate
894 1639 923 1676 a
997 1623 1262 1691 theologis
1326 1624 1607 1677 asseritur.
1651 1622 1890 1692 Spiritus

325 1715 479 1766 sancti
509 1721 692 1766 autem
719 1727 784 1766 ex
816 1712 975 1766 Patre
1028 1727 1120 1780 per
1147 1710 1339 1766 Filium
1362 1725 1676 1781 processum
1736 1711 1892 1764 then.

325 1803 446 1871 105i:
485 1803 655 1857 tradit
678 1822 691 1857 :
717 1819 812 1872 per
830 1819 991 1873 quem
1038 1801 1245 1857 scilicet
1277 1809 1330 1855 et
1378 1802 1657 1857 secundus
1680 1817 1708 1854 a
1732 1799 1890 1863 Filio,

1980 635 2098 674 esse
2154 621 2346 673 habet:
2407 619 2477 672 ita
2518 626 2572 672 et
2649 625 2875 671 sanctus
2930 614 3174 683 Spiritus
3231 613 3424 665 ordine
3491 625 3555 662 ae

1981 711 2245 781 dignitate
2271 711 2542 765 secundus
2577 709 2760 763 itidem
2789 723 2819 761 a
2860 707 3019 761 Patre
3077 715 3183 760 est.
3239 703 3352 758 lloc
3407 703 3554 773 enim

1983 803 2084 858 sibi
2122 811 2178 858 et
2227 803 2456 856 multum
2518 802 2737 870 quidem
2789 799 2856 855 ad
2885 798 3253 869 propositum
3311 795 3562 850 conferre

1986 903 2220 965 poterat,
2253 910 2375 948 cum
2405 894 2554 947 illmu
2613 893 2853 963 ejusdem
2907 906 3030 946 cum
3073 889 3231 944 Patre
3288 886 3562 948 essentizr,

1987 986 2267 1055 Deumque
2295 1001 2481 1040 verum
2513 999 2633 1038 esse
2667 982 3054 1037 commendare
3082 981 3418 1034 insritueret.

2053 1075 2186 1130 Nam
2219 1076 2286 1131 de
2313 1076 2472 1131 Patre
2497 1076 2710 1144 quidem
2748 1075 2927 1128 mullus
2963 1087 3203 1141 unquam
3266 1067 3553 1124 luerctico-

1988 1184 2106 1224 rum
2147 1167 2268 1230 luit.
2296 1167 2429 1238 quin
2473 1176 2733 1221 aeternum
2767 1165 3051 1234 Deumque
3089 1175 3275 1216 verum
3306 1158 3562 1214 senserit.

1991 1261 2188 1316 Contra
2229 1265 2408 1313 autem
2442 1257 2507 1313 de
2532 1257 2669 1310 Filio
2696 1256 2913 1325 plurimi
2940 1267 3315 1324 saepenumero
3378 1264 3568 1306 sensc~

1993 1361 2142 1407 runt.
2180 1349 2376 1406 Verum
2400 1350 2502 1404 hoc
2535 1349 2626 1402 ille
2685 1363 2793 1401 non
2850 1345 3012 1414 dixit,
3069 1360 3196 1398 cum
3257 1343 3566 1396 divinarum

1994 1457 2347 1513 perSonarum
2387 1439 2452 1492 ad
2502 1439 2733 1494 invivem
2796 1437 3044 1491 ordinem
3107 1448 3570 1502 proccssuumque

1995 1533 2358 1589 diﬂ'erentiam
2417 1532 2583 1598 probe
2634 1539 2840 1593 nosset;
2879 1528 2989 1581 imo
3055 1524 3335 1592 interdixit
3382 1523 3568 1580 etiam.

1997 1635 2056 1681 ut
2086 1643 2152 1680 ex
2186 1624 2272 1679 his
2301 1639 2420 1694 qua:
2463 1622 2573 1693 jam
2637 1621 2776 1675 dicta
2815 1627 2960 1674 sunt.
3004 1615 3286 1672 evidenter
3324 1630 3385 1667 os
3412 1616 3567 1667 endi-

1999 1725 2106 1769 tur.

2070 1806 2226 1862 Certe
2251 1814 2453 1870 autem,
2485 1803 2530 1858 si
2594 1805 2807 1856 tertium
2847 1815 2874 1853 a
2938 1799 3092 1853 Patre
3135 1812 3254 1851 esse
3308 1794 3570 1861 Spiritum

322 1907 369 1949 ει
392 1913 419 1948 a
449 1896 610 1950 Patre
635 1897 828 1950 tertius
867 1897 1087 1950 dicitur-
1143 1893 1453 1964 ﬂorumque
1483 1909 1646 1948 causa
1683 1904 1766 1948 ost
1819 1908 1886 1947 ex
1919 1880 1964 1939 Β
1993 1909 2242 1957 sanctum
2271 1906 2436 1966 atque
2472 1911 2502 1949 a
2531 1893 2670 1948 Filio
2705 1891 3034 1952 secundum.
3097 1897 3152 1943 et
3177 1903 3207 1941 a
3257 1887 3576 1939 doctoribus

321 1984 470 2040 Patre
505 2002 598 2054 per
631 1985 825 2039 Filium
859 1999 1166 2054 processus.
1217 1981 1431 2052 Ubique
1463 1992 1642 2036 autem
1674 1981 1890 2036 causale

321 2093 476 2132 causa
501 2077 694 2132 saltem
711 2077 1048 2148 cogitatione
1083 2077 1363 2145 praecedit.
1396 2076 1573 2144 Atque
1607 2074 1698 2128 ubi
1761 2089 1893 2128 cau-

323 2170 430 2222 sale
454 2178 562 2231 est,
600 2182 822 2222 causam
849 2184 1068 2237 quoque
1093 2183 1214 2222 esse
1255 2166 1566 2222 necessario
1598 2167 1846 2235 sequitur
1874 2182 1890 2231 ;

323 2274 478 2313 causa
539 2259 776 2324 sublata,
826 2261 1046 2314 rausale
1086 2273 1303 2328 quoque
1361 2259 1614 2327 protinus
1667 2258 1893 2313 tollitur.

329 2350 562 2405 Sanctus
587 2366 718 2420 ergo
743 2353 844 2412 vir,
883 2351 976 2420 qui
1031 2351 1247 2403 tertium
1299 2366 1328 2404 a
1392 2349 1553 2404 Patre
1608 2352 1899 2404 conﬁtetur

327 2442 614 2510 Spiritum,
659 2452 822 2511 atque
856 2459 886 2496 a
916 2442 1054 2496 Filio
1102 2442 1424 2515 secundum,
1453 2439 1603 2504 juxta
1639 2456 1898 2509 persona-

325 2537 422 2588 lem
470 2537 746 2598 ordinem,
809 2537 1013 2604 quique
1071 2535 1282 2589 ordinis
1355 2536 1518 2604 hujus
1573 2535 1898 2588 insolentem

325 2629 641 2687 notitatem.
684 2627 807 2683 ﬁdei
851 2629 1272 2695 abnegationem
1297 2627 1614 2683 arbitratur.
1653 2635 1706 2678 et
1755 2639 1904 2693 quae-

329 2734 430 2788 que
458 2721 568 2773 alia
593 2720 859 2788 praedixit,
895 2735 1000 2787 qua
1051 2717 1265 2772 ratione
1297 2717 1512 2773 causale
1560 2732 1788 2786 ponens,
1849 2725 1906 2770 ιιι

327 2814 497 2881 pium,
530 2812 726 2866 deinde
762 2828 791 2866 a
844 2811 984 2865 Filio
1013 2825 1134 2866 csse
1159 2811 1358 2864 habere
1387 2810 1750 2879 subjungens,
1783 2825 1903 2862 eazu

325 2921 445 2974 quae
461 2909 835 2974 consequitur.
860 2918 1100 2963 causam.
1125 2905 1277 2972 quasi
1304 2902 1536 2957 alienam
1583 2901 1910 2970 denegabit?

399 3020 557 3077 Nam.
619 3036 663 3074 SI
729 3036 1026 3074 set-unoum
1095 3035 1235 3083 esse,
1310 3015 1528 3072 causale
1592 3024 1693 3078 est,
1746 3015 1911 3085 huius

329 3122 533 3167 autem.
570 3109 715 3179 quod
737 3125 859 3164 esse
901 3110 1096 3162 habeat
1133 3124 1161 3162 a
1193 3106 1350 3174 Filio,
1383 3115 1437 3161 et
1485 3107 1628 3175 quod
1664 3109 1911 3164 absolute

1993 1990 2224 2052 caneris,
2256 1997 2309 2041 ct
2339 2003 2368 2040 a
2411 2000 2610 2055 magno
2661 1982 2854 2035 Basilio
2885 1979 3234 2048 accepimus:
3280 1977 3332 2030 id
3389 1986 3570 2029 autem

1993 2094 2271 2150 nunquam
2305 2079 2377 2131 ita
2409 2083 2574 2141 esset,
2611 2073 2712 2127 nisi
2753 2071 2947 2126 tertius
2995 2076 3142 2123 esset
3171 2083 3235 2122 ex
3269 2065 3446 2136 primo
3481 2081 3577 2131 pt‘t‘

1997 2173 2255 2235 medium,
2285 2171 2388 2224 bo‘c
2417 2178 2518 2229 est.
2550 2183 2614 2222 ex
2647 2166 2804 2220 Patre
2853 2179 2946 2232 per
2978 2161 3174 2215 Filium
3210 2159 3574 2230 procederet:

1997 2263 2268 2336 quomodo
2294 2262 2368 2327 id,
2405 2260 2548 2330 quod
2595 2256 2981 2328 pra-misimus,
3012 2269 3119 2309 non
3147 2253 3295 2307 omni
3350 2250 3577 2305 veritate

2001 2355 2264 2412 fulcitur?
2294 2353 2542 2408 videlicet
2608 2359 2832 2421 propter
2872 2344 3252 2399 substantialis
3286 2357 3578 2412 processus

2001 2460 2355 2520 personarum
2392 2445 2458 2498 ad
2489 2441 2724 2507 invicem
2783 2455 3040 2508 apparere
3091 2432 3374 2489 ordinem?
3433 2433 3580 2496 Quo-

2004 2541 2166 2596 modo
2197 2539 2326 2594 item
2360 2551 2470 2592 non
2505 2535 2646 2588 idem
2676 2539 2780 2590 est.
2820 2541 2871 2585 et
2901 2546 2996 2596 per
3035 2529 3229 2583 Filium
3263 2523 3575 2594 procedere.

2005 2634 2150 2703 quod
2178 2630 2397 2692 dicitur,
2416 2637 2471 2684 et
2499 2643 2529 2682 a
2569 2625 2706 2680 Filio
2739 2639 2861 2679 esse
2895 2622 3116 2684 habere,
3138 2620 3292 2690 juxta
3325 2626 3574 2672 sanctum

2006 2724 2288 2786 Basiliutn,
2314 2719 2460 2789 quod
2507 2719 2671 2774 etiam
2715 2731 2935 2771 causam
2986 2727 3108 2768 esse
3161 2709 3366 2781 posuit,
3434 2718 3494 2763 ut
3548 2723 3577 2761 a

2009 2815 2146 2870 Filio
2171 2811 2446 2869 secundus
2479 2809 2592 2866 sit?

2080 2907 2365 2972 Quomodo
2387 2913 2568 2957 autem
2609 2910 2662 2955 et
2691 2913 2812 2956 esse
2863 2906 2921 2954 et
2953 2895 3245 2966 procedere
3272 2908 3380 2947 non
3433 2893 3575 2946 idem

2011 3000 2361 3067 intelligatur,
2419 2992 2711 3064 siquidem,
2737 2989 2880 3060 quod
2908 3002 3128 3044 causam
3179 3001 3300 3042 esse
3344 2994 3576 3045 constat,

2015 3100 2074 3147 ut
2105 3107 2134 3144 a
2169 3088 2304 3144 Filio
2345 3075 2582 3158 Spiritus
2615 3083 2887 3140 secundus
2924 3082 3014 3158 sit,
3065 3079 3208 3150 quod
3243 3093 3336 3147 per
3383 3075 3586 3131 Filium

331 3220 427 3272 per
459 3202 656 3256 Filium
687 3200 962 3270 precedat,
993 3216 1157 3254 causa
1197 3199 1504 3269 subjicitur,
1531 3201 1749 3255 causale
1773 3214 1902 3254 vero
1930 3215 1972 3273 ε
2010 3183 2221 3242 semei"
2252 3179 2623 3251 ρτοοθιιίιιρτο
2693 3177 2796 3231 hoc
2859 3175 2952 3229 me
3012 3188 3138 3228 eum
3171 3187 3200 3224 ³
3262 3168 3403 3224 F'lio
3460 3184 3586 3223 9-550

332 3310 612 3365 nunquam
646 3296 762 3347 sine
789 3309 952 3347 eausa
987 3303 1090 3354 est,
1131 3291 1406 3360 quomodo
1458 3307 1566 3345 non
1598 3295 1905 3347 necessario

333 3401 456 3438 cum
497 3383 705 3438 causali
753 3397 916 3436 causa
950 3395 1170 3451 quoque
1213 3380 1606 3450 consequitur?
1663 3379 1823 3445 Nam,
1860 3380 1905 3436 si

334 3491 514 3545 neque
548 3475 822 3530 secundus
862 3489 892 3528 a
914 3471 1054 3528 Filio
1073 3482 1177 3539 est,
1212 3486 1390 3543 neque
1424 3487 1453 3526 a
1497 3469 1660 3527 Patre
1689 3474 1905 3534 tertius.

337 3582 450 3620 nea
483 3564 624 3619 Filio
657 3563 874 3633 quidem
907 3578 1028 3618 esse
1059 3562 1295 3616 habebit.
1337 3560 1605 3628 Quoniam
1667 3575 1798 3615 vero
1857 3569 1912 3614 et

341 3659 431 3714 hic
475 3667 524 3714 et
561 3657 811 3728 plurimis
850 3655 971 3710 aliis
1004 3656 1053 3709 in
1077 3655 1234 3717 locis,
1271 3653 1446 3723 ipsum
1508 3662 1563 3707 et
1593 3653 1898 3706 secundum

343 3766 466 3804 csse
515 3760 564 3804 et
590 3748 812 3803 tertium
837 3755 1060 3803 sanctus
1106 3745 1191 3800 vir
1220 3745 1394 3814 ponit,
1443 3759 1506 3800 ac
1531 3759 1600 3799 ne
1631 3744 1732 3812 ipsi
1787 3747 1910 3812 qui-

343 3847 462 3899 dem
493 3842 949 3904 contradicentes,
974 3839 1118 3909 quod
1171 3839 1381 3893 dicitur
1429 3839 1706 3894 secundus
1765 3853 1910 3905 esse,

349 3954 467 3992 cum
495 3936 706 3991 ueteris
743 3949 852 3988 non
900 3932 1102 3997 delent,
1161 3946 1389 3987 necesse
1454 3939 1539 3985 est
1585 3940 1644 3984 ut
1692 3946 1912 3985 causam

347 4045 582 4100 quoque.
612 4043 711 4083 cur
740 4024 1016 4081 secundus
1039 4023 1131 4087 sit.
1161 4039 1283 4093 quae
1325 4022 1570 4094 proferto
1627 4033 1734 4088 est,
1767 4022 1915 4092 quod

349 4127 438 4179 ille
468 4140 587 4179 esse
614 4121 775 4177 habet
792 4134 858 4175 ex
893 4116 1071 4188 _Filio,
1107 4118 1427 4188 magistrum
1483 4115 1731 4186 posuisse
1782 4115 1917 4169 fate-

355 4222 530 4268 antur.

423 4304 779 4380 Atqueysicut
805 4303 920 4373 ipse
951 4302 1007 4356 in
1038 4298 1242 4354 eisdem
1289 4296 1403 4351 ait:
1440 4313 1459 4348 ι
1523 4295 1698 4350 Sicuti
1749 4293 1920 4350 Filius

358 4397 537 4450 ordine
562 4395 781 4466 quidem
832 4390 1109 4448 secundus
1139 4403 1167 4442 a
1207 4386 1367 4442 Patre
1399 4395 1504 4448 est,
1555 4386 1817 4455 quoniam
1851 4386 1921 4439 ab

360 4492 468 4553 ipso
495 4497 601 4552 est,
638 4495 690 4540 et
726 4483 1009 4554 dignitate,
1061 4478 1320 4550 quoniam
1379 4477 1595 4532 initium
1631 4486 1686 4530 et
1752 4478 1919 4530 causa

2011 3280 2211 3334 habere
2241 3276 2423 3329 dicere
2467 3272 2703 3326 maluit?
2730 3267 3012 3336 Quomodo
3045 3269 3172 3336 item
3227 3280 3323 3334 per
3361 3261 3583 3324 Filium,

2010 3369 2270 3426 etaFilio
2291 3364 2633 3436 aequabiliter
2674 3376 2887 3432 ponens
2923 3375 3026 3412 non
3060 3367 3243 3426 aperte
3291 3353 3584 3424 signiﬁcat.

2010 3479 2096 3536 ex,
2127 3469 2180 3516 et
2212 3477 2326 3529 per,
2361 3457 2697 3512 tantumdem
2751 3453 2809 3507 in
2873 3451 3072 3505 divinis
3132 3447 3348 3503 valere?
3401 3445 3588 3515 Neque

2011 3553 2156 3607 enim
2213 3549 2481 3620 quispiam
2556 3545 2623 3599 ad
2672 3553 2880 3597 tantum
2944 3541 3144 3595 furoris
3225 3549 3280 3593 et
3332 3538 3587 3591 amentia:

2015 3647 2410 3711 prorumperet,
2464 3644 2522 3690 ut
2565 3637 2617 3688 iu
2666 3634 2936 3694 hocloco,
2992 3649 3026 3684 a
3070 3641 3122 3684 et
3154 3646 3239 3692 ex,
3287 3619 3584 3698 particulas

2015 3734 2082 3789 ab
2119 3731 2349 3788 invicem
2373 3724 2793 3800 signiﬁcationis
2835 3722 3048 3775 ratione
3099 3720 3359 3774 dirimere
3411 3727 3589 3772 tenta-

2015 3835 2119 3881 ret.
2956 3877 2958 3884 _

2093 3917 2166 3970 Ex
2201 3914 2285 3968 his
2317 3912 2502 3983 igitur,
2541 3908 2686 3979 quod
2719 3907 2917 3962 dicitur
2947 3919 2976 3958 a
3011 3903 3147 3957 Filio
3196 3916 3314 3957 esse
3363 3900 3587 3965 habere,

2019 4018 2234 4066 constat
2262 4006 2434 4062 sancti
2462 4003 2562 4058 viri
2615 4009 2820 4056 textum
2863 4013 3008 4053 esse.
3076 3996 3219 4062 Quin
3255 3993 3466 4049 imo'et
3514 4008 3580 4048 ex

2022 4103 2128 4162 his.
2170 4115 2289 4168 qua:
2316 4095 2742 4178 calumniatores
2771 4091 3027 4160 improbi,
3085 4083 3138 4143 in
3195 4087 3296 4143 hac
3351 4084 3589 4141 clausula

2023 4201 2211 4247 contra
2241 4187 2484 4259 magistri
2521 4186 2702 4246 tidem,
2740 4193 2794 4238 et
2839 4182 3118 4237 veritatem
3147 4179 3376 4244 addunt,
3406 4178 3594 4232 mani-

2027 4287 2159 4339 l'este
2198 4282 2416 4352 quidem
2445 4278 2618 4334 sancti
2665 4292 2862 4330 sensus
2912 4275 3113 4337 elucet,
3175 4271 3280 4340 ipsi
3342 4286 3467 4324 vero
3499 4285 3594 4339 per

2025 4375 2206 4430 omnia
2247 4371 2600 4440 malignitatis
2649 4374 2978 4438 arguuntur,
3030 4374 3090 4418 ut
3143 4361 3461 4432 eorumdem
3525 4362 3596 4415 sit

2024 4484 2125 4542 pro
2153 4467 2447 4526 voluntate,
2486 4457 2541 4518 et
2587 4461 2763 4516 delere
2793 4469 2848 4515 et
2895 4457 3151 4528 adjicere.

366 4581 480 4642 sibi,
511 4588 571 4633 ut
605 4540 985 4638 esset.UPater
1034 4540 1150 4636 est;
1212 4578 1267 4624 et
1321 4567 1513 4623 ordine
1561 4567 1799 4636 quidem,
1860 4581 1924 4621 ac
1953 4546 1998 4600 Ῐ)
2041 4540 2046 4542 γ
2096 4555 2230 4610 Nam
2264 4563 2460 4624 przeter
2493 4551 2569 4614 id,
2601 4549 2746 4620 quod
2802 4549 2855 4603 iu
2907 4540 3289 4600 vetustissimis
3317 4540 3597 4608 exempla-

365 4672 638 4741 dignitate,
665 4667 962 4723 secundum
990 4678 1110 4719 esse
1133 4677 1162 4717 a
1187 4660 1348 4715 Patre
1373 4658 1594 4723 Filium,
1621 4666 1682 4712 ut
1707 4658 1927 4714 causalc

366 4763 578 4829 posuit;
608 4771 828 4815 causam
860 4770 1010 4818 vero,
1037 4754 1178 4823 quod
1207 4767 1237 4807 a
1263 4751 1424 4805 Patre
1445 4763 1613 4815 esset,
1641 4750 1927 4820 ipsumque

369 4854 578 4924 initium
615 4849 838 4904 haberet
885 4856 940 4901 ct
972 4860 1195 4900 causam
1224 4861 1240 4911 ;
1265 4857 1442 4912 neque
1495 4843 1768 4896 secundus
1818 4843 1927 4895 ullo

368 4945 524 4999 modo
554 4939 854 5001 esset,nisi
913 4952 1033 4992 esse
1092 4935 1376 4990 babereta
1441 4931 1642 4996 Patre;
1700 4931 1922 5001 parilem

367 5033 586 5087 modum
615 5037 672 5085 et
727 5029 781 5082 in
816 5034 1000 5081 sancto
1053 5022 1260 5092 Spiritu
1319 5023 1491 5091 ponit.
1551 5019 1736 5090 Neque
1784 5021 1927 5075 enim

366 5132 508 5179 esset
532 5120 811 5179 secundus
840 5134 872 5174 a
905 5117 1064 5182 Filio,
1097 5117 1198 5170 hoc
1247 5122 1357 5176 est.
1390 5127 1421 5168 a
1479 5111 1640 5166 Patre
1713 5113 1930 5178 tertius,

370 5215 473 5269 nisi
510 5213 582 5268 ab
635 5211 730 5266 illo
759 5209 1006 5264 haberet
1059 5219 1204 5260 esse.
1262 5204 1447 5272 itaque
1503 5203 1589 5256 vel
1635 5203 1932 5257 secundum

377 5291 525 5362 illum
553 5320 676 5361 esse
709 5303 918 5364 ordine,
953 5315 1014 5355 ac
1059 5298 1277 5352 tertium
1313 5311 1420 5350 una
1477 5295 1743 5362 denegent
1767 5281 1810 5358 ,'
1843 5303 1939 5348 aut

381 5401 480 5454 hoc
507 5395 817 5452 necessario
849 5393 1274 5454 consentientes,
1313 5398 1368 5444 et
1413 5387 1557 5456 quod
1587 5403 1710 5441 esse
1738 5387 1932 5440 habeat

384 5511 446 5547 ex
475 5492 612 5546 Filio
644 5504 753 5543 una
824 5487 981 5540 lateri
1045 5467 1489 5553 compelluntur:
1533 5478 1735 5548 Nempe
1789 5476 1934 5530 enim

383 5586 429 5636 si
471 5599 532 5636 ex
562 5583 722 5635 Patre
747 5579 862 5633 solo
889 5577 1152 5648 Spiritum
1203 5580 1453 5628 sanctum
1490 5584 1614 5624 esse
1675 5568 1936 5624 credidis-

381 5685 484 5739 set,
499 5673 628 5746 quid
643 5671 957 5743 prohibebat
971 5668 1149 5724 dicere
1171 5683 1182 5721 :
1203 5664 1340 5733 Quia
1359 5663 1502 5720 sicut
1521 5659 1693 5716 Filius
1741 5659 1930 5716 ordine

455 5857 563 5922 (‘26)
604 5857 852 5914 Uasilius.

733 5969 756 5992 I

2026 4650 2176 4704 ribus
2229 4644 2568 4700 inferendam
2623 4641 2792 4714 [forte
2858 4631 3286 4702 intolerandam]
3345 4632 3595 4701 protinus
3642 4680 3650 4688 ,

2026 4738 2416 4806 malignitatem
2473 4744 2528 4790 et
2596 4732 2866 4804 positione
2926 4739 2981 4784 et
3042 4727 3212 4781 l'orma
3288 4727 3593 4779 litterarum

2027 4827 2666 4908 postmodumadjcctam
2698 4839 2840 4888 esse,
2869 4821 3154 4876 manifeste
3211 4825 3454 4887 apparet,
3523 4818 3599 4868 ait

2028 4927 2080 4980 iu
2119 4920 2579 4991 subsequentibus
2615 4923 2866 4972 sanctus:
2905 4933 2922 4966 ι
2949 4911 3017 4968 Ut
3054 4912 3197 4967 enim
3263 4909 3432 4963 Filius
3507 4925 3596 4960 or-
3675 4969 3678 4974 ‘

2031 5014 2157 5068 dine
2181 5011 2400 5081 quidem
2427 5007 2705 5064 secundus
2759 5021 2786 5059 a
2843 5004 3002 5058 Patre
3049 5014 3151 5066 cst,
3209 4999 3468 5068 quoniam
3532 4998 3600 5050 ab

2035 5103 2154 5172 ipso
2182 5114 2284 5164 est,
2313 5111 2368 5158 et
2399 5099 2682 5169 dignitate,
2713 5095 2972 5164 quoniam
3005 5091 3218 5144 initium
3255 5089 3331 5140 illi
3361 5097 3414 5142 et
3436 5102 3603 5140 causa

2035 5209 2094 5252 ut
2121 5198 2189 5250 sit
2211 5195 2370 5248 Pater
2403 5202 2504 5255 est,
2574 5201 2627 5244 et
2668 5190 2792 5258 quia
2863 5202 2958 5256 per
3001 5185 3176 5253 ipsum
3239 5196 3495 5235 accessus
3553 5190 3608 5232 et

2034 5291 2288 5344 adductio
2320 5287 2385 5340 ad
2443 5283 2611 5338 Deum
2665 5291 2717 5335 et
2773 5275 2988 5334 Patrem
3046 5277 3200 5330 nobis
3243 5284 3343 5340 est,
3413 5282 3606 5327 natura

2045 5397 2175 5437 vero
2211 5397 2318 5433 non
2345 5378 2454 5446 jam
2479 5374 2774 5438 secundus,
2821 5371 3076 5426 divinitas
3098 5369 3240 5423 enim
3276 5368 3328 5421 in
3377 5376 3606 5433 utroque

2042 5485 2185 5526 una:
2224 5471 2293 5521 ita
2326 5466 2578 5520 videlicet
2626 5475 2680 5517 ct.
2718 5462 2955 5531 Spiritus
3013 5466 3257 5522 sanctus,
3313 5457 3410 5511 etsi
3471 5453 3608 5506 Filio

2039 5561 2287 5618 concedit
2311 5559 2524 5621 ordine,
2554 5566 2610 5609 et
2639 5555 2903 5623 dignitate
2933 5567 3039 5604 non
3064 5551 3174 5622 jam
3214 5561 3392 5602 tamen
3445 5545 3601 5614 quasi

2038 5656 2228 5710 aliene
2263 5660 2468 5705 natura:
2492 5648 2786 5703 cxsistcus.
2822 5663 2839 5696 ι
2904 5643 3003 5699 Ubi
3060 5658 3186 5712 ergo
3209 5641 3317 5694 ait:
3357 5656 3373 5689 ι
3441 5637 3506 5691 Et
3565 5634 3612 5687 si
