4046 6204
381 349 453 411 55
594 344 610 349 '
1603 358 1996 419 MANUELlS
2038 344 2343 429 (lALEC/E
3150 362 3155 367 ·
3562 359 3634 425 56

375 466 627 525 concedit
678 463 817 520 Filio
843 465 1035 521 ordine
1080 467 1483 537 autdignitate,
1520 486 1538 519 ι
1591 468 1950 524 addiderunt:

2129 473 2363 529 Sanctus
2391 475 2519 528 item
2545 472 2877 549 Athanasius
2901 470 3279 526 Antiochcnus
3306 470 3641 540 patriarcha!

383 577 402 608 ι
429 558 691 623 Omnino,
726 564 777 612 et
810 556 1198 611 concedemus.
1230 574 1247 607 ι
1276 555 1378 610 Ubi
1419 572 1549 612 vero
1581 558 1656 612 ait
1684 575 1699 613 :
1742 558 1963 614 «Tradit

381 650 596 717 pit-tatis
618 649 753 703 ratio
771 648 823 701 ἲ»
862 647 962 716 ipsi
984 662 1107 701 eum
1131 646 1430 715 adjectione
1461 648 1646 719 legunt
1669 660 1721 702 et
1741 650 1961 703 dicunt:

397 761 414 791 ι
446 740 630 796 Tradit
667 739 898 795 fortasse
922 738 1136 808 pietatis
1189 738 1379 805 ratio,»
1410 749 1470 795 ut
1496 754 1591 809 per
1635 741 1746 794 haec
1773 739 1964 795 tertius

393 845 514 883 csse
540 828 685 899 quod
707 827 907 885 dicitur
950 828 1162 886 ordine.
1185 837 1235 881 et
1259 827 1543 897 dignitate,
1566 829 1789 882 omnino
1814 832 1965 885 aufe-

384 929 530 987 rant,
554 919 960 986 secundumque
983 932 1105 972 esse
1151 932 1178 968 a
1233 915 1367 973 Filio
1410 918 1715 973 nullatenus
1769 935 1964 976 conceo

385 1014 538 1067 dant.
567 1011 850 1078 Quomodo
868 1024 997 1080 ergo
1022 1000 1159 1065 ratio
1173 1010 1392 1081 pietatis
1420 1025 1541 1065 cum
1574 1013 1643 1068 sit
1662 1013 1960 1069 secundum

385 1118 508 1158 esse
542 1117 570 1156 a
612 1101 748 1156 Filio
780 1100 1067 1171 Spiritum,
1097 1102 1146 1157 id
1201 1103 1350 1172 quod
1404 1102 1606 1157 dicitur
1661 1103 1962 1160 concedere

385 1194 543 1261 Filio,
583 1195 879 1249 secundum
909 1209 1039 1249 vero
1065 1210 1093 1249 a
1119 1194 1279 1260 Filio,
1315 1196 1532 1252 tertium
1560 1212 1590 1250 a
1626 1194 1782 1252 Patre
1842 1212 1963 1253 esse

384 1294 489 1349 est,
520 1300 681 1355 quem
711 1285 955 1339 ordinem
985 1284 1247 1340 Dominus
1302 1286 1356 1339 in
1388 1287 1645 1341 salutaris
1668 1286 1959 1341 traditione

386 1377 730 1447 baptismatis
763 1374 1009 1440 tradidit,
1038 1385 1096 1430 ut
1118 1386 1172 1431 et
1204 1378 1292 1433 hic
1318 1386 1373 1433 et
1407 1377 1537 1433 alibi
1578 1380 1661 1434 vir
1692 1380 1794 1434 iste
1847 1379 1963 1434 exi-

387 1470 530 1525 mins
569 1469 731 1535 dixit,
758 1469 896 1522 hanc
925 1482 1046 1524 esse
1075 1468 1338 1537 rationem
1366 1470 1582 1540 pietatis
1617 1484 1959 1535 asseverans,

385 1560 579 1615 deinde
609 1560 774 1614 veluti
802 1559 1216 1615 cunctabundus
1275 1568 1330 1614 et
1384 1560 1661 1620 haesitans.
1693 1559 1959 1630 fortassis,

388 1651 626 1720 adjecit?
682 1650 989 1717 Quomodo,
1050 1640 1295 1718 inquam,
1358 1651 1452 1719 qui
1535 1651 1742 1707 ordinis
1799 1652 1961 1707 istam

388 1745 710 1799 insolentem
775 1745 1095 1809 novitatem,
1153 1743 1564 1812 abnegationem
1628 1742 1753 1798 tidei
1835 1758 1961 1799 esse

2069 566 2123 618 in
2152 566 2288 621 libro
2317 564 2391 620 De
2434 566 2586 620 rectis
2618 563 2867 618 Ecclesia:
2918 562 3251 634 dogmatibus
3274 604 3290 627 ,
3324 582 3343 615 ι
3376 562 3644 632 Spiritus,

2069 658 2166 722 ait,
2202 664 2445 722 sanctus,
2481 656 2722 725 Spiritus
2751 654 3003 720 veritatis
3052 664 3156 710 est.
3211 653 3315 708 Hic
3361 663 3547 709 autem
3611 670 3643 711 a

2066 748 2226 805 Patre
2257 749 2477 820 quidem
2504 748 2767 819 procedit,
2806 763 2833 800 a
2859 746 2998 801 Filio
3024 754 3206 800 autem
3265 744 3487 808 accipit.
3510 763 3530 796 ι

2138 842 2366 915 Magnus
2397 843 2524 899 item
2555 840 2787 898 Basilius
2820 840 2873 894 in
2906 838 3261 910 .Regulis-ad
3320 840 3644 902 monachos,

2066 937 2445 1008 sermone,qui
2472 934 2681 1004 incipit,
2706 932 2801 987 Dei
2821 930 3217 986 clementissimi
3239 931 3443 1000 gratia,
3468 948 3486 980 σ
3516 930 3644 984 Cre-

2065 1028 2272 1095 dimus,
2332 1024 2530 1096 inquit,
2582 1036 2753 1076 unum
2808 1021 2987 1078 solum
3068 1017 3331 1088 Spiritum
3388 1026 3640 1073 sanctum

2066 1117 2421 1188 paracletum,
2446 1114 2712 1185 Spiritum
2753 1120 3024 1174 sanctum,
3084 1109 3139 1164 in
3175 1124 3284 1179 quo
3312 1110 3512 1180 signati
3551 1126 3643 1164 su-

2067 1220 2209 1269 mus,
2244 1204 2298 1258 in
2329 1207 2578 1257 nostram
2642 1198 3094 1267 redemptionem,
3119 1194 3378 1267 Spiritmn
3441 1196 3640 1251 verita-

2066 1299 2156 1359 tis.
2188 1294 2449 1364 Spiritum
2475 1291 2810 1362 adoptionis,
2863 1289 2918 1344 in
2944 1304 3052 1359 quo
3124 1289 3425 1343 clamamus
3492 1286 3639 1341 Abba

2064 1388 2251 1453 Pater,
2275 1386 2365 1456 qui
2395 1384 2612 1449 dividit,
2646 1392 2703 1438 et
2728 1392 2988 1452 operatur
3015 1380 3218 1448 Christi
3271 1394 3497 1434 munera
3527 1382 3642 1434 sin-

2064 1481 2205 1551 gulis
2234 1479 2303 1535 ad
2332 1477 2646 1541 utilitatem,
2682 1484 2842 1547 prout
2873 1474 3011 1537 vult,
3058 1474 3283 1536 docens,
3337 1479 3501 1541 atque
3543 1471 3640 1525 ad-

2065 1568 2315 1637 monens,
2341 1581 2396 1629 et
2428 1582 2729 1641 suggerens
2748 1579 3085 1638 quaecunque
3112 1562 3348 1619 audierit
3381 1578 3412 1618 a
3440 1561 3632 1617 Filio.»

2064 1666 2289 1721 Constat
2318 1660 2507 1734 igitur,
2536 1646 2666 1732 quia
2694 1659 2840 1730 quod
2876 1657 3077 1714 dicitur
3104 1673 3119 1713 :
3154 1655 3240 1709 Ex
3259 1671 3372 1711 meo
3394 1656 3636 1722 accipiet,

2065 1760 2119 1814 in
2154 1757 2312 1823 Filio,
2344 1756 2595 1811 doctores
2626 1753 2800 1810 sancti
2859 1759 3245 1820 susceperunt.

388 1836 653 1899 deﬁnivit,
686 1836 821 1890 nihil
848 1835 1065 1890 differre
1112 1850 1389 1901 asserens,
1425 1836 1540 1889 sive
1574 1838 1717 1889 hunc
1772 1844 1966 1890 uteun-
1998 1829 2036 1881 Β
2139 1849 2408 1906 amem",
2444 1848 2499 1902 in
2538 1844 2808 1901 creawris
2832 1841 3074 1915 quidem,
3108 1855 3232 1912 qua,
3258 1855 3289 1895 α
3318 1839 3428 1895 Deo
3493 1837 3639 1893 θερί-

388 1942 495 1997 que
529 1927 798 1997 quispiam
832 1928 1106 1988 immittet.
1134 1928 1249 1981 sive
1271 1927 1337 1979 ad
1370 1935 1674 1981 creaturam
1704 1925 1964 1997 Spiritum

388 2034 637 2077 sanetum
669 2019 919 2081 deducat,
950 2033 1155 2087 eosque
1215 2017 1505 2088 fugiendos
1546 2026 1814 2083 statuens,
1872 2018 1965 2084 qui

386 2128 505 2169 eam
542 2112 1014 2183 consequentiam,
1047 2127 1210 2180 quam
1237 2110 1459 2165 tradidit
1489 2110 1647 2166 nobis
1679 2110 1963 2169 Dominus.

390 2207 704 2266 immutant,
733 2214 792 2258 ut
826 2204 917 2275 qui
959 2213 1142 2273 aperte
1195 2212 1510 2272 Oppugnent
1567 2204 1845 2271 pietatem,
1878 2216 1966 2257 or-

394 2298 543 2353 dinis
596 2297 932 2353 Dominicam
966 2295 1311 2350 traditionem
1345 2297 1591 2365 pietatem
1646 2294 1962 2362 appellans;

389 2390 435 2445 is
467 2396 689 2458 repente
720 2394 925 2441 mutata
973 2386 1261 2476 sententia,
1323 2386 1448 2449 ista,
1503 2386 1657 2454 quasi
1722 2383 1964 2453 improbe

388 2480 530 2535 dicta
564 2478 839 2532 confutet:
871 2476 957 2531 «Si
992 2475 1217 2530 omnino
1272 2476 1374 2531 ista
1433 2485 1485 2529 et
1538 2475 1958 2539 eoneedemus,»

390 2571 691 2643 inquiens?
751 2573 821 2624 At
878 2570 929 2624 id
987 2570 1166 2640 magni
1227 2568 1407 2622 Basilii
1475 2568 1752 2637 sapientiae
1801 2574 1965 2636 atque

391 2663 690 2734 prudentiae
726 2661 951 2717 minime
981 2664 1225 2715 omnimn
1263 2661 1537 2716 convenit.

462 2755 567 2810 Sed
608 2755 752 2808 enim
788 2766 926 2806 nava
960 2753 1109 2806 illum
1146 2753 1231 2806 hic
1280 2761 1334 2805 et
1384 2752 1595 2807 insueta
1624 2765 1775 2814 voce,
1804 2764 1961 2803 usum

388 2863 497 2902 non
529 2847 782 2913 esse,sed
805 2846 1145 2901 occasionem
1171 2861 1234 2897 ex
1270 2845 1445 2899 sacris
1478 2842 1960 2912 Litteriseepisse,

391 2941 515 2995 inde
554 2948 770 2993 constat
802 2938 945 3005 quod
1001 2935 1068 2989 de
1100 2936 1281 3003 seipso
1342 2934 1604 2989 Dominus
1665 2932 1774 2988 ait:
1828 2930 1963 2996 Qme

387 3048 480 3102 ego
509 3030 688 3100 loquor
709 3030 788 3094 ’°;
820 3039 894 3094 et,
941 3026 1074 3094 Qua:
1112 3027 1290 3080 audivi
1316 3043 1347 3079 a
1388 3027 1547 3080 Patre
1589 3040 1720 3089 meo,
1753 3038 1962 3076 annun-

2067 1955 2198 2012 pere
2219 1940 2499 2003 dicuntur,
2530 1937 2789 2008 quoniam
2810 1950 2913 2005 per;
2926 1933 3429 2004 participationem,
3474 1939 3638 1999 atque

2069 2033 2461 2105 temporaliter,
2498 2039 2560 2087 ut
2589 2030 2845 2085 meliores
2875 2029 3128 2090 evadant.
3156 2024 3437 2095 quodlibet
3487 2036 3642 2076 acce-

2066 2128 2266 2197 perint,
2292 2126 2548 2180 dtcuntur
2573 2121 2854 2191 accipere'.
2889 2121 2993 2175 hoc
3024 2120 3078 2172 in
3112 2118 3193 2173 eis
3255 2117 3439 2171 minus
3468 2113 3642 2167 fuisse

2066 2218 2540 2293 signiticat,_quod
2569 2222 2917 2283 acceperunt.
2978 2212 3301 2279 Quanquam
3331 2217 3387 2261 et
3438 2208 3640 2273 imper-
3688 2250 3711 2271 ,

2067 2296 2390 2364 tectioribus
2455 2306 2791 2368 mortalium,
2828 2303 3047 2372 quando
3084 2314 3149 2354 ex
3212 2296 3525 2367 imperfecto
3573 2293 3641 2347 ad

2065 2396 2365 2465 perfectum
2417 2393 2733 2463 proficiunt,
2810 2390 2941 2443 nihil
3012 2387 3283 2457 prohibet,
3354 2394 3640 2454 posmuam

2066 2489 2177 2543 nati
2207 2503 2319 2541 esse
2351 2487 2691 2556 acceperint,
2725 2485 2834 2539 imo
2894 2492 2948 2537 et
3000 2480 3371 2537 necessarium
3428 2486 3532 2542 est,
3583 2485 3644 2532 ut

2065 2584 2319 2637 dicantur
2345 2589 2399 2637 et
2425 2580 2614 2636 audire
2643 2589 2696 2635 et
2734 2578 2980 2647 accipere
3036 2575 3311 2644 peritiam,
3384 2573 3499 2629 sive
3553 2588 3643 2626 ar.

1963 2702 1970 2710 ρ
2067 2678 2198 2734 tem,
2225 2676 2540 2738 etquaeque
2572 2675 2793 2732 accepta
2845 2661 3104 2732 perficere
3153 2668 3398 2727 possunt.

2133 2764 2305 2818 Porro
2329 2758 2381 2815 in
2426 2767 2618 2815 sancta
2669 2756 2959 2822 Trinitate,
3028 2770 3150 2810 cum
3207 2764 3264 2808 et
3316 2750 3538 2807 materia
3587 2756 3642 2804 et.

2065 2852 2245 2910 omnis
2278 2849 2494 2906 alfectio
2555 2847 2868 2918 imperfecta
2920 2847 2986 2900 ab
3030 2861 3089 2899 ea
3151 2844 3369 2914 penitus
3414 2852 3641 2895 remoue

2065 2944 2174 2999 sint
2198 2956 2291 3014 per
2313 2955 2581 2999 summam
2631 2940 2750 3009 ejus
2805 2935 3205 3006 simplicitatem
3252 2932 3415 3002 atque
3465 2926 3643 2998 perfe-

2065 3038 2324 3100 ctionem,
2368 3036 2607 3104 ineptum
2642 3032 2866 3087 omnino
2908 3040 3012 3093 est,
3053 3034 3269 3097 putare,
3298 3025 3398 3087 .vel
3439 3021 3636 3076 Filium

393 3123 519 3176 tiavi
546 3121 688 3175 vobis
711 3122 778 3174 ³ο.
813 3123 881 3174 At
915 3120 980 3174 de
1041 3132 1231 3173 sancto
1278 3119 1484 3189 Spiritu
1514 3135 1527 3170 :
1587 3115 1708 3182 Ille,
1764 3117 1962 3182 inquit,

2070 3140 2257 3186 natum
2294 3133 2446 3200 prius
2486 3127 2770 3196 ignorasse
2803 3123 2981 3178 Patris
3030 3120 3386 3179 voluntatem,
3412 3131 3641 3186 eamque

392 3230 473 3268 me
510 3214 847 3284 gloriﬁcabit,
878 3213 1002 3278 quia
1029 3228 1093 3266 ea:
1123 3227 1231 3264 meo
1275 3212 1513 3280 accipiet,
1534 3218 1583 3264 et
1632 3205 1965 3261 annuntiabit

390 3307 536 3360 vobis
568 3306 635 3358 ".

462 3398 632 3452 Porro
660 3397 917 3453 Ecclesia:
950 3398 1222 3465 magistri,
1273 3398 1374 3450 ista
1409 3406 1464 3449 ut
1496 3400 1842 3462 acceperant,
1895 3390 1964 3442 ita

394 3498 716 3554 posuerunt.
758 3487 1006 3558 Denique
1036 3499 1261 3543 sanctus
1292 3486 1628 3541 Athanasius
1684 3485 1737 3538 in
1794 3481 1965 3551 Epist.

391 3581 455 3633 al
492 3578 844 3649 Serapionem
875 3580 946 3635 ita
974 3578 1085 3634 ait:
1120 3598 1137 3630 ι
1182 3580 1245 3631 Et
1300 3576 1470 3633 Filius
1502 3574 1725 3646 quidem
1754 3591 1767 3628 :
1811 3571 1964 3638 Qum,

394 3673 583 3742 inquit,
615 3670 795 3726 audivi
815 3689 847 3725 a
877 3670 1040 3726 Patre
1067 3670 1323 3737 meo,hac
1356 3669 1544 3739 loquor
1574 3669 1628 3720 in
1653 3666 1847 3720 mundo
1888 3664 1964 3720 “.

394 3767 631 3837 Spiritus
671 3776 855 3820 autem
907 3780 973 3820 ex
1039 3763 1174 3819 Filio
1227 3763 1472 3829 accipit:
1522 3759 1605 3812 Ea:
1660 3774 1772 3811 meo
1826 3759 1966 3813 enim

393 3860 589 3928 inquit,
621 3858 839 3926 accipiet
877 3865 926 3909 et
962 3850 1497 3907 annuntiabitbobis.’

462 3950 611 4004 idem
676 3949 730 4003 in
792 3949 952 4003 tertio
1019 3955 1206 4001 contra
1242 3943 1516 3997 Arianos:
1557 3939 1704 3996 «Non
1731 3941 1969 4013 Spiritus

394 4040 637 4095 Verbum
674 4040 955 4110 coniungit
991 4036 1135 4091 Patri
1168 4053 1181 4101 ;
1212 4034 1305 4090 sed
1335 4034 1439 4089 hoc
1468 4032 1708 4103 Spiritus
1759 4050 1788 4089 a
1829 4033 1968 4089 Filio

392 4132 572 4202 potius
598 4130 815 4200 accipit.
848 4148 866 4180 ι
902 4129 979 4185 Ac
1004 4142 1221 4182 rursum
1248 4143 1261 4179 :
1301 4126 1569 4195 «Quaeque
1599 4124 1757 4180 habet
1798 4123 1971 4196 Spiri-

395 4234 580 4286 tus,ea
607 4238 638 4277 a
658 4222 835 4278 V’erbo
859 4230 1075 4299 accepta
1100 4219 1278 4274 habet.
1294 4236 1313 4268 ι
1900 4204 1905 4207 λ

465 4315 661 4371 Beatus
692 4315 820 4369 item
875 4315 1136 4385 Cyrinus,
1206 4328 1331 4367 cum
1400 4314 1530 4367 illud
1589 4312 1964 4380 evangelicum

393 4416 725 4478 exponeret:
764 4406 863 4459 Ille
892 4423 972 4461 me
1018 4406 1358 4476 gloriﬁcabit,
1400 4406 1568 4460 «Illud
1593 4420 1744 4476 ergo,
1767 4404 1967 4472 inquit,

2070 3231 2278 3294 postea,
2320 3219 2481 3275 Patre
2515 3217 2784 3278 tradente,
2834 3212 3111 3277 didicisse,
3174 3208 3330 3279 quasi
3394 3216 3639 3277 postmo-

2070 3316 2199 3370 dum
2228 3313 2479 3371 essentia:
2509 3326 2618 3365 suae
2674 3306 2898 3362 scientia
2946 3304 3196 3374 adjecta;
3240 3302 3324 3356 vel
3372 3298 3636 3369 Spiritum

2069 3412 2341 3468 sanctum,
2384 3401 2558 3458 Patris
2587 3414 2650 3453 ac
2671 3396 2792 3451 Filii
2822 3394 3054 3453 scientia
3094 3402 3282 3465 postea
3317 3390 3640 3460 indiguisse,

2068 3495 2224 3574 quasi
2252 3495 2454 3551 sensim
2509 3508 2573 3547 ac.
2604 3490 2862 3560 paulatim
2910 3487 2975 3542 ad
3012 3485 3400 3558 perfectionem
3457 3495 3644 3537 evase-

2071 3591 2160 3643 rit.

2140 3678 2196 3733 Si
2226 3686 2402 3733 autem
2438 3676 2530 3730 Dei
2576 3674 2795 3744 quidem
2851 3670 3083 3725 Verbum
3150 3666 3327 3721 Patris
3373 3662 3641 3733 sapientia

2069 3779 2174 3833 est,
2208 3769 2316 3822 imo
2352 3781 2494 3821 unus
2560 3779 2684 3818 cum
2728 3762 2888 3816 Patre
2953 3762 3091 3814 Deus
3148 3767 3253 3822 cst,
3312 3764 3642 3822 sanctusque

2073 3862 2308 3932 Spiritus
2338 3858 2618 3929 sapientia:
2641 3855 2877 3925 Spiritus
2909 3868 3034 3907 cum
3088 3852 3179 3915 sit,
3212 3849 3343 3903 nihil
3398 3858 3637 3916 unquam

2070 3956 2139 4009 ab
2171 3954 2275 4007 alio
2304 3952 2491 4005 audire
2513 3964 2651 4019 opus
2686 3947 2891 4012 habet;
2929 3945 3042 3999 lucc
3061 3943 3204 3998 enim
3236 3942 3304 3996 ab
3361 3941 3450 3993 illa
3511 3936 3640 3993 sub-

2071 4046 2272 4102 stantia
2298 4058 2522 4114 prorsus
2543 4042 2718 4096 aliena
2742 4048 2892 4101 sunt.
2921 4037 3288 4105 discretioque
3310 4035 3362 4086 in
3391 4028 3638 4101 personis

2069 4139 2269 4194 divinis
2298 4139 2409 4194 sola
2439 4150 2618 4191 causae
2650 4133 2995 4201 causalisque
3050 4130 3261 4185 ratione
3315 4126 3494 4180 locum
3548 4122 3641 4175 ha-

2071 4233 2161 4288 bet
2187 4250 2202 4294 ;
2232 4232 2422 4302 liquet,
2449 4229 2688 4291 Patrem,
2730 4241 2855 4282 cum
2910 4226 3029 4281 sine
3087 4236 3254 4277 causa
3282 4220 3375 4279 sit.
3434 4217 3639 4271 idcirco

2073 4326 2141 4379 ab
2162 4324 2268 4378 alio
2293 4337 2467 4389 neque
2499 4323 2758 4387 "accipere
2783 4333 2958 4387 neque
2994 4316 3182 4371 audire
3214 4332 3227 4368 :
3266 4312 3462 4366 Filium
3488 4322 3634 4370 vero,

2074 4434 2202 4473 cum
2234 4432 2339 4470 non
2365 4431 2395 4469 a
2427 4415 2609 4484 seipso
2645 4413 2736 4477 sit,
2766 4411 2858 4465 sed
2913 4409 3124 4463 initium
3157 4406 3372 4464 habeat,
3405 4401 3638 4462 Patrem,

395 4499 770 4568 irrefragabile
818 4499 1042 4553 omnino
1110 4498 1236 4563 erit,
1290 4498 1549 4567 omnique
1599 4498 1886 4551 matr-dicto
1917 4502 1968 4548 et
2001 4517 2047 4575 υ
2074 4524 2180 4563 non
2215 4524 2243 4562 3
2276 4508 2475 4576 seipso.
2499 4505 2592 4559 sed
2627 4520 2655 4558 ε,
2686 4504 2866 4561 patre,
2895 4512 2948 4552 ρι
2977 4499 3123 4569 loqui
3167 4504 3222 4551 et
3277 4494 3468 4548 audire
3492 4492 3639 4555 diri;

394 4593 745 4649 accusatione
771 4591 1164 4661 Vacaliit.quod
1193 4590 1261 4644 ab
1280 4591 1568 4660 Unigenito
1589 4590 1822 4661 Spiritus
1850 4591 1970 4658 ejus

396 4687 646 4754 accipere
673 4684 876 4752 aliquid
932 4683 1217 4738 asseritur.
1251 4682 1407 4747 Nam,
1461 4698 1583 4737 cum
1640 4698 1734 4747 per
1788 4684 1966 4749 ipsum

328 4780 341 4784 ‘
396 4773 716 4828 naturaliter
777 4773 1021 4842 prodeat,
1098 4776 1253 4844 quasi
1310 4790 1469 4829 suum
1527 4774 1803 4844 proprium
1843 4786 1965 4826 cum

397 4868 675 4927 omnibus,
705 4882 825 4937 quae
859 4864 1096 4937 perfecte
1130 4867 1311 4931 habet,
1337 4884 1457 4938 quae
1483 4868 1599 4937 ejus
1634 4877 1781 4928 sunt,
1820 4865 1967 4920 acci-

398 4976 523 5029 pere
556 4960 809 5014 dicitur.)

467 5051 608 5104 idem
652 5066 813 5118 super
844 5050 972 5103 illud
1008 5066 1019 5103 :
1060 5048 1251 5105 Omnia
1289 5068 1403 5121 qua:
1451 5053 1601 5105 habet
1640 5050 1817 5114 Pater,
1856 5066 1968 5103 mea

396 5139 605 5205 sunt”,
649 5158 667 5189 ι
702 5141 807 5193 Sed
842 5140 1080 5209 Spiritus
1134 5142 1232 5196 iste
1300 5143 1571 5211 proprius,
1634 5141 1834 5209 inquit,
1888 5148 1975 5195 est

395 5233 558 5284 etiam
606 5230 914 5303 Unigeniti;
946 5232 1430 5288 consubstantialis
1492 5233 1639 5288 enim
1668 5232 1816 5286 Patri
1866 5240 1967 5287 est.

398 5322 664 5387 Quoniam
688 5324 873 5393 igitur,
891 5325 1085 5395 inquit,
1114 5326 1293 5381 inesse
1318 5325 1427 5381 Deo
1444 5336 1498 5382 et
1521 5326 1666 5381 Patri
1699 5327 1964 5389 cernitur,

398 5414 585 5485 hisqni
612 5415 756 5485 digni
785 5418 990 5481 sunt,in
1019 5417 1220 5487 Spiritu
1248 5435 1345 5473 suo
1377 5422 1962 5489 revelari,eflicereque

393 5508 558 5562 etiam
591 5522 684 5576 per
744 5508 945 5577 ipsum,
985 5526 1105 5581 qua:
1141 5513 1387 5571 νειιυοι·ἰι,
1427 5514 1669 5573 ob__hanc
1742 5530 1962 5570 causam

398 5598 555 5664 dixit,
582 5598 722 5665 Quia
743 5601 805 5653 de
848 5616 958 5653 meo
1014 5605 1252 5670 acripiet,
1294 5615 1341 5658 et
1379 5609 1711 5660 annttntiabit
1746 5610 1907 5662 vobis.
1942 5628 1958 5659 υ

2072 4599 2271 4667 quippe
2316 4611 2439 4649 cum
2473 4595 2598 4649 inde
2628 4603 2682 4647 et
2710 4592 3004 4647 essentiam
3052 4603 3181 4653 una,
3220 4596 3272 4641 et
3316 4583 3638 4651 sapientiam

2074 4690 2318 4745 traxerit.
2368 4688 2626 4743 Sanctum
2649 4700 2774 4740 vero
2837 4683 3100 4752 Spiritum
3151 4695 3274 4734 cum
3318 4694 3348 4731 a
3391 4675 3539 4747 Filio
3588 4681 3640 4727 et

2072 4782 2284 4846 audire,
2313 4791 2365 4834 et
2390 4780 2637 4848 accipere
2694 4778 2940 4841 dicatur,
3015 4779 3232 4827 constat
3291 4768 3553 4839 profecto,
3608 4780 3638 4819 a

2072 4891 2181 4944 quo
2211 4874 2427 4942 accipit,
2470 4873 2594 4926 inde
2618 4872 2779 4926 etiam
2820 4868 3112 4923 essentiam
3170 4863 3405 4920 traxisse
3446 4872 3639 4929 proce-

2071 4971 2268 5023 dendo.
3444 5026 3470 5040 ἢν

2142 5061 2265 5115 Sive
2301 5059 2462 5129 igitur
2489 5074 2595 5114 non
2625 5057 2824 5127 accipit
2861 5071 2895 5110 a
2927 5055 3068 5110 Filio
3102 5052 3335 5122 Spiritus
3358 5090 3373 5115 ,
3401 5038 3457 5103 et
3488 5043 3641 5102 Scri-

2070 5164 2283 5221 pturam
2346 5166 2447 5205 una
2501 5160 2664 5218 atque
2714 5151 3000 5206 doctorum
3050 5160 3212 5201 voces
3271 5143 3560 5199 erademus
3622 5155 3637 5191 :

2075 5260 2251 5314 neque
2298 5244 2409 5312 jam
2440 5259 2504 5299 ex
2543 5245 2660 5315 ipso
2702 5243 3045 5304 naturaliter,
3078 5248 3241 5307 atque
3279 5233 3643 5290 essentialiter

2074 5336 2369 5404 procedere
2396 5334 2651 5400 dicetur;
2719 5335 2837 5389 sive
2863 5348 2927 5387 ex
2991 5332 3111 5399 ipso
3172 5326 3393 5395 accipit,
3435 5336 3491 5377 ut
3524 5323 3643 5392 ipse

2074 5428 2245 5483 Filius
2297 5428 2467 5493 dixit;
2512 5429 2759 5483 ita‘cnim
2814 5426 2865 5480 id
2941 5425 3147 5477 dictum
3208 5419 3383 5474 sancti
3451 5416 3643 5472 Patres

2072 5530 2441 5590 acceperunt;
2472 5536 2592 5589 quae
2636 5529 2816 5574 antem
2852 5516 3071 5583 accipit,
3104 5524 3159 5568 et
3193 5512 3392 5576 habet;
3444 5511 3644 5579 quippe

2074 5611 2225 5679 juxta
2245 5611 2522 5665 Athanasii
2554 5608 2900 5674 sententiam,
2939 5624 2955 5658 ι
2988 5605 3225 5673 Qumque
3252 5604 3433 5667 habet,
3455 5617 3483 5656 a
3507 5601 3642 5656 Filio

476 5770 519 5802 "
543 5769 695 5829 Joan.
740 5791 849 5841 xxv,
893 5774 973 5828 10.
1026 5814 1029 5815 ν
1090 5777 1131 5807 ³ο
1168 5776 1322 5831 Joan.
1354 5794 1442 5839 xv.
1486 5781 1568 5834 l5.
1685 5785 1723 5815 ³¹
1770 5784 1963 5839 luam:

2104 5785 2187 5839 Η.
2302 5785 2344 5815 ³³
2382 5782 2539 5839 Joan.
2577 5800 2695 5850 vm,
2728 5784 2817 5840 Q6.
2902 5784 2948 5817 ³³
2979 5782 3136 5838 Joan.
3174 5798 3284 5847 xvi,
3324 5781 3410 5837 15.
