4046 6204
243 369 300 430 ἔ7
1319 373 1728 437 ADVERSUS
1764 373 2080 438 GRAECOS
2120 379 2265 440 LIB.
2310 378 2360 439 Ι.

3270 455 3284 466 ἱ
3376 380 3443 448 58

230 497 420 559 accepta
457 487 647 554 habet;
685 506 704 539 ι
739 503 860 558 qua:
911 495 1094 545 autem
1127 489 1311 557 habet,
1341 492 1504 562 hujus
1524 489 1839 550 essentiaA
1867 504 1948 549 tra
1998 509 2058 551 se
2105 505 2262 551 erant
2315 495 2690 561 abstulerunt,
2757 504 2813 552 et
2874 497 3168 567 magistros
3225 507 3445 556 nostros

225 594 310 648 est,
341 593 499 653 atque
562 589 713 636 totus
771 583 886 651 ipse
944 585 1238 638 essentiam
1304 599 1430 640 vere
1469 583 1770 654 procedens

224 675 393 739 habet,
428 674 560 728 sicut
592 682 647 726 et
699 672 873 728 Filius
912 672 1050 729 hanc
1081 673 1246 730 habet
1275 690 1508 731 nascens
1537 693 1551 729 :
1583 689 1773 730 neces.

222 767 353 820 sario
392 778 421 817 a
461 761 597 816 Filio
630 764 931 833 accipiens,
985 764 1150 820 etiam
1186 765 1254 819 ab
1283 765 1403 836 ipso
1430 765 1593 821 habet
1625 779 1768 822 esse.

278 855 353 908 Ac
375 853 524 908 sicuti
545 853 704 908 divus
732 855 1156 935 Chrysostomus
1175 855 1379 912 dictum
1397 857 1770 927 evangelicum

222 959 469 1014 exponens
493 962 507 1000 :
536 944 702 1000 Omne
715 945 974 1014 judicium
992 946 1133 1001 dedit
1153 947 1295 1002 Filio
1314 947 1397 1003 “:
1426 967 1444 1000 ι
1474 948 1770 1014 Quoniam,

225 1037 394 1104 inquit,
419 1035 564 1104 quod
591 1036 690 1103 ait,
725 1036 869 1090 dedit
894 1038 1076 1102 vitam,
1114 1049 1168 1094 et
1212 1039 1360 1109 quod
1391 1039 1554 1104 dixit,
1609 1038 1771 1108 judi-

225 1130 340 1182 cium
369 1129 530 1192 dedit,
597 1129 741 1184 idem
781 1139 866 1185 est
917 1145 981 1186 ac
1010 1131 1055 1186 si
1106 1131 1251 1187 dicat
1283 1149 1299 1186 :
1329 1131 1575 1188 iudicem
1618 1134 1772 1189 illum

226 1221 455 1285 genuit.i
499 1220 700 1274 Eodem
761 1220 922 1276 modo
984 1221 1216 1287 scilicet,
1279 1222 1514 1294 etquod
1574 1223 1774 1279 dicitur

229 1310 412 1375 audire,
450 1320 504 1366 et
525 1311 804 1382 accipere,
835 1298 1135 1368 secundum
1167 1312 1482 1369 diﬁ‘erentes
1513 1328 1772 1384 persona-

226 1417 328 1456 rum
351 1417 661 1472 processus,
692 1401 745 1457 id
778 1404 1126 1459 commendat
1156 1418 1282 1468 eum
1319 1404 1517 1461 habere
1551 1420 1673 1460 esse
1704 1404 1774 1460 ab

223 1508 488 1568 eo,a‘quo
550 1493 773 1564 accipit.
828 1493 965 1549 Nam
1019 1494 1068 1549 si
1120 1496 1265 1564 quod
1323 1496 1542 1558 dicitur,
1589 1495 1770 1560 Dedit,

223 1582 352 1652 juxta
379 1584 820 1654 Chrysostomum
845 1599 993 1648 eum,
1017 1598 1081 1638 ex
1106 1599 1270 1640 causa
1299 1600 1420 1641 esse
1475 1585 1772 1655 signiﬁcat,

228 1675 374 1728 etiam
430 1675 676 1746 accipere
733 1677 879 1746 quod
939 1677 1160 1740 dicitur,
1222 1677 1366 1732 idem
1420 1676 1770 1747 signiﬁcabit.

227 1766 364 1830 Quod
423 1767 560 1819 enim
627 1766 720 1819 dat
773 1781 977 1831 causa,
1040 1766 1094 1820 id
1150 1774 1206 1821 et
1264 1766 1484 1822 causale
1549 1766 1768 1837 accipit.

230 1825 365 1909 ﬁnde
390 1865 439 1909 et
476 1855 635 1912 divus
677 1825 1029 1920 Athanasius.
1075 1855 1142 1910 ad
1191 1855 1540 1925 Serapionem
1572 1873 1588 1909 :
1615 1825 1772 1910 Acci-
1803 1825 1845 1880 Β

230 1949 316 2014 piet
349 1960 438 2014 pro
477 1960 565 2009 eo,
607 1947 752 2016 quod
784 1957 890 2012 est,
915 1948 1191 2017 suscipiet,
1249 1945 1503 2018 exposuit
1531 1946 1721 2003 dicens
1755 1965 1771 2003 :

236 2054 253 2087 ι
285 2039 429 2106 Atqui
456 2040 500 2095 si
536 2039 656 2093 Filii
681 2040 917 2110 Spiritus
949 2050 1056 2106 est,
1107 2050 1162 2098 et
1192 2055 1224 2098 a
1259 2039 1398 2096 Filio
1425 2041 1610 2096 omnia
1644 2055 1776 2095 sus-

233 2131 347 2200 cipit
369 2132 617 2200 Spiritus,
647 2144 707 2188 ut
739 2135 856 2204 ipse
881 2134 1088 2190 scilicet
1145 2135 1408 2190 Dominus
1469 2135 1568 2190 ait.
1606 2153 1624 2186 ι
1669 2131 1775 2189 Ubi

235 2237 348 2276 vero
375 2227 469 2278 hoc
495 2224 571 2278 ait
601 2225 902 2280 Dominus?
929 2225 1046 2280 Illic
1085 2223 1326 2295 profecto
1351 2225 1442 2280 ubi
1471 2225 1609 2280 dixit
1643 2242 1657 2278 :
1686 2222 1772 2280 Ea:

237 2331 332 2367 meo
358 2316 589 2384 accipiet.
641 2315 830 2386 itaque
860 2317 906 2370 si
937 2315 1084 2387 quod
1113 2331 1142 2370 a
1164 2315 1323 2372 Patre
1372 2317 1618 2386 accipere
1645 2317 1780 2374 dicio

241 2421 316 2466 tur
339 2409 516 2476 Filius,
547 2413 616 2467 ab
643 2428 709 2467 eo
741 2413 892 2468 nasci
921 2421 1026 2479 est,
1066 2421 1122 2468 et
1156 2412 1302 2482 quod
1336 2429 1366 2469 a
1401 2411 1543 2467 Filio
1599 2413 1780 2468 susci-

241 2519 348 2572 pere
376 2503 602 2574 Spiritus
656 2505 880 2569 dicitur,
934 2507 1037 2562 hoc
1077 2515 1157 2562 est
1197 2521 1227 2560 a
1262 2504 1419 2560 Patre
1455 2519 1550 2574 per
1579 2504 1776 2560 Filium

244 2596 522 2666 procedere,
555 2607 609 2652 et
665 2598 922 2668 quoniam
991 2598 1112 2668 ejus
1143 2597 1286 2665 quod
1344 2597 1668 2652 annuntiare
1726 2605 1782 2651 et

246 2702 508 2756 suggerere
565 2689 794 2754 dicitur,
851 2691 1100 2761 accipere
1139 2704 1304 2745 causa
1371 2697 1476 2752 est,
1534 2688 1783 2758 accipere

247 2791 400 2834 autem
467 2789 522 2835 et
564 2783 758 2837 audire
788 2798 817 2837 a
849 2781 992 2837 Filio
1023 2783 1205 2849 habet,
1253 2781 1564 2839 necessario
1592 2781 1783 2836 audire

249 2879 294 2923 et
321 2873 552 2942 accipere
605 2874 748 2928 idem
799 2875 851 2928 in
881 2875 1088 2930 divinis
1126 2875 1292 2930 rebus
1335 2883 1420 2929 est
1456 2896 1468 2929 :
1498 2888 1563 2928 ac
1585 2887 1783 2943 magno

249 2975 489 3033 asserente
531 2965 852 3032 Athanasio,
903 2980 1239 3036 quaecunque
1309 2965 1474 3019 habet
1514 2963 1782 3034 Spiritus,

250 3069 273 3106 a
307 3054 428 3110 Filio
453 3067 671 3125 accepta
728 3058 924 3121 habet;
957 3073 1048 3128 per
1093 3058 1147 3113 id
1175 3072 1326 3128 ergo,
1359 3059 1502 3127 quod
1551 3055 1704 3113 audit
1732 3069 1782 3110 .a

1874 587 2086 656 injuriis
2125 587 2579 657 contumeliisque
2640 587 2956 651 aﬁ‘eccrunt,
3006 591 3200 658 partim
3243 591 3446 646 addenc

1871 679 1962 744 do,
2000 679 2194 750 partim
2242 679 2573 735 detrahendo
2622 680 2838 734 illorum
2883 680 3043 736 dictis
3103 687 3268 752 atque
3318 697 3445 738 sen-

1872 771 2080 828 tentiis.

1943 862 2036 926 At,
2089 861 2135 916 si
2193 862 2341 917 dicat
2398 859 2690 931 quispiam,
2755 859 3012 914 Basilinm
3071 868 3322 915 sanctum
3383 861 3438 915 in

1872 953 2061 1012 eodem
2115 961 2305 1009 contra
2347 953 2672 1008 Eunomium
2719 966 2903 1020 opere,
2939 962 3122 1020 aperte
3156 951 3440 1008 Trinitatis

1871 1047 2139 1110 ordinem,
2191 1046 2522 1114 tertiumque
2569 1060 2600 1100 a
2660 1045 2818 1101 Patre
2873 1043 3134 1114 Spiritum
3187 1055 3436 1101 sanctum

1872 1138 2172 1206 denegare;
2225 1151 2352 1191 cum
2405 1137 2582 1206 ipsum
2619 1133 2948 1189 Eunomium
2981 1149 3214 1205 arguens
3260 1135 3436 1189 dixit:

1878 1245 1898 1280 ι
1939 1226 2172 1292 Quinam
2225 1237 2356 1278 vero
2407 1223 2607 1288 sancti,
2657 1232 2711 1278 et
2771 1223 2826 1277 iu
2880 1223 3081 1293 quibus
3115 1223 3267 1278 libris
3324 1224 3444 1293 ejus

1872 1317 2140 1373 doctrina!
2192 1325 2442 1370 auctores
2491 1313 2716 1375 fuerint,
2765 1312 2949 1366 dicere
3002 1327 3110 1366 non
3163 1321 3359 1381 potest,
3418 1330 3437 1362 ι

1874 1411 1991 1480 ipse
2025 1409 2330 1464 Eunomius
2367 1406 2611 1471 scilicet;
2654 1404 2768 1474 ipse
2800 1404 2946 1459 enim
2980 1403 3049 1457 de
3094 1393 3284 1457 sancto
3317 1403 3443 1471 Spi-

1873 1503 1982 1558 ritu
2022 1499 2255 1563 dicebat,
2299 1499 2465 1569 quod,
2507 1513 2630 1553 cum
2677 1511 2709 1554 a
2759 1497 2963 1562 sanctis
2997 1497 3212 1551 tertium
3263 1496 3442 1564 ipsum

1873 1611 2016 1658 esse,
2053 1602 2108 1649 et
2155 1592 2348 1648 ordine
2393 1599 2448 1646 et
2489 1590 2774 1661 dignitate,
2853 1588 3174 1662 accepisset,
3227 1588 3441 1642 tertium

1874 1687 2038 1743 etiam
2068 1694 2261 1740 natura
2287 1698 2411 1740 esse
2443 1683 2714 1738 crederet.
2745 1680 2800 1736 Si
2829 1680 2952 1750 quis
2983 1680 3146 1747 igitur
3170 1680 3273 1734 hoc
3304 1677 3444 1732 infe-

1874 1786 1997 1840 rat,
2043 1782 2260 1830 constat
2295 1773 2512 1842 quidem
2561 1787 2626 1826 ex
2671 1769 2758 1826 his
2791 1785 2913 1838 quae
2959 1767 3102 1822 dicta
3133 1775 3293 1829 sunt,
3329 1781 3443 1819 ma-

1877 1882 2042 1938 gnum
2069 1865 2332 1920 Basilium
2370 1863 2616 1919 ordinem
2666 1861 2720 1915 in
2749 1869 2937 1914 sancta
2969 1858 3238 1913 Trinitate
3267 1856 3443 1912 conli-

1878 1957 2000 2022 teri,
2038 1957 2368 2024 tertiumque
2417 1971 2447 2010 a
2501 1953 2660 2008 Patre
2701 1968 2822 2009 esse
2857 1951 3118 2020 Spiritum
3167 1956 3450 2004 sanctum.

1878 2049 1977 2106 llic
2011 2064 2140 2107 vero
2171 2049 2496 2102 Eunomium
2541 2046 2842 2110 insimulat,
2874 2044 2960 2099 vel
3001 2043 3130 2112 quia
3174 2041 3312 2096 ordo
3343 2040 3446 2095 iste

1876 2145 2108 2201 necdum
2169 2143 2242 2198 ita
2278 2141 2457 2198 fuerat
2484 2155 2513 2195 a
2545 2137 2748 2195 sanctis
2779 2137 3108 2200 declaratus,
3147 2142 3201 2189 et
3233 2130 3447 2201 simpli-

1877 2238 2035 2300 citer,
2063 2251 2214 2290 more
2246 2249 2366 2302 suo,
2409 2231 2755 2287 mentientem
2777 2243 2892 2298 per
2927 2228 3065 2290 haec,
3100 2224 3302 2290 arguit,
3337 2238 3444 2277 non

1879 2327 2203 2387 habentem,
2245 2323 2390 2378 unde
2449 2321 2500 2376 id
2547 2328 2730 2388 posset
2777 2330 3026 2371 asserere
3081 2310 3444 2366 manifestius.

1878 2418 1994 2474 [tuo
2040 2416 2270 2479 necdum
2302 2415 2354 2468 id
2403 2413 2477 2468 ita
2526 2418 2712 2480 aperte
2762 2409 2996 2478 positum
3041 2405 3239 2465 fuerat,
3273 2415 3449 2470 neque

1881 2513 1947 2568 de
1974 2513 2076 2567 hac
2102 2511 2314 2565 ratione
2343 2506 2550 2562 ordinis
2603 2501 2876 2573 quispiam
2902 2498 3143 2568 priorum
3171 2497 3241 2549 ita
3275 2493 3449 2547 disse-

1882 2611 2088 2658 ruerat.
2122 2603 2262 2656 Ante
2308 2599 2453 2654 enim
2488 2612 2550 2652 ea
2586 2605 2825 2662 tempora
2876 2590 3076 2659 quibus
3119 2583 3449 2640 Athanasius

1883 2695 2227 2763 Basiliusque
2265 2691 2589 2752 ﬂoruerunt,
2625 2696 2679 2739 et
2719 2684 2920 2755 quique
2949 2696 3044 2750 per
3074 2694 3193 2734 eam
3225 2671 3446 2729 “aetatem

1883 2788 2107 2844 fuerunt
2151 2781 2407 2839 Ecclesia)
2455 2776 2731 2850 magistri,
2785 2774 2964 2829 nullos
3014 2771 3187 2827 fuisse
3235 2767 3451 2839 publice

1885 2881 2140 2936 doctores
2182 2875 2458 2946 legimus:
2508 2872 2626 2926 sive
2668 2866 2813 2938 quod
2855 2865 3026 2935 magis
3052 2862 3351 2934 proprium,
3385 2874 3451 2914 ac

1885 2982 2076 3024 verum
2115 2973 2219 3032 est,
2255 2963 2411 3034 quasi
2457 2960 2808 3029 derogantetn
2859 2954 3084 3017 sanctis,
3133 2963 3296 3021 atque
3349 2949 3451 3018 ipsi

1887 3058 2104 3123 veritati
2145 3053 2446 3111 calumnias
2483 3056 2808 3109 struentem,
2856 3058 2980 3100 cum
3023 3056 3116 3098 eos
3165 3039 3453 3095 tradidisse

250 3144 364 3202 Filio
407 3148 704 3219 eraccipit,
739 3157 884 3205 totus
928 3165 992 3204 ex
1029 3158 1144 3204 toto
1172 3164 1295 3205 esse
1347 3137 1782 3204 demonstratur.
1811 3179 1857 3240 α
1888 3156 2116 3212 asserat,
2157 3145 2416 3215 Spiritum
2456 3148 2700 3196 sanctum
2746 3137 2966 3191 tertium
3007 3148 3128 3188 esse
3157 3141 3211 3186 et
3240 3128 3450 3186 ordine.

254 3240 305 3293 Et
338 3242 457 3311 quia
490 3256 601 3296 non
660 3242 806 3296 aliud
842 3251 927 3297 est
985 3241 1165 3308 Pater,
1194 3242 1340 3298 aliud
1372 3249 1545 3298 totum
1595 3239 1784 3306 Filius,

252 3329 328 3383 sed
354 3345 509 3386 unum
540 3339 622 3386 est
651 3338 826 3385 totum
851 3329 1036 3397 Pater,
1062 3341 1116 3388 et
1137 3330 1344 3400 Filius;
1394 3345 1502 3386 una
1525 3329 1669 3386 enim
1703 3338 1788 3386 est

252 3423 455 3477 essentia
483 3431 538 3478 et
590 3423 771 3478 Patris
809 3432 863 3477 et
914 3421 1060 3489 Filii,
1100 3423 1256 3493 quasi
1287 3423 1355 3477 ab
1393 3436 1503 3477 uno
1551 3421 1788 3492 Spiritus

256 3519 444 3587 accipit,
472 3527 682 3574 servata
707 3533 922 3586 semper
951 3518 1257 3575 diﬁ'erentia
1295 3517 1571 3590 gignentis
1591 3527 1648 3574 et
1693 3531 1789 3588 ge-

257 3610 356 3664 niti.
391 3610 648 3677 Quocirca
675 3613 842 3667 etiam
875 3626 904 3666 a
934 3611 1074 3668 Filio
1105 3612 1307 3668 habere
1330 3626 1450 3668 esse
1471 3611 1692 3676 dicitur,
1727 3623 1792 3666 ac
1839 3661 1852 3668 -

255 3715 334 3769 per
361 3701 546 3755 Filium
573 3703 886 3772 procedere.

313 3792 364 3848 Si
405 3794 562 3865 igitur
603 3795 760 3866 juxta
824 3796 1126 3852 Salvatoris
1177 3796 1501 3853 sententiam
1561 3794 1632 3851 ab
1674 3793 1793 3863 ipso

253 3886 466 3952 Spiritus
493 3889 644 3943 audit
692 3896 745 3942 et
775 3889 1002 3958 accipit,
1031 3902 1197 3959 porro
1249 3889 1319 3944 ab
1343 3890 1459 3958 ipso
1517 3888 1703 3944 audire
1739 3896 1794 3942 et

256 3981 471 4049 accipere
499 3983 642 4052 quod
668 3981 887 4050 dicitur,
934 3982 1004 4036 ab
1047 3997 1112 4036 eo
1150 3995 1300 4038 esse.
1334 3982 1540 4037 habere
1587 3979 1790 4052 signiﬁ-

257 4076 350 4131 cat,
383 4072 675 4126 secundum
711 4087 1030 4136 communes
1056 4072 1368 4126 sanctiones
1394 4071 1540 4135 ﬁdei,
1573 4078 1796 4126 sancto-

255 4174 460 4230 rumque
489 4162 710 4218 Patrum
742 4163 1126 4233 expositiones.
1158 4162 1275 4228 Qua
1307 4163 1518 4218 ratione
1568 4177 1798 4232 magnus

256 4247 485 4317 Basilius,
516 4248 664 4318 cum‘,
727 4252 822 4322 qui
855 4267 974 4307 esse
1007 4257 1076 4306 ab
1120 4252 1215 4306 illo
1242 4253 1423 4318 habet,
1459 4260 1514 4308 et
1571 4252 1641 4306 ab
1679 4251 1798 4321 ipso

253 4347 454 4413 accipit,
479 4355 531 4399 et
555 4341 848 4400 annuntiat
878 4344 1056 4410 nobis,
1088 4357 1151 4397 ac
1184 4345 1399 4412 penitus
1420 4359 1485 4397 ex
1519 4342 1606 4398 illa
1634 4356 1799 4398 causa

251 4437 454 4504 pendet,
499 4438 656 4507 quasi
691 4437 928 4491 alienum
994 4435 1318 4505 denegabit?
1347 4434 1478 4488 Illud
1537 4434 1684 4489 enim
1735 4447 1797 4487 ex

248 4530 406 4584 sacris
430 4528 642 4585 Litteris
669 4529 907 4598 accepit;
936 4529 1044 4583 hoc
1067 4537 1248 4582 autem
1279 4526 1438 4596 quasi
1457 4540 1801 4596 consequens

247 4631 299 4676 et
344 4623 696 4690 :cquivalens,
746 4621 946 4690 posuit,
987 4619 1149 4674 veluti
1203 4620 1608 4674 conclusionem
1650 4619 1803 4672 initia

252 4715 550 4769 necessario
587 4723 930 4780 sequentem.
971 4712 1110 4782 Quis
1134 4721 1317 4767 autem
1344 4713 1506 4778 dicat,
1543 4725 1681 4763 nova
1735 4710 1802 4762 il-

241 4805 372 4872 ium,
405 4816 458 4860 et
487 4807 788 4874 asperiore,
819 4815 984 4874 atque
1031 4804 1245 4858 insueta
1286 4817 1446 4855 usum
1494 4815 1645 4863 voce,
1677 4815 1801 4854 cum

241 4897 354 4965 ipsa
393 4913 546 4950 sacra
567 4896 806 4965 eloquia,
835 4904 888 4950 et
921 4894 1082 4949 divus
1112 4894 1227 4962 ipse
1273 4893 1434 4946 Pater
1463 4905 1585 4945 cum
1618 4889 1809 4944 ducto-

239 4990 391 5042 ribus
419 4987 669 5057 rcliquis,
696 4987 941 5057 ﬁdesque
985 4993 1151 5055 atque
1180 4984 1364 5039 omnia
1389 4981 1606 5051 penitus
1635 4981 1810 5036 recla-

240 5078 428 5136 ment?
1741 5089 1744 5092 ’

305 5172 388 5226 Ex
441 5171 643 5240 quibus
701 5183 833 5226 sane
874 5167 1224 5236 manifestum
1259 5177 1367 5232 est,
1416 5165 1620 5222 dictum
1655 5163 1812 5230 illud,

241 5261 384 5314 sicut
411 5275 574 5330 supra
610 5258 919 5329 expositum
951 5265 1056 5320 est,
1086 5257 1266 5328 magni
1300 5256 1473 5328 patris
1500 5269 1624 5312 esse
1651 5254 1811 5310 Basi-

241 5352 325 5417 lii,
354 5365 418 5405 ει
448 5366 553 5420 quo
577 5352 682 5405 sibi
710 5350 811 5420 ipsi
862 5360 916 5411 et
941 5349 1258 5405 doctoribus
1287 5348 1497 5403 caeteris
1522 5357 1809 5403 consonet.

238 5441 302 5498 ιη
348 5442 541 5510 quibus
589 5452 773 5497 autem
803 5442 1207 5511 exemplaribus
1256 5457 1366 5496 non
1393 5442 1466 5495 ita
1513 5440 1810 5507 invenitur,

241 5544 422 5589 astum
473 5548 591 5589 esse
647 5542 849 5604 apertae
911 5533 1282 5604 malignitatis,
1344 5548 1533 5588 eorum
1580 5532 1809 5598 scilicet,

241 5627 336 5696 qui
374 5627 585 5680 tuenda:
609 5625 887 5696 Opinionis
926 5641 1037 5680 suae
1061 5640 1246 5691 causa,
1270 5639 1389 5694 qua!
1421 5623 1652 5679 maxime
1681 5637 1811 5677 con-

321 5806 369 5836 ³⁸
400 5803 535 5858 Joan
610 5820 662 5870 v_.
693 5804 788 5857 22.

1887 3251 1941 3298 et
1998 3237 2306 3308 dignitate,
2334 3232 2600 3304 quosdam
2655 3227 2864 3284 scilicet
2905 3222 3222 3280 substantizr
3251 3219 3456 3291 gradus

1886 3325 2298 3398 distinguendo;
2339 3334 2500 3393 atque
2555 3319 2680 3375 ideo
2727 3333 2784 3373 se
2821 3315 3136 3378 credidisse,
3177 3311 3324 3366 illum
3357 3323 3457 3362 na—

1888 3431 2008 3476 tura
2040 3431 2256 3487 quoque
2283 3428 2404 3468 esse
2436 3409 2692 3473 tertium;
2725 3406 2959 3487 Basilius
3001 3403 3168 3466 enim,
3213 3399 3356 3468 quod
3386 3412 3451 3452 ex

1889 3485 2163 3583 praedictis
2192 3514 2358 3578 patet,
2385 3501 2578 3557 ordine
2599 3499 2818 3569 quidem
2844 3511 2908 3550 ac
2927 3485 3206 3563 dignitate,
3233 3487 3454 3543 tertium

1891 3579 2070 3670 iateri,
2100 3609 2158 3654 ut
2185 3600 2354 3668 pium,
2385 3591 2758 3670 amplectitur;
2786 3589 3004 3643 tertium
3043 3599 3168 3639 vero
3196 3593 3250 3636 et
3279 3579 3460 3649 digni-

1891 3707 2004 3754 tate
2052 3667 2105 3748 et
2133 3667 2327 3746 ordine
2354 3667 2653 3743 secundum
2685 3689 2956 3739 naturam,
2981 3687 3249 3743 nusquam
3282 3667 3462 3724 susci-

1893 3806 2018 3862 pere
2047 3782 2394 3858 perspicitur.

1968 3850 2243 3948 Dupllcem
2292 3874 2437 3942 enim
2488 3867 2696 3926 ordinis
2729 3863 2963 3935 Speciem
2995 3859 3046 3914 in
3085 3850 3460 3926 superioribus

1894 3972 2154 4035 tradidit,
2187 3969 2414 4024 alteram
2441 3979 2506 4019 ex
2539 3961 2622 4016 his
2647 3957 2906 4031 probans,
2932 3952 3180 4014 alteram,
3210 3952 3268 3999 ut
3297 3955 3461 4035 supra

1895 4032 2228 4120 declaratum
2260 4068 2362 4119 est,
2398 4052 2742 4124 improbans.
2793 4045 2926 4101 Nam
2961 4059 2990 4098 a
3013 4043 3222 4094 lversus
3255 4035 3307 4091 id
3342 4032 3464 4103 qui-

1898 4157 2040 4219 dem,
2095 4150 2237 4222 quod
2289 4147 2483 4204 tertius
2526 4142 2714 4206 ordine
2770 4147 2823 4194 et.
2877 4135 3140 4222 dignitate
3219 4127 3462 4222 dicitur:

1895 4214 2048 4318 juxta
2091 4214 2251 4312 quem
2299 4235 2550 4292 ordinem
2612 4226 2970 4286 essentiarum
3034 4214 3378 4318 diﬁerctttiaa,
3411 4219 3465 4264 ct

1899 4303 2052 4406 prius
2099 4303 2164 4386 ac
2197 4327 2486 4398 posterius,
2513 4331 2568 4376 ct
2612 4306 3210 4373 honorabilius'inl‘erri
3241 4303 3463 4359 videba-

1905 4395 2015 4488 tur,
2033 4432 2152 4478 tota
2184 4395 2369 4490 vigilat
2399 4410 2741 4470 intentione?
2770 4407 2850 4460 Ad
2898 4405 2950 4459 id
2997 4415 3147 4464 vero,
3185 4395 3327 4468 quod
3355 4404 3467 4448 ter-

1832 4511 1876 4565 ῐ)
1907 4519 2015 4572 tius
2060 4489 2256 4568 ordine
2292 4517 2347 4564 et
2400 4505 2660 4575 dignitate
2708 4498 2928 4560 dicitur,
2971 4489 3272 4549 secundum
3305 4497 3468 4575 quem

1906 4606 2154 4662 ordinem
2204 4613 2367 4654 causa
2445 4574 2500 4648 et
2543 4590 2784 4654 causale,
2833 4584 3068 4646 initium,
3115 4587 3170 4632 et
3206 4574 3349 4644 quod
3401 4586 3467 4623 ex

1908 4699 2065 4754 initio
2110 4702 2211 4756 est,
2254 4700 2308 4746 et
2341 4688 2523 4749 simul,
2555 4693 2608 4739 et
2650 4678 2993 4740 coa‘teruitas
3034 4668 3468 4738 conspiciuntur,

1908 4792 2050 4848 sicut
2099 4785 2230 4858 igni,
2265 4782 2330 4836 ad
2376 4781 2570 4838 lucem,
2609 4789 2729 4844 quae
2755 4788 2822 4825 ex
2861 4769 2977 4838 ipso
3014 4769 3214 4825 manat,
3249 4767 3473 4811 natura-

1909 4883 2028 4937 liter
2054 4853 2331 4939 convenit,
2365 4880 2424 4925 ut
2467 4871 2580 4938 ipse
2614 4865 2776 4927 dicit;
2818 4860 2922 4923 vel,
2957 4858 3094 4912 sicut
3129 4853 3241 4914 lux,
3279 4857 3334 4901 ct
3365 4861 3468 4939 Ara-

1908 4975 2050 5038 dius,
2074 4980 2129 5025 et
2167 4967 2246 5022 sol
2275 4937 2340 5019 ad
2375 4977 2434 5017 se
2474 4937 2702 5014 invicem
2745 4953 2975 5013 habent;
3023 4946 3088 4999 ad
3125 4945 3264 4996 hunc
3306 4937 3470 5038 igitur

1909 5066 2154 5122 ordinem
2221 5067 2559 5129 nequaquam
2588 5049 2905 5110 reluctatur,
2946 5040 3050 5095 nisi
3085 5035 3208 5106 quis
3235 5047 3357 5087 eum
3386 5029 3472 5084 sui

1911 5158 2138 5214 oblitum
2172 5159 2342 5222 putet,
2372 5162 2432 5204 ac
2462 5146 2698 5214 seipsum
2728 5139 3033 5193 destruere.

1983 5247 2154 5304 Simul
2173 5215 2231 5300 et
2262 5215 2366 5298 hoc
2395 5256 2459 5295 ex
2488 5234 2860 5306 superioribus
2887 5235 3133 5296 apparet,
3159 5237 3252 5276 eos
3281 5217 3372 5288 qui
3398 5215 3475 5270 ita

1916 5347 2224 5413 exponunt,
2272 5335 2414 5406 quod
2476 5331 2685 5385 dictum
2741 5333 2876 5379 est:
2928 5319 3011 5373 Ea:
3063 5332 3174 5370 meo
3229 5308 3472 5413 accipiet,

1918 5395 2016 5508 pro
2061 5450 2147 5496 eo,
2193 5395 2334 5499 quod
2378 5433 2478 5489 est,
2511 5421 2595 5475 Ea:
2627 5423 2788 5476 Patre
2832 5429 2965 5477 meo,
2997 5425 3103 5464 non
3153 5415 3294 5460 recte
3336 5400 3480 5454 arbi-
3576 5395 3578 5397 ’

1916 5529 2069 5586 trari.
2103 5521 2309 5578 Summi
2337 5519 2478 5574 enim
2503 5516 2741 5574 Patrum,
2771 5510 2894 5572 hoc,
2918 5515 2974 5560 ut
3005 5516 3168 5572 supra
3201 5508 3477 5552 ostensum

1917 5628 2017 5685 est,
2051 5617 2102 5670 in
2142 5611 2279 5669 Filio
2319 5614 2660 5677 acceperunt,
2700 5601 2857 5674 quasi
2896 5597 3185 5660 diceretur,
3341 5600 3482 5648 meo,

3526 5117 3536 5186 ἶ
