4046 6204
518 370 588 435 59
972 402 987 419 ~
1771 366 2173 428 MANUELIS
2212 367 2521 428 CALECE
3701 363 3769 427 60

517 497 582 535 ea;
610 488 726 536 mea
754 497 832 549 re,
867 481 969 536 hoc
1011 489 1115 545 est,
1156 484 1326 534 totum
1361 491 1426 532 ex
1460 485 1569 530 tota
1610 490 1728 529 mea
1759 462 2094 546 plenitudine
2125 480 2169 535 Α
2199 472 2410 542 tuisque
2438 474 2724 528 doctorum
2759 471 2808 525 id
2856 470 3067 525 videtur
3096 489 3109 525 :
3156 478 3261 524 non
3289 470 3433 531 ideo,
3466 467 3558 538 qui
3604 470 3769 535 hunc,

517 573 774 630 accipiet.

591 590 635 628 Cl
678 590 774 630 tet.
1541 592 1545 598 ί
1784 600 1787 603 ν

591 590 856 716 Praeterea
898 661 944 714 si
975 668 1121 714 esset
1149 660 1264 713 haec
1309 672 1435 710 vera
1476 653 1850 723 intelligentia,
1888 666 2092 722 nequa-

521 766 683 819 quam
715 750 836 805 sine
879 748 1248 804 additamento
1281 747 1577 805 diceretur.
1612 743 1900 814 Nunquam
1943 744 2090 797 enim

518 840 831 911 possessiva
859 838 1187 908 pronomina
1214 835 1526 899 masculini,
1550 835 1633 890 vel
1663 833 1905 888 feminini
1927 846 2091 902 geue-
2126 862 2129 873 ι

520 930 621 993 ris,
651 929 770 983 sine
804 928 1017 982 articuli
1051 927 1361 997 adjectioue
1386 926 1590 982 Graecae
1626 926 1824 997 linguae
1849 924 2093 993 proprie-

522 1031 634 1075 tate
662 1018 1035 1089 proteruntur.
1066 1017 1307 1071 Dicimus
1340 1017 1486 1070 enim
1512 1018 1541 1069 ὁ
1596 1015 1728 1085 ἐμὸς
1760 1013 1964 1084 πατὴρ,
1994 1013 2093 1065 καὶ

523 1113 557 1179 ὴ
583 1109 689 1180 ἐμὴ
714 1109 881 1175 οἰκία,
912 1109 945 1179 ἡ
974 1109 1149 1171 πόλις,
1170 1108 1244 1171 il,
1286 1116 1388 1171 est,
1408 1105 1510 1160 Hic
1538 1122 1679 1160 meus
1698 1105 1878 1170 Pater,
1901 1114 1955 1158 et
1982 1103 2093 1157 Itazc

526 1200 641 1257 nica
667 1202 878 1267 domus,
906 1210 1001 1256 aut
1032 1202 1239 1257 civitas.
1272 1201 1347 1255 Ita
1378 1201 1579 1271 quippe
1608 1198 1829 1261 δέκα.
1864 1205 1923 1251 ιιι
1955 1195 2095 1250 όὶιί-

524 1309 670 1359 mus,
733 1294 930 1361 linguae
979 1292 1339 1357 consuetudo,
1396 1307 1503 1360 qua
1556 1292 1673 1345 ~hoe
1740 1288 2091 1358 Evangelium

523 1387 785 1454 scriptum
818 1394 918 1448 est,
952 1383 1198 1453 proferre
1223 1382 1513 1438 consuevit
1548 1398 1565 1439 :
1601 1383 1740 1436 alias
1764 1379 1908 1434 enim
1938 1378 2093 1432 vitio-

524 1491 585 1529 sa
629 1486 776 1531 esset
826 1474 1219 1553 pronuntiatio.
1263 1474 1399 1529 Cum
1452 1488 1577 1527 vero
1625 1472 1744 1527 siue
1792 1469 2094 1538 adiectione

525 1569 745 1630 dicitur,
779 1577 1033 1623 neutrum
1074 1583 1220 1629 esse,
1248 1578 1310 1627 et
1350 1580 1462 1620 rem
1490 1564 1804 1635 signiﬁcare
1840 1560 2095 1629 intelligi-

526 1670 631 1713 tur.
684 1659 938 1727 Exempli
974 1674 1137 1714 causa
1170 1678 1181 1712 :
1217 1658 1283 1711 Et
1311 1674 1364 1710 τι
1398 1656 1492 1709 καὶ
1524 1654 1724 1724 τούμόν
1778 1654 1895 1705 ἐστι
1945 1649 2097 1719 παρὰ

528 1750 631 1817 σοὶ,
662 1751 713 1805 id
740 1758 861 1806 est:
894 1749 954 1805 Si
990 1750 1115 1818 quid
1146 1765 1317 1802 meum
1352 1757 1429 1803 est
1463 1747 1604 1814 apud
1635 1756 1705 1808 te,
1740 1744 1882 1814 quod
1913 1756 2009 1812 per
2037 1755 2097 1794 se

2199 575 2259 619 ut
2298 566 2468 620 Deum
2514 564 2655 618 mitti
2690 563 2910 625 dixerit,
2948 561 3211 615 continuo
3247 562 3597 632 blasphemus
3630 564 3767 617 erit:

2199 670 2219 705 ι
2242 654 2440 710 Missus
2466 653 2610 708 enim
2638 661 2743 717 est,
2761 652 2834 706 ait
2859 652 3144 720 theologus
3162 651 3476 721 Gregorius,
3501 654 3592 707 sed
3617 654 3771 722 quasi

2198 745 2384 810 homo,
2417 744 2502 798 sin
2540 753 2722 798 autem
2766 743 2927 797 etiam
2976 752 3036 796 ut
3086 741 3250 806 Deus,
3282 742 3413 810 quid
3468 745 3656 799 hoc?»
3709 745 3773 798 Et

2200 841 2303 892 hoc
2334 837 2597 907 profecto,
2622 835 2780 906 quasi
2812 850 3021 901 verum,
3051 834 3407 904 approbavit?

2269 930 2454 1000 Neque
2507 944 2739 999 magnus
2792 926 3025 982 Basilius
3070 942 3191 982 cum
3248 926 3510 990 dixisset,
3573 925 3767 981 Filiqu

2197 1022 2386 1079 Ordine
2453 1035 2517 1076 ac
2561 1018 2822 1089 dignitate
2872 1034 2902 1072 a
2950 1016 3109 1071 Patre
3138 1017 3439 1071 secundum
3472 1033 3609 1081 esse,
3645 1019 3772 1086 quia

2199 1113 2414 1167 initium
2470 1119 2522 1165 et
2552 1125 2717 1165 causa
2750 1108 2847 1171 illi,
2889 1118 2947 1162 ut
2977 1117 3141 1171 esset,
3174 1107 3332 1161 Pater
3363 1107 3485 1171 fuit,
3514 1109 3773 1162 continuo

2192 1207 2430 1273 scipsum
2477 1202 2760 1264 destruxit,
2812 1198 3181 1269 adjicienszt
3221 1198 3283 1252 Et
3359 1200 3614 1268 quoniam
3681 1216 3775 1266 per

2197 1296 2375 1365 ipsum
2420 1308 2671 1347 accessus
2714 1303 2768 1346 et
2817 1291 3068 1345 adductio
3114 1291 3178 1344 ad
3216 1290 3384 1345 Deum
3453 1300 3508 1345 et
3553 1291 3769 1345 Patrem

2200 1387 2356 1441 nobis
2388 1396 2489 1442 est.
2528 1408 2546 1436 ι
2586 1383 2890 1453 Utrumque
2914 1384 3059 1436 enim
3093 1397 3280 1437 verum
3308 1391 3409 1447 est,
3436 1382 3480 1435 si
3519 1382 3641 1452 quis
3668 1384 3771 1436 ista

2200 1479 2535 1548 distinguere
2586 1477 2733 1540 velit,
2785 1487 2840 1530 et
2888 1474 3042 1545 juxta
3091 1474 3297 1528 variam
3360 1475 3769 1544 intelligentiam

2201 1570 2474 1639 accipere.

2274 1661 2352 1715 ιω
2382 1669 2436 1714 et
2477 1659 2901 1730 Chrysostomus
2934 1657 3138 1713 dixisse
3203 1658 3479 1727 putandus
3514 1666 3615 1723 est,
3650 1674 3775 1713 cum

2205 1751 2442 1806 haeretici
2478 1765 2546 1804 ex
2579 1765 2664 1814 eo,
2699 1750 2845 1818 quod
2896 1749 3098 1804 dicitur
3146 1749 3407 1819 Spiritum
3458 1762 3700 1804 sanctum
3746 1768 3778 1802 a

530 1814 642 1896 rem
685 1840 910 1909 intelligi
953 1814 1070 1895 dat.
1104 1840 1183 1895 Ad
1233 1843 1345 1893 hanc
1378 1850 1560 1893 autem
1590 1854 1604 1890 :
1637 1834 1724 1889 Ea:
1748 1850 1859 1895 meo
1886 1833 2097 1901 accipit,
2134 1814 2177 1871 Β
2206 1836 2343 1891 Filio
2377 1836 2652 1906 accipere,
2690 1814 2929 1906 Spiritus
2961 1814 3318 1892 substantiam
3358 1836 3552 1892 velli-ut
3592 1839 3781 1892 immi-

526 1931 639 1985 sive
671 1932 921 2000 Accipiet,
965 1930 1325 2002 prscedentia
1368 1927 1737 1984 commendat.
1779 1927 1869 1981 Ait
1907 1926 2099 1980 euim':

468 2066 473 2075 .
527 2020 740 2082 Omnia.
771 2038 888 2091 qua:
917 2021 1071 2075 habet
1100 2020 1284 2088 Pater,
1308 2034 1426 2074 mea
1460 2028 1603 2074 sunt.
1636 2017 1764 2072 Ideo
1789 2017 1903 2070 dixi
1932 2018 2099 2082 vobis,

525 2111 653 2181 quia
694 2127 760 2165 ea:
789 2126 899 2165 meo
933 2112 1150 2180 accipit.
1186 2111 1244 2166 Si
1279 2111 1424 2167 enim
1461 2108 1700 2180 Spiritus
1728 2125 1759 2164 a
1790 2107 1930 2163 Filio
1959 2108 2104 2163 arci-

524 2200 623 2269 pit,
662 2199 839 2255 Patris
870 2210 1052 2255 autem
1087 2203 1269 2256 omnia
1333 2210 1388 2256 et
1421 2199 1560 2254 Filio
1594 2197 1910 2254 communia
1945 2206 2101 2264 sunt;

528 2290 877 2346 manifestum
898 2302 1067 2348 estex
1102 2293 1208 2357 his,
1235 2290 1503 2347 insinuari
1531 2290 1751 2357 Filium,
1784 2304 1948 2344 unum
1976 2302 2101 2343 cum

529 2382 688 2437 Patre
744 2382 910 2437 Deum
935 2398 1088 2451 esse;
1121 2383 1383 2453 Spiritum
1417 2392 1598 2441 autem
1623 2397 1808 2438 verum
1841 2382 2008 2435 Deum
2037 2395 2104 2434 ex

530 2473 707 2530 Patris
762 2485 817 2530 et
853 2473 977 2530 Filii
1023 2475 1262 2532 essentia
1292 2475 1640 2532 denuntiari:
1677 2490 1798 2545 qua
1832 2488 1964 2530 sane
2011 2488 2104 2528 su-

528 2567 681 2634 perni
716 2566 920 2637 eloquii
952 2567 1034 2622 vis
1065 2576 1171 2623 est.

599 2653 771 2713 Perro
800 2658 1023 2715 dicere:
1071 2677 1094 2712 ι
1122 2659 1341 2725 Omnia,
1382 2674 1504 2729 qua
1551 2657 1713 2713 habet
1757 2658 1942 2722 Pater,
1982 2672 2105 2713 mea

530 2756 689 2810 sunt;
724 2748 846 2804 ideo
878 2749 1032 2806 dixi:
1064 2751 1193 2820 quia
1229 2766 1295 2805 ex
1322 2765 1445 2805 meo
1476 2750 1636 2805 Patre
1671 2746 1923 2819 accipiet,
1956 2767 1974 2801 ι
2011 2758 2108 2805 aut

529 2839 666 2893 nihil
697 2840 987 2911 signiﬁcat,
1018 2851 1123 2897 aut
1146 2841 1283 2896 nihil
1314 2844 1380 2896 ad
1417 2841 1756 2912 propositum
1793 2840 1919 2905 sibi,
1945 2840 2107 2911 quipc

532 2948 602 3001 pe
646 2940 899 3003 suscepta
947 2933 1017 2989 ad
1067 2942 1403 2989 structuram
1451 2948 1644 2998 causa,
1699 2933 1836 2987 nihil
1880 2934 1949 2988 de
1985 2933 2108 2989 Filii

531 3024 797 3094 dignitate
839 3027 1139 3094 concludit,
1168 3028 1277 3084 nisi
1323 3028 1379 3081 in
1426 3039 1692 3099 quantum
1737 3026 1941 3082 dictum
1982 3034 2106 3081 est:

2205 1942 2419 1982 nuere:
2452 1939 2678 1982 sanctus
2722 1928 2940 1983 illorum
2974 1943 3070 1983 ora
3110 1930 3390 1983 obstruere
3420 1929 3625 1995 volens,
3676 1931 3785 1984 hoc
3858 1954 3869 1965 κ

2205 2021 2256 2074 iu
2291 2021 2413 2075 loco
2448 2021 2696 2089 accipere
2724 2022 2868 2091 quod
2902 2021 3121 2087 dicitur,
3166 2022 3464 2075 secundum
3504 2021 3781 2076 hominrm

2204 2116 2446 2181 accepit;
2501 2112 2592 2166 ubi
2649 2121 2831 2167 autem
2865 2112 3128 2167 adversus
3160 2112 3281 2167 illos
3337 2113 3385 2173 ei
3433 2128 3609 2183 pugna
3668 2130 3780 2168 non

2207 2213 2346 2267 crat,
2386 2203 2636 2258 traditam
2666 2205 3071 2275 [expositionem
3110 2220 3232 2259 cum
3277 2205 3505 2274 reliquis
3536 2205 3782 2259 roborat.

2208 2293 2402 2349 Dicens
2431 2294 2575 2349 enim
2602 2294 2654 2348 in
2674 2293 2902 2349 Joannis
2929 2292 3219 2365 Evangelio
3247 2312 3260 2348 :
3283 2294 3368 2348 Ea:
3404 2312 3514 2350 meo
3536 2297 3782 2365 accipiet,

2207 2386 2311 2441 hoc
2339 2394 2445 2449 est,
2475 2400 2541 2439 ex
2588 2400 2708 2440 mea
2749 2387 2999 2449 scientia,
3031 2388 3274 2441 ostendit
3302 2403 3359 2443 se
3386 2386 3531 2458 quod
3556 2388 3785 2454 dicitur,

2203 2490 2268 2531 ex
2311 2491 2431 2531 meo
2476 2476 2729 2546 accipiet,
2763 2478 2847 2531 vel
2882 2477 3104 2547 accipit,
3135 2494 3199 2532 ex
3224 2476 3385 2544 Filio,
3423 2478 3783 2535 intellexisse.

2208 2566 2326 2638 Ipse
2357 2567 2559 2637 quippe
2589 2578 2673 2623 est
2716 2567 2810 2623 Dei
2865 2569 3153 2639 sapientia,
3188 2586 3363 2641 neque
3408 2580 3490 2627 est
3520 2572 3665 2626 aliud
3693 2588 3786 2628 es-

2207 2659 2381 2714 sentia
2411 2658 2552 2727 ejus,
2587 2670 2785 2731 praeter
2826 2660 3111 2715 scientiam
3145 2663 3334 2732 ipsius.
3369 2663 3540 2717 Aliter
3581 2665 3788 2735 quippe

2207 2750 2544 2818 compositus
2573 2752 2700 2818 erit,
2728 2766 2853 2806 cum
2884 2754 2939 2806 in
2966 2752 3071 2809 alio
3100 2756 3357 2820 essentia,
3390 2756 3443 2810 in
3474 2757 3580 2811 alio
3608 2758 3793 2813 scien-

2210 2842 2282 2895 tia
2314 2841 2659 2910 inspiciatur.
2698 2842 2765 2897 Et
2806 2845 3043 2899 essentia
3087 2846 3303 2914 quidem
3352 2862 3538 2902 carere
3582 2850 3789 2903 intelli-

2208 2934 2408 3003 gentia,
2452 2936 2675 2991 scientia
2709 2951 2837 2991 vero
2866 2937 2985 2991 sine
3011 2938 3316 2993 substantia
3360 2955 3484 2995 esse
3509 2941 3791 2995 credetur.

2210 3027 2499 3082 Enimvero
2538 3029 2671 3083 dare
2730 3037 2788 3083 et
2830 3029 3078 3100 accipere
3104 3032 3250 3101 quod
3291 3032 3792 3121 diutum-causam

532 3114 747 3184 Omnia,
791 3134 907 3189 qua:
962 3118 1118 3172 habet
1170 3119 1334 3173 Pater
1382 3135 1499 3173 mea
1546 3127 1691 3184 sunt,
1743 3118 1890 3188 quod
1941 3115 2104 3172 etiam
2135 3155 2181 3216 ο
2210 3121 2541 3190 causaleque
2585 3122 2803 3191 signare
2832 3123 3176 3177 monstravit.
3220 3122 3334 3177 Hoc
3360 3114 3549 3179 auten}-
3572 3126 3795 3194 exposi-

529 3209 650 3264 siue
700 3225 785 3275 eo,
821 3211 968 3281 quod
1017 3212 1287 3282 sequitur,
1322 3212 1500 3267 solum
1546 3225 1643 3280 per
1677 3225 1735 3265 se
1771 3212 1949 3281 ipsum
1996 3211 2104 3266 dici

530 3308 766 3370 poterat.
1624 3304 1625 3307 “

601 3393 890 3460 Caeterum,
925 3395 971 3450 si
1005 3395 1129 3466 quis
1163 3395 1346 3452 divum
1376 3394 1828 3467 Chrysostomum
1862 3395 2105 3466 objiciat,

527 3487 583 3538 tu
608 3486 844 3555 quodam
874 3501 1128 3542 sermone
1154 3501 1257 3542 suo
1288 3487 1340 3542 id
1370 3497 1756 3556 exponentem,
1788 3487 1937 3555 quod
1968 3487 2106 3541 dici-

536 3584 678 3631 tur:
732 3575 817 3629 Ea:
869 3593 982 3632 meo
1036 3579 1259 3649 accipiet
1298 3594 1318 3634 :
1366 3579 1619 3635 videlicet
1665 3595 1731 3634 ex
1761 3596 1876 3635 mea
1926 3595 2106 3646 carne,

534 3677 698 3739 atque
739 3682 805 3724 ea:
844 3686 958 3725 meo
1003 3687 1238 3740 corpore,
1284 3671 1450 3726 veluti
1494 3687 1561 3727 ex
1602 3671 1839 3727 cisterna
1873 3672 2106 3741 quadam

532 3758 659 3814 inde
680 3759 961 3815 hauriens.
988 3760 1273 3830 lmpletum
1304 3760 1451 3815 enim
1485 3761 1658 3815 fuisse
1691 3759 1877 3815 Jesum
1910 3775 2109 3817 secun-

530 3853 661 3907 dum
689 3851 965 3906 hominem
996 3852 1252 3907 omnibus
1283 3852 1475 3921 gratiis
1501 3852 1760 3922 Spiritus,
1791 3853 1860 3908 ab
1886 3852 1977 3907 illo
2005 3855 2106 3909 sibi

530 3943 712 3999 insitis
753 3953 808 3998 et
837 3944 894 3997 in
922 3958 981 3999 se
1008 3944 1326 4009 reconditis,
1352 3953 1517 4014 atque
1544 3944 1627 3999 ita
1668 3945 1886 4001 caeteris
1925 3946 2111 4001 distri-

536 4037 740 4100 buisse,
779 4034 1096 4111 ut'iuteritn
1140 4036 1341 4092 summi
1385 4036 1550 4105 hujus
1595 4037 1696 4092 viri
1747 4036 1918 4093 fuisse
1964 4040 2109 4095 hunc

533 4143 841 4185 sermonem
865 4116 1261 4193 concedamus;
1296 4128 1453 4185 valde
1488 4130 1634 4185 enim
1674 4141 1962 4201 suspectus
2000 4142 2102 4199 est,

535 4236 600 4276 eo
627 4221 773 4292 quod
817 4221 1042 4291 reliquis
1074 4223 1418 4279 sermonibus
1463 4223 1609 4279 illius
1645 4225 1867 4280 minime
1914 4227 2109 4283 similis

536 4314 635 4381 sit,
676 4329 852 4383 neque
882 4328 1068 4383 sensu,
1104 4328 1281 4384 neque
1314 4314 1530 4370 dicendi
1580 4316 1768 4370 modo.
1803 4315 1928 4371 Erat
1962 4317 2107 4372 enim

537 4406 709 4476 magis
740 4405 1017 4476 pr0prium
1048 4406 1229 4461 dicere
1261 4407 1526 4478 Spiritum
1575 4422 1641 4463 ex
1673 4411 1854 4478 seipso
1885 4411 1982 4464 ista
2004 4425 2106 4464 ac-

2216 3214 2441 3279 tionem,
2466 3227 2630 3283 quam
2661 3212 3033 3283 praediximus,
3072 3213 3314 3268 roborat.

2283 3303 2755 3369 Quemadmodum
2788 3304 2951 3374 igitur
3001 3305 3109 3369 his,
3153 3304 3245 3374 qui
3296 3319 3472 3377 majus
3520 3303 3574 3360 in
3621 3306 3794 3363 Patre

2215 3395 2299 3464 pie
2326 3410 2505 3451 causae
2537 3395 2748 3451 ratione
2776 3396 3104 3465 suscipiunt,
3132 3396 3316 3451 dicere
3349 3395 3402 3451 id
3431 3411 3649 3467 quoque
3677 3413 3793 3454 non

2214 3486 2317 3542 nisi
2352 3486 2499 3556 pium
2528 3496 2633 3551 est,
2659 3486 2816 3557 juxta
2856 3496 3173 3543 sanctorum
3204 3487 3417 3543 scilicet
3440 3488 3743 3543 doctrinam
3776 3508 3793 3546 :

2215 3577 2287 3632 ita
2313 3587 2367 3633 et
2388 3578 2441 3633 in
2462 3576 2603 3632 Filio
2625 3576 2917 3633 dicendum
2940 3577 3237 3632 secundum
3263 3576 3619 3632 Athanasium
3641 3577 3792 3647 qhod

2214 3668 2422 3723 scilicet
2452 3667 2659 3737 Spiritu
2692 3669 2764 3724 sit
2796 3667 3001 3736 major:
3038 3668 3111 3722 ita
3137 3682 3265 3737 ergo
3289 3666 3424 3721 nihil
3454 3668 3791 3737 prohibebit,

2213 3760 2380 3816 etiam
2427 3759 2601 3830 ipsius
2648 3759 3024 3831 Chrysostomi
3074 3759 3324 3814 traditam
3368 3761 3792 3831 expositionem,

2216 3865 2418 3918 veram,
2461 3864 2527 3905 ac
2570 3851 2934 3906 necessariam
2984 3850 3344 3906 existimare:
3381 3850 3619 3906 maxime
3644 3842 3794 3908 "cum

2216 3943 2378 3999 hodie
2430 3942 2579 3997 nulla
2637 3957 2738 3999 nos
2799 3942 3183 3998 haereticorum
3242 3941 3601 3998 contradictio
3664 3957 3797 4013 per-

2217 4034 2416 4090 turbet.

2286 4124 2349 4181 Si
2393 4125 2559 4197 igitur
2611 4139 2789 4197 neque
2825 4125 3148 4183 doctoribus
3177 4125 3423 4198 reliquis,
3463 4143 3636 4199 neque
3682 4130 3791 4186 sibi

2217 4220 2318 4289 ipsi
2348 4218 2658 4275 contrarius
2687 4228 2791 4285 est,
2823 4218 3099 4289 quomodo
3133 4219 3451 4288 praedictam
3486 4220 3793 4289 expositio-

2215 4325 2339 4366 nem
2380 4310 2459 4365 illi
2492 4310 2819 4365 contrariam
2850 4309 3131 4374 dicemus;
3189 4308 3235 4363 si
3277 4322 3330 4364 et
3365 4311 3459 4365 illo
3490 4312 3649 4365 modo
3681 4312 3795 4368 alia

2217 4403 2431 4459 ratione
2465 4401 2572 4456 dici
2607 4408 2808 4471 potest,
2848 4399 2999 4453 nulla
3026 4400 3328 4468 prtesertim
3360 4403 3798 4460 contradictione

533 4500 736 4569 cipere,
782 4514 906 4554 cum
958 4500 1075 4570 ipse
1121 4500 1294 4570 magis
1343 4500 1650 4572 hujusmodi
1707 4517 1995 4581 munerum
2038 4502 2109 4557 sit
2142 4510 2184 4567 ι)
2214 4496 2568 4569 perurgente?
2604 4496 2798 4565 Colligi
2845 4503 3025 4549 autem
3057 4504 3111 4548 et
3148 4493 3251 4549 hoc
3285 4511 3352 4549 ex
3395 4498 3667 4565 prmdictis
3695 4514 3798 4568 po-

535 4594 678 4655 fons,
712 4606 873 4661 quam
903 4589 1115 4669 Domini
1141 4607 1341 4662 corpus
1374 4592 1430 4647 in
1458 4602 1723 4662 quantum
1751 4608 1987 4662 corpus:
2018 4610 2111 4648 ex-

533 4685 887 4753 pressiusque
919 4683 1196 4739 diceretur
1246 4692 1302 4741 et
1344 4687 1549 4747 verius.
1586 4686 1783 4740 Filium
1825 4702 1855 4739 a
1903 4686 2106 4755 Spiritu

533 4775 799 4846 accipere,
826 4786 877 4831 et
902 4776 1033 4832 dare
1056 4777 1237 4841 nobis,
1262 4791 1386 4830 cum
1419 4786 1473 4832 et
1504 4778 1620 4847 ipse
1653 4778 1754 4832 ista
1785 4780 1875 4831 det
1902 4795 1915 4831 :
1946 4788 2109 4847 atque

533 4883 600 4922 co
655 4868 860 4938 magis,
934 4884 1041 4939 quo
1083 4878 1137 4923 et
1194 4868 1310 4938 ipse
1366 4867 1631 4939 Spiritum
1684 4870 1805 4936 dat,
1859 4884 1966 4923 nou
2023 4870 2110 4925 ille

534 4960 759 5017 Filium.

608 5055 790 5109 Posito
814 5065 1017 5116 tamen.
1048 5055 1193 5109 hunc
1218 5068 1525 5110 sermonem
1555 5068 1681 5108 esse
1712 5053 2101 5123 Chrysostomi,

486 5212 495 5219 ἢ
532 5144 625 5196 hic
658 5144 758 5197 ista
802 5142 1143 5206 docebimus.
1183 5160 1361 5214 neque
1409 5144 1788 5213 superioribus
1836 5146 2106 5200 contraria

532 5249 680 5299 esse,
712 5252 887 5305 neque
927 5236 1187 5290 traditam
1218 5252 1248 5289 a
1281 5237 1489 5291 sanctis
1523 5234 1780 5290 Patribus
1810 5236 2108 5305 expositio-

535 5344 683 5391 nem,
706 5327 810 5383 hoc
845 5329 1041 5397 posito,
1074 5338 1291 5383 nutare.
1326 5326 1513 5397 Neque
1544 5312 1647 5381 ista
1677 5325 1779 5382 sibi
1813 5325 1948 5380 adeo
1978 5342 2110 5380 cou-

536 5420 723 5483 traria,
773 5430 833 5474 ut
891 5438 1002 5476 uno
1060 5422 1258 5493 posito,
1319 5422 1585 5489 reliquum
1637 5420 1961 5474 inconstans
2015 5421 2110 5476 sit.

532 5511 721 5583 Neque
768 5513 937 5580 enim,
962 5515 1085 5579 etsi,
1116 5524 1178 5570 ut
1213 5514 1401 5578 homo,
1434 5510 1600 5567 Filius
1650 5510 1903 5573 mittitur,
1933 5511 2107 5581 pluri-

606 5651 718 5721 (27)
759 5651 884 5706 ila‘c
913 5669 1032 5722 qum
1080 5668 1146 5709 ne
1182 5654 1387 5722 majore
1415 5660 1468 5707 ct
1498 5653 1707 5707 minore
1739 5652 1826 5705 hic
1858 5661 1911 5705 et
1942 5665 2104 5721 supra

536 5722 735 5793 Mevius
768 5723 994 5778 Calt‘cas
1026 5726 1240 5793 repetit,
1274 5725 1359 5790 pie
1388 5732 1443 5778 et
1469 5722 1756 5777 commode
1785 5722 2103 5793 accipienda

536 5791 689 5857 sunt,
752 5804 805 5850 ut
862 5803 914 5849 ct
965 5796 1051 5849 illa
1090 5791 1151 5848 de
1208 5794 1543 5864 ptioritatc:
1602 5807 1725 5846 nam
1787 5791 2106 5862 simpliciter

2213 4601 2336 4655 test,
2367 4591 2494 4660 quia
2523 4589 2702 4658 majus
2732 4587 2870 4659 (27),
2897 4586 3040 4656 quod
3066 4583 3205 4640 Filio
3233 4590 3535 4643 secundum
3566 4604 3795 4645 causam

2209 4682 2538 4737 Athanasius
2576 4680 2821 4740 reddidit.
2851 4679 2953 4732 hoc
2982 4693 3103 4747 mag
3127 4692 3235 4733 nus
3258 4677 3496 4735 Basilius
3532 4681 3585 4735 in
3620 4681 3798 4749 Spiri-

2213 4784 2267 4829 tu
2303 4774 2501 4844 posuit,
2542 4786 2792 4826 asserens
2819 4768 2969 4824 illum
2999 4768 3136 4823 Filio
3164 4770 3463 4825 concedere
3512 4781 3567 4824 et
3599 4771 3798 4827 ordine

2210 4875 2263 4920 et
2289 4864 2568 4934 dignitate.
2587 4862 2723 4916 Nam
2760 4861 2804 4916 si
2840 4859 3080 4928 Spiritus
3105 4861 3357 4916 concedit
3383 4859 3540 4927 Filio,
3564 4872 3617 4917 et
3649 4864 3796 4918 ordi-

2214 4972 2279 5011 ne
2330 4966 2383 5011 et
2409 4955 2691 5025 dignitate,
2717 4962 2927 5007 constat
2966 4952 3168 5007 Filium
3202 4954 3463 5025 majorem
3495 4970 3616 5010 esse
3645 4956 3799 5009 ordi-

2216 5066 2283 5104 ne
2336 5064 2397 5104 ac
2420 5046 2705 5118 dignitate.
2732 5044 2845 5101 l-loc
2870 5054 3049 5101 autem
3072 5048 3233 5100 etiam
3264 5049 3328 5099 ad
3351 5047 3793 5117 Amphilochium

2215 5141 2480 5201 scribens,
2536 5137 2798 5193 indicavit
2863 5136 3053 5193 dicens
3099 5154 3114 5192 :
3169 5136 3319 5192 Sicut
3368 5153 3500 5207 ergo
3559 5138 3797 5208 Spiritus

2215 5241 2455 5295 sanctus,
2483 5231 2601 5299 ejus
2660 5245 2725 5284 ex
2758 5244 2868 5299 quo
2902 5228 3172 5299 processit
3200 5229 3630 5297 magnitudinem
3659 5230 3797 5283 iusi-

2220 5332 2373 5386 nuat,
2411 5321 2529 5376 Filii
2580 5322 2813 5387 scilicet,
2845 5321 2912 5375 de
2943 5320 3063 5389 ipso
3103 5320 3249 5373 enim
3298 5320 3399 5373 sibi
3432 5335 3610 5375 sermo
3638 5330 3793 5385 erat;

2218 5422 2317 5476 etsi
2352 5420 2515 5490 igitur
2547 5434 2671 5472 cum
2710 5414 2851 5470 Filio
2883 5414 3183 5469 concedere
3236 5412 3390 5473 dixit,
3420 5427 3581 5464 uuam
3612 5421 3791 5465 tamen

2220 5512 2506 5580 utriusque
2555 5518 2812 5563 naturam
2862 5504 3171 5568 coulitetur,
3212 5502 3468 5571 quoniam
3521 5502 3693 5557 deitas
3737 5502 3795 5555 in

2216 5650 2349 5705 nihil
2380 5650 2555 5722 majus
2586 5656 2677 5703 aut
2712 5647 2891 5701 minus
2918 5655 2998 5700 est
3029 5642 3081 5696 in
3112 5639 3192 5696 SS
3266 5635 3549 5691 Trinitatis
3591 5646 3793 5706 mystc-

2217 5738 2317 5775 Πυ.
3456 5738 3473 5745 ⁴
