4010 6220
168 428 224 493 61
1277 411 1677 475 ADVERSUS
1712 408 2027 478 GRAECOS
2076 407 2226 469 LIB.
2270 406 2358 471 II.

3341 396 3415 459 62

168 555 384 609 utroque
412 551 543 593 una.
570 536 646 590 Ac
682 533 846 590 veluti
873 547 999 589 cum
1031 534 1195 589 Pater
1220 532 1357 587 Filio
1383 531 1577 599 major,
1604 543 1732 582 cau-
1760 532 1806 589 Α
1834 527 2020 589 etiam,
2043 525 2188 595 quod
2212 524 2434 588 dicitur,
2459 521 2524 576 ab
2550 535 2615 576 co
2644 535 2768 576 esse
2801 518 3019 583 habere,
3049 516 3412 573 substantiam

168 651 235 689 sa
270 632 486 688 ratione
527 628 767 684 dicitur:
805 643 915 682 non
962 628 1084 681 ideo
1110 627 1311 694 ftamen
1361 623 1534 678 Filius
1576 622 1739 677 Patre

168 728 345 780 minor
382 734 483 779 est.
509 723 606 786 Ita,
635 730 687 777 et
720 736 845 776 cum
872 719 1047 774 Filius
1094 719 1269 789 major
1302 718 1508 787 Spiritu
1545 725 1737 771 sancto

167 828 470 880 asseratur,
501 831 606 869 non
638 822 820 869 tamen
849 811 990 866 Filio
1019 812 1200 865 minor
1232 809 1473 880 Spiritus
1512 816 1738 864 sanctus

170 910 508 978 intelligitur.
548 905 665 960 Una
701 905 903 975 quippe
945 904 1109 958 trium
1157 902 1396 956 essentia
1436 910 1541 954 est.
1568 900 1741 953 Porro

175 1017 291 1056 cum
357 998 675 1069 hujusmodi
744 997 1045 1052 secundum
1100 993 1441 1065 personalem
1493 990 1737 1045 ordinem

172 1094 443 1155 dicuntur,
493 1090 609 1144 sola
664 1104 829 1142 causa
909 1098 1071 1156 atque
1120 1083 1327 1139 causali
1382 1095 1737 1152 personarum

170 1186 427 1237 discretio
458 1183 727 1237 redditur.
754 1178 901 1232 Nihil
934 1177 1077 1232 enim
1122 1174 1267 1229 aliud
1314 1172 1631 1234 concedere,
1660 1168 1743 1223 vel

174 1275 469 1331 secundum
524 1289 648 1329 esse
685 1271 980 1341 signiﬁcat.
1016 1269 1119 1322 nisi
1157 1268 1316 1322 aliam
1364 1274 1491 1320 ante
1520 1278 1580 1319 se
1623 1276 1747 1317 esse

173 1382 481 1437 personam,
535 1380 655 1435 quae
712 1372 838 1417 ante
913 1368 1096 1416 mente
1169 1356 1525 1427 concipiatur,
1578 1338 1744 1424 quam

172 1462 301 1529 ipse.

234 1596 437 1660 Porro,
470 1593 565 1664 qui
592 1592 667 1647 ita
702 1591 887 1647 Basilii
925 1590 1125 1646 dictum
1166 1588 1462 1659 accipiunt,
1497 1597 1558 1642 ut
1599 1586 1747 1657 quod

173 1688 257 1742 ille
285 1690 372 1740 ait
400 1686 662 1755 Spiritum
695 1698 724 1736 a
759 1682 896 1736 Filio
925 1696 1050 1738 esse
1094 1680 1319 1763 habere,
1346 1679 1414 1734 ab
1447 1679 1565 1750 ipso
1607 1676 1751 1741 dari,

175 1780 380 1831 habere
424 1774 737 1846 signiﬁcare
770 1780 981 1843 putent,
1025 1784 1146 1825 esse
1190 1784 1289 1838 pro
1333 1783 1421 1832 eo,
1471 1766 1615 1836 quod
1667 1774 1753 1822 est

177 1871 310 1934 dari,
356 1868 739 1937 accipientes:
778 1872 963 1920 contra
1012 1862 1236 1916 omnino
1277 1860 1543 1937 sentiunt,
1592 1874 1757 1928 quam
1785 1858 1833 1917 B

175 1980 230 2019 se
264 1964 431 2017 habet
460 1960 705 2015 doctoris
737 1959 985 2012 intentio.
1019 1954 1112 2009 llle
1138 1955 1284 2010 enim
1310 1951 1758 2008 consubstantia-

176 2054 273 2107 lem
318 2052 476 2108 Patri
514 2049 709 2105 Filium
744 2063 866 2102 cum
910 2044 1263 2107 ostendisset,
1292 2044 1455 2099 etiam
1492 2026 1758 2112 Spiritum

175 2155 439 2201 sanctum
492 2138 1016 2197 consubstantialem
1071 2135 1230 2201 Filio,
1285 2149 1350 2189 ac
1414 2148 1511 2204 per
1559 2132 1759 2202 ipsum,

176 2236 332 2291 Patri
394 2232 724 2289 concludere
772 2229 1028 2285 intendit.
1068 2228 1337 2283 Caeterum
1368 2225 1485 2280 dari
1529 2239 1558 2279 a
1600 2223 1760 2289 Filio,

175 2329 521 2386 contrarium
550 2325 847 2387 concludit,
876 2323 980 2377 nisi
1010 2321 1155 2393 quod
1183 2321 1344 2377 datur
1372 2334 1466 2389 per
1488 2333 1636 2381 eum,
1669 2332 1763 2387 per

177 2437 341 2491 quem
374 2420 543 2473 datur
567 2414 915 2481 naturaliter,
959 2422 1011 2469 et
1052 2410 1420 2469 essentialiter
1470 2408 1766 2478 procedere

180 2518 661 2579 presupponatur,
694 2506 912 2577 quando
936 2506 1099 2559 etiam
1130 2505 1271 2571 dari,
1306 2504 1360 2557 in
1398 2500 1763 2558 divinisidem

179 2614 283 2667 est,
337 2602 489 2672 quod
550 2599 868 2670 procedere.
932 2598 1199 2664 Quoniam
1250 2598 1414 2666 igitur
1467 2596 1767 2653 Eunomius

179 2697 523 2751 creationem
553 2693 678 2747 Filii
708 2690 1240 2761 Spiritumsanctum
1272 2706 1394 2746 esse
1423 2691 1771 2760 blasphema-

184 2791 293 2851 hat,
330 2785 451 2840 dari
502 2794 685 2838 autem
737 2782 915 2837 solum
962 2782 1104 2851 quod
1153 2782 1375 2845 dicitur,
1412 2782 1477 2835 ad
1524 2782 1662 2836 hanc
1696 2779 1769 2834 illi

184 2880 591 2948 blasphemiam
642 2876 1057 2946 Opitulabatur:
1110 2884 1335 2932 sanctus
1382 2873 1623 2944 profecto
1667 2874 1770 2940 vir,

186 2983 351 3042 atque
392 2970 774 3033 doctissimus,
806 2982 1091 3035 nunquam
1129 2967 1265 3021 adeo
1310 2964 1670 3027 imbecilliter,
1710 2978 1774 3019 ac

188 3081 286 3136 pro
318 3062 565 3119 inimicis
593 3063 756 3117 etiam
780 3061 1017 3131 egisset;
1052 3059 1163 3114 imo
1192 3060 1237 3114 si
1269 3057 1495 3113 omnino
1524 3056 1774 3127 putavis-

189 3170 291 3223 set,
338 3154 663 3225 huiusmodi
710 3152 1107 3223 expositionem
1152 3164 1216 3203 ex
1260 3149 1442 3203 verbis
1489 3149 1605 3203 suis
1651 3145 1770 3216 capi

191 3266 375 3319 posse,
405 3248 497 3302 vel
538 3247 593 3301 id
635 3259 919 3314 nunquam
969 3243 1183 3312 penitus
1211 3242 1457 3304 dixisset,
1506 3247 1600 3295 aut
1644 3254 1767 3293 cum

192 3340 505 3409 adiectione
534 3350 603 3389 ac
632 3332 1016 3405 pmﬁnitiune,
1041 3332 1195 3400 juxta
1228 3331 1511 3385 doctorum
1549 3343 1774 3383 consue-

196 3431 441 3485 tudinem
476 3428 740 3493 dixisset;
778 3435 943 3495 atque
968 3422 1213 3487 omnino,
1245 3429 1306 3477 ut
1340 3421 1443 3476 fuit
1471 3420 1776 3491 diligentis-

200 3527 396 3587 simus,
442 3522 498 3575 in
545 3521 651 3575 hac
698 3534 756 3573 re
787 3519 843 3573 in
901 3516 1094 3588 primis
1145 3514 1436 3568 maximam
1485 3511 1778 3582 diligentia

201 3631 392 3670 curam
420 3613 727 3679 habuisset,
753 3626 824 3666 ne
851 3618 1039 3667 contra
1065 3622 1228 3678 quam
1257 3606 1653 3676 proposuisset,
1672 3601 1785 3659 elli-

202 3716 375 3761 ceret.

272 3845 352 3897 Ex
398 3856 511 3913 quo
550 3842 696 3905 item
746 3847 983 3905 constat,
1014 3837 1220 3893 idcirco
1263 3835 1374 3892 dici
1403 3849 1434 3890 a
1480 3832 1617 3889 Filio
1662 3832 1784 3888 dari

207 3935 479 4004 Spiritum
530 3940 805 3997 sanctum,
859 3930 1117 4000 quoniam
1159 3928 1225 3982 ab
1260 3927 1380 3997 ipso
1431 3939 1552 3982 esse
1600 3923 1782 3978 habet.

210 4029 355 4082 Alias
409 4026 557 4081 enim
601 4023 839 4079 ministri
890 4023 1213 4095 fungeretur
1246 4020 1443 4085 oﬁicio,
1480 4018 1624 4088 quod
1662 4032 1783 4082 ,non

218 4134 305 4190 per
336 4119 523 4188 ipsum
559 4115 880 4171 naturaliter
910 4115 1251 4186 procederet,
1285 4111 1554 4182 przebens.
1589 4107 1786 4179 Liquet

237 4324 391 4353 ἕπε
559 4327 592 4352 επ
1051 4324 1109 4349 ==
1140 4324 1350 4330 _____
1557 4324 2377 4328 m_v,_w,_,
2436 4324 2457 4326 ί
2494 4324 2533 4325 η

1845 618 2079 689 Spiritus
2103 632 2201 687 per
2227 614 2419 669 Filium
2450 611 2778 683 signiﬁcare.

1916 712 2200 773 Praeterea,
2236 723 2464 780 magnus
2492 708 2603 776 ipse
2634 705 2889 767 Basilius,
2926 702 2977 755 in
3015 701 3112 755 lib.
3149 715 3199 753 tv
3253 698 3416 764 ριιαιο

1842 808 2092 879 sfionum,
2133 804 2209 857 ait
2241 817 2256 856 :
2300 819 2317 852 t
2359 799 2543 867 Neque
2573 796 2717 849 enim
2752 795 2935 848 minus
2960 790 3166 860 aliquid
3193 803 3415 843 eramus

1849 899 2086 953 habituri
2137 896 2203 950 ad
2253 892 2679 964 agnoscendum,
2723 887 2868 956 quod
2906 884 3143 955 Spiritus
3185 898 3251 937 ex
3308 880 3417 931 [)ι·ο

1848 993 1946 1055 sit,
1980 988 2242 1058 Spiritum
2269 984 2380 1039 oris
2409 981 2528 1051 ejus
2554 981 2729 1049 ipsum
2765 991 2883 1032 esse
2915 974 3226 1037 audientes;
3264 991 3280 1021 ι
3322 968 3416 1023 sed

1850 1084 1953 1138 hoc
1984 1080 2228 1135 suﬁicere
2280 1058 2491 1146 poterat
2529 1087 2624 1141 per
2659 1087 2718 1126 se
2748 1069 2814 1123 ad
2864 1066 3241 1125 indicandum,
3292 1061 3423 1117 sub-

1849 1175 2106 1232 stantiam
2141 1170 2260 1241 cjus
2319 1186 2385 1223 ex
2419 1166 2529 1221 Deo
2560 1180 2700 1221 esse.
2741 1163 2798 1217 Si
2841 1162 3006 1227 igitur
3055 1158 3319 1227 Spiritum
3352 1170 3425 1208 ex

1855 1270 1963 1325 Deo
1990 1283 2129 1331 esse,
2163 1267 2302 1319 idem
2350 1272 2452 1327 est,
2482 1264 2629 1332 quod
2677 1258 2941 1331 Spiritum
2977 1256 3090 1309 oris
3123 1254 3242 1323 ejus
3279 1251 3424 1314 dici;

1852 1377 1915 1416 os
1954 1370 2136 1413 autem
2182 1356 2361 1410 Patris
2415 1354 2587 1409 Filius
2624 1367 2653 1406 a
2688 1350 2965 1420 magistris
2999 1346 3259 1402 Ecclesia:
3288 1343 3426 1396 dici-

1856 1465 1977 1515 tur;
2012 1452 2153 1506 idem
2202 1462 2332 1518 ergo
2362 1460 2465 1510 est,
2501 1443 2766 1515 Spiritum
2806 1459 2870 1495 ex
2904 1440 3011 1494 Deo
3044 1452 3190 1501 esse,
3221 1435 3425 1497 dicere,

1853 1559 1909 1603 et
1938 1548 2112 1616 ipsum
2142 1540 2264 1595 Filii
2298 1539 2558 1609 Spiritum
2593 1536 2792 1591 dicere.
2831 1534 2894 1586 At
2921 1529 3053 1584 illud
3100 1525 3273 1581 sancti
3305 1524 3429 1592 Spi-

1857 1642 1995 1694 ritus
2026 1653 2091 1692 ex
2119 1635 2228 1688 Deo
2262 1630 2625 1689 substantiam
2661 1626 2952 1698 signiﬁcat.
2980 1622 3169 1690 Itaque
3195 1629 3249 1673 et
3278 1616 3425 1687 quod

1859 1729 1979 1784 Filii
2015 1726 2249 1797 Spiritus
2278 1724 2500 1787 dicitur,
2541 1720 2790 1775 eamdem
2829 1717 3013 1770 itidem
3062 1709 3429 1767 substantiam

1864 1820 2099 1891 Spiritus
2132 1826 2185 1872 et
2215 1832 2308 1885 per
2337 1814 2536 1869 Filium
2584 1823 2637 1868 et
2663 1828 2691 1865 a
2722 1808 2859 1863 Filio
2884 1808 3150 1873 designat.
3172 1801 3432 1857 Sullirere

1861 1912 2043 1980 itaque
2068 1909 2143 1962 ait
2171 1919 2224 1964 et
2264 1909 2365 1962 hoc
2390 1906 2456 1960 ad
2495 1902 2878 1959 insinuandam
2914 1896 3275 1953 substantiam
3305 1891 3432 1960 Spi-

1860 2005 2020 2058 ritus.
2054 2000 2209 2056 Unde
2236 2008 2446 2054 conStat
2475 1998 2659 2058 etiam,
2683 1996 2808 2063 quia
2839 2008 2944 2045 non
2970 1990 3105 2044 alias
3136 1986 3257 2041 Filii
3291 1987 3439 2037 diro.

1863 2104 2011 2151 rctur
2037 2093 2294 2163 Spiritus,
2332 2089 2438 2143 nisi
2487 2103 2580 2158 per
2608 2086 2812 2157 ipsum,
2840 2094 2893 2138 et
2922 2098 2987 2136 ex
3033 2080 3151 2151 ipso
3182 2080 3438 2133 substan-

1864 2187 1992 2243 tiam
2023 2185 2265 2239 haberet.

1936 2276 2206 2343 Quoniam
2249 2273 2415 2343 igitur
2461 2270 2514 2325 in
2571 2267 2704 2329 Deo,
2741 2275 2795 2321 et
2845 2263 3097 2331 materia,
3134 2269 3189 2316 et
3238 2265 3436 2313 cuncta

1864 2383 1985 2437 qum
2020 2373 2150 2422 sunt
2183 2381 2247 2419 ex
2277 2362 2526 2427 materia,
2575 2361 2791 2430 penitus
2842 2359 3019 2412 locum
3054 2367 3161 2407 non
3198 2352 3431 2409 habent,

1866 2472 1919 2515 et
1969 2472 2145 2528 neque
2187 2454 2485 2510 secundum
2522 2450 2899 2507 excellentiam
2938 2457 3101 2517 atque
3131 2443 3399 2498 defectum
3423 2480 3439 2504 ,

1869 2564 2044 2619 neque
2093 2557 2150 2601 ut
2202 2545 2500 2617 possessio,
2532 2544 2647 2597 sive
2687 2541 2912 2603 iactura,
2967 2537 3083 2590 sive
3134 2549 3282 2604 pars,
3328 2531 3444 2585 sire

1868 2640 2175 2694 membrum
2200 2676 2214 2699 ,
2253 2650 2427 2705 neque
2471 2632 2880 2703 quomodolibet
2927 2628 3084 2682 aliter
3112 2632 3289 2695 potest
3339 2622 3444 2676 hoc

1871 2730 2057 2800 hujus,
2103 2737 2195 2782 aut
2251 2726 2414 2795 hujus
2459 2712 2587 2786 dici,
2627 2721 2927 2776 secundum
2981 2713 3291 2787 hujusmodi
3322 2725 3444 2781 pro-

1873 2825 2153 2894 prietatem
2177 2837 2192 2885 ;
2220 2826 2433 2872 constat
2476 2812 2740 2884 profecto,
2773 2813 2900 2880 quia
2947 2823 3070 2864 cum
3120 2807 3223 2860 hoc
3259 2804 3444 2873 hujus,

1872 2923 1966 2969 aut
1996 2913 2167 2979 hujus
2215 2926 2243 2963 a
2298 2906 2564 2976 theologis
2602 2903 2822 2967 dicitur,
2888 2914 3049 2956 «ausa
3095 2897 3447 2959 insinuatur;

1874 3006 2035 3060 aliter
2066 3002 2210 3057 enim
2243 2988 2652 3069 esse-possibile
2684 3012 2789 3050 non
2816 3004 2920 3050 est.

1949 3098 2025 3151 Ex
2057 3110 2166 3167 quo
2196 3104 2247 3147 et
2274 3093 2402 3147 illud
2436 3106 2539 3144 una
2590 3091 2924 3153 insinuatur,
2960 3083 3223 3154 Spiritum
3258 3079 3320 3130 ad
3363 3076 3451 3132 Fi—

1801 3210 1844 3271 c
1876 3192 2009 3245 lium
2045 3189 2274 3245 relative
2315 3187 2443 3250 dici,
2472 3187 2516 3240 si
2550 3186 2663 3237 haec
2709 3180 2776 3235 ad
2834 3180 3064 3233 invicem
3118 3174 3449 3233 diSCCI‘lll‘l't‘,

1878 3281 2178 3338 secundum
2211 3294 2389 3334 cauam
2444 3276 2793 3343 causalisque
2824 3271 3141 3325 relationem
3176 3263 3406 3317 velimus
3433 3280 3448 3315 :

1880 3372 2151 3443 siquidem
2194 3372 2352 3442 juxta
2406 3368 2726 3436 Gregorium
2780 3363 3131 3432 Nyssenum:
3187 3378 3205 3410 ι
3255 3356 3310 3411 In
3353 3358 3454 3408 hoc

1882 3464 2084 3526 solum,
2112 3462 2341 3515 alterum
2388 3459 2456 3513 ab
2505 3458 2676 3511 altero
2707 3452 2970 3521 distingui
3001 3448 3455 3518 dcprehemlimus

1881 3554 2028 3625 quod
2073 3553 2160 3607 ille
2204 3567 2393 3613 causa,
2426 3550 2527 3603 iste
2568 3563 2634 3602 ex
2669 3562 2832 3601 causa
2875 3546 2963 3599 sit.
3000 3562 3017 3595 ι
3056 3542 3212 3607 Quod
3272 3552 3461 3593 rursus

1881 3647 1956 3701 ita
1987 3645 2192 3709 divisit,
2229 3652 2289 3696 ut
2334 3642 2500 3696 alium
2554 3639 2759 3692 diceret
2812 3650 2935 3689 esse
2990 3633 3342 3687 continenter
3394 3646 3457 3682 ea

1882 3737 2091 3808 primo;
2124 3734 2292 3787 alium
2347 3746 2442 3802 per
2489 3744 2636 3793 cum,
2686 3726 2778 3797 qui
2826 3726 3170 3779 continenter
3216 3729 3359 3775 esset
3392 3733 3462 3773 ex

1885 3828 2083 3899 printo,
2132 3839 2375 3878 manare.
2411 3823 2517 3877 Sed
2570 3821 2681 3891 jam
2738 3818 2863 3873 libri
2919 3816 3083 3885 hujus
3133 3810 3462 3867 continenda

1886 3920 2180 3989 longitudo
2209 3926 2314 3980 est,
2351 3927 2407 3970 ut
2435 3914 2502 3969 ad
2530 3930 2593 3969 ea
2628 3928 2749 3979 qum
2777 3920 3004 3973 restant,
3042 3907 3261 3962 lectoris
3291 3906 3466 3959 intru-

1890 4014 1968 4067 tio
2015 4009 2232 4065 interim
2263 4025 2291 4063 a
2326 4009 2515 4063 labore
2560 4014 2835 4076 reparata,
2863 4002 3098 4057 alacrior
3145 4008 3311 4068 atque
3343 3996 3467 4064 vigi-
3540 4003 3547 4010 '

1891 4103 2094 4159 lautior
2116 4109 2386 4173 assurgat.

1274 4517 1634 4605 LIBER
1758 4512 2412 4606 SECUNDUS.

756 4721 931 4795 Iesu,
968 4719 1149 4783 nobis
1182 4719 1364 4800 prati,
1400 4724 1456 4779 et
1485 4716 1618 4780 diu:
1657 4724 1808 4780 esto.
1848 4717 1931 4779 Te
1981 4715 2143 4777 enim
2195 4714 2372 4788 duce,
2403 4732 2531 4775 non
2562 4711 2934 4775 errabimus.

280 5022 341 5078 In
376 5024 556 5079 sacris
592 5024 812 5081 Litteris
858 5025 1095 5095 Spiritus
1138 5038 1363 5084 sanctus
1401 5027 1493 5083 Dei
1533 5028 1787 5098 Spiracno
1824 5030 1867 5086 ι)
1897 5041 1963 5081 ex
1995 5040 2090 5080 ore
2121 5024 2366 5093 prodeat.
2406 5040 2424 5074 ι
2459 5020 2719 5087 Idemque
2756 5017 2811 5072 in
2850 5016 2989 5070 libro
3016 5014 3081 5068 ad
3114 5012 3464 5081 Serapionem

219 5113 325 5167 lum
357 5115 565 5169 dicitur
599 5133 615 5170 :
655 5115 1019 5184 Spiraculum,
1071 5121 1237 5184 enim,
1274 5120 1670 5189 omnipotentis,
1722 5120 1801 5173 ait

219 5203 417 5259 beatus
442 5204 573 5270 Job,
600 5210 778 5261 edocet
803 5226 883 5263 me
902 5211 940 5263 ‘.
964 5211 1006 5263 A
1033 5210 1291 5279 Spiraudo
1313 5210 1457 5264 enim
1487 5219 1798 5280 utrumque,

221 5306 275 5348 et
325 5298 544 5363 spiritu
601 5300 832 5366 scilicet,
891 5311 946 5356 et
1004 5301 1330 5366 spiraculum
1386 5301 1798 5356 denominatnr.

221 5383 366 5439 Nam
414 5398 469 5441 et
504 5403 734 5459 magnus
755 5391 1110 5455 Athanasius,
1153 5391 1207 5444 in
1242 5392 1380 5444 libro
1415 5391 1508 5459 qui
1540 5390 1798 5446 inscribi-

221 5488 371 5532 tur:
420 5476 765 5549 Reprehensio
814 5484 1176 5537 simulationis
1228 5480 1427 5536 Meletii
1483 5496 1529 5537 et
1587 5481 1801 5536 Eusebii

225 5569 417 5623 dixit:
457 5589 476 5622 ι
515 5570 633 5625 Non
688 5575 965 5629 nativitati
1018 5575 1195 5643 sancti
1234 5573 1473 5644 Spiritus
1520 5574 1799 5643 processio

232 5660 596 5727 assimiiamr,
638 5665 732 5721 sed
757 5666 1031 5736 spiraculo
1052 5708 1066 5733 ,
1102 5668 1246 5739 quod
1280 5666 1612 5737 Spitaculum
1642 5666 1802 5737 quasi

349 5852 365 5879 '
411 5847 514 5900 Job
547 5850 739 5912 sunt,
781 5850 825 5902 ᾗ.

1907 5117 1987 5172 De
2021 5115 2226 5182 Spiritu
2251 5124 2479 5169 sancto:
2520 5131 2540 5165 t
2580 5110 2816 5181 Spiritus
2840 5108 2962 5172 iste,
2998 5105 3195 5176 inquit,
3227 5106 3475 5173 spiracu-

1905 5207 2018 5263 lum
2046 5206 2171 5261 Filii
2205 5216 2310 5262 est.
2345 5223 2363 5256 ι
2403 5203 2460 5257 Si
2493 5203 2657 5273 igitur
2687 5200 2924 5270 Spiritus
2957 5197 3179 5268 quidem
3219 5194 3341 5248 Filii
3363 5203 3470 5259 est,

1907 5312 1959 5359 et
1993 5302 2191 5357 dicitur
2213 5297 2448 5368 Spiritus
2472 5336 2486 5360 ,
2543 5294 2879 5365 spiraculum
2912 5302 3120 5355 autem,
3149 5297 3204 5343 et
3236 5285 3475 5357 Spiritus

1908 5395 2052 5450 idem
2084 5400 2191 5458 est;
2230 5387 2569 5461 spiraculum
2623 5400 2752 5439 vere
2787 5382 3049 5455 spirantis
3079 5389 3194 5447 est;
3243 5378 3477 5453 manife-

1907 5495 2052 5539 stum
2100 5490 2205 5545 cst,
2234 5478 2494 5547 Spiritum
2528 5484 2777 5530 sanctum
2831 5475 2895 5527 ad
2931 5472 3153 5535 Filium,
3203 5469 3362 5540 quasi
3399 5467 3469 5521 ad

1908 5571 2261 5640 inspirantem
2301 5563 2513 5618 referri.
2542 5561 2675 5616 Nam
2702 5561 2748 5616 si
2783 5559 3119 5630 spiraculum
3142 5556 3316 5627 ipsius
3342 5561 3428 5608 est
3451 5592 3470 5617 ,

1911 5667 2147 5725 constat,
2184 5657 2311 5728 quia
2347 5654 2416 5710 ab
2450 5670 2517 5711 eo
2552 5653 2878 5725 inspiratur,
2915 5652 3142 5723 ipseque
3194 5646 3477 5718 inspirans
