4046 6204
507 340 578 401 63
712 382 715 383 ν
1763 330 2160 392 MANUELIS
2194 331 2505 392 CALECAE
3681 339 3749 401 iit

446 466 451 477 ·
509 460 615 506 est.
656 447 1003 520 Spiraculum
1055 444 1275 516 quippe,
1322 441 1696 513 ut~diximus,
1740 456 1769 497 a
1822 440 2304 531 Spirandoéesse
2361 442 2565 497 audiet.
2625 445 2746 511 ipsa
2804 443 2967 514 igitur
3024 458 3255 511 persona
3319 443 3578 513 Spiritus,
3636 453 3751 505 sive

513 540 921 597 denominatum
952 547 1056 593 est.

584 632 848 699 Quoniam
881 645 1007 683 vero
1058 628 1388 698 spiraculum
1441 627 1531 681 Dei
1592 626 1794 681 dicitur
1845 620 2084 695 Spiritus

516 733 761 784 sanctus,
815 736 956 775 unus
1005 730 1183 773 autem
1239 719 1379 773 Deus
1427 728 1511 774 est
1559 718 1718 772 Pater
1780 726 1833 772 et
1869 717 2080 782 Filius;

517 815 714 886 quippe
745 814 870 866 dum
906 826 1012 866 una
1037 811 1273 865 essentia
1311 810 1403 876 sit,
1430 820 1642 865 servata
1678 810 1855 865 solum
1890 824 2083 879 perso-

518 904 625 959 nali
656 902 985 963 diﬂ‘ereutia,
1020 916 1126 971 qua
1159 900 1299 955 alius
1334 902 1528 972 gignit,
1566 911 1619 954 et
1651 901 1793 954 alius
1821 901 2083 971 gignitur,

521 1006 777 1064 totusque
808 1010 873 1049 ex
897 1001 1010 1047 toto
1042 993 1280 1061 Spiritus
1314 1003 1539 1047 sanctus
1568 991 1836 1046 asseritur
1865 1006 2088 1065 :vneqne

519 1087 665 1141 aliud
717 1094 804 1140 est
854 1092 1002 1140 totus
1047 1083 1230 1148 Pater,
1271 1084 1417 1138 aliud
1468 1093 1617 1139 totus
1662 1083 1857 1147 Filius,
1912 1099 2089 1155 neque

484 1178 825 1251 rdissonum,
872 1184 1086 1232 constat
1120 1176 1248 1244 quia
1296 1177 1453 1251 Pater
1516 1186 1572 1230 et
1616 1175 1791 1231 Filius
1821 1192 1963 1231 unus
2008 1184 2091 1231 est

521 1270 738 1339 spirans
767 1277 1017 1324 sanctum
1044 1265 1335 1337 Spiritum,
1367 1282 1603 1337 quorum
1638 1268 1729 1323 ille
1752 1269 2087 1337 spiraculum

522 1370 626 1416 est.
664 1358 820 1416 Unde
844 1369 898 1414 et
926 1362 1227 1431 productor
1269 1374 1367 1429 per
1402 1359 1639 1415 Verbum
1674 1361 1859 1415 dictus
1890 1371 1996 1415 est.

596 1451 832 1505 Sanctus
878 1464 1097 1520 quoque
1143 1450 1484 1518 Epiphanius
1532 1451 1587 1505 in
1639 1466 1705 1505 eo
1737 1450 1897 1515 libro,
1930 1465 2091 1520 quem

526 1538 804 1608 inscripsit
838 1538 1132 1592 Anchoram
1166 1536 1557 1610 [Ancoratum],
1612 1541 1692 1593 sic
1739 1539 1815 1592 ait
1848 1555 1863 1592 :
1891 1557 1908 1589 t
1936 1538 2096 1592 Pater

526 1640 923 1701 erat‘semper,
977 1638 1030 1684 et
1080 1627 1257 1691 Filius
1309 1638 1430 1683 erat
1477 1644 1717 1699 semper,
1755 1639 1810 1685 et
1859 1630 2096 1697 Spiritus

528 1732 753 1775 sanctus
807 1734 1018 1789 semper
1051 1735 1117 1773 ex
1151 1718 1310 1773 Patre
1346 1719 1516 1789 spirat
1567 1728 1621 1774 et
1646 1718 1807 1775 Filio.
1838 1739 1856 1772 ι
1896 1721 2093 1776 Verum

528 1814 829 1881 enimvero,
860 1823 921 1868 ut
956 1828 1202 1884 germen,
1230 1822 1284 1869 et
1313 1800 1485 1869 Filius
1518 1814 1659 1868 idem
1690 1824 1798 1879 est,
1826 1824 1881 1869 et
1917 1798 2091 1886 Spiri~

531 1918 636 1973 tus,
670 1908 737 1961 et
772 1906 917 1977 quod
960 1905 1216 1974 spiratur.
1267 1906 1433 1978 Atqui
1481 1906 1776 1974 productor
1812 1921 1908 1974 per
1941 1922 1999 1961 se
2029 1906 2095 1961 ad

528 2000 857 2067 productum
892 1998 1130 2063 dicitur;
1164 2011 1297 2069 ergo
1342 2006 1397 2052 et
1429 1997 1497 2052 ad
1548 1995 1814 2067 Spiritum
1857 1996 2094 2052 dicetur.

530 2078 738 2161 Itaque,
788 2090 949 2161 cujus
983 2100 1067 2145 est
1097 2090 1337 2159 Spiritus
1369 2098 1423 2144 et
1476 2088 1546 2144 ab
1579 2104 1645 2144 eo
1688 2088 2015 2159 inspiratur,
2045 2097 2099 2144 et

529 2183 596 2236 ad
626 2183 779 2236 illum
824 2181 1057 2236 relative
1086 2182 1307 2236 dicitur.
1341 2180 1423 2236 Ex
1457 2181 1656 2250 quibus
1692 2182 1821 2236 item
1857 2190 2097 2245 constat,

534 2274 793 2343 quoniam
852 2272 1094 2343 Spiritus
1136 2262 1375 2327 relative
1424 2270 1543 2327 Filii
1605 2271 1844 2342 Spiritus
1877 2272 2104 2327 dicitur.

530 2366 799 2432 Quocirca
836 2366 1021 2421 ethoc
1050 2365 1118 2419 ad
1152 2364 1539 2419 iusinuandam
1573 2365 1691 2434 ejus
1734 2365 2096 2419 substantiam

533 2460 802 2525 sufﬁcere,
848 2471 1080 2526 magnus
1132 2455 1312 2526 inquit
1362 2453 1619 2510 Basilius.
1664 2453 1780 2510 Nisi
1824 2455 1973 2509 enim
2027 2455 2099 2510 ita

535 2562 702 2617 esset,
727 2566 847 2606 cum
879 2549 1147 2620 Spiritum
1176 2547 1436 2613 dicimus,
1463 2548 1517 2602 in
1558 2563 1720 2602 unam
1744 2527 1957 2602 ‘sanctae
1981 2545 2105 2602 Tri-

536 2643 727 2697 nitatis
761 2656 1054 2712 personam
1104 2640 1366 2710 cogitatio
1392 2655 1502 2695 non
1551 2651 1880 2707 recurreret,
1913 2642 2003 2697 sed
2046 2641 2100 2696 in

538 2750 709 2789 unum
740 2734 930 2788 Deum.
968 2732 1033 2788 Et
1066 2732 1208 2788 Deus
1234 2732 1380 2787 enim
1419 2732 1668 2787 absolute
1698 2732 1936 2803 Spiritus
1964 2733 2102 2789 dici-

538 2841 644 2895 tur,
678 2834 840 2895 atque
879 2828 951 2882 ita
1000 2841 1174 2896 neque
1217 2826 1461 2881 Trinitas
1514 2836 1661 2881 esset
1727 2825 1891 2891 Deus,
1928 2842 2103 2897 neque

537 2936 637 2975 nos
668 2920 906 2989 propriis
952 2934 1074 2975 eam
1122 2918 1434 2974 nominibus
1475 2919 1885 2977 conﬁteremur.
1926 2934 2101 2988 neque

538 3014 592 3068 in
624 3012 1010 3083 cogitationem
1049 3011 1212 3068 trium
1240 3025 1602 3083 personarum
1634 3009 2052 3067 adduceremur.

2183 534 2535 602 productum,
2596 534 2710 589 sive
2768 536 3017 604 spiritus,
3078 536 3194 591 sive
3248 536 3571 604 procedens,
3634 540 3754 594 sive

2184 625 2392 693 aliquid
2450 624 2597 679 aliud
2667 625 2902 689 dicatur,
2955 625 3243 680 Trinitatis
3302 627 3463 681 tertia
3516 644 3751 694 persona

2185 716 2357 773 Patris
2383 728 2429 769 et
2464 716 2584 770 Filii
2612 732 2732 772 esse
2755 717 2977 779 dicitur.
3014 726 3068 772 et
3097 718 3162 772 ad
3196 718 3409 773 Patrem
3469 730 3520 773 et
3550 720 3771 775 Filium.

2185 807 2435 861 refertur.
2488 807 2546 860 lu
2601 806 2801 859 divinis
2856 815 3038 860 autem
3096 810 3382 877 personis,
3441 812 3583 879 quod
3635 827 3755 867 esse

2187 899 2418 967 alicujus
2447 899 2670 961 dicitur,
2699 910 2788 951 attt
2819 914 2885 952 ex
2921 899 3014 952 illo
3042 910 3146 964 est,
3176 910 3270 954 aut
3304 916 3468 956 causa
3499 910 3582 957 est
3611 904 3752 973 ejus,

2186 990 2347 1059 cujus
2376 1005 2497 1045 esse
2542 990 2764 1044 dicitur.
2800 987 2956 1042 Nulla
2991 990 3138 1045 enim
3173 991 3276 1044 alia
3308 992 3420 1045 illic
3448 993 3757 1050 differentia

2188 1090 2292 1143 est,
2350 1088 2549 1148 praeter
2606 1079 2936 1149 relationem
2998 1094 3119 1148 quae
3183 1083 3481 1135 secundum
3533 1100 3757 1139 causam

2188 1170 2407 1225 causale
2475 1178 2577 1225 est.

2190 1263 2357 1316 Deus.

2658 1170 2833 1223 Aliter
2908 1171 3056 1225 enim
3128 1184 3235 1226 non
3305 1179 3451 1226 esset
3518 1174 3762 1230 Trinitas

2260 1376 2415 1445 Quod
2461 1386 2643 1430 autern
2687 1392 2716 1430 a
2761 1377 3088 1445 quibusdam
3138 1377 3395 1439 infertur,
3427 1388 3485 1432 ut
3529 1380 3765 1435 dicant:

2200 1487 2218 1519 ι
2256 1467 2393 1533 Quia
2445 1476 2499 1522 et
2544 1468 2712 1537 janua
2770 1469 2970 1523 domus
3019 1470 3241 1535 dicitur,
3292 1482 3345 1525 et
3400 1471 3560 1537 Deus,
3619 1471 3765 1526 Deus

2196 1571 2402 1625 noster,
2437 1560 2529 1615 scd
2577 1559 2752 1629 neque
2778 1562 2945 1631 jautta
2974 1578 3035 1616 ex
3071 1562 3257 1629 domo,
3293 1580 3471 1633 neque
3508 1582 3569 1620 ex
3605 1566 3765 1621 nobis

2196 1653 2360 1719 Deus,
2390 1653 2604 1721 penitus
2633 1652 2929 1707 absurdum
2972 1665 3024 1707 et
3055 1654 3262 1708 foedum
3311 1665 3416 1709 est.
3457 1676 3474 1706 ι
3519 1656 3764 1709 Primum

2128 1746 2341 1837 Benim
2388 1747 2441 1800 in
2484 1746 2687 1801 divinis
2738 1747 2986 1813 personis
3030 1747 3205 1801 Solum
3265 1748 3500 1829 dignitas
3548 1748 3758 1803 servari

2202 1837 2425 1901 dicitur,
2467 1847 2547 1901 ut,
2594 1836 2739 1906 quod
2782 1836 3012 1905 alicujus
3052 1836 3272 1902 dicitur,
3318 1846 3412 1891 aut
3446 1853 3508 1894 ex
3544 1838 3635 1891 illo
3668 1838 3764 1901 sit,

2203 1938 2297 1983 aut
2336 1944 2503 1982 causa
2544 1928 2668 2018 ejus
2716 1926 2862 1992 e’sse,
2909 1928 3065 1996 cujus
3098 1913 3328 1989 dicitur,
3383 1929 3715 1998 intelligatur
3746 1948 3764 1985 :

2202 2019 2647 2089 quandoquidem
2684 2018 2795 2073 illic
2831 2020 2977 2073 nulla
3008 2028 3089 2074 est
3116 2022 3220 2073 alia
3243 2019 3564 2073 dilicrentia.
3585 2019 3769 2089 Neque

2201 2113 2345 2166 enim
2380 2121 2437 2165 ut
2487 2111 2814 2173 membrum,
2853 2120 2945 2165 aut
2979 2127 3126 2181 pars,
3179 2122 3269 2166 aut
3321 2112 3766 2177 instrumentum,

2202 2217 2293 2257 aut
2328 2202 2627 2271 possessio,
2660 2211 2755 2256 aut
2786 2203 3201 2272 quomodolibet
3231 2204 3410 2264 aliter.
3442 2216 3496 2258 ut
3526 2204 3581 2257 in
3612 2219 3769 2257 crea-

2205 2294 2343 2349 turis
2390 2295 2468 2358 tit,
2509 2297 2609 2348 hoc
2646 2295 2811 2363 hujus
2845 2295 3066 2349 dicitur.
3101 2296 3302 2349 Deinde
3326 2295 3525 2349 dicitur
3548 2296 3767 2367 quidem

2207 2388 2371 2449 Deus.
2417 2387 2555 2441 Deus
2610 2387 2904 2453 Abraham,
2936 2395 2990 2440 et
3039 2387 3215 2449 Isaac.
3252 2397 3307 2441 et
3355 2388 3621 2454 omnium,
3671 2388 3771 2442 sed

2199 2480 2467 2550 justorum
2514 2477 2753 2547 quidem,
2793 2487 2853 2532 ut
2905 2481 3114 2534 mansio
3175 2489 3227 2533 rt
3270 2495 3412 2533 sors.
3469 2480 3771 2536 Haereditas

2203 2572 2347 2627 enim
2410 2581 2727 2626 sanctorum
2798 2572 2937 2625 Deus
2991 2580 3108 2635 est;
3172 2580 3548 2625 creaturarum
3613 2586 3766 2636 vero,

2204 2669 2640 2731 catterorumque
2674 2661 3021 2731 simpliciter,
3050 2671 3107 2716 ιιι
3132 2671 3368 2727 creator,
3397 2670 3449 2715 et
3484 2660 3770 2728 Dominus,

2207 2766 2547 2821 suorumque
2571 2751 2972 2822 providentiam
3004 2767 3213 2820 gerens.

2272 2864 2352 2919 Ex
2380 2880 2489 2935 quo
2517 2863 2711 2935 liquet,
2743 2880 2812 2919 ne
2844 2865 2897 2919 in
2930 2865 3035 2920 hoc
3061 2867 3279 2936 quidem
3312 2867 3497 2921 deesse
3521 2867 3770 2922 ordinem

2203 2961 2505 3013 secundum
2539 2974 2599 3013 ea
2624 2974 2745 3026 quae
2775 2960 3033 3013 dicuntur
3054 2960 3135 3013 At!
3157 2960 3386 3028 aliquid.
3414 2961 3772 3016 Animadver-

2207 3052 2343 3108 titur.
2385 3050 2431 3106 is
2470 3050 2609 3106 ordo
2644 3051 2947 3108 secundum
2994 3052 3048 3107 id
3095 3054 3238 3123 quod
3287 3053 3496 3124 perﬁcit
3528 3060 3582 3108 et
3623 3054 3773 3124 quod

607 3126 912 3181 Attestatur
941 3133 1125 3180 autem
1176 3124 1260 3179 his
1295 3132 1351 3179 et
1385 3134 1607 3180 sanctus
1662 3125 2002 3216 Augustinus
2045 3123 2098 3176 in
2131 3105 2172 3164 Ο
2208 3145 2508 3215 perﬁcitur,
2540 3145 2799 3215 quodque
2834 3146 2974 3214 regi,
3004 3154 3057 3200 et
3088 3105 3231 3214 q'uod
3263 3105 3486 3215 ἀιδίων·
3537 3105 3774 3216 μηδαυο

540 3218 676 3273 libro
702 3234 732 3271 v
763 3217 840 3272 De
889 3217 1181 3283 Trinitate,
1236 3216 1313 3270 ita
1368 3216 1559 3271 dicens
1592 3230 1607 3268 :
1650 3233 1668 3267 t
1705 3215 1940 3284 Spiritus
1974 3226 2102 3267 vero

538 3318 762 3364 sanctus
783 3308 1082 3362 secundum
1112 3306 1187 3368 id,
1219 3304 1366 3374 quod
1392 3304 1660 3374 scriptum
1687 3313 1772 3358 est
1791 3345 1806 3368 ,
1840 3301 2101 3372 quoniam

545 3399 685 3453 Deus
708 3397 944 3467 Spiritus
975 3407 1079 3456 est.
1104 3404 1282 3466 potest
1314 3394 1537 3465 quidem
1571 3394 1951 3449 universaliter
1977 3392 2104 3456 dici,

542 3490 669 3558 quia
732 3499 786 3544 et
818 3480 979 3543 Pater
1008 3486 1270 3557 Spiritus,
1322 3495 1377 3540 et
1412 3485 1581 3540 Filius
1624 3485 1884 3555 Spiritus.
1919 3482 2108 3552 Itaque

541 3590 594 3634 et
649 3580 807 3635 Pater
851 3588 1098 3644 sanctus,
1154 3584 1207 3632 et
1258 3576 1434 3633 Filius
1479 3584 1830 3641 sanctus,~et
1873 3576 2109 3646 Spiritus

543 3680 787 3735 sanctus,
842 3672 1105 3741 quoniam
1160 3685 1306 3724 unus
1363 3667 1564 3724 Deus:
1622 3676 1676 3721 et
1723 3668 1910 3740 utique
1964 3666 2108 3721 Deus

542 3769 769 3820 sanctus
798 3772 902 3828 est,
935 3773 991 3817 et
1033 3762 1177 3817 Deus
1213 3761 1456 3829 Spiritus
1487 3767 1591 3826 est,
1636 3769 1689 3813 et
1724 3767 1903 3827 potest
1933 3758 2113 3827 appel-

543 3857 644 3911 lari
676 3856 940 3921 Trinitas,
988 3864 1037 3909 et
1074 3853 1313 3923 Spiritus
1350 3859 1599 3907 sanctus.
1651 3850 1758 3904 Sed
1795 3858 1976 3905 tamen
2022 3850 2111 3905 ille

546 3947 784 4015 Spiritus
810 3955 1032 4001 sanctus
1064 3945 1157 4014 qui
1198 3959 1305 3999 non
1340 3942 1603 4007 Trinitas,
1633 3943 1725 3998 sed
1763 3943 1817 3997 in
1846 3941 2113 3998 Trinitate

548 4040 886 4109 intelligitur,
943 4039 995 4091 in
1050 4053 1138 4103 eo,
1191 4038 1334 4106 quod
1372 4036 1592 4107 proprie
1641 4036 1838 4091 dicitur
1874 4035 2110 4106 Spiritus

547 4140 791 4192 sanctus,
846 4128 1071 4182 relative
1123 4127 1344 4189 dicitur,
1406 4143 1532 4181 cum
1580 4126 1645 4180 ad
1694 4125 1907 4181 Patrem
1961 4136 2014 4180 et
2042 4126 2109 4181 ad

547 4222 743 4275 Filium
792 4221 1069 4301 refertum.
1109 4220 1236 4290 quia
1288 4217 1526 4287 Spiritus
1577 4226 1822 4285 sanctus,
1854 4227 1909 4273 et
1936 4217 2112 4278 Patris

547 4324 601 4367 et
625 4313 747 4367 Filii
781 4312 1018 4382 Spiritus
1045 4322 1151 4367 est.
1188 4329 1207 4362 ι

2207 3250 2382 3305 neque
2413 3234 2656 3304 Spiritus
2687 3234 2984 3291 secundum
3017 3235 3356 3311 per‘sonalcm
3387 3236 3769 3305 proprietatem

2206 3342 2386 3393 suam,
2441 3337 2706 3382 creatum
2776 3326 3009 3396 Spiritus
3057 3312 3275 3401 dicitur,
3326 3327 3419 3382 sed
3471 3329 3770 3383 secundum

2208 3419 2351 3487 quod
2404 3417 2546 3472 Deus
2582 3435 2723 3474 unus
2759 3429 2842 3474 est
2883 3434 3008 3473 cum
3044 3418 3203 3473 Patre
3233 3427 3287 3475 et
3332 3418 3495 3484 Filio,
3520 3420 3769 3474 sanctiﬁ-

2208 3521 2364 3571 cans,
2420 3516 2587 3576 atque
2642 3508 2951 3575 inspirans,
2996 3516 3090 3560 aut
3140 3509 3299 3562 aliter
3345 3525 3439 3564 eos
3484 3510 3573 3578 qui
3624 3510 3770 3580 digiti

2210 3608 2356 3662 sunt,
2388 3599 2638 3654 meliores
2673 3598 2929 3662 eﬂiciens,
2957 3610 3119 3668 atque
3151 3614 3245 3654 eos
3274 3584 3521 3655 visitans.

2282 3709 2571 3775 Praeterea,
2626 3711 2886 3780 quoniam
2938 3712 3233 3780 productor
3283 3727 3404 3765 cum
3462 3714 3533 3766 sit
3582 3728 3770 3766 eorum

2211 3818 2331 3869 quae
2383 3803 2466 3856 Ad
2523 3804 2735 3874 aliquid
2778 3803 3061 3866 dicuntur,
3108 3803 3173 3857 ad
3232 3804 3516 3873 solumque
3565 3805 3774 3859 dicatur

2213 3894 2499 3963 Spiritum,
2561 3902 2779 3949 constat
2806 3904 2860 3948 et
2893 3893 3159 3963 Spiritum
3184 3908 3249 3948 ex
3286 3895 3371 3948 his
3407 3909 3525 3960 qum
3556 3894 3632 3946 Ad
3670 3893 3776 3945 ali-

2211 3982 2333 4057 q’uid
2365 3987 2625 4042 dicuntur
2665 4001 2809 4051 esse,
2842 3998 3005 4055 atque
3048 3985 3113 4038 ad
3147 3986 3323 4040 solum
3355 3985 3543 4038 referri
3577 3986 3779 4053 produo

2213 4090 2440 4133 ctorem.
2493 4078 2629 4132 Nam
2669 4078 2714 4132 si
2767 4077 2921 4146 quid,
2965 4077 3267 4132 secundum
3325 4075 3473 4146 quod
3512 4075 3776 4145 ejusmodi

2212 4180 2318 4236 est,
2353 4169 2419 4223 ad
2451 4169 2596 4223 aliud
2634 4168 2835 4237 aliquid
2867 4168 3089 4232 dicitur,
3127 4176 3362 4233 constat,
3394 4167 3521 4234 quia
3556 4178 3609 4221 et
3650 4167 3781 4221 iUud

2214 4262 2278 4316 ad
2310 4265 2568 4331 primum,
2590 4260 2749 4329 quasi
2778 4259 2841 4312 ad
2868 4257 3073 4328 aliquid
3099 4257 3320 4312 dicitur.
3344 4256 3400 4311 Si
3427 4258 3569 4311 enim
3594 4257 3779 4320 homo,

2128 4374 2133 4381 ·
2216 4355 2517 4410 secundum
2544 4352 2688 4422 quod
2728 4351 3013 4416 Dominus,
3055 4350 3120 4403 ad
3169 4349 3337 4402 alium
3381 4348 3614 4415 aliquem
3643 4348 3781 4400 dici-

617 4426 929 4496 Tlteologus
975 4427 1100 4480 item
1152 4424 1447 4493 Gregorius
1494 4425 1567 4479 ait
1611 4441 1625 4477 :
1669 4441 1689 4477 ι
1728 4422 2106 4481 Emanationis
2136 4435 2185 4494 ι)
2212 4459 2318 4513 ων,
2343 4456 2397 4499 οι
2424 4446 2515 4500 me
2547 4453 2605 4498 ιη
2633 4459 2823 4499 servus
2852 4441 2919 4494 ad
2952 4439 3398 4499 cumreferemr.
3421 4439 3565 4513 qum.
3592 4454 3782 4492 sonus

547 4522 614 4574 ad
662 4519 983 4572 alterutrum
1023 4517 1241 4571 habitus
1282 4516 1691 4581 dill‘erentiam;
1749 4515 2109 4571 dill'ereutiam

546 4612 706 4665 etiam
738 4610 955 4665 illorum
999 4608 1416 4677 appellationem
1459 4608 1750 4673 ell'ecisse;
1784 4617 1843 4662 ut
1881 4608 2111 4671 scilicet,

547 4705 690 4759 alius
721 4703 940 4773 quidem
977 4701 1174 4768 Filius,
1211 4702 1351 4757 alius
1380 4700 1619 4774 Spiritus
1650 4711 1876 4758 sanctus
1907 4704 2115 4759 dicere-

548 4804 661 4849 tur.
703 4811 722 4845 ι

621 4906 728 4962 Sed
774 4915 827 4961 et
856 4906 1154 4975 Gregorius
1188 4903 1468 4975 Nyssenus
1510 4904 1587 4958 ait
1618 4920 1632 4957 :
1669 4922 1686 4954 ι
1722 4902 1897 4957 Filius
1937 4911 2113 4955 autem

550 5000 779 5057 sanctus
807 4999 1050 5069 Spiritus
1083 5014 1263 5068 neque
1293 5007 1397 5063 est,
1449 5012 1625 5065 neque
1669 4997 1888 5056 dicitur,
1942 5010 2117 5061 neque

547 5093 890 5149 convertitur
967 5093 1185 5147 habitus
1256 5091 1387 5149 ista,
1439 5089 1852 5157 consequentia.
1920 5105 1937 5138 ι
2014 5086 2115 5141 Ubi

549 5202 682 5239 vero
731 5184 955 5240 habitus
1005 5197 1124 5249 est,
1192 5194 1246 5237 ct
1306 5184 1628 5271 relationem
1698 5178 1942 5249 profectu
1995 5194 2118 5234 esse

549 5285 787 5331 constat.

624 5388 779 5454 Quod
813 5390 857 5444 si
889 5391 1011 5459 quis
1039 5392 1351 5454 contendat,
1384 5407 1445 5445 ac
1476 5391 1713 5460 Spiritus
1742 5408 1940 5446 nomen
1977 5393 2117 5447 inter

552 5498 637 5547 ea,
722 5496 841 5550 qum
894 5483 1171 5548 dicuntur,
1235 5487 1302 5537 ad
1367 5488 1592 5556 aliquid,
1641 5501 1841 5553 ponere
1894 5486 2118 5540 omnino

555 5580 784 5637 renuat,
822 5572 1057 5641 primum
1091 5573 1332 5640 quidem,
1356 5584 1552 5641 praeter
1576 5590 1789 5627 omnem
1830 5576 2116 5639 rationem,

559 5668 887 5735 Patrumque
924 5666 1220 5719 smtcntias
1256 5667 1457 5722 sentire
1507 5683 1564 5720 se
1606 5668 1835 5722 noverit.
1920 5667 2115 5721 Deinde

561 5761 721 5816 nobis
754 5774 862 5815 non
888 5758 954 5813 de
983 5759 1223 5823 nomine,
1247 5759 1338 5813 scd
1365 5759 1429 5813 de
1459 5774 1515 5813 re
1546 5760 1781 5813 maxime
1811 5774 2116 5814 sermonem

2215 4512 2271 4595 et
2321 4540 2578 4593 dominus
2622 4536 2686 4589 ad
2722 4537 3047 4589 alterutrum
3097 4545 3312 4599 semper
3358 4512 3583 4584 relat'iva
3636 4528 3777 4589 sint,

2218 4632 2321 4686 hoc
2371 4630 2549 4696 ipsum
2606 4636 2659 4680 et
2694 4626 2749 4681 in
2783 4625 3058 4691 omnibus,
3096 4636 3216 4693 qua;
3257 4622 3413 4690 quasi
3452 4621 3534 4672 Ad
3581 4618 3783 4686 aliquid

2217 4739 2274 4778 se
2303 4723 2367 4777 ad
2402 4722 2632 4775 invicem
2664 4718 2883 4774 habent.
2905 4716 3075 4785 Cujus
3100 4729 3231 4784 ergo
3262 4713 3521 4782 Spiritus,
3550 4710 3789 4779 Spiritus

2216 4824 2323 4877 est,
2367 4815 2455 4867 ille
2489 4812 2787 4882 productor
2818 4820 2927 4870 est,
2965 4807 3315 4877 Spiritusque
3361 4805 3428 4859 ad
3470 4820 3593 4857 eum
3630 4804 3789 4864 cujus

2216 4915 2301 4960 est
2338 4902 2593 4973 Spiritus,
2626 4904 2781 4971 quasi
2828 4901 2891 4953 ad
2940 4899 3327 4967 productorem
3363 4894 3619 4951 refertur.
3664 4894 3789 4964 Spi—

2217 5000 2357 5055 ritus
2390 5006 2573 5052 autem
2602 4995 2728 5050 Filii
2756 4994 2996 5063 Spiritus
3028 4993 3267 5054 dicitur;
3301 4990 3468 5045 Filius
3504 5002 3632 5057 ergo
3660 5002 3791 5054 pro-

2219 5092 2414 5145 ductor
2447 5087 2622 5143 sancti
2664 5085 2903 5154 Spiritus
2932 5093 3035 5147 est,
3087 5094 3140 5137 et
3194 5084 3411 5151 spirans
3451 5081 3627 5149 ipsum
3680 5089 3787 5130 est.

2221 5181 2455 5247 Ideoque
2488 5192 2781 5247 processus
2806 5177 2958 5231 illius
2988 5174 3265 5245 spiraculo
3298 5172 3655 5231 assimilatur,
3679 5179 3730 5220 et
3758 5182 3788 5218 a

2221 5272 2478 5343 spirando
2504 5270 2884 5325 denominatus
2916 5279 3018 5331 est,
3064 5276 3118 5319 et
3155 5265 3488 5334 spiraculum
3531 5260 3651 5314 Filii
3692 5274 3790 5325 ap—

2221 5367 2453 5436 pellatus
2488 5372 2590 5416 est.
2623 5364 2699 5416 Ac
2727 5362 2878 5431 juxta
2918 5366 3166 5412 sanctum
3206 5353 3599 5425 Epiphanium,
3622 5349 3793 5421 Spiri-

2224 5471 2309 5513 tus
2341 5464 2407 5514 εκ
2442 5456 2599 5510 Patre
2630 5454 2799 5522 spirat
2831 5460 2882 5506 et
2918 5449 3077 5503 Filio.

2275 5571 2555 5625 .Praterea
2593 5566 2826 5622 Basilius
2856 5565 2909 5617 in
2954 5561 3106 5615 libris
3142 5567 3333 5613 contra
3382 5556 3707 5610 Eunomium
3738 5561 3794 5605 et

2228 5663 2411 5716 Arium
2446 5678 2459 5713 :
2491 5680 2507 5711 t
2538 5660 2792 5729 Spiritus,
2824 5655 3021 5724 inquit,
3056 5653 3120 5706 ad
3158 5651 3367 5705 Patrem
3406 5647 3789 5718 proprietatem

2229 5754 2490 5824 intelligo,
2510 5752 2634 5822 quia
2666 5748 2909 5820 procedit
2944 5764 3005 5803 ex
3036 5744 3220 5800 Patre.
3248 5742 3325 5796 Ad
3355 5741 3550 5797 Filium
3584 5746 3788 5798 autem,
