4046 6204
275 267 350 328 65
1376 262 1778 325 ADVERSUS
1818 261 2134 324 GRAECOS
2175 264 2320 326 LIB.
2368 266 2445 327 ll.
3460 269 3531 330 66

282 381 548 451 quoniam
579 379 782 435 audio:
811 379 870 434 Si
895 380 1012 450 quis
1048 378 1306 435 Suirilum
1338 379 1536 437 Christi
1568 378 1865 444 noscitabat,
1897 385 1939 442 Α
1969 370 2439 432 consubstantiale
2497 377 2674 447 ipsum
2747 377 3122 450 principaliter
3175 379 3526 452 signiﬁcaret.

189 497 222 511 w—
287 475 371 526 hic
399 490 505 527 non
529 482 605 527 est
644 473 759 541 ejus
785 475 827 525 ¹.
868 489 887 523 ι
1826 484 1831 493 ’
1965 467 2124 524 Nunc
2158 483 2291 523 vero
2318 468 2631 540 ltujusmodi
2655 469 3043 538 proprietatem
3067 471 3530 527 consubstantiale

364 564 634 630 Quoniam
670 563 840 629 igitur
871 578 979 618 non
1007 565 1180 634 magis
1204 565 1458 634 pr0prius
1480 564 1677 632 Patris,
1701 578 1863 634 quam

293 655 426 709 Filii
451 664 535 710 est
568 654 801 724 Spiritus
827 665 1069 719 sanctus,
1088 657 1216 725 quia
1244 667 1329 712 est
1347 657 1534 711 eadem
1562 656 1863 712 subs1antia

299 744 489 799 Patris
549 754 602 798 et
652 745 798 807 Filii,
851 743 1089 815 Spiritus
1137 755 1318 802 autem
1375 747 1760 816 preprietatem
1795 744 1863 816 ad

293 836 514 891 Patrem
571 837 652 890 vir
703 845 932 892 sanctus
987 838 1261 914 intelligit.
1319 839 1447 908 quia
1502 839 1750 908 procedit
1795 852 1862 892 ex

296 929 477 990 Patre,
509 931 825 984 necessario
873 942 930 986 et
975 932 1041 985 ad
1096 930 1292 984 Filium
1341 920 1861 1001 prourietaseadem'

295 1021 505 1075 ratione
555 1021 905 1091 intelligenda
954 1029 1062 1077 est.
1095 1022 1283 1092 Itaque
1313 1022 1459 1092 quod
1496 1023 1696 1078 dicitur
1739 1023 1866 1094 Spi-

289 1113 434 1166 ritus
475 1101 708 1176 Christi,
745 1123 801 1168 et
855 1115 1094 1184 Spiritus
1129 1113 1274 1177 Filii,
1313 1130 1377 1168 ex
1413 1130 1481 1169 eo
1519 1115 1692 1184 ipsum
1741 1131 1863 1171 esse

287 1207 680 1269 commendat;
734 1206 973 1260 maxime
1007 1222 1127 1260 cum
1160 1207 1245 1261 vir
1290 1219 1512 1262 sanctus
1544 1208 1864 1276 praemiserit

293 1298 507 1362 dicens,
536 1298 602 1351 ad
634 1297 1030 1353 ostendendum
1062 1298 1209 1354 illius
1237 1299 1622 1364 substantiam,
1658 1315 1724 1354 ex
1752 1300 1862 1355 Deo

287 1404 434 1449 esse,
454 1387 507 1441 id
531 1389 800 1452 suilli-ere,
821 1393 968 1460 quod
999 1392 1203 1447 dicitur
1227 1411 1240 1448 :
1263 1388 1496 1461 Spiritus
1516 1392 1626 1448 oris
1655 1395 1800 1448 illius
1816 1393 1858 1448 ⁸.

287 1479 394 1534 Sed
432 1490 488 1534 et
517 1481 575 1534 in
606 1482 858 1550 capitulis
902 1497 1119 1553 quoque
1150 1485 1217 1538 ad
1268 1482 1709 1554 Amphilochium
1741 1485 1815 1539 ait
1843 1503 1858 1541 :

300 1589 320 1622 ε
354 1571 536 1642 Neque
573 1573 704 1628 hinc
739 1577 914 1629 solum
947 1584 1154 1630 natura:
1185 1577 1506 1631 communio
1529 1577 1858 1639 ostenditur,

291 1663 390 1717 sed
421 1665 547 1732 quia
593 1665 758 1718 etiam
790 1680 854 1719 ex
892 1664 1001 1718 Deo
1025 1680 1148 1721 esse
1179 1666 1403 1731 dicitur,
1443 1681 1550 1721 non
1579 1668 1737 1737 quasi
1766 1682 1861 1737 per

287 1757 475 1810 omnia
519 1770 585 1809 ex
642 1755 753 1809 Deo
797 1757 1074 1827 prodiens,
1123 1757 1216 1812 sed
1267 1756 1421 1822 quasi
1475 1756 1712 1827 Spiritus
1745 1759 1859 1813 oris

285 1848 474 1912 illius;
506 1848 634 1902 hinc
663 1847 882 1916 quidem
923 1849 1198 1903 insinuata
1226 1849 1578 1920 proprietate,
1602 1850 1859 1906 substan-

287 1941 374 1993 tia
394 1954 526 1994 vero
552 1941 714 1995 modo
740 1941 999 1996 ineﬂ‘abili
1027 1951 1266 1998 servato.
1297 1945 1364 2000 Et
1390 1943 1628 2014 Spiritus
1655 1951 1860 2009 autem,

297 2032 502 2102 inquit,
535 2031 659 2088 Filii
692 2032 917 2100 dicitur,
957 2036 1112 2105 quasi
1157 2037 1411 2107 proprius
1444 2035 1520 2092 illi
1568 2047 1665 2106 per
1698 2041 1858 2090 natu-

284 2137 433 2179 ram.
472 2141 497 2174 ι

362 2212 438 2266 Ex
495 2213 577 2267 his
637 2222 816 2269 autem
876 2223 1112 2282 constat,
1169 2216 1297 2286 quia
1337 2231 1567 2287 magnus
1623 2215 1858 2272 Basilius

284 2306 675 2374 proprietatem
724 2308 779 2360 in
811 2306 1014 2362 divinis
1047 2310 1299 2378 personis
1327 2308 1510 2364 dicere
1541 2308 1676 2373 vult,
1713 2307 1858 2361 velut

281 2413 467 2452 causae
533 2399 882 2470 causalisque
929 2403 1288 2457 consortium.
1335 2402 1487 2469 Quod
1529 2401 1674 2456 enim
1705 2400 1856 2464 dicit,

284 2492 394 2544 tale
420 2499 501 2545 est
531 2510 545 2546 :
579 2489 716 2545 Cum
746 2492 1004 2549 audimus
1035 2493 1295 2564 Spiritum
1326 2503 1570 2550 sanctum
1601 2502 1654 2548 et
1685 2491 1861 2564 Spiri-

286 2592 408 2635 tum
457 2582 570 2637 oris
619 2582 738 2647 Dei,
787 2583 1142 2655 intelligimus
1190 2584 1368 2654 ipsum
1438 2583 1760 2638 naturaliter
1793 2597 1858 2637 ex

290 2673 401 2728 Deo
432 2688 576 2728 esse.
610 2672 726 2729 lloc
752 2683 834 2730 est
875 2677 1024 2730 enim
1059 2676 1401 2746 proprietas;
1447 2680 1669 2730 modum
1703 2687 1870 2740 vero,

287 2781 398 2832 quo
418 2781 485 2818 ex
518 2765 625 2819 Deo
649 2774 752 2828 est,
780 2767 886 2820 hoc
908 2777 989 2820 est
1008 2767 1301 2836 procedere
1319 2769 1496 2836 ipsum
1520 2769 1853 2837 ignoramus.

289 2855 404 2911 Etsi
441 2858 588 2912 enim
627 2857 792 2912 alium
826 2857 1048 2927 quidem
1080 2857 1249 2930 gigni,
1292 2858 1460 2913 alium
1492 2843 1624 2914 vero
1665 2874 1858 2929 proce-

285 2948 441 3012 dere,
491 2961 658 3019 atque
693 2950 859 3004 alium
888 2951 1108 3020 quidem
1155 2952 1271 3006 sine
1314 2951 1492 3006 medio
1535 2967 1599 3006 cx
1641 2951 1852 3022 primo,

1965 561 2237 630 sequitur.
2275 559 2427 615 Sicut
2449 569 2503 616 et
2535 561 2727 626 Filius,
2761 577 2958 616 nomen
2983 563 3283 618 secundum
3317 569 3376 618 se
3399 565 3526 630 qui-

1964 653 2086 724 dem
2147 667 2464 722 processum
2518 652 2750 722 alicujus
2802 667 2867 708 ex
2921 654 3109 724 aliquo
3143 654 3433 722 significat,
3470 656 3523 709 in

1963 745 2154 797 eadem
2207 746 2409 812 specie,
2448 754 2847 814 consequenter
2882 760 3012 798 vero
3059 745 3526 801 consubstantiale

1963 838 2152 892 etiam.
2183 837 2336 903 Quod
2371 837 2516 890 enim
2554 838 2623 891 ita
2661 836 2944 904 processit,
2999 836 3316 892 necessario
3359 838 3524 892 etiam

1964 929 2436 985 consubstantiale
2493 941 2596 984 est.
2636 928 2753 983 Non
2802 929 2965 998 igitur
3015 928 3252 998 Spiritus
3303 939 3526 984 sanctus

1963 1023 2221 1092 proprius
2276 1021 2398 1076 Filii
2449 1021 2747 1077 secundum
2796 1030 3047 1075 naturam
3084 1021 3374 1083 diceretur,
3419 1021 3524 1075 nisi

1963 1126 2060 1181 per
2090 1112 2268 1180 ipsum
2312 1112 2613 1180 procedens
2639 1110 2985 1172 naturaliter,
3019 1125 3110 1178 per
3147 1111 3324 1178 ipsum
3359 1109 3525 1163 etiam

1962 1204 2328 1258 substantiam
2365 1203 2604 1258 haberet.
2635 1201 2790 1269 Quod
2817 1203 2963 1256 enim
2992 1218 3054 1256 ex
3086 1202 3288 1270 aliquo,
3316 1210 3408 1255 aut
3433 1217 3529 1270 per

1962 1295 2185 1364 aliquod
2230 1297 2529 1368 secundum
2580 1295 2922 1363 tequivocum
2959 1308 3272 1362 processum
3322 1294 3526 1360 prodit,

1962 1400 2177 1454 unaque
2211 1400 2278 1439 ex
2313 1386 2406 1439 illo
2439 1400 2563 1440 esse
2595 1393 2958 1448 monstratur,
2997 1399 3025 1435 a
3057 1397 3166 1453 quo
3199 1392 3250 1436 et
3285 1384 3528 1452 proprie-

1963 1487 2046 1531 tas
2071 1477 2303 1531 maxime
2323 1477 2523 1540 elucet,
2547 1485 2600 1530 et
2624 1475 3093 1530 consubstantiale
3108 1483 3524 1543 consequenter,

1959 1567 2318 1638 ejusdemque
2345 1568 2544 1638 speciei
2575 1569 3002 1621 demonstratur.

2033 1659 2244 1715 idcirco
2268 1674 2497 1730 magnus
2527 1664 2758 1729 quoque
2796 1657 3031 1712 Basilius
3060 1656 3188 1710 hinc
3224 1656 3525 1725 proprieta-

1964 1761 2071 1808 tem
2102 1751 2368 1824 insinuari
2399 1750 2560 1814 dixit,
2583 1749 2713 1820 quia
2742 1763 2806 1802 ex
2837 1745 3093 1801 Deo‘esse
3129 1746 3342 1800 dicitur.
3369 1744 3527 1810 Quod

1965 1854 2144 1900 autem
2178 1859 2244 1899 ex
2289 1843 2404 1898 Deo
2439 1858 2558 1897 esse
2601 1841 2829 1907 dicitur,
2879 1855 3099 1895 causam
3132 1836 3387 1902 ostendit,
3418 1853 3527 1907 qua

1961 1939 2298 2005 praecedente
2324 1920 2797 1990 consubstantiale
2820 1933 2983 1986 etiam
3017 1931 3314 1987 secundum
3338 1929 3530 1996 hujus-

1963 2027 2108 2082 modi
2164 2025 2551 2097 pmprietatem
2615 2025 2668 2077 in
2725 2024 2926 2078 divinis
2974 2022 3224 2092 personis
3255 2022 3523 2088 sequitur.

1957 2118 2228 2185 Quoniam
2255 2117 2423 2188 igitur
2446 2115 2681 2186 Spiritus
2705 2123 2928 2168 sanctus
2950 2111 3248 2168 secundum
3270 2122 3521 2167 naturam

1958 2201 2215 2282 proprius
2247 2219 2332 2264 est
2375 2208 2538 2275 Filio,
2571 2212 2788 2262 constat
2820 2205 2950 2275 quia
2982 2205 3051 2260 ad
3079 2205 3232 2258 illum
3257 2203 3420 2258 veluti
3455 2203 3522 2256 ad

1927 2307 2183 2358 "causam
2232 2299 2488 2355 refertur.
2522 2297 2678 2354 Unde
2709 2297 2874 2352 etiam
2926 2293 3410 2351 consubstantialis
3444 2293 3524 2348 illi

1956 2400 2062 2450 est.

2029 2505 2258 2580 Magnus
2288 2507 2415 2562 item
2435 2505 2667 2560 Basilius
2691 2505 2746 2559 in
2776 2493 3128 2573 Expositione
3154 2516 3302 2556 xxxii
3331 2500 3524 2571 psalmi

1957 2600 2035 2656 ait
2095 2619 2108 2655 :
2191 2619 2209 2652 ε
2252 2598 2408 2653 Sicut
2467 2597 2631 2667 igitur
2712 2604 2928 2650 creator
2988 2590 3222 2647 Verbum
3291 2590 3527 2645 ﬁrmavit

1954 2692 2124 2748 caelos
2147 2731 2164 2756 ,
2201 2690 2272 2745 ita
2306 2698 2356 2743 et
2382 2687 2642 2758 Spiritus,
2669 2686 2760 2756 qui
2799 2700 2863 2739 ex
2895 2683 3004 2738 Deo
3032 2692 3134 2746 est.
3170 2682 3264 2753 qui
3301 2697 3330 2735 a
3361 2682 3526 2735 Patre

1955 2779 2222 2850 procedit,
2258 2779 2360 2832 hoc
2389 2786 2491 2840 est,
2539 2779 2633 2845 qui
2683 2790 2747 2828 ex
2789 2789 2884 2828 ore
2931 2774 3072 2841 ejus,
3106 2787 3173 2826 ne
3228 2770 3359 2842 quid
3396 2785 3520 2825 eum

1953 2872 2286 2929 exteriorum
2337 2885 2482 2936 esse,
2527 2883 2704 2938 neque
2735 2876 3134 2931 creaturarum,
3180 2864 3465 2919 arbitreris
3506 2882 3520 2918 :

1961 2965 2053 3020 sed
2083 2972 2142 3019 ut
2171 2963 2315 3034 quod
2345 2977 2411 3016 ex
2443 2961 2554 3016 Deo
2579 2960 2778 3014 habeat
2806 2956 3200 3020 substantiam,
3229 2954 3525 3026 gloriﬁccs.

289 3041 456 3096 alium
485 3057 618 3098 vero
647 3057 744 3112 per
773 3057 923 3110 eum,
955 3044 1046 3113 qui
1081 3044 1200 3097 sine
1237 3043 1416 3098 medio
1446 3058 1513 3098 ex
1544 3043 1721 3113 primo
1749 3053 1853 3109 est,
1882 3033 1928 3094 ϐ
1963 3054 2165 3112 Omnes
2197 3053 2341 3108 enim
2375 3053 2431 3106 in
2463 3066 2526 3106 eo
2560 3051 2794 3105 virtutes
2821 3047 2984 3104 simul
3019 3045 3272 3101 contulit.
3305 3064 3325 3098 ι

292 3134 906 3190 substantiam‘liahere
947 3135 1249 3200 credimus,
1290 3135 1646 3190 nihilominus
1678 3143 1854 3190 tamen

289 3225 508 3279 modum
543 3227 882 3295 ignoramus.
932 3228 1046 3283 Hoc
1076 3243 1202 3299 ergo
1231 3228 1467 3299 cognito,
1512 3228 1639 3299 quia
1680 3237 1759 3283 est
1789 3243 1856 3283 ex

293 3316 402 3371 Deo
454 3319 806 3386 naturaliter,
857 3332 1255 3390 consequenter
1285 3321 1562 3392 quomodo
1609 3321 1680 3376 sit
1709 3335 1857 3390 qure-

288 3419 448 3462 ritur.

361 3502 549 3569 Itaque
586 3503 899 3571 proprietas
935 3505 1049 3558 hate
1079 3503 1452 3574 principaliter
1483 3503 1703 3574 quidem
1729 3519 1859 3559 cau-

286 3611 409 3650 sam
471 3607 531 3652 et
578 3603 790 3653 causate
840 3601 1130 3669 signiﬁcat.
1181 3599 1405 3666 Deinde,
1443 3610 1856 3670 consequenter,

287 3689 763 3744 consubstantiale
793 3693 984 3745 etiam.
1012 3693 1190 3761 Atque
1220 3692 1384 3762 hujus
1431 3691 1694 3748 indicium
1728 3703 1810 3748 est
1840 3710 1855 3748 :

286 3778 528 3846 primum
589 3781 858 3848 quidem,
931 3783 1060 3852 quia
1117 3781 1589 3837 consubstantiale
1649 3782 1857 3836 nullam

291 3870 496 3926 indicat
523 3871 938 3927 discretionem.
970 3874 1285 3943 Proprietas
1312 3887 1443 3928 vero
1492 3873 1858 3929 diﬂerentiam

292 3962 1209 4035 diseretionemque'commendat.
1254 3965 1483 4033 Deinde,
1531 3966 1676 4035 quod
1725 3980 1861 4019 con-

293 4059 677 4112 substantialia
727 4059 946 4129 quidem
995 4059 1252 4127 invicem,
1283 4059 1581 4114 secundum
1616 4059 1857 4112 eamdem

291 4149 583 4203 verborum
626 4151 915 4215 rationem,
967 4151 1174 4220 absque
1225 4150 1334 4204 ulla
1388 4149 1695 4219 adiectione
1732 4163 1863 4203 con-

293 4251 616 4308 vertuntur;
654 4242 814 4297 Pater
839 4243 1039 4312 quippe
1070 4243 1553 4321 consubstantialis
1591 4251 1673 4296 est
1698 4240 1854 4305 Filio,

2031 3146 2096 3201 Et
2125 3155 2250 3217 post
2278 3160 2447 3216 pauca
2481 3163 2494 3201 :
2528 3163 2546 3196 ι
2583 3142 2694 3198 lloc
2734 3141 2951 3213 quidem
3003 3141 3058 3194 in
3113 3139 3236 3194 loco
3285 3136 3523 3208 Spiritus

1960 3243 2074 3297 oris
2106 3240 2225 3310 ejus
2271 3238 2401 3304 dici,
2449 3245 2506 3292 ut
2552 3236 2887 3306 intelligatur
2930 3232 3198 3298 Salvator,
3239 3230 3526 3286 sanctissi-

1959 3347 2191 3402 musque
2251 3331 2368 3399 ejus
2433 3327 2688 3399 Spiritus.
2771 3323 2871 3380 Ubi
2945 3333 3124 3396 autem
3185 3321 3527 3377 invenietur?

1957 3423 2218 3492 Apostolo
2262 3421 2488 3484 scilicet,
2520 3420 2734 3474 dicente
2779 3418 2847 3473 de
2889 3414 3028 3470 Filio
3062 3431 3078 3470 :
3114 3412 3312 3468 Ferens
3347 3413 3527 3466 omnia

1969 3513 2135 3567 Verbo
2180 3513 2389 3566 virtutis
2438 3527 2549 3565 sua:
2579 3510 2619 3564 ⁸.
2676 3508 2947 3563 Virtutem
3023 3517 3074 3562 et
3116 3507 3349 3562 Verbum
3402 3504 3524 3560 Filii

1958 3606 2222 3676 Spiritum
2278 3613 2527 3658 sanctum
2580 3601 2782 3672 posuit.
2825 3620 2843 3652 ι
2903 3602 2978 3655 Ac
3037 3615 3301 3664 rursum:
3356 3599 3524 3664 Quem

1961 3699 2220 3754 Dominus
2255 3696 2411 3751 Jesus
2464 3695 2745 3764 interﬁciat
2783 3692 2990 3766 Spiritu
3035 3693 3142 3745 oris
3189 3693 3294 3755 sui,
3326 3702 3374 3745 et
3426 3693 3522 3744 de-

1957 3797 2124 3846 struet
2180 3787 2540 3841 illustrations
2583 3784 2835 3840 adventus
2883 3785 3031 3839 sui'.
3081 3781 3159 3836 Ex
3204 3798 3311 3853 quo
3354 3783 3518 3837 etiam

1929 3888 2194 3946 constat,
2223 3880 2451 3936 stultum
2490 3887 2545 3932 et
2579 3877 3010 3932 irrationabilem
3055 3875 3221 3929 fuisse
3252 3888 3520 3944 quorum-

1959 3977 2084 4030 dam
2117 3972 2535 4042 malignitatem,
2560 3971 2654 4041 qui
2682 3984 2748 4023 ex
2774 3971 2876 4024 hoc
2895 3968 3135 4038 Apostoli
3163 3967 3310 4022 dicto
3339 3966 3522 4031 Iesus,

1959 4065 2301 4129 deleverunt,
2331 4079 2400 4118 ne
2436 4064 2502 4118 de
2527 4061 2666 4116 Filio
2702 4059 2794 4116 Dei
2839 4062 2941 4115 hoc
2973 4060 3322 4129 intelligatur.
3359 4057 3433 4111 Ex
3459 4073 3524 4112 eo

1956 4172 2128 4230 enim,
2171 4151 2316 4225 quod
2372 4152 2576 4207 illatum
2631 4159 2734 4217 est,
2767 4138 3146 4214 illustrations,
3191 4155 3518 4218 arguuntur.

1955 4238 2165 4302 Futura
2236 4244 2380 4300 enim
2447 4242 2714 4313 apparitio
2780 4241 2993 4296 Domini
3062 4241 3189 4295 Jesu
3257 4239 3519 4300 creditur,

290 4343 345 4386 et
397 4331 573 4388 Filius
608 4335 1118 4415 ‘consubstantialis
1172 4345 1255 4389 cst
1304 4334 1473 4389 Patri.
1526 4332 1681 4399 Quod
1725 4348 1858 4389 sane

1962 4327 2234 4410 simulque
2279 4337 2335 4392 in
2366 4335 2758 4390 vetustissimis
2801 4335 3200 4403 exemplaribus
3236 4331 3522 4401 integritas

290 4410 760 4477 consubstantiale
796 4424 882 4478 hic
925 4426 1088 4479 etiam
1128 4423 1514 4479 discretionem
1543 4438 1854 4493 prmsuppo-

294 4515 393 4576 nit,
419 4528 479 4565 ex
511 4513 831 4568 nominibus
856 4513 1037 4568 Patris
1093 4529 1154 4569 ac
1179 4514 1300 4569 Filii
1330 4517 1464 4570 satis
1492 4526 1860 4585 apparentem.

296 4602 516 4672 Propria
547 4620 678 4659 vero
710 4620 816 4660 non
870 4607 1210 4676 simpliciter,
1245 4607 1340 4662 sed
1372 4623 1494 4662 cum
1528 4609 1863 4678 adjectione;

297 4708 471 4762 neque
495 4695 643 4748 enim
684 4696 869 4748 dicere
898 4710 1212 4762 possumus,
1244 4695 1402 4752 Pater
1431 4699 1684 4767 proprius
1727 4696 1864 4752 Filio

291 4793 344 4836 et
379 4785 553 4839 Filius
586 4787 840 4854 proprius
865 4784 1155 4855 Patri,:sed
1191 4789 1260 4842 ita
1285 4788 1505 4859 proprie
1531 4789 1818 4844 reddemus
1845 4803 1860 4843 :

298 4873 467 4929 Filius
530 4877 748 4945 quidem
815 4879 1067 4947 proprius
1123 4889 1203 4933 est
1259 4879 1404 4933 Patri
1439 4879 1648 4944 Filius;
1705 4878 1862 4934 Pater

295 4980 476 5022 autem
527 4971 783 5038 proprius
835 4983 918 5025 est
953 4971 1094 5025 Filio
1131 4972 1316 5027 Pater.
1366 4972 1461 5026 l~llo
1509 4973 1657 5026 enim
1706 4971 1864 5026 modo

298 5059 612 5125 indiscrete,
641 5073 697 5114 et
751 5062 871 5116 sine
916 5063 1179 5118 relatione
1217 5065 1283 5118 ad
1325 5063 1554 5119 invicem
1587 5063 1859 5119 reddetur.

216 5148 233 5172 '
298 5150 387 5205 Sic
424 5163 606 5206 autem
643 5155 1028 5223 proprietatem
1060 5155 1179 5210 Filii
1215 5156 1280 5210 ad
1311 5154 1525 5211 Patrem
1561 5157 1860 5212 secundum

297 5259 456 5310 quam
487 5260 551 5298 ex
577 5245 672 5300 illo
705 5249 942 5313 genitus,
967 5245 1257 5317 Patrisque
1307 5251 1372 5303 ad
1417 5247 1638 5314 Filium,
1670 5263 1865 5304 secun-

295 5332 424 5385 dum
459 5350 617 5403 quam
650 5336 828 5404 ipsius
856 5335 1014 5391 Pater
1043 5347 1146 5406 est,
1180 5339 1472 5395 reddimus.

368 5427 660 5492 Oportebat
688 5429 857 5497 igitur
886 5430 1134 5484 similiter
1173 5434 1416 5487 (ουνυηί
1448 5434 1860 5503 proprietatem,

294 5514 444 5567 sicut
495 5519 967 5574 consubstantiale
1023 5531 1107 5575 est
1155 5541 1168 5576 :
1237 5522 1502 5590 siquidem
1561 5527 1863 5593 proprietas

1965 4432 2280 4504 apostolica:
2333 4427 2618 4484 sententia:
2672 4426 2997 4481 ostenditur.
3057 4423 3172 4477 iloc
3227 4431 3405 4476 tamen
3465 4421 3518 4474 in

1959 4525 2082 4580 loco
2127 4531 2351 4578 sanctus
2386 4521 2466 4572 vir
2512 4533 2574 4572 os
2626 4515 2718 4571 Dei
2751 4515 2946 4571 Filium
2999 4531 3122 4570 esse
3171 4514 3274 4577 ait;
3309 4511 3522 4565 dixerat

1960 4615 2106 4670 enim
2167 4612 2418 4681 superius
2468 4609 2737 4678 Spiritum
2798 4623 2865 4662 ex
2927 4606 3019 4660 Dei
3072 4619 3164 4658 ore
3196 4602 3516 4672 essetquod

1960 4704 2104 4758 idetn
2135 4699 2444 4771 signiﬁcare
2477 4699 2618 4752 dixit
2659 4717 2672 4752 :
2707 4697 2812 4762 Qui
2841 4714 2872 4750 a
2903 4695 3066 4750 Patre
3095 4691 3352 4759 procedit.

2036 4795 2270 4850 Sanctus
2313 4801 2494 4845 autem
2524 4790 2858 4845 Athanasius
2897 4785 3264 4841 Antiochenus
3308 4782 3521 4852 episco-

1964 4900 2089 4956 pus,
2141 4886 2193 4939 in
2247 4900 2312 4938 eo
2374 4883 2532 4946 libro,
2585 4897 2743 4950 quem
2799 4879 3168 4952 prtediximus,
3203 4894 3221 4925 ι
3260 4869 3520 4935 Verbum,

1966 4977 2165 5046 inquit,
2222 4976 2339 5029 sine
2389 4973 2594 5043 Spiritu
2647 4990 2752 5027 non
2808 4981 2926 5038 est,
2981 4969 3120 5023 sicut
3174 4984 3350 5038 neque
3403 4969 3522 5022 sine

1971 5069 2146 5124 Verbo
2204 5047 2378 5123 utens.
2435 5066 2664 5120 Mentem
2725 5079 2849 5119 vero
2903 5076 3025 5117 esse
3086 5057 3298 5112 Patrem
3363 5058 3522 5112 Vt-rhi

1968 5163 2222 5217 dicimus.
2256 5160 2424 5222 Mens,
2454 5159 2508 5211 in
2541 5173 2646 5228 qua
2679 5155 2931 5220 Verbum,
2970 5168 3091 5207 cum
3121 5168 3227 5222 qua
3263 5149 3520 5220 Spiritus,

1972 5262 2222 5310 sanctum
2263 5251 2524 5319 Spiritum
2569 5250 2681 5304 oris
2705 5241 2799 5302 ‘Dei
2830 5246 3037 5312 dicens,
3071 5259 3132 5299 os
3163 5243 3306 5296 enim
3343 5243 3524 5298 Patris

1969 5340 2164 5395 Filius.
2201 5360 2221 5392 ι
2466 5348 2469 5351 ’

2046 5431 2103 5486 Si
2137 5433 2302 5502 igitur
2367 5430 2602 5500 Spiritus
2631 5428 2844 5500 quidem
2891 5442 2957 5480 ex
3003 5440 3098 5480 ore
3145 5423 3235 5477 Dei
3268 5431 3376 5487 est,
3425 5423 3526 5475 hoc

1971 5534 2151 5580 autem
2201 5523 2344 5577 idem
2393 5535 2496 5587 est,
2533 5521 2674 5592 quod
2729 5522 2816 5592 qui
2863 5536 2895 5572 a
2947 5517 3104 5572 Patre
3149 5517 3407 5587 procedit;
3463 5530 3526 5569 os

407 5695 427 5725 ²
461 5695 620 5749 Rem.
659 5713 774 5764 vm,
810 5700 863 5753 9.
983 5698 1169 5753 ’1':al.
1214 5717 1384 5768 xxxii,
1419 5703 1504 5756 6.‘
1548 5705 1567 5735 ⁶
1604 5701 1764 5759 llcbr.
1793 5722 1830 5769 t,
1865 5705 1916 5759 5.
1996 5706 2014 5736 ⁵
2046 5705 2083 5760 ll
2119 5705 2308 5760 Thess.
2340 5721 2400 5769 li,
2435 5705 2485 5758 8.
