4046 6204
506 241 579 302 6‘1
1292 326 1296 329 ι
1774 232 2169 297 MANUELIS
2202 233 2503 295 eamea
2708 196 2719 205 ’
2998 228 3004 232 ‘
3684 239 3754 299 ts

510 359 692 408 autem
740 350 915 407 Patris
944 350 1117 407 Filius
1147 357 1267 416 est;
1308 359 1362 405 et
1390 350 1535 420 quod
1572 348 1772 404 dicitur
1810 363 1874 404 ex
1915 348 2074 403 Patre
2100 345 2237 405 Aes
2272 346 2418 409 llliis,
2481 355 2540 400 ut
2591 346 2648 401 lit
2700 346 2755 401 in
2794 345 3147 413 hominibus,
3204 347 3406 405 habere
3460 351 3686 405 credita.
3732 369 3751 397 ι

512 445 829 513 procedere,
861 444 1005 518 illius
1052 443 1414 498 substantiam
1461 441 1734 511 signiﬁcat
1767 457 1781 494 :
1834 454 1934 494 cur
1969 454 2077 492 non

513 536 569 590 id
598 550 841 605 quoque,
877 534 1023 604 quod
1056 534 1262 589 dicitur
1291 533 1413 586 Filii
1451 531 1710 601 Spiritus,
1747 539 1801 585 et
1840 528 2080 597 Spiritus

513 627 626 681 oris
659 626 802 695 ejus,
829 625 1199 680 indiﬂerenter
1224 624 1368 677 illius
1394 621 1752 677 substantiam
1784 620 2076 690 signiticet,

513 717 814 772 secundum
851 732 1013 785 quam
1043 731 1107 769 ex
1143 713 1305 768 Patre
1344 730 1438 783 per
1485 712 1683 767 Filium
1724 709 1987 782 procedit,
2020 721 2083 763 ac

512 822 610 876 per
646 808 842 875 ipsum,
864 815 921 861 et
952 807 1018 860 ab
1046 805 1163 873 ipso
1189 820 1308 860 esse
1344 804 1549 859 habet?

583 899 811 968 Magnus
864 898 990 951 item
1054 897 1291 952 Basilius
1330 898 1385 951 in
1444 896 1535 953 lib.
1583 911 1635 950 tv
1670 896 1871 951 Contra
1907 893 2085 949 Euno-

514 992 700 1055 mium,
731 990 886 1059 quasi
922 1004 986 1043 ex
1024 988 1303 1043 contrario
1344 1003 1657 1057 proponens
1688 1006 1702 1042 :
1736 1006 1753 1038 ε
1787 986 1891 1041 Sed
1923 986 2082 1053 dicis,

514 1082 691 1148 inquit
724 1100 738 1134 :
771 1079 826 1133 Si
866 1079 956 1133 Dei
999 1080 1218 1149 quidem
1272 1079 1451 1149 imago
1478 1078 1651 1132 Filius
1694 1086 1797 1141 est,
1839 1075 2081 1131 Verbum

514 1181 692 1224 autem
730 1168 852 1224 Filii
900 1169 1165 1239 Spiritus,
1209 1185 1304 1224 cur
1336 1184 1445 1223 non
1471 1168 1646 1224 Filius
1691 1166 1813 1223 Filii
1847 1166 2083 1236 Spiritus

513 1262 696 1316 dictus
718 1262 871 1317 est?»
904 1261 958 1315 lu
992 1263 1283 1331 Itasigitur
1312 1262 1548 1331 ineptias
1567 1262 1743 1328 ipsum
1778 1259 2087 1328 impellente

515 1351 806 1417 Eunomio,
867 1354 973 1406 nisi
1024 1369 1090 1406 ex
1145 1352 1283 1407 Filio
1336 1367 1456 1407 esse
1510 1350 1773 1421 Spiritum
1827 1360 2082 1405 sanctum

515 1443 786 1522 crederet,
834 1443 1065 1499 Basilius
1100 1443 1359 1499 facillime
1390 1443 1466 1498 illi
1516 1443 1797 1497 obviasset
1848 1441 2082 1497 dicens:

517 1532 802 1598 Quomodo
834 1544 982 1589 esset
1025 1535 1265 1604 Spiritus
1294 1534 1466 1587 Filius
1496 1532 1641 1596 Filii,
1674 1533 1766 1603 qui
1803 1547 1910 1587 non
1943 1545 2083 1601 quo-

518 1624 815 1679 ntodolibet
839 1639 904 1678 ex
938 1624 1098 1689 Filio,
1129 1625 1246 1680 sive
1273 1640 1367 1694 per
1393 1624 1591 1679 Filium
1623 1622 1983 1695 procederet?
2008 1620 2083 1676 lta

519 1715 663 1769 enim
715 1730 775 1770 se
822 1717 1213 1771 controversiae
1278 1716 1444 1784 hujus
1494 1716 1747 1771 molestia
1799 1714 2079 1771 eximeret.

520 1802 720 1860 Verum
768 1807 819 1860 id
851 1807 1074 1877 quidem
1104 1822 1217 1889 non
1254 1808 1412 1869 dixit,
1458 1808 1555 1863 sed
1601 1808 1904 1878 subjiciens
1936 1805 2085 1876 quod

519 1905 901 1964 proposuerat,
933 1897 1099 1952 solvit
1126 1917 1139 1951 :
1179 1898 1320 1954 «Nos
1349 1908 1530 1953 autem
1563 1908 1619 1953 et
1657 1898 1728 1952 de
1756 1900 1861 1954 hoc
1889 1898 1955 1952 ad
1986 1911 2086 1951 nos

519 1987 690 2057 ipsos,
730 1997 993 2055 quantum
1030 1989 1293 2057 possibile
1341 1999 1447 2055 est,
1501 1988 1914 2059 respondemus.
1948 1987 2084 2043 Nam

515 2083 583 2134 ad
641 2086 695 2135 te
743 2080 966 2149 quidem
1017 2082 1181 2135 etiam
1241 2081 1421 2136 facere
1478 2082 1613 2136 satis
1674 2088 1841 2145 esset,
1896 2078 2085 2134 eadem

519 2170 1044 2237 interrogatiuncula
1083 2172 1179 2226 tibi
1226 2186 1442 2241 quoque
1465 2172 1810 2226 imminente.
1849 2170 2088 2226 Dicimus

517 2262 705 2331 igitur,
768 2262 1028 2330 quoniam
1059 2262 1239 2317 dicere
1276 2261 1472 2317 Filium
1502 2278 1567 2317 ex
1592 2262 1751 2328 Filio,
1784 2261 2086 2317 divinitatis

518 2346 841 2404 Trinitatem
872 2351 925 2404 in
970 2352 1344 2421 suspicionem
1379 2352 1746 2407 multitudinis
1770 2352 2084 2418 adduceret,

518 2440 848 2496 audentibus
920 2442 1258 2499 hominibus.
1315 2442 1374 2497 In
1437 2454 1687 2512 promptu
1744 2442 1887 2497 enim
1947 2450 2085 2508 erat,

518 2533 787 2601 suspicari
816 2533 1075 2603 quoniam
1109 2533 1155 2590 si
1194 2532 1365 2590 Filius
1395 2550 1457 2588 ex
1486 2533 1624 2588 Filio
1655 2544 1817 2590 natus
1850 2543 2015 2601 esset,
2037 2544 2091 2590 et

517 2639 583 2679 ex
612 2639 677 2679 eo
717 2640 910 2680 rursus
945 2624 1110 2680 alium
1158 2628 1331 2692 nasci,
1365 2636 1529 2694 atque
1562 2641 1756 2681 rursus
1800 2625 1990 2691 alium,
2023 2638 2089 2678 ac

519 2717 775 2787 deinceps
806 2720 858 2772 in
895 2719 1298 2774 multitudinem
1346 2734 1613 2774 crescere.
1648 2720 1823 2787 Hujus
1858 2733 1986 2787 ergo
2011 2716 2088 2773 rei

520 2809 716 2878 gratia,
771 2825 835 2864 ex
892 2810 1001 2864 Deo
1052 2811 1270 2880 quidem
1319 2826 1440 2866 esse
1490 2810 1757 2881 Spiritum
1795 2810 2090 2878 Apostolus

521 2908 708 2967 aperte
745 2900 1060 2969 praedicavit
1104 2900 1291 2956 dicens
1325 2918 1341 2955 :
1389 2900 1651 2966 Quoniam
1701 2899 1958 2967 Spiritum
1995 2900 2092 2955 Dei

2187 436 2325 492 Cum
2360 438 2589 494 ditiss‘t
2622 438 2787 508 igitur
2818 457 2831 493 :
2869 458 2887 490 ε
2924 438 3041 493 Non
3072 440 3216 501 ideo,
3249 444 3377 510 quia
3414 458 3517 495 non
3550 458 3615 497 ex
3648 443 3757 499 Deo

2188 546 2287 601 per
2319 529 2513 586 Filium
2550 533 2641 593 sit,
2683 550 2702 584 ι
2734 532 2991 595 ostendit,
3020 533 3145 602 quia
3179 548 3243 588 ex
3286 534 3392 589 Deo
3422 549 3517 605 per
3550 536 3749 591 Filium

2185 630 2290 684 est,
2335 620 2548 676 duabus
2606 619 2995 689 uegationibus
3048 634 3147 689 pro
3220 635 3327 674 una
3397 621 3758 677 aflirmatione

2192 723 2369 769 utens.
2416 713 2591 777 Quem
2653 713 2819 782 igitur
2863 727 2985 767 esse
3031 727 3126 781 per
3155 710 3351 766 Filium
3409 711 3568 777 dixit,
3607 714 3754 768 hunc

2192 806 2354 861 etiam
2392 821 2487 874 per
2523 803 2718 860 Filium
2769 820 2991 860 manare
3032 804 3312 869 iudicavit,
3353 820 3486 868 esse,
3523 818 3611 868 ac,
3648 822 3763 859 ma-

2192 914 2323 952 nare
2353 899 2409 951 in
2439 898 2760 961 substantia,
2802 895 3178 951 indiderenter
3212 910 3439 965 ponens.

2261 991 2396 1045 Nam
2422 991 2490 1055 si,
2520 1002 2576 1045 ut
2599 989 2818 1056 quidam
2842 997 3056 1057 putant,
3086 1002 3324 1047 manare,
3368 986 3762 1041 manifestatio-

2191 1099 2337 1147 nem,
2357 1098 2463 1152 qua
2494 1083 2694 1136 mundo
2727 1079 3112 1135 manifestatus
3142 1085 3247 1141 est,
3278 1077 3476 1144 signat,
3502 1078 3759 1145 quoniam

2191 1175 2493 1241 secundum
2527 1174 2667 1227 hanc
2715 1172 2887 1233 magis
2914 1169 3110 1223 Filium
3152 1168 3389 1237 Spiritus
3417 1167 3757 1234 manifestat,

2190 1266 2293 1321 Ille
2320 1266 2483 1329 enim,
2533 1263 2732 1331 inquit,
2784 1277 2865 1316 me
2908 1260 3314 1329 clari/icabit';
3367 1259 3472 1312 erit
3519 1274 3649 1327 ego
3704 1270 3760 1313 et

2190 1355 2365 1413 Filius
2402 1354 2636 1409 Verbum
2696 1354 2868 1408 sancti
2930 1349 3187 1420 Spiritus.
3239 1350 3307 1404 At
3365 1350 3417 1403 id
3464 1350 3762 1419 Gregorius

2191 1447 2474 1518 Nyssenus
2513 1444 2735 1515 negavit
2769 1443 2958 1498 dicens
2995 1458 3011 1495 :
3058 1460 3077 1493 ι
3123 1440 3297 1495 Filius
3328 1451 3511 1494 autem
3541 1452 3763 1497 sanctus

2191 1540 2427 1608 Spiritus
2458 1551 2635 1606 neque
2663 1544 2770 1597 est,
2804 1548 2981 1602 neque
3017 1532 3239 1596 dicitur,
3272 1546 3452 1601 neque
3491 1535 3763 1587 converti-

2190 1636 2280 1680 tur
2305 1625 2522 1679 habitus
2553 1624 2656 1678 ista
2679 1620 3094 1691 consequentia.
3110 1639 3128 1673 ι
3152 1619 3354 1690 Nempe
3370 1630 3565 1677 autem
3596 1623 3760 1686 sitne,

2189 1717 2271 1772 vel
2301 1732 2409 1771 non
2450 1717 2519 1771 sit
2548 1714 2720 1769 Filius
2747 1712 2980 1786 Spiritus
3015 1713 3189 1768 sancti
3227 1713 3598 1767 manifestatio
3624 1714 3761 1767 nihil
3824 1758 3827 1771 .

2184 1815 2361 1879 potest
2403 1806 2722 1871 ostendere;
2770 1804 2876 1860 nisi
2936 1818 3173 1867 manare,
3208 1803 3564 1858 substantiam
3621 1804 3762 1857 sim-

2183 1899 2397 1970 pliciter
2426 1896 2718 1966 signiticet,
2742 1896 2887 1950 sicut
2910 1909 3033 1950 esse
3060 1895 3248 1957 etiam,
3275 1895 3572 1948 secundum
3592 1910 3758 1963 quam

2186 1988 2394 2044 scilicet
2448 1985 2813 2041 substantiam
2847 1997 2945 2053 per
3000 1981 3205 2036 Filium
3259 1996 3442 2037 essea
3491 1981 3759 2049 theoIOgis

2187 2076 2478 2154 asscritur;

2263 2169 2329 2223 Et
2364 2167 2450 2221 his
2481 2179 2612 2221 vero
2642 2163 2773 2220 illud
2802 2162 3089 2218 conﬁcitur
3111 2172 3201 2228 ,et
3222 2162 3485 2232 Spiritum
3506 2170 3755 2216 sanctum

2190 2275 2299 2314 non
2331 2272 2454 2314 esse
2501 2256 2724 2320 Filium,
2770 2254 2972 2324 quippe
3016 2254 3381 2309 emanationis
3424 2253 3753 2312 dili'ereutia,

2188 2350 2294 2403 hoc
2330 2357 2432 2411 est,
2478 2344 2677 2400 modus
2717 2345 2973 2399 diﬂ‘erens
3015 2359 3307 2413 processus
3355 2343 3578 2398 illorum
3625 2344 3758 2397 sub-

2187 2441 2424 2506 stantiae,
2477 2438 2780 2495 secundum
2832 2436 3147 2505 theologum
3199 2436 3562 2505 Gregorium,
3613 2437 3759 2489 hunc

2190 2534 2414 2597 Filium,
2448 2530 2599 2584 illum
2629 2529 2897 2599 Spiritum
2929 2536 3180 2582 sanctum
3203 2526 3462 2596 appellari
3488 2525 3631 2581 fecit.
3661 2525 3759 2579 llic

2190 2625 2335 2679 enim
2369 2638 2434 2677 ex
2486 2623 2646 2678 Patre
2676 2622 2797 2677 sine
2824 2621 3029 2688 medio,
3065 2620 3154 2674 ille
3189 2629 3395 2686 autem,
3430 2634 3527 2689 per
3560 2617 3755 2674 Filiam

2192 2731 2313 2773 esse
2343 2717 2677 2786 perhibetur.

2262 2807 2460 2877 Liquet
2487 2817 2669 2861 autem
2703 2816 2759 2862 et
2790 2806 2918 2871 hoc,
2945 2804 3091 2876 quod
3115 2818 3345 2872 magnus
3373 2803 3607 2859 Basilius
3630 2818 3754 2857 cum

2191 2902 2311 2972 jure
2346 2917 2447 2958 suo
2481 2899 2767 2956 confutare
2792 2899 3006 2970 objecta
3038 2898 3305 2955 valuisset
3329 2882 3518 2954 dicens
3550 2913 3565 2950 :
3603 2915 3623 2947 ι
3650 2894 3757 2962 Qui

520 2992 815 3058 accepimus
843 2992 888 3054 ⁸,
921 3006 1158 3061 eumque
1190 3008 1282 3061 per
1322 2992 1519 3047 Filium
1553 3008 1825 3056 manasse,
1853 2992 2081 3046 manile-
2107 3012 2152 3073 ο
2196 2996 2359 3065 igitur
2403 3009 2578 3063 neque
2610 3009 2675 3048 ex
2714 2992 2874 3059 Filio,
2922 3007 3101 3062 neque
3130 3006 3227 3062 per
3258 2991 3454 3045 Filium
3495 2990 3757 3045 substan-

518 3090 661 3131 stum
696 3076 820 3133 fecit
854 3079 1048 3146 Filius,
1083 3080 1345 3151 Spiritum
1400 3082 1575 3151 ipsum
1618 3082 1895 3151 appellans
1939 3081 2083 3136 sicut

518 3182 573 3224 et
616 3169 715 3223 Dei
777 3181 829 3225 et
861 3170 1064 3226 Christi
1112 3181 1343 3226 mentem
1390 3172 1701 3237 nominans,
1738 3172 1880 3226 sicut
1908 3182 1962 3226 et
1990 3156 2086 3227 Dei

519 3262 807 3333 Spiritum.
878 3266 1000 3321 Filii
1070 3276 1255 3322 autem
1324 3266 1524 3322 Filium
1593 3267 1868 3337 appellare
1926 3276 2084 3322 caute

518 3356 827 3412 declinavit.
868 3376 886 3409 ι
1710 3412 1715 3415 .

588 3447 777 3517 Itaque
811 3463 1045 3518 magnus
1077 3447 1311 3504 Basilius
1334 3447 1457 3503 Filii
1486 3449 1702 3519 quidem
1727 3448 1920 3504 Filium
1960 3462 2083 3504 esse

521 3538 780 3609 Spiritum
817 3551 998 3610 negat,
1026 3556 1091 3595 ex
1133 3539 1270 3595 Filio
1325 3530 1508 3596 aute'm
1565 3542 1681 3597 sive
1739 3556 1833 3612 per
1883 3538 2080 3595 Filium

518 3629 735 3697 prodire
761 3640 1062 3686 asseverat.
1093 3630 1248 3697 Quod
1293 3644 1474 3688 autem
1515 3648 1736 3687 manare
1766 3632 2083 3687 naturaliter

515 3726 794 3788 procedere
832 3725 1127 3795 signiticet,
1164 3742 1226 3780 ex
1260 3740 1327 3781 eo
1358 3725 1574 3794 quidem
1607 3725 1951 3779 manifestum
1980 3736 2082 3789 est,

516 3815 661 3882 quod
702 3832 766 3870 eo
799 3816 964 3872 verbo
996 3819 1161 3872 etiam
1215 3818 1269 3871 in
1325 3817 1609 3871 uativitate
1668 3815 1790 3869 Filii
1847 3815 2083 3885 theologi

522 3915 773 3960 utuntur.
811 3886 1048 3961 Sanctus
1083 3907 1228 3960 enim
1261 3908 1517 3973 Cyrillus,
1556 3907 1610 3959 in
1642 3906 1803 3970 libro,
1826 3921 1983 3975 quem
2015 3904 2083 3959 ad

519 3994 869 4049 Valerianum
900 3998 1220 4068 episcopum
1254 3998 1499 4067 scripsit,
1547 4016 1565 4048 ι
1594 3995 1851 4063 Sanctus,
1886 3999 2086 4067 inquit,

522 4103 616 4153 per
653 4097 902 4140 naturam
943 4104 1068 4142 cum
1125 4090 1217 4153 sit,
1274 4088 1733 4158 quemadmodum
1800 4098 1852 4144 et
1903 4088 2085 4153 Pater,

526 4177 573 4231 is
621 4181 712 4245 qui
769 4194 831 4232 cx
880 4194 945 4233 eo
997 4179 1239 4234 manavit
1274 4180 1589 4248 unigenitus
1621 4179 1794 4236 Filius
1825 4196 1857 4235 a
1908 4180 2087 4244 Patre,

527 4270 897 4327 sanctiﬁcatus
960 4270 1164 4327 dicitur
1239 4273 1541 4329 secundum
1621 4274 1766 4343 quod
1834 4275 2086 4344 apparuit

528 4361 708 4411 homo.
752 4378 771 4411 ι

590 4449 696 4504 Sed
730 4461 781 4505 et
816 4454 929 4523 ipse
959 4469 1178 4526 quoque
1213 4453 1445 4511 Basilius
1475 4455 1530 4512 in
1578 4456 1719 4511 libro
1753 4455 1826 4510 De
1880 4455 2090 4527 Spiritu

522 4550 737 4607 sancto,
807 4562 824 4593 ι
876 4544 1135 4616 Spiritus,
1196 4545 1393 4614 inquit,
1456 4547 1589 4601 nihil
1643 4548 1744 4602 sibi
1802 4549 2089 4617 quaesitum

524 4631 705 4696 habet,
738 4632 829 4686 sed
882 4646 1081 4688 aeterne
1114 4646 1306 4691 cuncta
1351 4637 1536 4701 habet,
1571 4646 1631 4692 ut
1681 4635 1919 4708 Spiritus
1969 4639 2085 4703 Dei,

525 4736 685 4795 atque
712 4740 777 4779 ex
831 4726 922 4781 illo
973 4732 1221 4785 manans.
1263 4749 1283 4782 ι
1346 4730 1585 4798 Manare,
1639 4734 1821 4802 posuit
1859 4749 1955 4803 pro
1993 4750 2082 4799 eo,

523 4816 668 4886 quod
705 4826 806 4880 est,
836 4834 966 4871 esse.
1033 4818 1179 4875 Patet
1239 4834 1419 4877 autem
1476 4839 1540 4878 ex
1599 4825 2076 4893 praecedentibus:

530 4928 549 4959 ι
584 4907 703 4962 Filii
756 4908 924 4968 enim,
966 4909 1159 4978 inquit,
1209 4912 1473 4983 Spiritum
1529 4914 1704 4982 ipsum
1755 4914 2079 4979 nominavit,

522 4999 980 5067 quemadmodum
1015 5010 1069 5055 et
1102 5001 1213 5069 Dei,
1245 4990 1433 5059 eodem
1468 5006 1627 5059 modo
1668 5020 1787 5059 esse
1817 5005 2078 5075 Spiritum

522 5089 646 5144 Filii
682 5089 969 5159 Spiritum,
1002 5108 1110 5161 quo
1139 5096 1300 5149 etiam
1338 5106 1422 5151 est
1451 5096 1541 5150 Dei
1570 5107 1622 5150 ct
1651 5095 1851 5151 Patris.
1897 5116 1913 5148 ι

596 5183 735 5237 Idem
770 5199 958 5237 rursus
999 5184 1052 5236 in
1084 5186 1311 5253 eisdem,
1342 5188 1607 5257 capitulo,
1642 5189 1788 5256 quod
1829 5190 2084 5247 inscribi-

525 5283 612 5326 tur
664 5289 679 5325 :
738 5274 847 5325 Cur
895 5290 997 5327 non
1050 5287 1100 5330 et
1153 5276 1383 5345 Spiritus
1425 5277 1555 5330 Filii
1596 5276 1798 5340 Filius,
1852 5280 2077 5349 inquit:

530 5383 548 5414 ι
583 5364 699 5418 Non
738 5365 878 5428 ideo,
912 5368 1042 5435 quia
1098 5382 1203 5419 non
1235 5383 1298 5421 ex
1332 5367 1440 5421 Deo
1482 5384 1584 5443 per
1631 5367 1827 5422 Filium
1860 5372 1949 5435 sit,
1983 5380 2079 5443 sed

527 5473 594 5511 nc
623 5458 907 5513 Trinitatis
940 5456 1283 5513 existimetur
1331 5459 1538 5517 inlinita
1591 5462 1881 5517 multitudo
1939 5464 2079 5519 lilios

601 5636 620 5664 ⁶
648 5635 802 5688 itum.
848 5649 961 5698 vtzt,
997 5631 1076 5685 l5.
1116 5682 1121 5683 ν
1190 5634 1206 5663 ⁷
1237 5632 1388 5687 Joan.
1435 5652 1541 5700 xvi,
1585 5638 1668 5692 H.

2194 3088 2322 3141 tiam
2354 3086 2540 3153 habet,
2570 3084 2692 3139 Filii
2746 3082 2921 3140 Filius
2973 3082 3281 3138 existimari
3346 3082 3601 3150 credique
3646 3097 3759 3134 non

2195 3187 2408 3247 posset;
2451 3197 2469 3228 ι
2511 3177 2766 3246 quoniam
2792 3189 2857 3231 ea
2884 3174 3064 3243 potius
3096 3172 3363 3228 sententia
3397 3187 3495 3226 sua
3526 3180 3662 3233 erat,
3690 3186 3761 3224 ex

2191 3269 2353 3345 Patre
2408 3284 2502 3339 per
2552 3268 2746 3329 Filium
2803 3277 2967 3337 atque
3040 3281 3070 3320 a
3125 3264 3258 3319 Filio
3314 3277 3438 3317 esse
3493 3263 3759 3330 Spiritum

2189 3372 2463 3428 sanctum,
2482 3363 2530 3416 ei
2562 3370 2617 3414 ut
2637 3359 2953 3415 certissimae
2972 3373 3035 3412 ac
3060 3353 3420 3410 voracissima:
3445 3354 3717 3423 acquievit
3746 3371 3763 3419 ;

2193 3458 2428 3512 maxime
2445 3470 2567 3509 cum
2586 3454 2803 3520 dixerit,
2826 3454 2897 3507 ita
2921 3467 3042 3523 esse
3058 3449 3179 3503 Filii
3202 3448 3467 3518 Spiritum
3482 3462 3762 3509 sanetum,
3786 3490 3791 3499 λ

2194 3548 2412 3603 sicutet
2439 3532 2839 3612 Patris.'Atqui
2899 3541 3074 3596 Patris
3110 3550 3229 3604 est,
3267 3538 3561 3593 secundum
3610 3538 3761 3605 quod

2190 3657 2340 3697 exeo
2365 3650 2470 3697 est.
2508 3642 2574 3694 Et
2612 3638 2734 3693 Filii
2788 3638 2956 3707 igitur
2988 3636 3176 3691 eadem
3207 3636 3420 3688 ratione
3473 3641 3577 3697 est,
3618 3645 3765 3699 quo-

2192 3723 2340 3789 niam
2393 3734 2603 3787 scilicet
2662 3731 2731 3786 ab
2780 3732 2874 3785 illo
2933 3744 3055 3783 esse
3123 3728 3306 3793 habet,
3365 3740 3431 3780 ac
3490 3741 3585 3795 per
3633 3739 3761 3779 eum

2192 3826 2454 3896 procedit.
2515 3894 2523 3896 _
2699 3883 2703 3887 ,

2264 3919 2409 3972 Idem
2470 3894 2727 3987 praeterea
2783 3914 3056 3977 Basilius,
3115 3911 3380 3968 adversus
3435 3909 3765 3964 Eunomiutn

2194 4022 2466 4079 pugnans,
2485 4014 2817 4061 asserentem
2836 4020 2900 4059 es
2920 4004 3035 4058 solo
3050 4002 3185 4057 Filio
3204 4000 3461 4071 Spiritum
3484 4009 3763 4065 sanetum,

2195 4115 2317 4156 esse
2342 4099 2498 4168 quasi
2516 4107 2846 4160 creaturam,
2863 4095 3024 4150 sicuti
3048 4104 3102 4149 et
3127 4092 3321 4147 Filium
3347 4110 3412 4147 es
3433 4092 3551 4146 solo
3579 4089 3765 4152 Patre,

2193 4200 2249 4245 et
2279 4191 2456 4260 ipsum
2489 4188 2665 4256 quasi,
2690 4196 2996 4240 creaturam
3024 4202 3039 4238 :
3072 4197 3302 4253 arguere
3334 4182 3552 4252 quidem
3581 4181 3761 4245 illum,

2196 4282 2340 4351 quod
2365 4296 2471 4335 non
2497 4281 2565 4333 sit
2597 4295 2627 4331 a
2652 4276 2813 4341 Filio,
2837 4277 2981 4330 sicut
3005 4287 3257 4329 creatura
3293 4273 3507 4328 interim
3537 4273 3762 4337 omittit,

2117 4360 2161 4416 υ
2192 4376 2351 4428 tertio
2409 4372 2465 4427 id
2518 4385 2806 4426 reservans
2835 4370 2974 4424 libro
3002 4386 3016 4422 :
3083 4388 3101 4420 ι
3141 4370 3212 4421 De
3242 4369 3365 4432 hoc,
3394 4368 3595 4438 inquit,
3634 4382 3762 4420 cum

2190 4465 2308 4532 plus
2348 4464 2445 4517 otii
2514 4463 2701 4526 fuerit,
2760 4462 3076 4516 dicemus.)
3126 4462 3283 4514 Circa
3358 4461 3518 4515 linem
3576 4472 3761 4511 autem

2187 4556 2411 4610 secundi
2440 4556 2563 4609 libri
2594 4566 2783 4609 contra
2810 4553 3162 4622 Eunomium,
3198 4554 3249 4606 in
3276 4554 3429 4606 illurn
3459 4554 3757 4606 iuVeheus:

2190 4666 2208 4698 ι
2254 4647 2389 4700 lllttd
2443 4656 2652 4710 autem,
2699 4646 2897 4715 inquit,
2941 4646 3028 4699 cui
3066 4661 3131 4698 ex
3164 4645 3422 4698 omnibus
3454 4644 3759 4698 obscurum

2184 4754 2305 4793 esse
2331 4739 2521 4808 possit,
2551 4738 3114 4805 nullamellicieutiam
3137 4736 3257 4790 Filii
3288 4751 3318 4787 a
3354 4734 3511 4788 Patre
3532 4735 3716 4788 dirimi
3742 4751 3759 4789 :

2189 4828 2437 4897 nihilque
2466 4842 2588 4882 esse
2629 4828 2681 4880 in
2711 4827 2988 4889 omnibus,
3030 4828 3177 4895 quod
3213 4826 3344 4880 insit
3389 4824 3528 4878 Filio
3553 4827 3694 4894 quod
3729 4843 3758 4877 ει

2189 4919 2352 4974 Patre
2372 4918 2605 4979 alienum
2624 4918 2730 4989 sit?
2753 4916 2949 4972 Omnia
2977 4918 3144 4979 enim,
3162 4919 3259 4980 ait,
3293 4932 3432 4979 mea,
3474 4928 3564 4968 tua
3592 4925 3715 4968 sunt
3738 4932 3760 4980 ,-

2188 5021 2235 5063 et
2275 5020 2388 5073 tua,
2409 5026 2526 5064 mea
2559 5020 2679 5064 sunt
2698 5010 2742 5061 ⁸.
2763 5008 3048 5075 Quomodo
3074 5010 3238 5081 igitur
3257 5009 3509 5079 ‘Spinitus
3534 5024 3755 5062 causam

2188 5100 2291 5153 soli
2332 5099 2469 5154 Filio
2511 5101 2776 5170 assignat,
2832 5101 3116 5172 ipsiusque
3147 5111 3355 5156 natura:
3379 5103 3755 5171 prtedicatum,

2186 5189 2353 5263 hujus
2419 5190 2618 5259 accipit
2687 5192 3073 5246 creationem?
3134 5192 3412 5260 Siquidem
3461 5206 3592 5259 ergo
3648 5191 3760 5244 duo

2187 5280 2451 5349 principia
2509 5282 2966 5337 subintroducens
3017 5284 3120 5337 sibi
3174 5284 3405 5338 invicem
3460 5282 3755 5348 contraria,

2188 5373 2305 5424 lucc
2340 5375 2416 5425 ait
2454 5410 2470 5435 ,
2502 5388 2626 5427 cum
2661 5373 2959 5437 Manicha'o
2996 5383 3051 5429 et
3093 5374 3370 5429 Marcione
3420 5383 3756 5431 conteretur.

2187 5462 2281 5516 Sin
2319 5479 2448 5518 vero
2516 5480 2581 5519 es
2612 5482 2719 5523 uno
2749 5483 2869 5537 quae
2896 5475 3044 5534 sunt,
3070 5468 3355 5537 suspendit
3378 5469 3584 5536 omnia,
3610 5468 3757 5538 quod

1786 5638 1805 5667 ⁸
1844 5637 2001 5691 Joan.
2042 5653 2178 5701 xvu,
2218 5637 2304 5693 10.
