4046 6204
282 285 357 347 59
1391 282 1792 344 mensus
1836 282 2157 349 cumcos
2200 292 2344 356 LIB.
2390 294 2469 357 Il.
3472 311 3543 375 το

282 391 488 445 dicitur
532 405 564 444 a
622 387 768 444 Filio
824 390 999 445 factus
1040 404 1181 454 esse,
1252 390 1317 445 ad
1360 398 1595 461 primam
1643 408 1866 447 causam
1901 400 1941 454 Α
1973 406 2141 466 atque
2181 403 2408 456 onwnlno
2443 418 2507 457 ex
2557 404 2645 459 illa
2689 406 2923 474 pendere
2954 421 3139 475 causa,
3179 410 3339 481 idque
3374 418 3541 467 ratio-

282 478 608 532 relationem
646 482 833 533 habet.
862 482 1048 547 ltaque
1077 481 1180 533 etsi
1216 482 1404 535 omnia
1439 497 1532 549 per
1581 482 1778 537 Filium
1813 486 1867 539 in

275 582 407 621 esse
462 569 724 637 producta
792 570 1095 633 credimus,
1150 572 1393 625 onmium
1451 580 1632 626 tamen
1696 574 1864 630 Deum

279 670 520 711 causam
553 671 670 712 esse
700 672 808 712 non
846 658 1108 713 tollimus.
1155 678 1174 711 ι

361 751 421 804 In
466 750 549 805 his
592 751 672 804 vir
716 761 950 807 sanctus
1000 754 1333 810 Eunomium
1382 758 1646 828 exagitat,
1716 760 1858 829 quod

278 842 503 895 interim
535 857 566 895 a
601 843 760 897 Patre
790 858 903 897 non
940 844 1279 902 dixeritesse
1298 847 1562 918 Spiritum
1587 860 1859 907 sanctum.

276 931 381 985 Sin
409 948 539 988 vero
579 933 725 988 hunc
767 948 876 987 non
905 948 937 988 a
966 933 1120 991 Filio
1156 951 1279 993 esse
1322 941 1590 1002 crederet.
1622 942 1860 1000 Basilius

284 1024 506 1080 facilius
558 1023 679 1093 ejus
718 1024 1015 1093 objectioni
1067 1028 1345 1083 obviasset
1373 1030 1562 1086 dicens
1606 1049 1621 1086 :
1658 1051 1677 1085 ι
1708 1034 1859 1100 Quo-

276 1118 426 1168 niam
465 1115 686 1183 quidem
749 1132 780 1170 a
832 1115 968 1171 Filio
1000 1120 1161 1173 'nulla
1207 1121 1627 1189 ratione,esse,
1674 1125 1856 1191 habet,

274 1205 553 1273 quomodo
585 1207 877 1262 secundum
900 1219 949 1262 te
977 1226 1039 1265 cx
1074 1212 1187 1264 solo
1220 1211 1359 1266 Filio
1376 1215 1498 1268 est?
1532 1234 1551 1268 ι
1588 1216 1855 1273 (Σωίειδιιηι

273 1299 326 1351 id
364 1300 587 1368 quidem
624 1317 732 1354 non
766 1301 923 1362 dixit,
956 1303 1048 1356 ενδ
1083 1321 1205 1357 enm
1268 1321 1299 1358 a
1350 1305 1486 1360 Filio
1518 1324 1668 1373 esse,
1730 1326 1853 1364 cum

270 1406 376 1458 pro
407 1407 678 1447 concesso
708 1396 1012 1461 posuisset,
1048 1394 1377 1452 Eunomiqu
1405 1402 1608 1470 arguit.
1652 1403 1796 1471 quod
1824 1419 1853 1457 a

269 1483 434 1538 Patre
465 1484 618 1537 illum
650 1500 773 1540 esse
807 1486 1056 1555 deneget.
1090 1489 1166 1542 Ac
1220 1490 1503 1561 deinceps,
1552 1509 1612 1549 se
1664 1504 1852 1551 contra

269 1591 399 1629 eum
434 1590 677 1639 armans,
742 1577 822 1631 ait
859 1596 871 1628 :
914 1598 929 1627 I
961 1578 1247 1644 Quomodo
1279 1598 1406 1652 ergo
1452 1598 1558 1637 non
1605 1597 1849 1655 apertum

271 1668 579 1735 periculum
610 1677 712 1729 est,
755 1683 785 1745 a
833 1668 991 1724 Patre
1042 1670 1304 1740 Spiritum
1340 1674 1603 1741 dividere,
1644 1679 1695 1732 id
1743 1688 1847 1745 est,

1971 503 2093 542 nem
2121 491 2339 559 pietatis
2391 495 2655 549 tradere:
2712 498 3123 567 concordatque
3168 503 3271 556 sibi
3319 514 3541 557 sanctus

1969 581 2052 634 vir
2088 582 2141 635 in
2179 583 2302 645 hoc,
2330 593 2493 654 atque
2531 587 2582 640 in
2616 587 2738 643 aliis
2768 587 3041 659 plerisque
3068 590 3221 647 locis.
3247 592 3321 646 Ex
3346 595 3541 659 quibus

1973 682 2216 730 constat.
2255 674 2517 745 Spiritum
2563 687 2812 732 sant-tum
2863 681 3084 741 relative
3117 680 3239 735 Filii
3275 683 3537 752 Spiritum

1966 762 2095 827 dici,
2124 774 2177 819 et
2216 765 2476 835 Spiritum
2508 768 2734 834 Christi,
2769 779 2823 824 et
2859 770 3122 840 Spiritqu
3168 776 3430 828 veritatis.

2034 853 2313 925 Nyssenus
2394 874 2613 928 quoque
2682 860 2979 931 Gregorius
3052 879 3217 932 super
3290 868 3538 922 oratione

1967 943 2272 1013 Dominica,
2337 966 2355 1001 t
2402 948 2757 1018 Uuigenitus,
2811 954 3005 1023 inquit,
3090 956 3261 1012 Filius
3307 974 3335 1011 a
3378 974 3532 1013 sacra

1963 1040 2244 1108 Scriptura
2292 1041 2625 1105 nominatur,
2670 1052 2830 1113 atque
2886 1047 3151 1102 hactenus
3203 1050 3349 1102 illius
3405 1066 3534 1116 pro-

1962 1132 2163 1197 prietas
2189 1132 2440 1187 traditur.
2479 1134 2718 1188 Sanctus
2747 1146 2926 1190 autem
2968 1137 3207 1207 Spiritus
3247 1154 3311 1191 ex
3375 1140 3532 1193 Patre

1961 1221 2181 1287 dicitur,
2241 1234 2405 1292 atque
2454 1239 2518 1278 ex
2593 1225 2730 1279 Filio
2801 1241 2923 1282 esse
3008 1242 3138 1281 vero
3216 1231 3529 1284 testimonio

1956 1312 2241 1368 asseritur.
2280 1332 2296 1364 I
2335 1312 2392 1367 Si
2422 1316 2544 1383 quis
2573 1327 2777 1380 autem,
2827 1333 2911 1379 ex,
2952 1319 3392 1387 praepositionem
3427 1322 3529 1375 hoc

1958 1401 2012 1455 in
2062 1401 2178 1456 loco
2204 1416 2237 1455 a
2273 1402 2599 1469 quibusdam
2635 1404 2903 1473 adjectam
2931 1417 3232 1472 asseveret,
3292 1409 3525 1476 primum
3616 1418 3621 1423 '

1954 1493 2174 1562 quidem
2235 1494 2289 1547 in
2342 1496 2731 1551 vetustissimis
2780 1498 3181 1567 exemplaribus
3214 1500 3287 1552 ita
3337 1500 3525 1554 haberi

1954 1584 2249 1647 invenitur,
2281 1585 2364 1639 vel
2396 1586 2588 1640 saltem
2619 1587 2773 1643 locus
2808 1598 3059 1653 notatur;
3103 1589 3247 1642 unde
3268 1604 3525 1658 quorum-

1954 1673 2079 1728 dam
2113 1675 2277 1730 uimis
2313 1676 2681 1745 insipientium
2716 1679 2997 1733 hominum
3054 1681 3359 1735 temeritate
3403 1695 3526 1750 par-

266 1771 398 1809 eum
434 1771 539 1810 non
594 1772 717 1812 esse
760 1740 791 1811 a
823 1758 933 1812 Deo
984 1771 1036 1814 et
1094 1761 1272 1826 Patre,
1328 1740 1681 1831 contendere,
1716 1740 1844 1823 cum
1880 1742 1922 1797 Β
1952 1762 2116 1819 “Cilla
2146 1764 2235 1819 illa
2264 1740 2440 1821 deleti!
2474 1768 2822 1836 pcI'SpiCilur-

266 1859 567 1917 utrumque
584 1850 745 1905 nobis
768 1850 1057 1920 Apostolus
1084 1854 1378 1923 conjuncte
1407 1860 1607 1920 tradat.
1625 1870 1678 1913 et
1704 1876 1848 1917 nunc

266 1940 519 2008 quidem,
545 1940 748 2003 Christi
774 1940 1038 2011 Spiritum
1062 1945 1389 2006 dicat,nuuc
1420 1958 1600 2004 autem
1632 1951 1744 2016 Dei,
1776 1953 1848 2007 ita

265 2034 557 2087 scribens:
583 2032 646 2088 Si
670 2035 787 2103 quis
811 2044 990 2087 autem
1020 2033 1278 2099 Spiritum
1310 2039 1512 2097 Christi
1537 2060 1639 2097 non
1667 2046 1845 2110 habet,

262 2126 354 2176 bit
406 2142 510 2178 non
558 2137 635 2178 est
709 2125 886 2194 ejus'.
932 2126 1009 2181 Ac
1054 2143 1277 2183 rursum
1310 2148 1325 2186 :
1354 2134 1465 2186 Nos
1511 2144 1686 2189 autem
1746 2153 1847 2191 non

260 2218 514 2269 sviti/um
545 2216 703 2286 hujus
746 2220 928 2272 mundi
965 2222 1289 2289 accepimus,
1344 2224 1435 2279 sed
1469 2225 1729 2293 Spiritum
1754 2230 1844 2297 qni

258 2321 327 2359 ex
372 2307 483 2359 Deo
508 2319 583 2360 est
618 2307 683 2362 ¹⁶.
718 2326 737 2360 s

336 2400 444 2455 Ubi
504 2400 839 2467 notandum,
900 2403 1025 2472 quia
1085 2404 1417 2461 Eunomium
1485 2408 1839 2476 insimulatis,

261 2495 409 2561 quod
443 2508 552 2547 non
578 2494 740 2547 etiam
766 2509 795 2546 a
826 2493 984 2550 Patre
1019 2494 1283 2566 Spiritum
1319 2499 1546 2565 diceret,
1583 2501 1679 2556 sed
1706 2502 1845 2556 divi-

261 2586 417 2639 deret
450 2601 481 2639 a
542 2584 653 2639 Deo
710 2586 998 2656 Spiritum,
1033 2589 1150 2658 ipse
1187 2591 1332 2660 quod
1392 2593 1723 2662 conjunetus
1750 2596 1841 2661 sit,

260 2676 641 2729 testimonium
672 2692 739 2730 ex
776 2678 1037 2747 Apostolo
1062 2681 1390 2749 produceus,
1419 2680 1525 2736 Deo
1551 2695 1605 2736 et
1626 2681 1843 2738 Christo

264 2768 603 2836 conjunctim
666 2770 930 2838 Spiritum
996 2774 1388 2839 commendat,
1454 2774 1556 2827 hoc
1606 2784 1729 2836 est,
1776 2792 1838 2829 ex

264 2861 515 2929 utrisque
541 2875 685 2914 esse.
715 2858 875 2923 Nam,
926 2862 972 2916 si
1028 2876 1058 2915 a
1115 2861 1225 2917 Deo
1267 2862 1456 2927 dividi,
1498 2863 1549 2917 id
1605 2872 1686 2918 est
1738 2880 1841 2917 non

263 2966 388 3003 esse
417 2966 444 3002 a
479 2950 611 3011 Deo.
679 2952 936 3023 conjungi
969 2950 1079 3006 Deo
1113 2964 1167 3006 et
1198 2952 1439 3019 Chiisto,
1468 2956 1839 3023 constatquod

266 3041 334 3093 ab
375 3041 509 3109 ipsis
554 3056 677 3095 esse
727 3042 1012 3110 signiﬁcat.
1048 3041 1181 3111 Ejus
1222 3053 1399 3097 autem
1443 3043 1522 3098 rei
1579 3044 1839 3098 indicium
1869 3067 1912 3126 ο

267 3142 368 3200 est,
409 3134 554 3202 quod
611 3149 737 3187 eum
798 3134 1028 3189 dixisset
1084 3133 1372 3204 Spiritum,
1428 3149 1575 3189 nunc
1620 3135 1839 3203 quidem

264 3225 469 3278 Christi
506 3224 638 3291 dici,
690 3240 837 3279 nunc
869 3234 1049 3279 autent
1084 3224 1200 3290 Dei,
1231 3241 1353 3280 cum
1396 3226 1713 3281 testimonio
1750 3226 1840 3279 llr-

267 3332 416 3369 mare
448 3316 625 3378 vellet,
664 3316 941 3385 quomodo
968 3317 1037 3371 sit
1069 3316 1161 3372 Dei
1207 3320 1352 3371 :Nos
1405 3328 1601 3382 autem,
1638 3318 1837 3387 inquit,

268 3425 369 3461 non
392 3411 636 3474 spiritum
669 3409 828 3474 hujus
866 3410 1047 3462 mundi
1094 3411 1412 3478 accepimus,
1446 3412 1536 3464 sed
1572 3409 1834 3479 Spiritum

268 3500 357 3563 qui
387 3514 449 3549 α
502 3497 605 3551 Deo
651 3507 729 3552 est
758 3514 776 3551 :
831 3500 1005 3567 quasi.
1040 3499 1377 3553 tantumdem
1412 3500 1588 3553 valeat
1635 3498 1839 3565 dicere,

269 3592 537 3662 Spiiitum
576 3592 689 3661 Dei,
730 3604 782 3649 et
810 3593 1072 3663 Sp'ritum
1105 3594 1199 3664 qui
1235 3610 1298 3648 ex
1336 3594 1444 3649 Deo
1467 3605 1569 3648 est.

336 3684 480 3737 Cum
526 3684 683 3753 igitu;
730 3685 1076 3755 exposuisset
1121 3686 1491 3741 testimonium
1528 3687 1674 3758 quod
1709 3702 1841 3740 ron—

259 3781 451 3845 juttcte
485 3777 699 3832 dicatur
729 3778 967 3849 Spiritus
996 3786 1241 3841 sanctus,
1272 3788 1324 3832 et
1372 3777 1611 3850 Spiritus
1644 3778 1760 3843 Dei,
1786 3786 1841 3834 et

266 3869 503 3938 Spiritus
520 3870 743 3931 Chrisd.
764 3870 1193 3939 Apostolumque
1209 3871 1603 3926 introduxisset
1618 3880 1837 3935 testem,

264 3971 425 4013 ctzam
453 3976 517 4013 ex
549 3960 839 4027 Evangelio
860 3962 1229 4015 testimonium
1254 3963 1317 4015 ad
1340 3965 1439 4017 hoc
1460 3964 1838 4027 asserendum,

271 4066 551 4104 as‘uzncre
594 4051 798 4114 voluit;
832 4066 895 4104 ac
943 4052 1200 4120 deinceps
1226 4053 1304 4105 ait
1338 4071 1349 4106 :
1412 4070 1429 4103 ι
1467 4052 1604 4106 Cum
1653 4063 1833 4106 autem

268 4143 409 4194 hunc
450 4141 717 4193 Dominus
740 4140 1004 4210 Spiritum
1038 4144 1281 4198 veritatis
1304 4144 1468 4205 dicat,
1495 4143 1609 4213 ipsc
1642 4143 1842 4212 quippe

272 4241 353 4286 est
406 4231 627 4295 veritas,
674 4239 728 4284 ct
769 4233 859 4299 qui
909 4247 938 4284 a
976 4232 1132 4287 Patre
1185 4234 1445 4301 procedit.
1484 4254 1502 4285 ι
1563 4231 1661 4288 llic
1696 4234 1837 4287 idem

271 4340 464 4377 rursus
495 4325 769 4377 existimat
829 4324 1090 4393 Spiritum
1140 4326 1391 4379 veritatis
1439 4323 1572 4390 dici,
1615 4336 1779 4393 atque
1807 4340 1836 4377 a

2027 1856 2249 1923 Deinde,
2275 1857 2415 1912 nihil
2442 1859 2545 1913 sibi
2574 1859 2858 1914 insolitum
2902 1860 3041 1914 dixit
3074 1860 3156 1914 vir
3210 1860 3329 1915 iste.
3367 1862 3521 1927 Quod

1951 1944 2098 1999 enim
2118 1946 2247 1999 alibi
2269 1948 2378 2001 ait:
2409 1948 2597 2002 «Aliud
2623 1949 2842 2018 quidem
2863 1950 3211 2004 continenter
3237 1966 3302 2004 ex
3321 1952 3516 2020 primo,

1951 2040 2251 2095 aliud‘vero
2282 2055 2376 2110 per
2404 2040 2479 2105 id,
2503 2041 2649 2111 quod
2670 2056 2791 2097 esse
2815 2041 3157 2096 continenter
3178 2057 3242 2095 ex
3270 2041 3466 2110 primo,
3495 2059 3512 2092 ι

1950 2129 2054 2185 hoc
2086 2130 2163 2185 ait
2189 2143 2243 2185 et
2276 2131 2363 2187 hic
2396 2130 2808 2197 universaliter;
2832 2133 3032 2202 quippe
3061 2147 3245 2185 verum
3269 2139 3352 2186 est
3374 2133 3518 2201 quod

1949 2222 2307 2277 essentialiter
2324 2236 2419 2289 per
2439 2223 2658 2293 aliquod
2682 2225 2956 2293 procedat,
2976 2231 3029 2277 et
3050 2239 3141 2292 per
3166 2224 3342 2291 ipsum
3364 2224 3433 2276 sit
3456 2237 3522 2277 ac

1948 2312 2245 2382 peripsum
2277 2328 2570 2383 processus
2613 2314 2818 2384 proprii
2872 2314 3284 2369 substantialem
3324 2313 3431 2366 hab
3465 2325 3519 2367 at

1949 2404 2191 2467 modum,
2217 2404 2269 2457 id
2298 2404 2460 2459 etiam
2487 2419 2552 2459 ex
2584 2405 2701 2474 ipso
2732 2419 2873 2460 esse.
2909 2405 3023 2458 lmo
3045 2419 3285 2459 consona
3322 2403 3521 2458 Basilio

1946 2492 2084 2547 dixit
2109 2510 2123 2548 :
2144 2493 2237 2547 Ille
2252 2495 2473 2563 quippe,
2494 2503 2552 2548 ut
2574 2509 2637 2549 ex
2669 2494 2943 2563 praedictis
2967 2504 3197 2561 constat,
3229 2493 3369 2564 quod
3394 2509 3491 2548 san

1947 2595 2065 2641 rtus
2085 2586 2320 2654 Spiritus
2340 2584 2458 2639 Filii
2480 2585 2718 2657 Spiritus
2739 2586 2960 2651 dicitur,
2980 2586 3032 2639 in
3050 2587 3350 2641 substantia
3375 2586 3518 2639 illius

1946 2676 2233 2731 intellexit.
2272 2675 2428 2743 Quod
2481 2678 2625 2732 enim
2684 2676 2922 2747 Spiritus
2968 2676 3113 2743 Filii,
3172 2686 3227 2731 et
3279 2675 3516 2753 Spiritus

1945 2769 2058 2822 oris
2084 2767 2204 2837 ejus
2234 2768 2457 2833 dicitur,
2491 2768 2631 2823 idem
2659 2783 2780 2823 esse
2800 2768 2899 2830 ait,
2932 2781 2995 2823 ac
3028 2768 3073 2822 si
3104 2768 3410 2828 diceretur,
3448 2782 3518 2820 ex

1945 2860 2103 2913 Patre
2134 2860 2428 2927 procedere
2450 2876 2464 2925 ;
2485 2868 2646 2929 atque
2666 2874 2733 2913 ex
2763 2874 2850 2923 eo,
2885 2860 3030 2929 quod
3055 2860 3255 2912 dicitur
3283 2859 3519 2927 Spiritus

1944 2952 2090 3017 Filii,
2143 2951 2461 3022 hujusmodi
2518 2952 2585 3006 ad
2634 2966 2759 3005 cum
2797 2950 3182 3021 proprietatem
3241 2950 3516 3021 designari

1946 3042 2210 3107 deﬁnivit,
2232 3044 2446 3112 qualem
2476 3041 2543 3096 ad
2580 3042 2792 3095 Patrem
2819 3058 2882 3094 ex
2919 3039 3100 3108 Patre,
3122 3043 3263 3111 quod
3292 3042 3516 3109 dicitur,

1947 3134 2241 3204 procedere
2272 3134 2653 3199 commendat;
2687 3132 3045 3202 sullicereque
3084 3135 3180 3196 ait,
3209 3133 3354 3202 quod
3384 3134 3521 3188 dici-

1944 3236 2035 3280 tur
2062 3225 2301 3295 Spiritus
2331 3224 2474 3291 Filii,
2512 3235 2566 3279 et
2604 3225 2841 3294 Spiritus
2867 3226 3121 3295 oris'ejus
3145 3227 3209 3280 ad
3240 3226 3520 3281 insinuatr

1922 3312 2072 3379 ,dum
2124 3314 2488 3369 substantiam
2543 3315 2757 3382 ipsius;
2833 3330 3011 3384 neque
3074 3321 3256 3369 minus
3309 3315 3517 3385 aliquid

1943 3406 2273 3475 signiﬁcare,
2315 3420 2439 3459 cum
2484 3403 2603 3458 Filii
2646 3405 2887 3474 Spiritus
2919 3406 3142 3469 dicitur,
3175 3422 3338 3477 quam
3388 3423 3513 3461 cum

1942 3510 2009 3549 ex
2077 3494 2189 3550 Deo
2217 3510 2341 3549 esse
2393 3495 2543 3548 illum
2590 3496 2868 3551 audimus.
2925 3497 3018 3551 Ille
3064 3497 3232 3565 igitur
3288 3499 3391 3553 hoc
3443 3500 3517 3553 ita

1942 3589 2213 3658 exposuit.
2257 3588 2380 3642 Pari
2434 3597 2614 3643 autem
2675 3589 3029 3658 intelligentia
3092 3593 3145 3645 id
3205 3594 3406 3647 dictum
3464 3605 3519 3649 et

1944 3679 2220 3751 Nyssenus
2248 3680 2479 3749 accepit.
2514 3697 2530 3730 ι
2573 3680 2710 3745 Quia
2754 3681 2931 3741 enim,
2971 3681 3182 3749 inquit,
3220 3683 3516 3752 Apostolus

1944 3790 2065 3829 cum
2096 3772 2216 3827 Filii
2258 3772 2547 3841 Spiritum,
2578 3772 2722 3826 sicut
2756 3781 2809 3825 et
2841 3772 2929 3825 Dei
2958 3775 3282 3837 nominavit,
3311 3791 3513 3828 secun-

1944 3866 2072 3920 dum
2107 3864 2357 3919 eumdem
2389 3877 2592 3917 morem
2625 3872 2709 3917 est
2745 3862 2981 3932 Spiritus
3030 3862 3174 3928 Filii,
3208 3868 3512 3921 secundum

1945 3967 2107 4021 quem
2145 3960 2200 4006 et
2262 3951 2355 4005 Dei
2409 3959 2463 4005 et
2506 3950 2706 4007 Patris.
2755 3949 2954 4005 Verum
3009 3951 3146 4015 Dei,
3206 3964 3260 4009 et
3340 3953 3516 4010 Patris

1945 4048 2182 4117 Spiritus
2209 4046 2429 4109 dicitur,
2463 4046 2619 4114 quasi
2659 4060 2725 4099 ex
2772 4046 2893 4114 ipso
2924 4048 3217 4099 exsistens.
3266 4044 3432 4116 Igitur
3464 4055 3519 4099 et

1942 4138 2065 4193 Filii
2100 4138 2392 4207 Spiritum,
2431 4147 2490 4191 ut
2540 4138 2631 4206 qui
2669 4154 2733 4191 cx
2784 4138 2902 4207 ipso
2948 4140 3039 4201 sit,
3074 4147 3124 4192 et
3155 4139 3220 4191 ab
3252 4139 3370 4206 ipso
3397 4152 3518 4193 esse

1946 4232 2159 4293 habeat,
2190 4232 2418 4298 accepit.
2448 4229 2566 4282 Non
2595 4244 2738 4299 ergo.
2758 4244 2901 4283 nova
2936 4246 3112 4299 neque
3132 4232 3345 4284 insueta
3388 4245 3516 4285 voce

1943 4334 1997 4377 et
2030 4322 2385 4390 intelligentia
2416 4321 2608 4374 beatus
2638 4322 2738 4373 iste
2786 4336 2919 4375 usus
2936 4329 3018 4374 est
3049 4336 3064 4373 :
3098 4323 3190 4375 sed
3216 4336 3281 4374 ex
3318 4320 3517 4375 divinis

270 4413 426 4467 Patre
476 4417 774 4484 procedere
803 4429 819 4477 ;
852 4389 1122 4484 pollicitus
1162 4417 1329 4478 en'm,
1371 4414 1738 4469 testimonium
1780 4429 1837 4468 se
1872 4389 1915 4444 θ
1945 4413 2166 4469 Litteris
2191 4413 2480 4468 occasione
2508 4421 2745 4481 sumpta,
2766 4424 3134 4467 consentanea
3159 4428 3354 4483 magno
3370 4412 3512 4468 Patri

269 4502 566 4571 dicturum,
618 4508 760 4574 quod
789 4506 1083 4574 conjunt-te
1119 4506 1362 4574 Spiritus
1397 4506 1486 4559 Dei
1536 4515 1588 4558 et
1630 4504 1833 4559 Christi

264 4600 544 4652 diceretur
570 4613 586 4652 :
615 4596 820 4651 Christi
852 4599 1072 4667 quidem
1099 4612 1245 4659 esse,
1279 4613 1344 4651 ex
1368 4612 1453 4660 eo,
1487 4596 1630 4664 quod
1658 4595 1832 4665 Spiri-

268 4699 357 4739 tus
375 4686 624 4741 veritatis
640 4688 818 4742 dictus
837 4698 951 4752 est;
980 4688 1214 4743 ostendit
1237 4697 1413 4741 autem
1435 4686 1524 4741 Dei
1548 4702 1687 4753 csse,
1708 4688 1832 4756 quia

269 4775 515 4838 procedit
558 4790 588 4828 a
641 4775 841 4842 Patre;
898 4764 1154 4845 quoniam
1198 4778 1383 4847 igitur,
1429 4778 1573 4844 quod
1611 4776 1832 4841 dicitur,

270 4865 505 4933 Spiritus
539 4866 655 4931 Dei,
696 4879 752 4922 et
787 4869 1027 4939 Spiritus
1051 4869 1143 4939 qui
1183 4884 1246 4924 ex
1290 4874 1396 4925 Deo
1436 4879 1541 4933 est,
1577 4881 1630 4923 et
1674 4871 1767 4940 qui
1805 4885 1833 4924 a

269 4957 427 5013 Patre
448 4960 711 5028 procedit,
744 4977 962 5015 causam
987 4963 1280 5032 signillcat,
1312 4969 1567 5033 quodque
1596 4963 1834 5031 Spiritus

271 5048 497 5113 Christi,
527 5060 582 5105 et
614 5049 852 5120 Spiritus
880 5052 1027 5118 Filii,
1059 5061 1111 5105 et
1149 5050 1387 5122 Spiritus
1432 5056 1679 5110 veritatis
1732 5064 1835 5117 est,

270 5148 321 5191 et
373 5142 593 5205 dicitur,
622 5156 841 5198 causam
884 5145 1137 5199 similiter
1183 5146 1445 5200 ostendit.
1492 5144 1617 5199 llaec
1665 5144 1836 5210 enim,

274 5237 333 5279 ut
368 5231 627 5298 magister
650 5232 763 5301 (28)
794 5233 1001 5298 docuit,
1026 5234 1271 5290 eamdem
1307 5236 1509 5290 habent
1539 5236 1645 5288 vim
1673 5234 1833 5302 ;itleo

271 5318 432 5372 etiam
453 5322 587 5377 dixit
617 5322 878 5393 Spiritum
912 5334 1164 5381 sanctum
1216 5343 1244 5380 a
1286 5325 1423 5381 Filio
1453 5340 1577 5382 esse
1609 5324 1830 5388 habere.

380 5496 401 5523 ⁹
432 5497 583 5553 ltum.
624 5516 740 5566 vni,
771 5502 822 5557 9.

338 5681 449 5749 (9.8)
492 5680 550 5738 S.
591 5682 841 5742 Basilius.

907 5502 990 5556 “l
1019 5502 1147 5559 Cor.
1182 5521 1242 5569 ιι,
1269 5504 1354 5559 12.
1434 5506 1473 5537 ¹¹
1510 5503 1666 5561 Joan.
1702 5522 1812 5579 xiv,
1850 5507 1931 5561 l6.

1946 4507 2145 4562 Basilio
2184 4508 2401 4559 locutus
2426 4515 2530 4558 est.

2019 4599 2252 4653 Sanctus
2314 4611 2529 4666 quoque
2563 4596 2839 4669 Cyrillus,
2890 4612 3055 4665 super
3111 4597 3238 4649 illud
3283 4611 3515 4667 evange-

1941 4694 2143 4747 licum:
2172 4690 2345 4743 Alium
2368 4690 2707 4743 Paraclerum
2738 4690 2884 4759 dabit
2918 4689 3059 4742 vobis
3084 4690 3264 4751 ",ait:
3289 4708 3305 4739 α
3334 4689 3513 4741 Alium

1941 4783 2165 4854 quidem
2186 4780 2527 4833 Paracletum
2563 4781 2826 4849 Spiritum
2865 4790 3061 4847 vocat;
3102 4796 3207 4834 una
3237 4782 3433 4850 quippe
3460 4782 3515 4835 in

1942 4878 2189 4944 utrisque
2218 4873 2533 4927 substantia:
2567 4874 2726 4937 ratio,
2750 4890 2856 4927 non
2891 4883 3048 4927 extra
3079 4873 3255 4942 ipsum
3282 4888 3515 4942 ponens,

1942 4970 2034 5020 sed
2061 4964 2348 5019 altetitatis
2379 4964 2601 5015 verbum
2624 4963 2676 5014 in
2710 4977 2774 5015 eo
2804 4962 2920 5015 solo
2937 4960 3515 5030 dans,quodSpiritus

1945 5062 2061 5129 ipse
2110 5058 2325 5129 propria
2379 5057 2685 5111 substantia
2736 5065 2903 5117 esset,
2958 5064 3123 5124 atque
3168 5053 3511 5109 subsisteret.

1936 5149 2125 5219 Neque
2195 5149 2339 5208 cnim
2395 5146 2571 5201 Filius
2628 5145 2864 5214 Spiritus
2914 5155 3018 5211 est,
3064 5147 3156 5200 sed
3205 5161 3328 5199 cum
3394 5161 3517 5199 \ere

1942 5240 2270 5309 proprieque
2320 5239 2411 5301 sit,
2476 5247 2636 5305 atque
2691 5236 2977 5298 subsistat,
3036 5237 3157 5298 hoc,
3230 5235 3374 5303 quod
3433 5244 3518 5289 est

1948 5332 2005 5383 in
2040 5329 2149 5385 lide
2191 5330 2592 5399 suscipiemus;
2628 5325 2866 5397 Spiritus
2903 5328 3048 5383 enim
3098 5335 3182 5382 est
3213 5326 3415 5391 Patris,
3460 5333 3517 5379 et
