  <div class='ocr_page' id='page_1' title='image "/cluster/home/n/w/nwhite01/storage/ocr_20150623/152/hvd.32044073502635/047.png"; bbox 0 0 4046 6204; ppageno 0'>
   <div class='ocr_carea' id='block_1_1' title="bbox 505 233 2118 350">
    <p class='ocr_par' dir='ltr' id='par_1_1' title="bbox 505 233 2118 350">
     <span class='ocr_line' id='line_1_1' title="bbox 505 233 2118 350; baseline -0.02 -3"><span class='ocrx_word' id='word_1_1' title='bbox 505 282 573 350; x_wconf 83' lang='grc'><strong>71</strong></span> <span class='ocrx_word' id='word_1_2' title='bbox 1014 268 1019 273; x_wconf 72' lang='lat'>&quot;</span> <span class='ocrx_word' id='word_1_3' title='bbox 1759 233 2118 322; x_wconf 72' lang='lat' dir='ltr'><strong>MANUELI:</strong></span> 
     </span>
    </p>
   </div>
   <div class='ocr_carea' id='block_1_2' title="bbox 2219 233 3746 350">
    <p class='ocr_par' dir='ltr' id='par_1_2' title="bbox 2219 239 3746 313">
     <span class='ocr_line' id='line_1_2' title="bbox 2219 239 3746 313; baseline -0.006 -4"><span class='ocrx_word' id='word_1_4' title='bbox 2219 248 2489 313; x_wconf 68' lang='grc' dir='ltr'><strong>εΑιΕεΑξ</strong></span> <span class='ocrx_word' id='word_1_5' title='bbox 3674 239 3746 300; x_wconf 72' lang='grc'><strong>’12</strong></span> 
     </span>
    </p>
   </div>
   <div class='ocr_carea' id='block_1_3' title="bbox 520 354 3745 455">
    <p class='ocr_par' dir='ltr' id='par_1_3' title="bbox 520 354 3745 455">
     <span class='ocr_line' id='line_1_3' title="bbox 520 354 3745 455; baseline -0.014 -1"><span class='ocrx_word' id='word_1_6' title='bbox 520 396 661 453; x_wconf 80' lang='lat' dir='ltr'><strong>Filii.</strong></span> <span class='ocrx_word' id='word_1_7' title='bbox 702 413 721 448; x_wconf 72' lang='grc' dir='ltr'>ι</span> <span class='ocrx_word' id='word_1_8' title='bbox 756 392 856 449; x_wconf 89' lang='lat' dir='ltr'><strong>llic</strong></span> <span class='ocrx_word' id='word_1_9' title='bbox 877 387 1201 452; x_wconf 84' lang='lat' dir='ltr'><strong>notandum,</strong></span> <span class='ocrx_word' id='word_1_10' title='bbox 1248 383 1389 455; x_wconf 90' lang='lat' dir='ltr'><strong>quod</strong></span> <span class='ocrx_word' id='word_1_11' title='bbox 1419 380 1483 435; x_wconf 93' lang='lat' dir='ltr'><strong>ad</strong></span> <span class='ocrx_word' id='word_1_12' title='bbox 1508 375 1930 441; x_wconf 82' lang='lat' dir='ltr'><strong>ostendendum,</strong></span> <span class='ocrx_word' id='word_1_13' title='bbox 1958 370 2082 442; x_wconf 89' lang='lat' dir='ltr'><strong>Spi-</strong></span> <span class='ocrx_word' id='word_1_14' title='bbox 2116 375 2155 430; x_wconf 80' lang='grc' dir='ltr'><strong>Α</strong></span> <span class='ocrx_word' id='word_1_15' title='bbox 2185 366 2484 423; x_wconf 90' lang='lat' dir='ltr'><strong>secundum</strong></span> <span class='ocrx_word' id='word_1_16' title='bbox 2518 364 2665 434; x_wconf 88' lang='lat' dir='ltr'><strong>quod</strong></span> <span class='ocrx_word' id='word_1_17' title='bbox 2691 362 2921 418; x_wconf 85' lang='lat' dir='ltr'><strong>invicem</strong></span> <span class='ocrx_word' id='word_1_18' title='bbox 2950 359 3265 455; x_wconf 67' lang='lat' dir='ltr'><strong>ditl&#39;erentes</strong></span> <span class='ocrx_word' id='word_1_19' title='bbox 3291 354 3745 455; x_wconf 49' lang='lat' dir='ltr'><strong>sonu-refertur;</strong></span> 
     </span>
    </p>
   </div>
   <div class='ocr_carea' id='block_1_4' title="bbox 509 466 2077 559">
    <p class='ocr_par' dir='ltr' id='par_1_4' title="bbox 509 466 2077 559">
     <span class='ocr_line' id='line_1_4' title="bbox 509 466 2077 559; baseline -0.018 -13"><span class='ocrx_word' id='word_1_20' title='bbox 509 494 675 559; x_wconf 83' lang='lat' dir='ltr'><strong>ritum</strong></span> <span class='ocrx_word' id='word_1_21' title='bbox 704 493 949 543; x_wconf 87' lang='lat' dir='ltr'><strong>sanctum</strong></span> <span class='ocrx_word' id='word_1_22' title='bbox 969 476 1400 538; x_wconf 77' lang='lat' dir='ltr'><strong>substantialiter</strong></span> <span class='ocrx_word' id='word_1_23' title='bbox 1427 487 1567 537; x_wconf 81' lang='lat' dir='ltr'><strong>esse,</strong></span> <span class='ocrx_word' id='word_1_24' title='bbox 1589 479 1751 537; x_wconf 86' lang='lat' dir='ltr'><strong>atque</strong></span> <span class='ocrx_word' id='word_1_25' title='bbox 1780 466 2077 522; x_wconf 74' lang='lat' dir='ltr'><strong>subsistere</strong></span> 
     </span>
    </p>
   </div>
   <div class='ocr_carea' id='block_1_5' title="bbox 512 560 2077 644">
    <p class='ocr_par' dir='ltr' id='par_1_5' title="bbox 512 560 2077 644">
     <span class='ocr_line' id='line_1_5' title="bbox 512 560 2077 644; baseline -0.018 -8"><span class='ocrx_word' id='word_1_26' title='bbox 512 583 637 644; x_wconf 81' lang='lat' dir='ltr'><strong>hoc,</strong></span> <span class='ocrx_word' id='word_1_27' title='bbox 693 575 837 644; x_wconf 87' lang='lat' dir='ltr'><strong>quod</strong></span> <span class='ocrx_word' id='word_1_28' title='bbox 890 582 996 635; x_wconf 85' lang='lat' dir='ltr'><strong>est,</strong></span> <span class='ocrx_word' id='word_1_29' title='bbox 1040 573 1143 624; x_wconf 86' lang='lat' dir='ltr'><strong>iioc</strong></span> <span class='ocrx_word' id='word_1_30' title='bbox 1177 576 1261 622; x_wconf 90' lang='lat' dir='ltr'><strong>est</strong></span> <span class='ocrx_word' id='word_1_31' title='bbox 1320 581 1349 619; x_wconf 86' lang='lat' dir='ltr'><strong>a</strong></span> <span class='ocrx_word' id='word_1_32' title='bbox 1407 562 1544 617; x_wconf 91' lang='lat' dir='ltr'><strong>Filio</strong></span> <span class='ocrx_word' id='word_1_33' title='bbox 1580 560 1875 615; x_wconf 90' lang='lat' dir='ltr'><strong>discretum</strong></span> <span class='ocrx_word' id='word_1_34' title='bbox 1933 569 2077 620; x_wconf 78' lang='lat' dir='ltr'><strong>esse,</strong></span> 
     </span>
    </p>
   </div>
   <div class='ocr_carea' id='block_1_6' title="bbox 513 648 2073 741">
    <p class='ocr_par' dir='ltr' id='par_1_6' title="bbox 513 648 2073 741">
     <span class='ocr_line' id='line_1_6' title="bbox 513 648 2073 741; baseline -0.018 -14"><span class='ocrx_word' id='word_1_35' title='bbox 513 670 764 741; x_wconf 75' lang='lat' dir='ltr'><strong>adjunxit</strong></span> <span class='ocrx_word' id='word_1_36' title='bbox 792 650 811 720; x_wconf 69' lang='grc' dir='ltr'>ξ</span> <span class='ocrx_word' id='word_1_37' title='bbox 844 683 865 717; x_wconf 77' lang='lat' dir='ltr'><strong>r</strong></span> <span class='ocrx_word' id='word_1_38' title='bbox 904 664 1144 735; x_wconf 74' lang='lat' dir='ltr'><strong>Spiritus</strong></span> <span class='ocrx_word' id='word_1_39' title='bbox 1178 659 1320 714; x_wconf 90' lang='lat' dir='ltr'><strong>enim</strong></span> <span class='ocrx_word' id='word_1_40' title='bbox 1358 664 1443 711; x_wconf 90' lang='lat' dir='ltr'><strong>est</strong></span> <span class='ocrx_word' id='word_1_41' title='bbox 1475 663 1529 708; x_wconf 88' lang='lat' dir='ltr'><strong>et</strong></span> <span class='ocrx_word' id='word_1_42' title='bbox 1558 652 1755 717; x_wconf 88' lang='lat' dir='ltr'><strong>Patris,</strong></span> <span class='ocrx_word' id='word_1_43' title='bbox 1782 660 1833 705; x_wconf 91' lang='lat' dir='ltr'><strong>et</strong></span> <span class='ocrx_word' id='word_1_44' title='bbox 1864 648 2010 703; x_wconf 84' lang='lat' dir='ltr'><strong>Filii.</strong></span> <span class='ocrx_word' id='word_1_45' title='bbox 2054 665 2073 699; x_wconf 83' lang='grc'><strong>›</strong></span> 
     </span>
    </p>
   </div>
   <div class='ocr_carea' id='block_1_7' title="bbox 514 742 2081 832">
    <p class='ocr_par' dir='ltr' id='par_1_7' title="bbox 514 742 2081 832">
     <span class='ocr_line' id='line_1_7' title="bbox 514 742 2081 832; baseline -0.015 -16"><span class='ocrx_word' id='word_1_46' title='bbox 514 762 703 832; x_wconf 78' lang='lat' dir='ltr'><strong>Itaque</strong></span> <span class='ocrx_word' id='word_1_47' title='bbox 767 773 892 814; x_wconf 89' lang='lat' dir='ltr'><strong>cum</strong></span> <span class='ocrx_word' id='word_1_48' title='bbox 952 754 1150 810; x_wconf 86' lang='lat' dir='ltr'><strong>dicitur</strong></span> <span class='ocrx_word' id='word_1_49' title='bbox 1213 749 1453 818; x_wconf 86' lang='lat' dir='ltr'><strong>Spiritus</strong></span> <span class='ocrx_word' id='word_1_50' title='bbox 1514 745 1661 809; x_wconf 82' lang='lat' dir='ltr'><strong>Filii,</strong></span> <span class='ocrx_word' id='word_1_51' title='bbox 1700 742 2081 798; x_wconf 77' lang='lat' dir='ltr'><strong>discretionem</strong></span> 
     </span>
    </p>
   </div>
   <div class='ocr_carea' id='block_1_8' title="bbox 516 829 2089 923">
    <p class='ocr_par' dir='ltr' id='par_1_8' title="bbox 516 829 2089 923">
     <span class='ocr_line' id='line_1_8' title="bbox 516 829 2089 923; baseline -0.017 -14"><span class='ocrx_word' id='word_1_52' title='bbox 516 829 807 923; x_wconf 79' lang='lat' dir='ltr'><strong>quamdam</strong></span> <span class='ocrx_word' id='word_1_53' title='bbox 833 856 1047 919; x_wconf 81' lang='lat' dir='ltr'><strong>oportet</strong></span> <span class='ocrx_word' id='word_1_54' title='bbox 1080 842 1401 912; x_wconf 76' lang='lat' dir='ltr'><strong>intelligere,</strong></span> <span class='ocrx_word' id='word_1_55' title='bbox 1444 854 1556 894; x_wconf 88' lang='lat' dir='ltr'><strong>non</strong></span> <span class='ocrx_word' id='word_1_56' title='bbox 1605 829 2089 892; x_wconf 84' lang='lat' dir='ltr'><strong>consubstantiali-</strong></span> 
     </span>
    </p>
   </div>
   <div class='ocr_carea' id='block_1_9' title="bbox 518 924 2088 1010">
    <p class='ocr_par' dir='ltr' id='par_1_9' title="bbox 518 924 2088 1010">
     <span class='ocr_line' id='line_1_9' title="bbox 518 924 2088 1010; baseline -0.018 -7"><span class='ocrx_word' id='word_1_57' title='bbox 518 957 705 1008; x_wconf 88' lang='lat' dir='ltr'><strong>tatem,</strong></span> <span class='ocrx_word' id='word_1_58' title='bbox 736 952 795 996; x_wconf 94' lang='lat' dir='ltr'><strong>ut</strong></span> <span class='ocrx_word' id='word_1_59' title='bbox 826 940 1049 1010; x_wconf 90' lang='lat' dir='ltr'><strong>quidam</strong></span> <span class='ocrx_word' id='word_1_60' title='bbox 1075 937 1342 990; x_wconf 77' lang='lat' dir='ltr'><strong>dixerunt</strong></span> <span class='ocrx_word' id='word_1_61' title='bbox 1366 950 1381 1000; x_wconf 94' lang='lat'><strong>;</strong></span> <span class='ocrx_word' id='word_1_62' title='bbox 1404 931 1527 997; x_wconf 90' lang='lat' dir='ltr'><strong>etsi,</strong></span> <span class='ocrx_word' id='word_1_63' title='bbox 1559 943 1723 1000; x_wconf 88' lang='lat' dir='ltr'><strong>quam</strong></span> <span class='ocrx_word' id='word_1_64' title='bbox 1749 924 2004 987; x_wconf 78' lang='lat' dir='ltr'><strong>maxime,</strong></span> <span class='ocrx_word' id='word_1_65' title='bbox 2031 930 2088 975; x_wconf 92' lang='lat' dir='ltr'><strong>ut</strong></span> 
     </span>
    </p>
   </div>
   <div class='ocr_carea' id='block_1_10' title="bbox 518 1015 2087 1095">
    <p class='ocr_par' dir='ltr' id='par_1_10' title="bbox 518 1015 2087 1095">
     <span class='ocr_line' id='line_1_10' title="bbox 518 1015 2087 1095; baseline -0.015 -4"><span class='ocrx_word' id='word_1_66' title='bbox 518 1038 724 1091; x_wconf 89' lang='lat' dir='ltr'><strong>dictum</strong></span> <span class='ocrx_word' id='word_1_67' title='bbox 756 1042 859 1095; x_wconf 87' lang='lat' dir='ltr'><strong>est,</strong></span> <span class='ocrx_word' id='word_1_68' title='bbox 885 1030 1012 1084; x_wconf 89' lang='lat' dir='ltr'><strong>inde</strong></span> <span class='ocrx_word' id='word_1_69' title='bbox 1043 1023 1588 1084; x_wconf 79' lang='lat' dir='ltr'><strong>consubstantialitas</strong></span> <span class='ocrx_word' id='word_1_70' title='bbox 1618 1019 1887 1090; x_wconf 84' lang='lat' dir='ltr'><strong>sequitur.</strong></span> <span class='ocrx_word' id='word_1_71' title='bbox 1914 1015 2087 1071; x_wconf 88' lang='lat' dir='ltr'><strong>Sicuti</strong></span> 
     </span>
    </p>
   </div>
   <div class='ocr_carea' id='block_1_11' title="bbox 520 1107 2091 1190">
    <p class='ocr_par' dir='ltr' id='par_1_11' title="bbox 520 1107 2091 1190">
     <span class='ocr_line' id='line_1_11' title="bbox 520 1107 2091 1190; baseline -0.014 -9"><span class='ocrx_word' id='word_1_72' title='bbox 520 1139 572 1181; x_wconf 89' lang='lat' dir='ltr'><strong>et</strong></span> <span class='ocrx_word' id='word_1_73' title='bbox 596 1127 806 1180; x_wconf 87' lang='lat' dir='ltr'><strong>aPatre</strong></span> <span class='ocrx_word' id='word_1_74' title='bbox 837 1121 1055 1190; x_wconf 81' lang='lat' dir='ltr'><strong>quidem</strong></span> <span class='ocrx_word' id='word_1_75' title='bbox 1100 1117 1434 1173; x_wconf 84' lang='lat' dir='ltr'><strong>discernitur</strong></span> <span class='ocrx_word' id='word_1_76' title='bbox 1467 1113 1721 1183; x_wconf 89' lang='lat' dir='ltr'><strong>Spiritus,</strong></span> <span class='ocrx_word' id='word_1_77' title='bbox 1757 1110 1884 1179; x_wconf 86' lang='lat' dir='ltr'><strong>quia</strong></span> <span class='ocrx_word' id='word_1_78' title='bbox 1920 1107 2091 1176; x_wconf 85' lang='lat' dir='ltr'><strong>ipsius</strong></span> 
     </span>
    </p>
   </div>
   <div class='ocr_carea' id='block_1_12' title="bbox 520 1207 2090 1293">
    <p class='ocr_par' dir='ltr' id='par_1_12' title="bbox 520 1207 2090 1293">
     <span class='ocr_line' id='line_1_12' title="bbox 520 1207 2090 1293; baseline -0.012 -18"><span class='ocrx_word' id='word_1_79' title='bbox 520 1230 604 1275; x_wconf 89' lang='lat' dir='ltr'><strong>est</strong></span> <span class='ocrx_word' id='word_1_80' title='bbox 643 1218 904 1287; x_wconf 82' lang='lat' dir='ltr'><strong>Spiritus,</strong></span> <span class='ocrx_word' id='word_1_81' title='bbox 939 1224 1128 1285; x_wconf 87' lang='lat' dir='ltr'><strong>utpote</strong></span> <span class='ocrx_word' id='word_1_82' title='bbox 1169 1214 1237 1293; x_wconf 74' lang='lat' dir='ltr'><strong>ab</strong></span> <span class='ocrx_word' id='word_1_83' title='bbox 1272 1212 1390 1280; x_wconf 88' lang='lat' dir='ltr'><strong>ipso</strong></span> <span class='ocrx_word' id='word_1_84' title='bbox 1424 1209 1718 1279; x_wconf 85' lang='lat' dir='ltr'><strong>prodiens;</strong></span> <span class='ocrx_word' id='word_1_85' title='bbox 1752 1207 1871 1274; x_wconf 91' lang='lat' dir='ltr'><strong>ipso</strong></span> <span class='ocrx_word' id='word_1_86' title='bbox 1910 1212 2090 1258; x_wconf 85' lang='lat' dir='ltr'><strong>autem</strong></span> 
     </span>
    </p>
   </div>
   <div class='ocr_carea' id='block_1_13' title="bbox 524 1297 2099 1379">
    <p class='ocr_par' dir='ltr' id='par_1_13' title="bbox 524 1297 2099 1379">
     <span class='ocr_line' id='line_1_13' title="bbox 524 1297 2099 1379; baseline -0.011 -13"><span class='ocrx_word' id='word_1_87' title='bbox 524 1312 650 1375; x_wconf 81' lang='lat' dir='ltr'><strong>hoc,</strong></span> <span class='ocrx_word' id='word_1_88' title='bbox 683 1309 828 1379; x_wconf 88' lang='lat' dir='ltr'><strong>quod</strong></span> <span class='ocrx_word' id='word_1_89' title='bbox 862 1308 1008 1363; x_wconf 81' lang='lat' dir='ltr'><strong>illius</strong></span> <span class='ocrx_word' id='word_1_90' title='bbox 1047 1314 1130 1360; x_wconf 89' lang='lat' dir='ltr'><strong>est</strong></span> <span class='ocrx_word' id='word_1_91' title='bbox 1168 1303 1425 1372; x_wconf 85' lang='lat' dir='ltr'><strong>Spiritus,</strong></span> <span class='ocrx_word' id='word_1_92' title='bbox 1460 1299 1703 1370; x_wconf 84' lang='lat' dir='ltr'><strong>procedit</strong></span> <span class='ocrx_word' id='word_1_93' title='bbox 1728 1298 1797 1351; x_wconf 88' lang='lat' dir='ltr'><strong>ab</strong></span> <span class='ocrx_word' id='word_1_94' title='bbox 1826 1297 1937 1359; x_wconf 92' lang='lat' dir='ltr'><strong>illo,</strong></span> <span class='ocrx_word' id='word_1_95' title='bbox 1965 1311 2099 1351; x_wconf 81' lang='lat' dir='ltr'><strong>con-</strong></span> 
     </span>
    </p>
   </div>
   <div class='ocr_carea' id='block_1_14' title="bbox 525 1386 2100 1467">
    <p class='ocr_par' dir='ltr' id='par_1_14' title="bbox 525 1386 2100 1467">
     <span class='ocr_line' id='line_1_14' title="bbox 525 1386 2100 1467; baseline -0.011 -10"><span class='ocrx_word' id='word_1_96' title='bbox 525 1399 1017 1467; x_wconf 88' lang='lat' dir='ltr'><strong>substantiaiisque</strong></span> <span class='ocrx_word' id='word_1_97' title='bbox 1044 1396 1124 1450; x_wconf 86' lang='lat' dir='ltr'><strong>illi</strong></span> <span class='ocrx_word' id='word_1_98' title='bbox 1157 1403 1262 1463; x_wconf 77' lang='lat' dir='ltr'><strong>est,</strong></span> <span class='ocrx_word' id='word_1_99' title='bbox 1297 1404 1350 1448; x_wconf 89' lang='lat' dir='ltr'><strong>et</strong></span> <span class='ocrx_word' id='word_1_100' title='bbox 1375 1391 1543 1446; x_wconf 90' lang='lat' dir='ltr'><strong>Filius</strong></span> <span class='ocrx_word' id='word_1_101' title='bbox 1575 1406 1604 1445; x_wconf 92' lang='lat' dir='ltr'><strong>a</strong></span> <span class='ocrx_word' id='word_1_102' title='bbox 1627 1390 1785 1443; x_wconf 81' lang='lat' dir='ltr'><strong>Patre</strong></span> <span class='ocrx_word' id='word_1_103' title='bbox 1810 1386 2100 1455; x_wconf 86' lang='lat' dir='ltr'><strong>distingui-</strong></span> 
     </span>
    </p>
   </div>
   <div class='ocr_carea' id='block_1_15' title="bbox 525 1477 2097 1556">
    <p class='ocr_par' dir='ltr' id='par_1_15' title="bbox 525 1477 2097 1556">
     <span class='ocr_line' id='line_1_15' title="bbox 525 1477 2097 1556; baseline -0.013 -8"><span class='ocrx_word' id='word_1_104' title='bbox 525 1503 635 1555; x_wconf 92' lang='lat' dir='ltr'><strong>tur,</strong></span> <span class='ocrx_word' id='word_1_105' title='bbox 666 1489 965 1546; x_wconf 89' lang='lat' dir='ltr'><strong>secundum</strong></span> <span class='ocrx_word' id='word_1_106' title='bbox 989 1486 1136 1556; x_wconf 87' lang='lat' dir='ltr'><strong>quod</strong></span> <span class='ocrx_word' id='word_1_107' title='bbox 1162 1484 1331 1539; x_wconf 86' lang='lat' dir='ltr'><strong>Filius</strong></span> <span class='ocrx_word' id='word_1_108' title='bbox 1353 1491 1459 1543; x_wconf 90' lang='lat' dir='ltr'><strong>est,</strong></span> <span class='ocrx_word' id='word_1_109' title='bbox 1486 1497 1549 1536; x_wconf 91' lang='lat' dir='ltr'><strong>ac</strong></span> <span class='ocrx_word' id='word_1_110' title='bbox 1573 1479 1828 1535; x_wconf 77' lang='lat' dir='ltr'><strong>discretio</strong></span> <span class='ocrx_word' id='word_1_111' title='bbox 1852 1477 2097 1547; x_wconf 64' lang='lat' dir='ltr'><strong>quaedam</strong></span> 
     </span>
    </p>
   </div>
   <div class='ocr_carea' id='block_1_16' title="bbox 528 1568 2098 1647">
    <p class='ocr_par' dir='ltr' id='par_1_16' title="bbox 528 1568 2098 1647">
     <span class='ocr_line' id='line_1_16' title="bbox 528 1568 2098 1647; baseline -0.01 -13"><span class='ocrx_word' id='word_1_112' title='bbox 528 1581 773 1647; x_wconf 81' lang='lat' dir='ltr'><strong>signatur</strong></span> <span class='ocrx_word' id='word_1_113' title='bbox 791 1595 857 1633; x_wconf 81' lang='lat' dir='ltr'><strong>ex</strong></span> <span class='ocrx_word' id='word_1_114' title='bbox 876 1578 1130 1642; x_wconf 84' lang='lat' dir='ltr'><strong>nomine;</strong></span> <span class='ocrx_word' id='word_1_115' title='bbox 1158 1590 1223 1630; x_wconf 90' lang='lat' dir='ltr'><strong>eo</strong></span> <span class='ocrx_word' id='word_1_116' title='bbox 1251 1584 1430 1630; x_wconf 88' lang='lat' dir='ltr'><strong>autem</strong></span> <span class='ocrx_word' id='word_1_117' title='bbox 1460 1575 1599 1643; x_wconf 88' lang='lat' dir='ltr'><strong>ipso,</strong></span> <span class='ocrx_word' id='word_1_118' title='bbox 1626 1570 1771 1641; x_wconf 91' lang='lat' dir='ltr'><strong>quod</strong></span> <span class='ocrx_word' id='word_1_119' title='bbox 1795 1568 1967 1623; x_wconf 83' lang='lat' dir='ltr'><strong>Filius</strong></span> <span class='ocrx_word' id='word_1_120' title='bbox 1991 1574 2098 1633; x_wconf 88' lang='lat' dir='ltr'><strong>est,</strong></span> 
     </span>
    </p>
   </div>
   <div class='ocr_carea' id='block_1_17' title="bbox 529 1666 1619 1727">
    <p class='ocr_par' dir='ltr' id='par_1_17' title="bbox 529 1666 1619 1727">
     <span class='ocr_line' id='line_1_17' title="bbox 529 1666 1619 1727; baseline -0.01 0"><span class='ocrx_word' id='word_1_121' title='bbox 529 1673 755 1727; x_wconf 86' lang='lat' dir='ltr'><strong>omnino</strong></span> <span class='ocrx_word' id='word_1_122' title='bbox 789 1671 950 1725; x_wconf 88' lang='lat' dir='ltr'><strong>etiam</strong></span> <span class='ocrx_word' id='word_1_123' title='bbox 988 1666 1477 1723; x_wconf 82' lang='lat' dir='ltr'><strong>consubstantiaiis</strong></span> <span class='ocrx_word' id='word_1_124' title='bbox 1511 1671 1619 1718; x_wconf 81' lang='lat' dir='ltr'><strong>est.</strong></span> 
     </span>
    </p>
   </div>
   <div class='ocr_carea' id='block_1_18' title="bbox 2184 445 3744 525">
    <p class='ocr_par' dir='ltr' id='par_1_18' title="bbox 2184 445 3744 525">
     <span class='ocr_line' id='line_1_18' title="bbox 2184 445 3744 525; baseline -0.006 -14"><span class='ocrx_word' id='word_1_125' title='bbox 2184 471 2363 525; x_wconf 87' lang='lat' dir='ltr'><strong>neque</strong></span> <span class='ocrx_word' id='word_1_126' title='bbox 2398 456 2545 509; x_wconf 90' lang='lat' dir='ltr'><strong>enim</strong></span> <span class='ocrx_word' id='word_1_127' title='bbox 2579 454 2646 507; x_wconf 83' lang='lat' dir='ltr'><strong>ad</strong></span> <span class='ocrx_word' id='word_1_128' title='bbox 2672 452 2913 515; x_wconf 88' lang='lat' dir='ltr'><strong>Patrem,</strong></span> <span class='ocrx_word' id='word_1_129' title='bbox 2940 447 3243 505; x_wconf 90' lang='lat' dir='ltr'><strong>secundum</strong></span> <span class='ocrx_word' id='word_1_130' title='bbox 3275 446 3421 515; x_wconf 91' lang='lat' dir='ltr'><strong>quod</strong></span> <span class='ocrx_word' id='word_1_131' title='bbox 3444 445 3606 500; x_wconf 82' lang='lat' dir='ltr'><strong>Pater</strong></span> <span class='ocrx_word' id='word_1_132' title='bbox 3627 457 3744 501; x_wconf 87' lang='lat' dir='ltr'><strong>est:</strong></span> 
     </span>
    </p>
   </div>
   <div class='ocr_carea' id='block_1_19' title="bbox 2181 536 3755 615">
    <p class='ocr_par' dir='ltr' id='par_1_19' title="bbox 2181 536 3755 615">
     <span class='ocr_line' id='line_1_19' title="bbox 2181 536 3755 615; baseline -0.009 -11"><span class='ocrx_word' id='word_1_133' title='bbox 2181 559 2328 604; x_wconf 82' lang='lat' dir='ltr'><strong>esset</strong></span> <span class='ocrx_word' id='word_1_134' title='bbox 2366 548 2512 602; x_wconf 88' lang='lat' dir='ltr'><strong>enim</strong></span> <span class='ocrx_word' id='word_1_135' title='bbox 2544 545 2785 615; x_wconf 90' lang='lat' dir='ltr'><strong>Spiritus</strong></span> <span class='ocrx_word' id='word_1_136' title='bbox 2812 543 3023 607; x_wconf 88' lang='lat' dir='ltr'><strong>Filius;</strong></span> <span class='ocrx_word' id='word_1_137' title='bbox 3064 554 3243 608; x_wconf 91' lang='lat' dir='ltr'><strong>neque</strong></span> <span class='ocrx_word' id='word_1_138' title='bbox 3291 538 3357 592; x_wconf 87' lang='lat' dir='ltr'><strong>ad</strong></span> <span class='ocrx_word' id='word_1_139' title='bbox 3404 536 3625 601; x_wconf 88' lang='lat' dir='ltr'><strong>Filium,</strong></span> <span class='ocrx_word' id='word_1_140' title='bbox 3666 553 3755 592; x_wconf 85' lang='lat' dir='ltr'><strong>se-</strong></span> 
     </span>
    </p>
   </div>
   <div class='ocr_carea' id='block_1_20' title="bbox 2184 627 3756 707">
    <p class='ocr_par' dir='ltr' id='par_1_20' title="bbox 2184 627 3756 707">
     <span class='ocr_line' id='line_1_20' title="bbox 2184 627 3756 707; baseline -0.009 -12"><span class='ocrx_word' id='word_1_141' title='bbox 2184 640 2422 695; x_wconf 88' lang='lat' dir='ltr'><strong>cundum</strong></span> <span class='ocrx_word' id='word_1_142' title='bbox 2463 638 2609 707; x_wconf 90' lang='lat' dir='ltr'><strong>quod</strong></span> <span class='ocrx_word' id='word_1_143' title='bbox 2635 635 2805 691; x_wconf 84' lang='lat' dir='ltr'><strong>Filius</strong></span> <span class='ocrx_word' id='word_1_144' title='bbox 2828 643 2912 690; x_wconf 89' lang='lat' dir='ltr'><strong>est</strong></span> <span class='ocrx_word' id='word_1_145' title='bbox 2948 648 2963 688; x_wconf 88' lang='lat'><strong>:</strong></span> <span class='ocrx_word' id='word_1_146' title='bbox 2998 632 3066 687; x_wconf 89' lang='lat' dir='ltr'><strong>ad</strong></span> <span class='ocrx_word' id='word_1_147' title='bbox 3097 630 3296 685; x_wconf 89' lang='lat' dir='ltr'><strong>Filium</strong></span> <span class='ocrx_word' id='word_1_148' title='bbox 3329 629 3473 685; x_wconf 86' lang='lat' dir='ltr'><strong>enim</strong></span> <span class='ocrx_word' id='word_1_149' title='bbox 3493 628 3573 683; x_wconf 88' lang='lat' dir='ltr'><strong>sic</strong></span> <span class='ocrx_word' id='word_1_150' title='bbox 3597 627 3756 682; x_wconf 86' lang='lat' dir='ltr'><strong>Pater</strong></span> 
     </span>
    </p>
   </div>
   <div class='ocr_carea' id='block_1_21' title="bbox 2185 719 3758 793">
    <p class='ocr_par' dir='ltr' id='par_1_21' title="bbox 2185 719 3758 793">
     <span class='ocr_line' id='line_1_21' title="bbox 2185 719 3758 793; baseline -0.009 -7"><span class='ocrx_word' id='word_1_151' title='bbox 2185 729 2423 785; x_wconf 78' lang='lat' dir='ltr'><strong>refertur</strong></span> <span class='ocrx_word' id='word_1_152' title='bbox 2457 729 2628 784; x_wconf 83' lang='lat' dir='ltr'><strong>solus.</strong></span> <span class='ocrx_word' id='word_1_153' title='bbox 2660 725 2849 793; x_wconf 84' lang='lat' dir='ltr'><strong>itaque</strong></span> <span class='ocrx_word' id='word_1_154' title='bbox 2895 722 3152 793; x_wconf 88' lang='lat' dir='ltr'><strong>quoniam</strong></span> <span class='ocrx_word' id='word_1_155' title='bbox 3212 736 3376 775; x_wconf 85' lang='lat' dir='ltr'><strong>unum</strong></span> <span class='ocrx_word' id='word_1_156' title='bbox 3417 719 3637 788; x_wconf 88' lang='lat' dir='ltr'><strong>aliquod</strong></span> <span class='ocrx_word' id='word_1_157' title='bbox 3690 732 3758 772; x_wconf 81' lang='lat' dir='ltr'><strong>ac</strong></span> 
     </span>
    </p>
   </div>
   <div class='ocr_carea' id='block_1_22' title="bbox 2185 814 3760 890">
    <p class='ocr_par' dir='ltr' id='par_1_22' title="bbox 2185 814 3760 890">
     <span class='ocr_line' id='line_1_22' title="bbox 2185 814 3760 890; baseline -0.008 -12"><span class='ocrx_word' id='word_1_158' title='bbox 2185 822 2413 890; x_wconf 73' lang='lat' dir='ltr'><strong>simplex</strong></span> <span class='ocrx_word' id='word_1_159' title='bbox 2442 831 2546 885; x_wconf 86' lang='lat' dir='ltr'><strong>est,</strong></span> <span class='ocrx_word' id='word_1_160' title='bbox 2578 822 2633 875; x_wconf 91' lang='lat' dir='ltr'><strong>in</strong></span> <span class='ocrx_word' id='word_1_161' title='bbox 2682 820 2845 877; x_wconf 86' lang='lat' dir='ltr'><strong>Patre</strong></span> <span class='ocrx_word' id='word_1_162' title='bbox 2916 833 2978 873; x_wconf 87' lang='lat' dir='ltr'><strong>ac</strong></span> <span class='ocrx_word' id='word_1_163' title='bbox 3030 814 3187 878; x_wconf 85' lang='lat' dir='ltr'><strong>Filio,</strong></span> <span class='ocrx_word' id='word_1_164' title='bbox 3228 814 3293 869; x_wconf 83' lang='lat' dir='ltr'><strong>ad</strong></span> <span class='ocrx_word' id='word_1_165' title='bbox 3336 814 3478 884; x_wconf 88' lang='lat' dir='ltr'><strong>quod</strong></span> <span class='ocrx_word' id='word_1_166' title='bbox 3530 814 3760 867; x_wconf 82' lang='lat' dir='ltr'><strong>refertur</strong></span> 
     </span>
    </p>
   </div>
   <div class='ocr_carea' id='block_1_23' title="bbox 2190 900 3759 984">
    <p class='ocr_par' dir='ltr' id='par_1_23' title="bbox 2190 900 3759 984">
     <span class='ocr_line' id='line_1_23' title="bbox 2190 900 3759 984; baseline -0.01 -13"><span class='ocrx_word' id='word_1_167' title='bbox 2190 915 2449 984; x_wconf 81' lang='lat' dir='ltr'><strong>Spiritus,</strong></span> <span class='ocrx_word' id='word_1_168' title='bbox 2479 912 2693 979; x_wconf 87' lang='lat' dir='ltr'><strong>merito,</strong></span> <span class='ocrx_word' id='word_1_169' title='bbox 2721 922 2777 967; x_wconf 86' lang='lat' dir='ltr'><strong>et</strong></span> <span class='ocrx_word' id='word_1_170' title='bbox 2826 900 2988 964; x_wconf 89' lang='lat' dir='ltr'><strong>unica</strong></span> <span class='ocrx_word' id='word_1_171' title='bbox 3022 907 3287 962; x_wconf 86' lang='lat' dir='ltr'><strong>relatione</strong></span> <span class='ocrx_word' id='word_1_172' title='bbox 3324 906 3391 960; x_wconf 89' lang='lat' dir='ltr'><strong>ad</strong></span> <span class='ocrx_word' id='word_1_173' title='bbox 3439 919 3535 959; x_wconf 87' lang='lat' dir='ltr'><strong>eos</strong></span> <span class='ocrx_word' id='word_1_174' title='bbox 3568 902 3759 958; x_wconf 74' lang='lat' dir='ltr'><strong>referri</strong></span> 
     </span>
    </p>
   </div>
   <div class='ocr_carea' id='block_1_24' title="bbox 2187 1008 3303 1064">
    <p class='ocr_par' dir='ltr' id='par_1_24' title="bbox 2187 1008 3303 1064">
     <span class='ocr_line' id='line_1_24' title="bbox 2187 1008 3303 1064; baseline -0.007 -1"><span class='ocrx_word' id='word_1_175' title='bbox 2187 1008 2456 1064; x_wconf 80' lang='lat' dir='ltr'><strong>dicendus</strong></span> <span class='ocrx_word' id='word_1_176' title='bbox 2488 1018 2591 1062; x_wconf 91' lang='lat' dir='ltr'><strong>est.</strong></span> <span class='ocrx_word' id='word_1_177' title='bbox 3302 1016 3303 1019; x_wconf 72' lang='lat'>‘</span> 
     </span>
    </p>
   </div>
   <div class='ocr_carea' id='block_1_25' title="bbox 2259 1110 3764 1188">
    <p class='ocr_par' dir='ltr' id='par_1_25' title="bbox 2259 1110 3764 1188">
     <span class='ocr_line' id='line_1_25' title="bbox 2259 1110 3764 1188; baseline -0.009 -13"><span class='ocrx_word' id='word_1_178' title='bbox 2259 1120 2486 1188; x_wconf 80' lang='lat' dir='ltr'><strong>Insuper</strong></span> <span class='ocrx_word' id='word_1_179' title='bbox 2513 1119 2773 1188; x_wconf 88' lang='lat' dir='ltr'><strong>quoniam</strong></span> <span class='ocrx_word' id='word_1_180' title='bbox 2805 1118 2948 1172; x_wconf 86' lang='lat' dir='ltr'><strong>idem</strong></span> <span class='ocrx_word' id='word_1_181' title='bbox 2978 1126 3032 1171; x_wconf 91' lang='lat' dir='ltr'><strong>et</strong></span> <span class='ocrx_word' id='word_1_182' title='bbox 3075 1128 3217 1169; x_wconf 89' lang='lat' dir='ltr'><strong>unus</strong></span> <span class='ocrx_word' id='word_1_183' title='bbox 3257 1110 3496 1183; x_wconf 81' lang='lat' dir='ltr'><strong>Spiritus</strong></span> <span class='ocrx_word' id='word_1_184' title='bbox 3537 1115 3764 1163; x_wconf 88' lang='lat' dir='ltr'><strong>sanctus</strong></span> 
     </span>
    </p>
   </div>
   <div class='ocr_carea' id='block_1_26' title="bbox 2185 1204 3765 1279">
    <p class='ocr_par' dir='ltr' id='par_1_26' title="bbox 2185 1204 3765 1279">
     <span class='ocr_line' id='line_1_26' title="bbox 2185 1204 3765 1279; baseline -0.009 -11"><span class='ocrx_word' id='word_1_185' title='bbox 2185 1211 2588 1274; x_wconf 75' lang='lat' dir='ltr'><strong>indiﬂ&#39;erenter,</strong></span> <span class='ocrx_word' id='word_1_186' title='bbox 2611 1219 2665 1265; x_wconf 92' lang='lat' dir='ltr'><strong>et</strong></span> <span class='ocrx_word' id='word_1_187' title='bbox 2716 1210 2837 1265; x_wconf 88' lang='lat' dir='ltr'><strong>sine</strong></span> <span class='ocrx_word' id='word_1_188' title='bbox 2886 1209 3067 1279; x_wconf 91' lang='lat' dir='ltr'><strong>aliqua</strong></span> <span class='ocrx_word' id='word_1_189' title='bbox 3109 1205 3433 1276; x_wconf 87' lang='lat' dir='ltr'><strong>adjectionis</strong></span> <span class='ocrx_word' id='word_1_190' title='bbox 3474 1204 3765 1261; x_wconf 88' lang='lat' dir='ltr'><strong>varietate.</strong></span> 
     </span>
    </p>
   </div>
   <div class='ocr_carea' id='block_1_27' title="bbox 2190 1300 3771 1371">
    <p class='ocr_par' dir='ltr' id='par_1_27' title="bbox 2190 1300 3771 1371">
     <span class='ocr_line' id='line_1_27' title="bbox 2190 1300 3771 1371; baseline -0.008 -12"><span class='ocrx_word' id='word_1_191' title='bbox 2190 1303 2370 1359; x_wconf 89' lang='lat' dir='ltr'><strong>Patris</strong></span> <span class='ocrx_word' id='word_1_192' title='bbox 2415 1318 2481 1358; x_wconf 89' lang='lat' dir='ltr'><strong>ac</strong></span> <span class='ocrx_word' id='word_1_193' title='bbox 2572 1302 2695 1357; x_wconf 85' lang='lat' dir='ltr'><strong>Filii</strong></span> <span class='ocrx_word' id='word_1_194' title='bbox 2749 1300 2985 1371; x_wconf 82' lang='lat' dir='ltr'><strong>Spiritus</strong></span> <span class='ocrx_word' id='word_1_195' title='bbox 3030 1300 3248 1362; x_wconf 92' lang='lat' dir='ltr'><strong>dicitur,</strong></span> <span class='ocrx_word' id='word_1_196' title='bbox 3286 1310 3507 1351; x_wconf 89' lang='lat' dir='ltr'><strong>necesse</strong></span> <span class='ocrx_word' id='word_1_197' title='bbox 3535 1304 3637 1359; x_wconf 90' lang='lat' dir='ltr'><strong>est,</strong></span> <span class='ocrx_word' id='word_1_198' title='bbox 3685 1308 3771 1347; x_wconf 85' lang='lat' dir='ltr'><strong>se-</strong></span> 
     </span>
    </p>
   </div>
   <div class='ocr_carea' id='block_1_28' title="bbox 2192 1385 3768 1457">
    <p class='ocr_par' dir='ltr' id='par_1_28' title="bbox 2192 1385 3768 1457">
     <span class='ocr_line' id='line_1_28' title="bbox 2192 1385 3768 1457; baseline -0.009 -6"><span class='ocrx_word' id='word_1_199' title='bbox 2192 1397 2431 1451; x_wconf 90' lang='lat' dir='ltr'><strong>cundum</strong></span> <span class='ocrx_word' id='word_1_200' title='bbox 2467 1396 2720 1450; x_wconf 91' lang='lat' dir='ltr'><strong>eumdem</strong></span> <span class='ocrx_word' id='word_1_201' title='bbox 2752 1394 2997 1457; x_wconf 92' lang='lat' dir='ltr'><strong>modum,</strong></span> <span class='ocrx_word' id='word_1_202' title='bbox 3030 1393 3195 1447; x_wconf 88' lang='lat' dir='ltr'><strong>etiam</strong></span> <span class='ocrx_word' id='word_1_203' title='bbox 3234 1392 3518 1445; x_wconf 83' lang='lat' dir='ltr'><strong>amborum</strong></span> <span class='ocrx_word' id='word_1_204' title='bbox 3548 1387 3617 1443; x_wconf 88' lang='lat' dir='ltr'><strong>sit</strong></span> <span class='ocrx_word' id='word_1_205' title='bbox 3642 1403 3658 1442; x_wconf 90' lang='lat'><strong>:</strong></span> <span class='ocrx_word' id='word_1_206' title='bbox 3679 1385 3768 1440; x_wconf 92' lang='lat' dir='ltr'><strong>sin</strong></span> 
     </span>
    </p>
   </div>
   <div class='ocr_carea' id='block_1_29' title="bbox 2198 1476 3772 1553">
    <p class='ocr_par' dir='ltr' id='par_1_29' title="bbox 2198 1476 3772 1553">
     <span class='ocr_line' id='line_1_29' title="bbox 2198 1476 3772 1553; baseline -0.008 -11"><span class='ocrx_word' id='word_1_207' title='bbox 2198 1489 2354 1553; x_wconf 88' lang='lat' dir='ltr'><strong>alias,</strong></span> <span class='ocrx_word' id='word_1_208' title='bbox 2388 1487 2509 1540; x_wconf 82' lang='lat' dir='ltr'><strong>Filii</strong></span> <span class='ocrx_word' id='word_1_209' title='bbox 2535 1488 2600 1541; x_wconf 92' lang='lat' dir='ltr'><strong>ad</strong></span> <span class='ocrx_word' id='word_1_210' title='bbox 2629 1484 2848 1541; x_wconf 85' lang='lat' dir='ltr'><strong>Patrem</strong></span> <span class='ocrx_word' id='word_1_211' title='bbox 2881 1482 3224 1553; x_wconf 62' lang='lat' dir='ltr'><strong>inmqualitas</strong></span> <span class='ocrx_word' id='word_1_212' title='bbox 3270 1479 3542 1550; x_wconf 73' lang='lat' dir='ltr'><strong>sequitur,</strong></span> <span class='ocrx_word' id='word_1_213' title='bbox 3576 1476 3772 1533; x_wconf 80' lang='lat' dir='ltr'><strong>simili-</strong></span> 
     </span>
    </p>
   </div>
   <div class='ocr_carea' id='block_1_30' title="bbox 2200 1566 3771 1647">
    <p class='ocr_par' dir='ltr' id='par_1_30' title="bbox 2200 1566 3771 1647">
     <span class='ocr_line' id='line_1_30' title="bbox 2200 1566 3771 1647; baseline -0.012 -13"><span class='ocrx_word' id='word_1_214' title='bbox 2200 1579 2515 1647; x_wconf 84' lang='lat' dir='ltr'><strong>tudinisque</strong></span> <span class='ocrx_word' id='word_1_215' title='bbox 2554 1574 3003 1632; x_wconf 62' lang='lat' dir='ltr'><strong>incommutabile</strong></span> <span class='ocrx_word' id='word_1_216' title='bbox 3024 1574 3151 1627; x_wconf 82' lang='lat' dir='ltr'><strong>hinc</strong></span> <span class='ocrx_word' id='word_1_217' title='bbox 3184 1572 3412 1625; x_wconf 74' lang='lat' dir='ltr'><strong>tollitur.</strong></span> <span class='ocrx_word' id='word_1_218' title='bbox 3450 1566 3771 1647; x_wconf 84' lang='lat' dir='ltr'><strong>Sieutenim</strong></span> 
     </span>
    </p>
   </div>
   <div class='ocr_carea' id='block_1_31' title="bbox 2196 1643 3773 1739">
    <p class='ocr_par' dir='ltr' id='par_1_31' title="bbox 2196 1643 3773 1739">
     <span class='ocr_line' id='line_1_31' title="bbox 2196 1643 3773 1739; baseline -0.009 -12"><span class='ocrx_word' id='word_1_219' title='bbox 2196 1670 2488 1739; x_wconf 73' lang='lat' dir='ltr'><strong>sapientia,</strong></span> <span class='ocrx_word' id='word_1_220' title='bbox 2538 1667 2780 1733; x_wconf 84' lang='lat' dir='ltr'><strong>bonitas,</strong></span> <span class='ocrx_word' id='word_1_221' title='bbox 2832 1665 3044 1735; x_wconf 73' lang='lat' dir='ltr'><strong>iustitia</strong></span> <span class='ocrx_word' id='word_1_222' title='bbox 3074 1704 3087 1729; x_wconf 93' lang='lat'><strong>,</strong></span> <span class='ocrx_word' id='word_1_223' title='bbox 3135 1662 3571 1730; x_wconf 85' lang='lat' dir='ltr'><strong>conditionisque</strong></span> <span class='ocrx_word' id='word_1_224' title='bbox 3609 1643 3773 1720; x_wconf 71' lang='lat' dir='ltr'><strong>ratio,</strong></span> 
     </span>
    </p>
   </div>
   <div class='ocr_carea' id='block_1_32' title="bbox 605 1747 2118 1830">
    <p class='ocr_par' dir='ltr' id='par_1_32' title="bbox 605 1747 2096 1827">
     <span class='ocr_line' id='line_1_32' title="bbox 605 1747 2096 1827; baseline -0.007 -15"><span class='ocrx_word' id='word_1_225' title='bbox 605 1760 669 1812; x_wconf 87' lang='lat' dir='ltr'><strong>Et</strong></span> <span class='ocrx_word' id='word_1_226' title='bbox 699 1758 956 1827; x_wconf 88' lang='lat' dir='ltr'><strong>quoniam</strong></span> <span class='ocrx_word' id='word_1_227' title='bbox 1006 1756 1060 1809; x_wconf 92' lang='lat' dir='ltr'><strong>in</strong></span> <span class='ocrx_word' id='word_1_228' title='bbox 1112 1754 1314 1809; x_wconf 83' lang='lat' dir='ltr'><strong>divinis</strong></span> <span class='ocrx_word' id='word_1_229' title='bbox 1356 1750 1606 1822; x_wconf 86' lang='lat' dir='ltr'><strong>personis</strong></span> <span class='ocrx_word' id='word_1_230' title='bbox 1659 1749 1920 1804; x_wconf 85' lang='lat' dir='ltr'><strong>discretio</strong></span> <span class='ocrx_word' id='word_1_231' title='bbox 1960 1747 2096 1801; x_wconf 90' lang='lat' dir='ltr'><strong>rela-</strong></span> 
     </span>
    </p>
   </div>
   <div class='ocr_carea' id='block_1_33' title="bbox 2219 1747 3778 1830">
    <p class='ocr_par' dir='ltr' id='par_1_33' title="bbox 2219 1751 3778 1830">
     <span class='ocr_line' id='line_1_33' title="bbox 2219 1751 3778 1830; baseline -0.008 -14"><span class='ocrx_word' id='word_1_232' title='bbox 2219 1763 2349 1818; x_wconf 74' lang='lat' dir='ltr'><strong>Patri</strong></span> <span class='ocrx_word' id='word_1_233' title='bbox 2387 1760 2631 1830; x_wconf 81' lang='lat' dir='ltr'><strong>Filioque</strong></span> <span class='ocrx_word' id='word_1_234' title='bbox 2652 1758 2967 1822; x_wconf 88' lang='lat' dir='ltr'><strong>distributa,</strong></span> <span class='ocrx_word' id='word_1_235' title='bbox 2998 1756 3079 1811; x_wconf 89' lang='lat' dir='ltr'><strong>eis</strong></span> <span class='ocrx_word' id='word_1_236' title='bbox 3110 1755 3318 1818; x_wconf 88' lang='lat' dir='ltr'><strong>itidem,</strong></span> <span class='ocrx_word' id='word_1_237' title='bbox 3348 1762 3401 1808; x_wconf 90' lang='lat' dir='ltr'><strong>et</strong></span> <span class='ocrx_word' id='word_1_238' title='bbox 3433 1754 3549 1808; x_wconf 88' lang='lat' dir='ltr'><strong>sine</strong></span> <span class='ocrx_word' id='word_1_239' title='bbox 3593 1751 3778 1805; x_wconf 86' lang='lat' dir='ltr'><strong>varie-</strong></span> 
     </span>
    </p>
   </div>
   <div class='ocr_carea' id='block_1_34' title="bbox 532 1831 2101 1909">
    <p class='ocr_par' dir='ltr' id='par_1_34' title="bbox 532 1831 2101 1909">
     <span class='ocr_line' id='line_1_34' title="bbox 532 1831 2101 1909; baseline -0.011 -4"><span class='ocrx_word' id='word_1_240' title='bbox 532 1853 733 1905; x_wconf 90' lang='lat' dir='ltr'><strong>tiouem</strong></span> <span class='ocrx_word' id='word_1_241' title='bbox 772 1848 1074 1903; x_wconf 89' lang='lat' dir='ltr'><strong>secundum</strong></span> <span class='ocrx_word' id='word_1_242' title='bbox 1125 1857 1346 1898; x_wconf 84' lang='lat' dir='ltr'><strong>causam</strong></span> <span class='ocrx_word' id='word_1_243' title='bbox 1426 1840 1754 1909; x_wconf 87' lang='lat' dir='ltr'><strong>causaleque</strong></span> <span class='ocrx_word' id='word_1_244' title='bbox 1783 1831 2101 1907; x_wconf 76' lang='lat' dir='ltr'><strong>signiﬁcat,</strong></span> 
     </span>
    </p>
   </div>
   <div class='ocr_carea' id='block_1_35' title="bbox 533 1930 2105 2011">
    <p class='ocr_par' dir='ltr' id='par_1_35' title="bbox 533 1930 2105 2011">
     <span class='ocr_line' id='line_1_35' title="bbox 533 1930 2105 2011; baseline -0.009 -17"><span class='ocrx_word' id='word_1_245' title='bbox 533 1941 681 2011; x_wconf 91' lang='lat' dir='ltr'><strong>quod</strong></span> <span class='ocrx_word' id='word_1_246' title='bbox 743 1948 924 1992; x_wconf 87' lang='lat' dir='ltr'><strong>autem</strong></span> <span class='ocrx_word' id='word_1_247' title='bbox 977 1938 1177 1991; x_wconf 89' lang='lat' dir='ltr'><strong>dicitur</strong></span> <span class='ocrx_word' id='word_1_248' title='bbox 1224 1934 1348 1988; x_wconf 89' lang='lat' dir='ltr'><strong>Filii</strong></span> <span class='ocrx_word' id='word_1_249' title='bbox 1408 1932 1663 2001; x_wconf 81' lang='lat' dir='ltr'><strong>Spiritus,</strong></span> <span class='ocrx_word' id='word_1_250' title='bbox 1717 1930 2105 1985; x_wconf 78' lang='lat' dir='ltr'><strong>discretionem</strong></span> 
     </span>
    </p>
   </div>
   <div class='ocr_carea' id='block_1_36' title="bbox 534 2018 2104 2097">
    <p class='ocr_par' dir='ltr' id='par_1_36' title="bbox 534 2018 2104 2097">
     <span class='ocr_line' id='line_1_36' title="bbox 534 2018 2104 2097; baseline -0.007 -13"><span class='ocrx_word' id='word_1_251' title='bbox 534 2029 779 2090; x_wconf 84' lang='lat' dir='ltr'><strong>indicat,</strong></span> <span class='ocrx_word' id='word_1_252' title='bbox 818 2034 1053 2091; x_wconf 85' lang='lat' dir='ltr'><strong>constat,</strong></span> <span class='ocrx_word' id='word_1_253' title='bbox 1088 2024 1215 2094; x_wconf 90' lang='lat' dir='ltr'><strong>quia</strong></span> <span class='ocrx_word' id='word_1_254' title='bbox 1244 2039 1368 2080; x_wconf 87' lang='lat' dir='ltr'><strong>cum</strong></span> <span class='ocrx_word' id='word_1_255' title='bbox 1396 2023 1628 2097; x_wconf 86' lang='lat' dir='ltr'><strong>dicimus</strong></span> <span class='ocrx_word' id='word_1_256' title='bbox 1666 2020 1926 2091; x_wconf 88' lang='lat' dir='ltr'><strong>Spiritum</strong></span> <span class='ocrx_word' id='word_1_257' title='bbox 1960 2018 2104 2081; x_wconf 87' lang='lat' dir='ltr'><strong>Filii.</strong></span> 
     </span>
    </p>
   </div>
   <div class='ocr_carea' id='block_1_37' title="bbox 538 2113 2108 2183">
    <p class='ocr_par' dir='ltr' id='par_1_37' title="bbox 538 2113 2108 2183">
     <span class='ocr_line' id='line_1_37' title="bbox 538 2113 2108 2183; baseline -0.005 -9"><span class='ocrx_word' id='word_1_258' title='bbox 538 2122 857 2175; x_wconf 83' lang='lat' dir='ltr'><strong>relationem</strong></span> <span class='ocrx_word' id='word_1_259' title='bbox 892 2117 1190 2173; x_wconf 86' lang='lat' dir='ltr'><strong>secundum</strong></span> <span class='ocrx_word' id='word_1_260' title='bbox 1220 2129 1466 2179; x_wconf 89' lang='lat' dir='ltr'><strong>causam,</strong></span> <span class='ocrx_word' id='word_1_261' title='bbox 1496 2123 1661 2183; x_wconf 84' lang='lat' dir='ltr'><strong>atque</strong></span> <span class='ocrx_word' id='word_1_262' title='bbox 1681 2113 1904 2168; x_wconf 83' lang='lat' dir='ltr'><strong>causaie</strong></span> <span class='ocrx_word' id='word_1_263' title='bbox 1921 2113 2108 2183; x_wconf 84' lang='lat' dir='ltr'><strong>signa—</strong></span> 
     </span>
    </p>
   </div>
   <div class='ocr_carea' id='block_1_38' title="bbox 540 2203 2109 2275">
    <p class='ocr_par' dir='ltr' id='par_1_38' title="bbox 540 2203 2109 2275">
     <span class='ocr_line' id='line_1_38' title="bbox 540 2203 2109 2275; baseline -0.006 -9"><span class='ocrx_word' id='word_1_264' title='bbox 540 2227 683 2266; x_wconf 88' lang='lat' dir='ltr'><strong>mus.</strong></span> <span class='ocrx_word' id='word_1_265' title='bbox 741 2211 1037 2264; x_wconf 78' lang='lat' dir='ltr'><strong>Enimvero</strong></span> <span class='ocrx_word' id='word_1_266' title='bbox 1084 2210 1134 2262; x_wconf 92' lang='lat' dir='ltr'><strong>id</strong></span> <span class='ocrx_word' id='word_1_267' title='bbox 1190 2207 1373 2262; x_wconf 87' lang='lat' dir='ltr'><strong>dicere</strong></span> <span class='ocrx_word' id='word_1_268' title='bbox 1417 2222 1524 2259; x_wconf 90' lang='lat' dir='ltr'><strong>non</strong></span> <span class='ocrx_word' id='word_1_269' title='bbox 1551 2221 1868 2275; x_wconf 82' lang='lat' dir='ltr'><strong>possumus,</strong></span> <span class='ocrx_word' id='word_1_270' title='bbox 1912 2203 2109 2259; x_wconf 75' lang='lat' dir='ltr'><strong>relorri</strong></span> 
     </span>
    </p>
   </div>
   <div class='ocr_carea' id='block_1_39' title="bbox 539 2294 2109 2373">
    <p class='ocr_par' dir='ltr' id='par_1_39' title="bbox 539 2294 2109 2373">
     <span class='ocr_line' id='line_1_39' title="bbox 539 2294 2109 2373; baseline -0.007 -16"><span class='ocrx_word' id='word_1_271' title='bbox 539 2303 759 2373; x_wconf 83' lang='lat' dir='ltr'><strong>quidem</strong></span> <span class='ocrx_word' id='word_1_272' title='bbox 793 2301 1055 2369; x_wconf 85' lang='lat' dir='ltr'><strong>Spiritum</strong></span> <span class='ocrx_word' id='word_1_273' title='bbox 1086 2309 1335 2352; x_wconf 88' lang='lat' dir='ltr'><strong>sanctum</strong></span> <span class='ocrx_word' id='word_1_274' title='bbox 1360 2295 1425 2350; x_wconf 91' lang='lat' dir='ltr'><strong>ad</strong></span> <span class='ocrx_word' id='word_1_275' title='bbox 1447 2296 1662 2350; x_wconf 86' lang='lat' dir='ltr'><strong>Patrem</strong></span> <span class='ocrx_word' id='word_1_276' title='bbox 1717 2304 1771 2349; x_wconf 87' lang='lat' dir='ltr'><strong>et</strong></span> <span class='ocrx_word' id='word_1_277' title='bbox 1794 2295 1860 2349; x_wconf 88' lang='lat' dir='ltr'><strong>ad</strong></span> <span class='ocrx_word' id='word_1_278' title='bbox 1891 2294 2109 2359; x_wconf 86' lang='lat' dir='ltr'><strong>Filium,</strong></span> 
     </span>
    </p>
   </div>
   <div class='ocr_carea' id='block_1_40' title="bbox 544 2384 2109 2459">
    <p class='ocr_par' dir='ltr' id='par_1_40' title="bbox 544 2384 2109 2459">
     <span class='ocr_line' id='line_1_40' title="bbox 544 2384 2109 2459; baseline -0.006 -10"><span class='ocrx_word' id='word_1_279' title='bbox 544 2396 687 2450; x_wconf 90' lang='lat' dir='ltr'><strong>idem</strong></span> <span class='ocrx_word' id='word_1_280' title='bbox 758 2407 903 2454; x_wconf 89' lang='lat' dir='ltr'><strong>esse,</strong></span> <span class='ocrx_word' id='word_1_281' title='bbox 968 2390 1110 2459; x_wconf 88' lang='lat' dir='ltr'><strong>quod</strong></span> <span class='ocrx_word' id='word_1_282' title='bbox 1182 2389 1545 2458; x_wconf 83' lang='lat' dir='ltr'><strong>proprietates</strong></span> <span class='ocrx_word' id='word_1_283' title='bbox 1594 2387 1793 2441; x_wconf 84' lang='lat' dir='ltr'><strong>habere</strong></span> <span class='ocrx_word' id='word_1_284' title='bbox 1848 2384 2109 2454; x_wconf 88' lang='lat' dir='ltr'><strong>Spiritum</strong></span> 
     </span>
    </p>
   </div>
   <div class='ocr_carea' id='block_1_41' title="bbox 542 2477 2115 2549">
    <p class='ocr_par' dir='ltr' id='par_1_41' title="bbox 542 2477 2115 2549">
     <span class='ocr_line' id='line_1_41' title="bbox 542 2477 2115 2549; baseline -0.006 -9"><span class='ocrx_word' id='word_1_285' title='bbox 542 2492 821 2548; x_wconf 84' lang='lat' dir='ltr'><strong>sanctum,</strong></span> <span class='ocrx_word' id='word_1_286' title='bbox 873 2482 934 2537; x_wconf 88' lang='lat' dir='ltr'><strong>ut</strong></span> <span class='ocrx_word' id='word_1_287' title='bbox 972 2482 1036 2535; x_wconf 89' lang='lat' dir='ltr'><strong>ad</strong></span> <span class='ocrx_word' id='word_1_288' title='bbox 1094 2479 1244 2549; x_wconf 88' lang='lat' dir='ltr'><strong>ipsos</strong></span> <span class='ocrx_word' id='word_1_289' title='bbox 1292 2477 1606 2533; x_wconf 68' lang='lat' dir='ltr'><strong>diﬂerenter</strong></span> <span class='ocrx_word' id='word_1_290' title='bbox 1662 2477 1965 2541; x_wconf 78' lang='lat' dir='ltr'><strong>referatur;</strong></span> <span class='ocrx_word' id='word_1_291' title='bbox 2020 2486 2115 2530; x_wconf 89' lang='lat' dir='ltr'><strong>aut</strong></span> 
     </span>
    </p>
   </div>
   <div class='ocr_carea' id='block_1_42' title="bbox 545 2552 2113 2646">
    <p class='ocr_par' dir='ltr' id='par_1_42' title="bbox 545 2552 2113 2646">
     <span class='ocr_line' id='line_1_42' title="bbox 545 2552 2113 2646; baseline -0.006 -17"><span class='ocrx_word' id='word_1_292' title='bbox 545 2575 814 2646; x_wconf 89' lang='lat' dir='ltr'><strong>Spiritum</strong></span> <span class='ocrx_word' id='word_1_293' title='bbox 851 2571 1189 2628; x_wconf 81' lang='lat' dir='ltr'><strong>diﬂ‘erentem</strong></span> <span class='ocrx_word' id='word_1_294' title='bbox 1222 2569 1537 2639; x_wconf 88' lang='lat' dir='ltr'><strong>quempiam</strong></span> <span class='ocrx_word' id='word_1_295' title='bbox 1558 2581 1702 2634; x_wconf 86' lang='lat' dir='ltr'><strong>esse,</strong></span> <span class='ocrx_word' id='word_1_296' title='bbox 1721 2552 1786 2621; x_wconf 81' lang='lat' dir='ltr'><strong>ac</strong></span> <span class='ocrx_word' id='word_1_297' title='bbox 1806 2566 2113 2636; x_wconf 88' lang='lat' dir='ltr'><strong>duplicem;</strong></span> 
     </span>
    </p>
   </div>
   <div class='ocr_carea' id='block_1_43' title="bbox 545 2654 2118 2722">
    <p class='ocr_par' dir='ltr' id='par_1_43' title="bbox 545 2654 2118 2722">
     <span class='ocr_line' id='line_1_43' title="bbox 545 2654 2118 2722; baseline -0.006 -5"><span class='ocrx_word' id='word_1_298' title='bbox 545 2672 640 2717; x_wconf 91' lang='lat' dir='ltr'><strong>aut</strong></span> <span class='ocrx_word' id='word_1_299' title='bbox 678 2659 897 2722; x_wconf 83' lang='lat' dir='ltr'><strong>Filium,</strong></span> <span class='ocrx_word' id='word_1_300' title='bbox 926 2674 1032 2711; x_wconf 91' lang='lat' dir='ltr'><strong>non</strong></span> <span class='ocrx_word' id='word_1_301' title='bbox 1080 2655 1382 2711; x_wconf 88' lang='lat' dir='ltr'><strong>secundum</strong></span> <span class='ocrx_word' id='word_1_302' title='bbox 1427 2654 1750 2720; x_wconf 74' lang='lat' dir='ltr'><strong>essentiam,</strong></span> <span class='ocrx_word' id='word_1_303' title='bbox 1798 2658 1968 2709; x_wconf 84' lang='lat' dir='ltr'><strong>unum</strong></span> <span class='ocrx_word' id='word_1_304' title='bbox 1998 2668 2118 2708; x_wconf 85' lang='lat' dir='ltr'><strong>esse</strong></span> 
     </span>
    </p>
   </div>
   <div class='ocr_carea' id='block_1_44' title="bbox 546 2745 2116 2817">
    <p class='ocr_par' dir='ltr' id='par_1_44' title="bbox 546 2745 2116 2817">
     <span class='ocr_line' id='line_1_44' title="bbox 546 2745 2116 2817; baseline -0.006 -9"><span class='ocrx_word' id='word_1_305' title='bbox 546 2768 672 2808; x_wconf 90' lang='lat' dir='ltr'><strong>cum</strong></span> <span class='ocrx_word' id='word_1_306' title='bbox 696 2749 1014 2817; x_wconf 72' lang='lat' dir='ltr'><strong>Patre,qua~.</strong></span> <span class='ocrx_word' id='word_1_307' title='bbox 1040 2747 1379 2802; x_wconf 85' lang='lat' dir='ltr'><strong>identitatem</strong></span> <span class='ocrx_word' id='word_1_308' title='bbox 1400 2746 1524 2801; x_wconf 89' lang='lat' dir='ltr'><strong>Filii</strong></span> <span class='ocrx_word' id='word_1_309' title='bbox 1547 2747 1615 2801; x_wconf 87' lang='lat' dir='ltr'><strong>ad</strong></span> <span class='ocrx_word' id='word_1_310' title='bbox 1646 2745 1862 2801; x_wconf 86' lang='lat' dir='ltr'><strong>Patrem</strong></span> <span class='ocrx_word' id='word_1_311' title='bbox 1898 2745 2116 2811; x_wconf 91' lang='lat' dir='ltr'><strong>tollunt,</strong></span> 
     </span>
    </p>
   </div>
   <div class='ocr_carea' id='block_1_45' title="bbox 550 2836 2121 2912">
    <p class='ocr_par' dir='ltr' id='par_1_45' title="bbox 550 2836 2121 2912">
     <span class='ocr_line' id='line_1_45' title="bbox 550 2836 2121 2912; baseline -0.005 -13"><span class='ocrx_word' id='word_1_312' title='bbox 550 2856 830 2912; x_wconf 88' lang='lat' dir='ltr'><strong>unumque</strong></span> <span class='ocrx_word' id='word_1_313' title='bbox 893 2855 959 2895; x_wconf 91' lang='lat' dir='ltr'><strong>ac</strong></span> <span class='ocrx_word' id='word_1_314' title='bbox 1010 2839 1313 2907; x_wconf 81' lang='lat' dir='ltr'><strong>simplicem</strong></span> <span class='ocrx_word' id='word_1_315' title='bbox 1360 2836 1597 2908; x_wconf 88' lang='lat' dir='ltr'><strong>Spiritus</strong></span> <span class='ocrx_word' id='word_1_316' title='bbox 1653 2852 1991 2909; x_wconf 85' lang='lat' dir='ltr'><strong>processum,</strong></span> <span class='ocrx_word' id='word_1_317' title='bbox 2030 2852 2121 2893; x_wconf 87' lang='lat' dir='ltr'><strong>se-</strong></span> 
     </span>
    </p>
   </div>
   <div class='ocr_carea' id='block_1_46' title="bbox 550 2928 2121 3000">
    <p class='ocr_par' dir='ltr' id='par_1_46' title="bbox 550 2928 2121 3000">
     <span class='ocr_line' id='line_1_46' title="bbox 550 2928 2121 3000; baseline -0.003 -13"><span class='ocrx_word' id='word_1_318' title='bbox 550 2932 787 2988; x_wconf 89' lang='lat' dir='ltr'><strong>cundum</strong></span> <span class='ocrx_word' id='word_1_319' title='bbox 841 2946 1003 3000; x_wconf 84' lang='lat' dir='ltr'><strong>quem</strong></span> <span class='ocrx_word' id='word_1_320' title='bbox 1059 2930 1125 2983; x_wconf 88' lang='lat' dir='ltr'><strong>ad</strong></span> <span class='ocrx_word' id='word_1_321' title='bbox 1150 2928 1367 2984; x_wconf 86' lang='lat' dir='ltr'><strong>Patrem</strong></span> <span class='ocrx_word' id='word_1_322' title='bbox 1408 2939 1464 2983; x_wconf 90' lang='lat' dir='ltr'><strong>et</strong></span> <span class='ocrx_word' id='word_1_323' title='bbox 1512 2930 1714 2985; x_wconf 87' lang='lat' dir='ltr'><strong>Filium</strong></span> <span class='ocrx_word' id='word_1_324' title='bbox 1764 2930 2023 2994; x_wconf 87' lang='lat' dir='ltr'><strong>refertur,</strong></span> <span class='ocrx_word' id='word_1_325' title='bbox 2054 2943 2121 2983; x_wconf 78' lang='lat' dir='ltr'><strong>ex</strong></span> 
     </span>
    </p>
   </div>
   <div class='ocr_carea' id='block_1_47' title="bbox 553 3021 1856 3093">
    <p class='ocr_par' dir='ltr' id='par_1_47' title="bbox 553 3021 1856 3093">
     <span class='ocr_line' id='line_1_47' title="bbox 553 3021 1856 3093; baseline -0.003 -14"><span class='ocrx_word' id='word_1_326' title='bbox 553 3025 713 3079; x_wconf 87' lang='lat' dir='ltr'><strong>Patre</strong></span> <span class='ocrx_word' id='word_1_327' title='bbox 748 3039 842 3093; x_wconf 89' lang='lat' dir='ltr'><strong>per</strong></span> <span class='ocrx_word' id='word_1_328' title='bbox 874 3021 1070 3076; x_wconf 82' lang='lat' dir='ltr'><strong>Filium</strong></span> <span class='ocrx_word' id='word_1_329' title='bbox 1099 3022 1422 3091; x_wconf 86' lang='lat' dir='ltr'><strong>procedens,</strong></span> <span class='ocrx_word' id='word_1_330' title='bbox 1450 3036 1555 3076; x_wconf 89' lang='lat' dir='ltr'><strong>una</strong></span> <span class='ocrx_word' id='word_1_331' title='bbox 1581 3021 1856 3077; x_wconf 86' lang='lat' dir='ltr'><strong>auferunt.</strong></span> 
     </span>
    </p>
   </div>
   <div class='ocr_carea' id='block_1_48' title="bbox 625 3108 2190 3183">
    <p class='ocr_par' dir='ltr' id='par_1_48' title="bbox 625 3108 2190 3183">
     <span class='ocr_line' id='line_1_48' title="bbox 625 3108 2190 3183; baseline -0.002 -15"><span class='ocrx_word' id='word_1_332' title='bbox 625 3114 852 3174; x_wconf 84' lang='lat' dir='ltr'><strong>Deinde,</strong></span> <span class='ocrx_word' id='word_1_333' title='bbox 900 3114 1002 3169; x_wconf 85' lang='lat' dir='ltr'><strong>etsi</strong></span> <span class='ocrx_word' id='word_1_334' title='bbox 1030 3113 1203 3168; x_wconf 88' lang='lat' dir='ltr'><strong>Filius</strong></span> <span class='ocrx_word' id='word_1_335' title='bbox 1234 3113 1300 3166; x_wconf 90' lang='lat' dir='ltr'><strong>ad</strong></span> <span class='ocrx_word' id='word_1_336' title='bbox 1342 3108 1559 3167; x_wconf 79' lang='lat' dir='ltr'><strong>Patrem</strong></span> <span class='ocrx_word' id='word_1_337' title='bbox 1631 3120 1681 3167; x_wconf 88' lang='lat' dir='ltr'><strong>et</strong></span> <span class='ocrx_word' id='word_1_338' title='bbox 1729 3114 1795 3167; x_wconf 87' lang='lat' dir='ltr'><strong>ad</strong></span> <span class='ocrx_word' id='word_1_339' title='bbox 1845 3111 2115 3181; x_wconf 85' lang='lat' dir='ltr'><strong>Spiritum</strong></span> <span class='ocrx_word' id='word_1_340' title='bbox 2147 3123 2190 3183; x_wconf 68' lang='grc' dir='ltr'>α</span> 
     </span>
    </p>
   </div>
   <div class='ocr_carea' id='block_1_49' title="bbox 557 3203 2119 3273">
    <p class='ocr_par' dir='ltr' id='par_1_49' title="bbox 557 3203 2119 3273">
     <span class='ocr_line' id='line_1_49' title="bbox 557 3203 2119 3273; baseline -0.003 -11"><span class='ocrx_word' id='word_1_341' title='bbox 557 3208 808 3273; x_wconf 78' lang='lat' dir='ltr'><strong>refertur,</strong></span> <span class='ocrx_word' id='word_1_342' title='bbox 841 3218 895 3261; x_wconf 89' lang='lat' dir='ltr'><strong>et</strong></span> <span class='ocrx_word' id='word_1_343' title='bbox 938 3205 1098 3260; x_wconf 74' lang='lat' dir='ltr'><strong>Pater</strong></span> <span class='ocrx_word' id='word_1_344' title='bbox 1141 3205 1326 3260; x_wconf 81' lang='lat' dir='ltr'><strong>itidem</strong></span> <span class='ocrx_word' id='word_1_345' title='bbox 1358 3206 1425 3258; x_wconf 88' lang='lat' dir='ltr'><strong>ad</strong></span> <span class='ocrx_word' id='word_1_346' title='bbox 1465 3204 1662 3259; x_wconf 83' lang='lat' dir='ltr'><strong>Filium</strong></span> <span class='ocrx_word' id='word_1_347' title='bbox 1709 3212 1765 3258; x_wconf 91' lang='lat' dir='ltr'><strong>et</strong></span> <span class='ocrx_word' id='word_1_348' title='bbox 1813 3203 2119 3272; x_wconf 87' lang='lat' dir='ltr'><strong>Spiritum:</strong></span> 
     </span>
    </p>
   </div>
   <div class='ocr_carea' id='block_1_50' title="bbox 556 3295 2124 3364">
    <p class='ocr_par' dir='ltr' id='par_1_50' title="bbox 556 3295 2124 3364">
     <span class='ocr_line' id='line_1_50' title="bbox 556 3295 2124 3364; baseline -0.004 -9"><span class='ocrx_word' id='word_1_349' title='bbox 556 3298 650 3355; x_wconf 84' lang='lat' dir='ltr'><strong>sed</strong></span> <span class='ocrx_word' id='word_1_350' title='bbox 682 3298 906 3352; x_wconf 89' lang='lat' dir='ltr'><strong>omnino</strong></span> <span class='ocrx_word' id='word_1_351' title='bbox 940 3296 1250 3350; x_wconf 64' lang='lat' dir='ltr'><strong>hazreticum</strong></span> <span class='ocrx_word' id='word_1_352' title='bbox 1280 3303 1388 3360; x_wconf 87' lang='lat' dir='ltr'><strong>est,</strong></span> <span class='ocrx_word' id='word_1_353' title='bbox 1415 3297 1581 3350; x_wconf 88' lang='lat' dir='ltr'><strong>etiam</strong></span> <span class='ocrx_word' id='word_1_354' title='bbox 1601 3296 1667 3350; x_wconf 86' lang='lat' dir='ltr'><strong>de</strong></span> <span class='ocrx_word' id='word_1_355' title='bbox 1701 3295 1907 3364; x_wconf 86' lang='lat' dir='ltr'><strong>Spiritu</strong></span> <span class='ocrx_word' id='word_1_356' title='bbox 1933 3302 2124 3349; x_wconf 88' lang='lat' dir='ltr'><strong>sancto</strong></span> 
     </span>
    </p>
   </div>
   <div class='ocr_carea' id='block_1_51' title="bbox 558 3388 2125 3458">
    <p class='ocr_par' dir='ltr' id='par_1_51' title="bbox 558 3388 2125 3458">
     <span class='ocr_line' id='line_1_51' title="bbox 558 3388 2125 3458; baseline -0.002 -14"><span class='ocrx_word' id='word_1_357' title='bbox 558 3389 704 3445; x_wconf 84' lang='lat' dir='ltr'><strong>istnu</strong></span> <span class='ocrx_word' id='word_1_358' title='bbox 750 3399 963 3458; x_wconf 90' lang='lat' dir='ltr'><strong>putare,</strong></span> <span class='ocrx_word' id='word_1_359' title='bbox 1018 3396 1078 3442; x_wconf 92' lang='lat' dir='ltr'><strong>ut</strong></span> <span class='ocrx_word' id='word_1_360' title='bbox 1129 3389 1247 3457; x_wconf 91' lang='lat' dir='ltr'><strong>ipse</strong></span> <span class='ocrx_word' id='word_1_361' title='bbox 1298 3403 1537 3457; x_wconf 85' lang='lat' dir='ltr'><strong>quoque,</strong></span> <span class='ocrx_word' id='word_1_362' title='bbox 1593 3388 1808 3458; x_wconf 81' lang='lat' dir='ltr'><strong>gemina</strong></span> <span class='ocrx_word' id='word_1_363' title='bbox 1854 3388 2125 3456; x_wconf 84' lang='lat' dir='ltr'><strong>relatione</strong></span> 
     </span>
    </p>
   </div>
   <div class='ocr_carea' id='block_1_52' title="bbox 558 3476 2127 3547">
    <p class='ocr_par' dir='ltr' id='par_1_52' title="bbox 558 3476 2127 3547">
     <span class='ocr_line' id='line_1_52' title="bbox 558 3476 2127 3547; baseline -0.003 -13"><span class='ocrx_word' id='word_1_364' title='bbox 558 3478 771 3534; x_wconf 77' lang='lat' dir='ltr'><strong>scilicet</strong></span> <span class='ocrx_word' id='word_1_365' title='bbox 826 3479 891 3532; x_wconf 85' lang='lat' dir='ltr'><strong>ad</strong></span> <span class='ocrx_word' id='word_1_366' title='bbox 942 3476 1159 3531; x_wconf 83' lang='lat' dir='ltr'><strong>Patrem</strong></span> <span class='ocrx_word' id='word_1_367' title='bbox 1208 3476 1515 3547; x_wconf 83' lang='lat' dir='ltr'><strong>Filiumque</strong></span> <span class='ocrx_word' id='word_1_368' title='bbox 1542 3476 1830 3531; x_wconf 82' lang='lat' dir='ltr'><strong>referatur.</strong></span> <span class='ocrx_word' id='word_1_369' title='bbox 1890 3476 2127 3546; x_wconf 89' lang='lat' dir='ltr'><strong>Spiritus</strong></span> 
     </span>
    </p>
   </div>
   <div class='ocr_carea' id='block_1_53' title="bbox 559 3565 2130 3634">
    <p class='ocr_par' dir='ltr' id='par_1_53' title="bbox 559 3565 2130 3634">
     <span class='ocr_line' id='line_1_53' title="bbox 559 3565 2130 3634; baseline -0.003 -12"><span class='ocrx_word' id='word_1_370' title='bbox 559 3572 703 3622; x_wconf 86' lang='lat' dir='ltr'><strong>enim</strong></span> <span class='ocrx_word' id='word_1_371' title='bbox 729 3566 1029 3621; x_wconf 90' lang='lat' dir='ltr'><strong>secundum</strong></span> <span class='ocrx_word' id='word_1_372' title='bbox 1081 3581 1243 3619; x_wconf 88' lang='lat' dir='ltr'><strong>unam</strong></span> <span class='ocrx_word' id='word_1_373' title='bbox 1299 3581 1363 3619; x_wconf 90' lang='lat' dir='ltr'><strong>ac</strong></span> <span class='ocrx_word' id='word_1_374' title='bbox 1389 3566 1562 3620; x_wconf 89' lang='lat' dir='ltr'><strong>solam</strong></span> <span class='ocrx_word' id='word_1_375' title='bbox 1614 3565 1954 3634; x_wconf 87' lang='lat' dir='ltr'><strong>personaiem</strong></span> <span class='ocrx_word' id='word_1_376' title='bbox 2004 3578 2130 3634; x_wconf 89' lang='lat' dir='ltr'><strong>pro-</strong></span> 
     </span>
    </p>
   </div>
   <div class='ocr_carea' id='block_1_54' title="bbox 558 3655 2127 3733">
    <p class='ocr_par' dir='ltr' id='par_1_54' title="bbox 558 3655 2127 3733">
     <span class='ocr_line' id='line_1_54' title="bbox 558 3655 2127 3733; baseline -0.003 -20"><span class='ocrx_word' id='word_1_377' title='bbox 558 3660 848 3729; x_wconf 82' lang='lat' dir='ltr'><strong>prietatem</strong></span> <span class='ocrx_word' id='word_1_378' title='bbox 904 3673 1087 3733; x_wconf 90' lang='lat' dir='ltr'><strong>suam,</strong></span> <span class='ocrx_word' id='word_1_379' title='bbox 1120 3672 1184 3712; x_wconf 90' lang='lat' dir='ltr'><strong>ac</strong></span> <span class='ocrx_word' id='word_1_380' title='bbox 1230 3658 1532 3713; x_wconf 88' lang='lat' dir='ltr'><strong>secundum</strong></span> <span class='ocrx_word' id='word_1_381' title='bbox 1563 3658 1711 3727; x_wconf 83' lang='lat' dir='ltr'><strong>quod</strong></span> <span class='ocrx_word' id='word_1_382' title='bbox 1761 3656 2021 3726; x_wconf 78' lang='lat' dir='ltr'><strong>Spiritus,</strong></span> <span class='ocrx_word' id='word_1_383' title='bbox 2061 3655 2127 3709; x_wconf 92' lang='lat' dir='ltr'><strong>ad</strong></span> 
     </span>
    </p>
   </div>
   <div class='ocr_carea' id='block_1_55' title="bbox 560 3746 2131 3805">
    <p class='ocr_par' dir='ltr' id='par_1_55' title="bbox 560 3746 2131 3805">
     <span class='ocr_line' id='line_1_55' title="bbox 560 3746 2131 3805; baseline -0.002 -2"><span class='ocrx_word' id='word_1_384' title='bbox 560 3751 774 3805; x_wconf 85' lang='lat' dir='ltr'><strong>Patrem</strong></span> <span class='ocrx_word' id='word_1_385' title='bbox 808 3748 1043 3804; x_wconf 89' lang='lat' dir='ltr'><strong>refertur</strong></span> <span class='ocrx_word' id='word_1_386' title='bbox 1093 3758 1149 3805; x_wconf 91' lang='lat' dir='ltr'><strong>et</strong></span> <span class='ocrx_word' id='word_1_387' title='bbox 1194 3746 1426 3803; x_wconf 85' lang='lat' dir='ltr'><strong>Filium:</strong></span> <span class='ocrx_word' id='word_1_388' title='bbox 1475 3746 1636 3802; x_wconf 82' lang='lat' dir='ltr'><strong>Pater</strong></span> <span class='ocrx_word' id='word_1_389' title='bbox 1661 3760 1844 3803; x_wconf 87' lang='lat' dir='ltr'><strong>autem</strong></span> <span class='ocrx_word' id='word_1_390' title='bbox 1879 3759 1931 3803; x_wconf 89' lang='lat' dir='ltr'><strong>et</strong></span> <span class='ocrx_word' id='word_1_391' title='bbox 1962 3748 2131 3802; x_wconf 89' lang='lat' dir='ltr'><strong>Filius</strong></span> 
     </span>
    </p>
   </div>
   <div class='ocr_carea' id='block_1_56' title="bbox 561 3837 2133 3909">
    <p class='ocr_par' dir='ltr' id='par_1_56' title="bbox 561 3837 2133 3909">
     <span class='ocr_line' id='line_1_56' title="bbox 561 3837 2133 3909; baseline -0.001 -16"><span class='ocrx_word' id='word_1_392' title='bbox 561 3839 629 3894; x_wconf 88' lang='lat' dir='ltr'><strong>ad</strong></span> <span class='ocrx_word' id='word_1_393' title='bbox 661 3842 890 3895; x_wconf 82' lang='lat' dir='ltr'><strong>invicem</strong></span> <span class='ocrx_word' id='word_1_394' title='bbox 916 3838 1139 3909; x_wconf 88' lang='lat' dir='ltr'><strong>quidem</strong></span> <span class='ocrx_word' id='word_1_395' title='bbox 1170 3849 1217 3892; x_wconf 87' lang='lat' dir='ltr'><strong>e|</strong></span> <span class='ocrx_word' id='word_1_396' title='bbox 1263 3839 1364 3908; x_wconf 89' lang='lat' dir='ltr'><strong>ipsi</strong></span> <span class='ocrx_word' id='word_1_397' title='bbox 1412 3838 1797 3908; x_wconf 85' lang='lat' dir='ltr'><strong>personalibus</strong></span> <span class='ocrx_word' id='word_1_398' title='bbox 1828 3837 2133 3907; x_wconf 89' lang='lat' dir='ltr'><strong>proprieta-</strong></span> 
     </span>
    </p>
   </div>
   <div class='ocr_carea' id='block_1_57' title="bbox 563 3928 2130 3999">
    <p class='ocr_par' dir='ltr' id='par_1_57' title="bbox 563 3928 2130 3999">
     <span class='ocr_line' id='line_1_57' title="bbox 563 3928 2130 3999; baseline -0.002 -14"><span class='ocrx_word' id='word_1_399' title='bbox 563 3933 707 3986; x_wconf 80' lang='lat' dir='ltr'><strong>tibus</strong></span> <span class='ocrx_word' id='word_1_400' title='bbox 734 3932 1064 3986; x_wconf 85' lang='lat' dir='ltr'><strong>rel&#39;eruntur.</strong></span> <span class='ocrx_word' id='word_1_401' title='bbox 1103 3930 1182 3982; x_wconf 79' lang='lat' dir='ltr'><strong>Ad</strong></span> <span class='ocrx_word' id='word_1_402' title='bbox 1204 3928 1465 3999; x_wconf 78' lang='lat' dir='ltr'><strong>Spiritum</strong></span> <span class='ocrx_word' id='word_1_403' title='bbox 1496 3945 1647 3997; x_wconf 83' lang='lat' dir='ltr'><strong>vero,</strong></span> <span class='ocrx_word' id='word_1_404' title='bbox 1674 3944 1781 3985; x_wconf 89' lang='lat' dir='ltr'><strong>non</strong></span> <span class='ocrx_word' id='word_1_405' title='bbox 1804 3930 1908 3993; x_wconf 81' lang='lat' dir='ltr'><strong>bis,</strong></span> <span class='ocrx_word' id='word_1_406' title='bbox 1944 3945 2130 3983; x_wconf 85' lang='lat' dir='ltr'><strong>verum</strong></span> 
     </span>
    </p>
   </div>
   <div class='ocr_carea' id='block_1_58' title="bbox 563 4018 2131 4099">
    <p class='ocr_par' dir='ltr' id='par_1_58' title="bbox 563 4018 2131 4099">
     <span class='ocr_line' id='line_1_58' title="bbox 563 4018 2131 4099; baseline -0.002 -23"><span class='ocrx_word' id='word_1_407' title='bbox 563 4022 1006 4099; x_wconf 34' lang='lat' dir='ltr'><strong>aliaqelatione,</strong></span> <span class='ocrx_word' id='word_1_408' title='bbox 1057 4035 1221 4089; x_wconf 90' lang='lat' dir='ltr'><strong>quam</strong></span> <span class='ocrx_word' id='word_1_409' title='bbox 1274 4019 1649 4089; x_wconf 77' lang='lat' dir='ltr'><strong>generationis</strong></span> <span class='ocrx_word' id='word_1_410' title='bbox 1695 4034 1761 4074; x_wconf 89' lang='lat' dir='ltr'><strong>ac</strong></span> <span class='ocrx_word' id='word_1_411' title='bbox 1807 4018 2131 4080; x_wconf 81' lang='lat' dir='ltr'><strong>nativitatis.</strong></span> 
     </span>
    </p>
   </div>
   <div class='ocr_carea' id='block_1_59' title="bbox 565 4107 2132 4183">
    <p class='ocr_par' dir='ltr' id='par_1_59' title="bbox 565 4107 2132 4183">
     <span class='ocr_line' id='line_1_59' title="bbox 565 4107 2132 4183; baseline -0.003 -17"><span class='ocrx_word' id='word_1_412' title='bbox 565 4111 943 4183; x_wconf 89' lang='lat' dir='ltr'><strong>productionis</strong></span> <span class='ocrx_word' id='word_1_413' title='bbox 967 4107 1330 4182; x_wconf 83' lang='lat' dir='ltr'><strong>[spirationis]</strong></span> <span class='ocrx_word' id='word_1_414' title='bbox 1361 4111 1595 4175; x_wconf 87' lang='lat' dir='ltr'><strong>scilicet,</strong></span> <span class='ocrx_word' id='word_1_415' title='bbox 1624 4110 1923 4165; x_wconf 88' lang='lat' dir='ltr'><strong>secundum</strong></span> <span class='ocrx_word' id='word_1_416' title='bbox 1944 4125 2132 4180; x_wconf 83' lang='lat' dir='ltr'><strong>quam,</strong></span> 
     </span>
    </p>
   </div>
   <div class='ocr_carea' id='block_1_60' title="bbox 569 4196 2133 4267">
    <p class='ocr_par' dir='ltr' id='par_1_60' title="bbox 569 4196 2133 4267">
     <span class='ocr_line' id='line_1_60' title="bbox 569 4196 2133 4267; baseline -0.004 -8"><span class='ocrx_word' id='word_1_417' title='bbox 569 4218 741 4259; x_wconf 93' lang='lat' dir='ltr'><strong>unum</strong></span> <span class='ocrx_word' id='word_1_418' title='bbox 778 4210 908 4258; x_wconf 91' lang='lat' dir='ltr'><strong>sunt</strong></span> <span class='ocrx_word' id='word_1_419' title='bbox 942 4202 1105 4257; x_wconf 88' lang='lat' dir='ltr'><strong>Pater</strong></span> <span class='ocrx_word' id='word_1_420' title='bbox 1148 4196 1202 4255; x_wconf 83' lang='lat' dir='ltr'><strong>et</strong></span> <span class='ocrx_word' id='word_1_421' title='bbox 1245 4199 1456 4264; x_wconf 85' lang='lat' dir='ltr'><strong>Filius;</strong></span> <span class='ocrx_word' id='word_1_422' title='bbox 1490 4200 1595 4256; x_wconf 89' lang='lat' dir='ltr'><strong>etsi</strong></span> <span class='ocrx_word' id='word_1_423' title='bbox 1642 4200 1755 4267; x_wconf 63' lang='lat' dir='ltr'><strong>suis</strong></span> <span class='ocrx_word' id='word_1_424' title='bbox 1798 4201 1866 4257; x_wconf 85' lang='lat' dir='ltr'><strong>ad</strong></span> <span class='ocrx_word' id='word_1_425' title='bbox 1899 4201 2133 4257; x_wconf 86' lang='lat' dir='ltr'><strong>invicem</strong></span> 
     </span>
    </p>
   </div>
   <div class='ocr_carea' id='block_1_61' title="bbox 571 4291 2137 4363">
    <p class='ocr_par' dir='ltr' id='par_1_61' title="bbox 571 4291 2137 4363">
     <span class='ocr_line' id='line_1_61' title="bbox 571 4291 2137 4363; baseline -0.001 -16"><span class='ocrx_word' id='word_1_426' title='bbox 571 4294 893 4350; x_wconf 74' lang='lat' dir='ltr'><strong>diﬂcrentiis</strong></span> <span class='ocrx_word' id='word_1_427' title='bbox 967 4293 1213 4349; x_wconf 88' lang='lat' dir='ltr'><strong>discreti.</strong></span> <span class='ocrx_word' id='word_1_428' title='bbox 1274 4293 1452 4360; x_wconf 75' lang='lat' dir='ltr'><strong>Nam,</strong></span> <span class='ocrx_word' id='word_1_429' title='bbox 1498 4293 1799 4349; x_wconf 88' lang='lat' dir='ltr'><strong>secundum</strong></span> <span class='ocrx_word' id='word_1_430' title='bbox 1857 4293 2004 4363; x_wconf 85' lang='lat' dir='ltr'><strong>quod</strong></span> <span class='ocrx_word' id='word_1_431' title='bbox 2048 4291 2137 4346; x_wconf 89' lang='lat' dir='ltr'><strong>ille</strong></span> 
     </span>
    </p>
   </div>
   <div class='ocr_carea' id='block_1_62' title="bbox 568 4384 2136 4452">
    <p class='ocr_par' dir='ltr' id='par_1_62' title="bbox 568 4384 2136 4452">
     <span class='ocr_line' id='line_1_62' title="bbox 568 4384 2136 4452; baseline -0.001 -11"><span class='ocrx_word' id='word_1_432' title='bbox 568 4388 750 4452; x_wconf 85' lang='lat' dir='ltr'><strong>Pater,</strong></span> <span class='ocrx_word' id='word_1_433' title='bbox 776 4387 867 4441; x_wconf 88' lang='lat' dir='ltr'><strong>hic</strong></span> <span class='ocrx_word' id='word_1_434' title='bbox 899 4384 1068 4442; x_wconf 88' lang='lat' dir='ltr'><strong>Filius</strong></span> <span class='ocrx_word' id='word_1_435' title='bbox 1096 4395 1200 4451; x_wconf 89' lang='lat' dir='ltr'><strong>est,</strong></span> <span class='ocrx_word' id='word_1_436' title='bbox 1254 4385 1321 4441; x_wconf 86' lang='lat' dir='ltr'><strong>ad</strong></span> <span class='ocrx_word' id='word_1_437' title='bbox 1381 4386 1617 4442; x_wconf 89' lang='lat' dir='ltr'><strong>invicem</strong></span> <span class='ocrx_word' id='word_1_438' title='bbox 1648 4385 1822 4440; x_wconf 90' lang='lat' dir='ltr'><strong>solum</strong></span> <span class='ocrx_word' id='word_1_439' title='bbox 1853 4386 2136 4441; x_wconf 88' lang='lat' dir='ltr'><strong>dicuntur.</strong></span> 
     </span>
    </p>
   </div>
   <div class='ocr_carea' id='block_1_63' title="bbox 569 4476 2140 4549">
    <p class='ocr_par' dir='ltr' id='par_1_63' title="bbox 569 4476 2140 4549">
     <span class='ocr_line' id='line_1_63' title="bbox 569 4476 2140 4549; baseline 0 -18"><span class='ocrx_word' id='word_1_440' title='bbox 569 4478 757 4548; x_wconf 85' lang='lat' dir='ltr'><strong>itaque</strong></span> <span class='ocrx_word' id='word_1_441' title='bbox 792 4478 903 4532; x_wconf 90' lang='lat' dir='ltr'><strong>illic</strong></span> <span class='ocrx_word' id='word_1_442' title='bbox 937 4480 1154 4549; x_wconf 84' lang='lat' dir='ltr'><strong>quidem</strong></span> <span class='ocrx_word' id='word_1_443' title='bbox 1185 4478 1266 4545; x_wconf 78' lang='lat' dir='ltr'><strong>fas</strong></span> <span class='ocrx_word' id='word_1_444' title='bbox 1300 4488 1402 4543; x_wconf 90' lang='lat' dir='ltr'><strong>est,</strong></span> <span class='ocrx_word' id='word_1_445' title='bbox 1448 4477 1749 4532; x_wconf 84' lang='lat' dir='ltr'><strong>secundum</strong></span> <span class='ocrx_word' id='word_1_446' title='bbox 1794 4492 1963 4531; x_wconf 88' lang='lat' dir='ltr'><strong>unum</strong></span> <span class='ocrx_word' id='word_1_447' title='bbox 1992 4476 2140 4531; x_wconf 86' lang='lat' dir='ltr'><strong>scili—</strong></span> 
     </span>
    </p>
   </div>
   <div class='ocr_carea' id='block_1_64' title="bbox 570 4564 2139 4638">
    <p class='ocr_par' dir='ltr' id='par_1_64' title="bbox 570 4564 2139 4638">
     <span class='ocr_line' id='line_1_64' title="bbox 570 4564 2139 4638; baseline -0.004 -14"><span class='ocrx_word' id='word_1_448' title='bbox 570 4579 678 4633; x_wconf 92' lang='lat' dir='ltr'><strong>cet,</strong></span> <span class='ocrx_word' id='word_1_449' title='bbox 707 4584 771 4623; x_wconf 90' lang='lat' dir='ltr'><strong>ac</strong></span> <span class='ocrx_word' id='word_1_450' title='bbox 805 4569 985 4624; x_wconf 89' lang='lat' dir='ltr'><strong>solum</strong></span> <span class='ocrx_word' id='word_1_451' title='bbox 1021 4569 1196 4638; x_wconf 88' lang='lat' dir='ltr'><strong>ipsius</strong></span> <span class='ocrx_word' id='word_1_452' title='bbox 1228 4567 1568 4638; x_wconf 86' lang='lat' dir='ltr'><strong>personalem</strong></span> <span class='ocrx_word' id='word_1_453' title='bbox 1600 4581 1940 4635; x_wconf 83' lang='lat' dir='ltr'><strong>processum,</strong></span> <span class='ocrx_word' id='word_1_454' title='bbox 1966 4564 2139 4635; x_wconf 86' lang='lat' dir='ltr'><strong>Spiri-</strong></span> 
     </span>
    </p>
   </div>
   <div class='ocr_carea' id='block_1_65' title="bbox 571 4655 2139 4722">
    <p class='ocr_par' dir='ltr' id='par_1_65' title="bbox 571 4655 2139 4722">
     <span class='ocr_line' id='line_1_65' title="bbox 571 4655 2139 4722; baseline -0.001 -12"><span class='ocrx_word' id='word_1_455' title='bbox 571 4667 689 4711; x_wconf 88' lang='lat' dir='ltr'><strong>tum</strong></span> <span class='ocrx_word' id='word_1_456' title='bbox 734 4667 986 4713; x_wconf 87' lang='lat' dir='ltr'><strong>sanctum</strong></span> <span class='ocrx_word' id='word_1_457' title='bbox 1021 4658 1089 4711; x_wconf 88' lang='lat' dir='ltr'><strong>ad</strong></span> <span class='ocrx_word' id='word_1_458' title='bbox 1136 4656 1389 4721; x_wconf 89' lang='lat' dir='ltr'><strong>Patrem,</strong></span> <span class='ocrx_word' id='word_1_459' title='bbox 1428 4671 1492 4710; x_wconf 87' lang='lat' dir='ltr'><strong>ac</strong></span> <span class='ocrx_word' id='word_1_460' title='bbox 1547 4655 1741 4710; x_wconf 87' lang='lat' dir='ltr'><strong>Filium</strong></span> <span class='ocrx_word' id='word_1_461' title='bbox 1790 4657 2024 4722; x_wconf 85' lang='lat' dir='ltr'><strong>referre;</strong></span> <span class='ocrx_word' id='word_1_462' title='bbox 2084 4655 2139 4709; x_wconf 93' lang='lat' dir='ltr'><strong>in</strong></span> 
     </span>
    </p>
   </div>
   <div class='ocr_carea' id='block_1_66' title="bbox 573 4745 2141 4818">
    <p class='ocr_par' dir='ltr' id='par_1_66' title="bbox 573 4745 2141 4818">
     <span class='ocr_line' id='line_1_66' title="bbox 573 4745 2141 4818; baseline -0.003 -15"><span class='ocrx_word' id='word_1_463' title='bbox 573 4751 731 4804; x_wconf 80' lang='lat' dir='ltr'><strong>Patre</strong></span> <span class='ocrx_word' id='word_1_464' title='bbox 769 4754 895 4803; x_wconf 84' lang='lat' dir='ltr'><strong>vero</strong></span> <span class='ocrx_word' id='word_1_465' title='bbox 917 4788 933 4813; x_wconf 93' lang='lat'><strong>,</strong></span> <span class='ocrx_word' id='word_1_466' title='bbox 964 4749 1032 4803; x_wconf 92' lang='lat' dir='ltr'><strong>ad</strong></span> <span class='ocrx_word' id='word_1_467' title='bbox 1066 4747 1327 4818; x_wconf 87' lang='lat' dir='ltr'><strong>Spiritum</strong></span> <span class='ocrx_word' id='word_1_468' title='bbox 1352 4758 1404 4802; x_wconf 91' lang='lat' dir='ltr'><strong>et</strong></span> <span class='ocrx_word' id='word_1_469' title='bbox 1439 4746 1673 4802; x_wconf 84' lang='lat' dir='ltr'><strong>Filium:</strong></span> <span class='ocrx_word' id='word_1_470' title='bbox 1725 4763 1789 4802; x_wconf 90' lang='lat' dir='ltr'><strong>ac</strong></span> <span class='ocrx_word' id='word_1_471' title='bbox 1828 4761 2040 4812; x_wconf 85' lang='lat' dir='ltr'><strong>rursus,</strong></span> <span class='ocrx_word' id='word_1_472' title='bbox 2087 4745 2141 4799; x_wconf 91' lang='lat' dir='ltr'><strong>in</strong></span> 
     </span>
    </p>
   </div>
   <div class='ocr_carea' id='block_1_67' title="bbox 578 4837 2143 4909">
    <p class='ocr_par' dir='ltr' id='par_1_67' title="bbox 578 4837 2143 4909">
     <span class='ocr_line' id='line_1_67' title="bbox 578 4837 2143 4909; baseline -0.002 -14"><span class='ocrx_word' id='word_1_473' title='bbox 578 4840 717 4895; x_wconf 83' lang='lat' dir='ltr'><strong>Filio</strong></span> <span class='ocrx_word' id='word_1_474' title='bbox 764 4841 831 4893; x_wconf 89' lang='lat' dir='ltr'><strong>ad</strong></span> <span class='ocrx_word' id='word_1_475' title='bbox 893 4839 1114 4894; x_wconf 88' lang='lat' dir='ltr'><strong>Patrem</strong></span> <span class='ocrx_word' id='word_1_476' title='bbox 1153 4848 1205 4894; x_wconf 91' lang='lat' dir='ltr'><strong>et</strong></span> <span class='ocrx_word' id='word_1_477' title='bbox 1267 4838 1528 4909; x_wconf 85' lang='lat' dir='ltr'><strong>Spiritum</strong></span> <span class='ocrx_word' id='word_1_478' title='bbox 1590 4846 1866 4903; x_wconf 87' lang='lat' dir='ltr'><strong>sanctum,</strong></span> <span class='ocrx_word' id='word_1_479' title='bbox 1916 4837 2143 4892; x_wconf 88' lang='lat' dir='ltr'><strong>omnino</strong></span> 
     </span>
    </p>
   </div>
   <div class='ocr_carea' id='block_1_68' title="bbox 579 4928 2141 4999">
    <p class='ocr_par' dir='ltr' id='par_1_68' title="bbox 579 4928 2141 4999">
     <span class='ocr_line' id='line_1_68' title="bbox 579 4928 2141 4999; baseline -0.002 -14"><span class='ocrx_word' id='word_1_480' title='bbox 579 4930 919 4999; x_wconf 87' lang='lat' dir='ltr'><strong>impossibile</strong></span> <span class='ocrx_word' id='word_1_481' title='bbox 942 4940 1025 4983; x_wconf 81' lang='lat' dir='ltr'><strong>est.</strong></span> <span class='ocrx_word' id='word_1_482' title='bbox 1055 4946 1081 4995; x_wconf 88' lang='lat'><strong>;</strong></span> <span class='ocrx_word' id='word_1_483' title='bbox 1105 4944 1301 4999; x_wconf 88' lang='lat' dir='ltr'><strong>nempe</strong></span> <span class='ocrx_word' id='word_1_484' title='bbox 1337 4930 1507 4994; x_wconf 80' lang='lat' dir='ltr'><strong>enim,</strong></span> <span class='ocrx_word' id='word_1_485' title='bbox 1537 4930 1638 4983; x_wconf 88' lang='lat' dir='ltr'><strong>etsi</strong></span> <span class='ocrx_word' id='word_1_486' title='bbox 1672 4928 1850 4983; x_wconf 85' lang='lat' dir='ltr'><strong>Patris</strong></span> <span class='ocrx_word' id='word_1_487' title='bbox 1885 4943 2141 4995; x_wconf 80' lang='lat' dir='ltr'><strong>persona,</strong></span> 
     </span>
    </p>
   </div>
   <div class='ocr_carea' id='block_1_69' title="bbox 578 5017 2142 5089">
    <p class='ocr_par' dir='ltr' id='par_1_69' title="bbox 578 5017 2142 5089">
     <span class='ocr_line' id='line_1_69' title="bbox 578 5017 2142 5089; baseline -0.002 -15"><span class='ocrx_word' id='word_1_488' title='bbox 578 5037 685 5074; x_wconf 87' lang='lat' dir='ltr'><strong>una</strong></span> <span class='ocrx_word' id='word_1_489' title='bbox 750 5037 873 5074; x_wconf 86' lang='lat' dir='ltr'><strong>cum</strong></span> <span class='ocrx_word' id='word_1_490' title='bbox 905 5021 976 5073; x_wconf 88' lang='lat' dir='ltr'><strong>sit</strong></span> <span class='ocrx_word' id='word_1_491' title='bbox 1020 5037 1083 5074; x_wconf 90' lang='lat' dir='ltr'><strong>ac</strong></span> <span class='ocrx_word' id='word_1_492' title='bbox 1122 5022 1373 5089; x_wconf 76' lang='lat' dir='ltr'><strong>simplex,</strong></span> <span class='ocrx_word' id='word_1_493' title='bbox 1409 5019 1476 5075; x_wconf 84' lang='lat' dir='ltr'><strong>ad</strong></span> <span class='ocrx_word' id='word_1_494' title='bbox 1525 5020 1719 5074; x_wconf 88' lang='lat' dir='ltr'><strong>Filium</strong></span> <span class='ocrx_word' id='word_1_495' title='bbox 1770 5035 1834 5074; x_wconf 85' lang='lat' dir='ltr'><strong>ac</strong></span> <span class='ocrx_word' id='word_1_496' title='bbox 1881 5017 2142 5088; x_wconf 86' lang='lat' dir='ltr'><strong>Spiritum</strong></span> 
     </span>
    </p>
   </div>
   <div class='ocr_carea' id='block_1_70' title="bbox 578 5110 2141 5182">
    <p class='ocr_par' dir='ltr' id='par_1_70' title="bbox 578 5110 2141 5182">
     <span class='ocr_line' id='line_1_70' title="bbox 578 5110 2141 5182; baseline -0.002 -15"><span class='ocrx_word' id='word_1_497' title='bbox 578 5113 833 5177; x_wconf 78' lang='lat' dir='ltr'><strong>refertur,</strong></span> <span class='ocrx_word' id='word_1_498' title='bbox 863 5113 1044 5165; x_wconf 75' lang='lat' dir='ltr'><strong>dicere</strong></span> <span class='ocrx_word' id='word_1_499' title='bbox 1089 5121 1405 5182; x_wconf 74' lang='lat' dir='ltr'><strong>possumus,</strong></span> <span class='ocrx_word' id='word_1_500' title='bbox 1434 5113 1694 5181; x_wconf 89' lang='lat' dir='ltr'><strong>quoniam</strong></span> <span class='ocrx_word' id='word_1_501' title='bbox 1734 5110 1893 5165; x_wconf 88' lang='lat' dir='ltr'><strong>Pater</strong></span> <span class='ocrx_word' id='word_1_502' title='bbox 1921 5110 2141 5179; x_wconf 87' lang='lat' dir='ltr'><strong>quidem</strong></span> 
     </span>
    </p>
   </div>
   <div class='ocr_carea' id='block_1_71' title="bbox 579 5201 2143 5272">
    <p class='ocr_par' dir='ltr' id='par_1_71' title="bbox 579 5201 2143 5272">
     <span class='ocr_line' id='line_1_71' title="bbox 579 5201 2143 5272; baseline -0.002 -16"><span class='ocrx_word' id='word_1_503' title='bbox 579 5205 644 5256; x_wconf 89' lang='lat' dir='ltr'><strong>ad</strong></span> <span class='ocrx_word' id='word_1_504' title='bbox 670 5203 981 5256; x_wconf 84' lang='lat' dir='ltr'><strong>dilferentes</strong></span> <span class='ocrx_word' id='word_1_505' title='bbox 1012 5217 1275 5271; x_wconf 82' lang='lat' dir='ltr'><strong>personas</strong></span> <span class='ocrx_word' id='word_1_506' title='bbox 1333 5202 1593 5272; x_wconf 86' lang='lat' dir='ltr'><strong>Spiritum</strong></span> <span class='ocrx_word' id='word_1_507' title='bbox 1630 5220 1693 5257; x_wconf 80' lang='lat' dir='ltr'><strong>ac</strong></span> <span class='ocrx_word' id='word_1_508' title='bbox 1723 5201 1917 5255; x_wconf 81' lang='lat' dir='ltr'><strong>Filium</strong></span> <span class='ocrx_word' id='word_1_509' title='bbox 1974 5202 2143 5257; x_wconf 84' lang='lat' dir='ltr'><strong>refer-</strong></span> 
     </span>
    </p>
   </div>
   <div class='ocr_carea' id='block_1_72' title="bbox 581 5296 2149 5365">
    <p class='ocr_par' dir='ltr' id='par_1_72' title="bbox 581 5296 2149 5365">
     <span class='ocr_line' id='line_1_72' title="bbox 581 5296 2149 5365; baseline 0.002 -17"><span class='ocrx_word' id='word_1_510' title='bbox 581 5304 690 5359; x_wconf 90' lang='lat' dir='ltr'><strong>tur,</strong></span> <span class='ocrx_word' id='word_1_511' title='bbox 711 5296 1007 5349; x_wconf 84' lang='lat' dir='ltr'><strong>seeundum</strong></span> <span class='ocrx_word' id='word_1_512' title='bbox 1041 5300 1188 5365; x_wconf 89' lang='lat' dir='ltr'><strong>quod</strong></span> <span class='ocrx_word' id='word_1_513' title='bbox 1220 5308 1347 5349; x_wconf 89' lang='lat' dir='ltr'><strong>sunt</strong></span> <span class='ocrx_word' id='word_1_514' title='bbox 1376 5311 1621 5364; x_wconf 76' lang='lat' dir='ltr'><strong>persona:</strong></span> <span class='ocrx_word' id='word_1_515' title='bbox 1652 5296 1989 5361; x_wconf 70' lang='lat' dir='ltr'><strong>dim-rentes,</strong></span> <span class='ocrx_word' id='word_1_516' title='bbox 2026 5296 2149 5351; x_wconf 85' lang='lat' dir='ltr'><strong>ideo</strong></span> 
     </span>
    </p>
   </div>
   <div class='ocr_carea' id='block_1_73' title="bbox 581 5383 2145 5456">
    <p class='ocr_par' dir='ltr' id='par_1_73' title="bbox 581 5383 2145 5456">
     <span class='ocr_line' id='line_1_73' title="bbox 581 5383 2145 5456; baseline 0.003 -17"><span class='ocrx_word' id='word_1_517' title='bbox 581 5396 636 5439; x_wconf 90' lang='lat' dir='ltr'><strong>et</strong></span> <span class='ocrx_word' id='word_1_518' title='bbox 662 5383 894 5439; x_wconf 88' lang='lat' dir='ltr'><strong>refertur</strong></span> <span class='ocrx_word' id='word_1_519' title='bbox 917 5386 1234 5441; x_wconf 76' lang='lat' dir='ltr'><strong>dilferenter</strong></span> <span class='ocrx_word' id='word_1_520' title='bbox 1255 5387 1367 5456; x_wconf 70' lang='grc' dir='ltr'><strong>(ἳο)</strong></span> <span class='ocrx_word' id='word_1_521' title='bbox 1393 5403 1409 5452; x_wconf 84' lang='grc'><strong>;</strong></span> <span class='ocrx_word' id='word_1_522' title='bbox 1432 5387 1668 5456; x_wconf 86' lang='lat' dir='ltr'><strong>Spiritus</strong></span> <span class='ocrx_word' id='word_1_523' title='bbox 1689 5396 1866 5441; x_wconf 89' lang='lat' dir='ltr'><strong>autem</strong></span> <span class='ocrx_word' id='word_1_524' title='bbox 1902 5401 2145 5452; x_wconf 83' lang='lat' dir='ltr'><strong>sanctus,</strong></span> 
     </span>
    </p>
   </div>
   <div class='ocr_carea' id='block_1_74' title="bbox 580 5476 2141 5545">
    <p class='ocr_par' dir='ltr' id='par_1_74' title="bbox 580 5476 2141 5545">
     <span class='ocr_line' id='line_1_74' title="bbox 580 5476 2141 5545; baseline 0.003 -16"><span class='ocrx_word' id='word_1_525' title='bbox 580 5477 683 5529; x_wconf 89' lang='lat' dir='ltr'><strong>etsi</strong></span> <span class='ocrx_word' id='word_1_526' title='bbox 733 5476 800 5530; x_wconf 83' lang='lat' dir='ltr'><strong>ad</strong></span> <span class='ocrx_word' id='word_1_527' title='bbox 859 5493 1122 5545; x_wconf 84' lang='lat' dir='ltr'><strong>personas</strong></span> <span class='ocrx_word' id='word_1_528' title='bbox 1189 5478 1506 5534; x_wconf 84' lang='lat' dir='ltr'><strong>diil&#39;ereutes</strong></span> <span class='ocrx_word' id='word_1_529' title='bbox 1557 5478 1815 5542; x_wconf 88' lang='lat' dir='ltr'><strong>refertur.</strong></span> <span class='ocrx_word' id='word_1_530' title='bbox 1873 5482 1967 5534; x_wconf 85' lang='lat' dir='ltr'><strong>sed</strong></span> <span class='ocrx_word' id='word_1_531' title='bbox 2036 5498 2141 5534; x_wconf 86' lang='lat' dir='ltr'><strong>non</strong></span> 
     </span>
    </p>
   </div>
   <div class='ocr_carea' id='block_1_75' title="bbox 2204 1843 3777 1916">
    <p class='ocr_par' dir='ltr' id='par_1_75' title="bbox 2204 1843 3777 1916">
     <span class='ocr_line' id='line_1_75' title="bbox 2204 1843 3777 1916; baseline -0.008 -8"><span class='ocrx_word' id='word_1_532' title='bbox 2204 1861 2313 1908; x_wconf 88' lang='lat' dir='ltr'><strong>tate</strong></span> <span class='ocrx_word' id='word_1_533' title='bbox 2344 1851 2668 1915; x_wconf 88' lang='lat' dir='ltr'><strong>redduntur,</strong></span> <span class='ocrx_word' id='word_1_534' title='bbox 2686 1848 2918 1916; x_wconf 89' lang='lat' dir='ltr'><strong>ideoque</strong></span> <span class='ocrx_word' id='word_1_535' title='bbox 2949 1862 3055 1901; x_wconf 89' lang='lat' dir='ltr'><strong>una</strong></span> <span class='ocrx_word' id='word_1_536' title='bbox 3081 1846 3336 1911; x_wconf 85' lang='lat' dir='ltr'><strong>essentia,</strong></span> <span class='ocrx_word' id='word_1_537' title='bbox 3362 1853 3415 1897; x_wconf 93' lang='lat' dir='ltr'><strong>et</strong></span> <span class='ocrx_word' id='word_1_538' title='bbox 3448 1857 3550 1896; x_wconf 90' lang='lat' dir='ltr'><strong>una</strong></span> <span class='ocrx_word' id='word_1_539' title='bbox 3576 1843 3777 1905; x_wconf 90' lang='lat' dir='ltr'><strong>virtus,</strong></span> 
     </span>
    </p>
   </div>
   <div class='ocr_carea' id='block_1_76' title="bbox 2204 1938 3783 2007">
    <p class='ocr_par' dir='ltr' id='par_1_76' title="bbox 2204 1938 3783 2007">
     <span class='ocr_line' id='line_1_76' title="bbox 2204 1938 3783 2007; baseline -0.008 -6"><span class='ocrx_word' id='word_1_540' title='bbox 2204 1954 2258 2001; x_wconf 87' lang='lat' dir='ltr'><strong>ct</strong></span> <span class='ocrx_word' id='word_1_541' title='bbox 2290 1961 2435 2001; x_wconf 89' lang='lat' dir='ltr'><strong>unus</strong></span> <span class='ocrx_word' id='word_1_542' title='bbox 2466 1943 2607 1998; x_wconf 90' lang='lat' dir='ltr'><strong>Deus</strong></span> <span class='ocrx_word' id='word_1_543' title='bbox 2644 1950 2732 1998; x_wconf 89' lang='lat' dir='ltr'><strong>est</strong></span> <span class='ocrx_word' id='word_1_544' title='bbox 2763 1956 2779 1995; x_wconf 90' lang='lat'><strong>:</strong></span> <span class='ocrx_word' id='word_1_545' title='bbox 2818 1944 2890 1994; x_wconf 88' lang='lat' dir='ltr'><strong>ita</strong></span> <span class='ocrx_word' id='word_1_546' title='bbox 2942 1950 2997 1995; x_wconf 91' lang='lat' dir='ltr'><strong>et</strong></span> <span class='ocrx_word' id='word_1_547' title='bbox 3032 1941 3085 1993; x_wconf 90' lang='lat' dir='ltr'><strong>in</strong></span> <span class='ocrx_word' id='word_1_548' title='bbox 3123 1938 3327 2007; x_wconf 88' lang='lat' dir='ltr'><strong>Spiritu</strong></span> <span class='ocrx_word' id='word_1_549' title='bbox 3355 1944 3566 1998; x_wconf 82' lang='lat' dir='ltr'><strong>sancto,</strong></span> <span class='ocrx_word' id='word_1_550' title='bbox 3596 1949 3783 2005; x_wconf 69' lang='lat' dir='ltr'><strong>aequa-</strong></span> 
     </span>
    </p>
   </div>
   <div class='ocr_carea' id='block_1_77' title="bbox 2206 2028 3779 2097">
    <p class='ocr_par' dir='ltr' id='par_1_77' title="bbox 2206 2028 3779 2097">
     <span class='ocr_line' id='line_1_77' title="bbox 2206 2028 3779 2097; baseline -0.008 -5"><span class='ocrx_word' id='word_1_551' title='bbox 2206 2038 2372 2093; x_wconf 86' lang='lat' dir='ltr'><strong>iitatis</strong></span> <span class='ocrx_word' id='word_1_552' title='bbox 2417 2034 2559 2090; x_wconf 89' lang='lat' dir='ltr'><strong>ratio</strong></span> <span class='ocrx_word' id='word_1_553' title='bbox 2606 2031 2921 2089; x_wconf 89' lang='lat' dir='ltr'><strong>necessario</strong></span> <span class='ocrx_word' id='word_1_554' title='bbox 2962 2031 3204 2085; x_wconf 89' lang='lat' dir='ltr'><strong>habenda</strong></span> <span class='ocrx_word' id='word_1_555' title='bbox 3231 2039 3331 2085; x_wconf 86' lang='lat' dir='ltr'><strong>est.</strong></span> <span class='ocrx_word' id='word_1_556' title='bbox 3375 2028 3522 2082; x_wconf 81' lang='lat' dir='ltr'><strong>Alias</strong></span> <span class='ocrx_word' id='word_1_557' title='bbox 3554 2028 3779 2097; x_wconf 86' lang='lat' dir='ltr'><strong>quippe,</strong></span> 
     </span>
    </p>
   </div>
   <div class='ocr_carea' id='block_1_78' title="bbox 2207 2118 3785 2187">
    <p class='ocr_par' dir='ltr' id='par_1_78' title="bbox 2207 2118 3785 2187">
     <span class='ocr_line' id='line_1_78' title="bbox 2207 2118 3785 2187; baseline -0.008 -2"><span class='ocrx_word' id='word_1_558' title='bbox 2207 2131 2347 2185; x_wconf 90' lang='lat' dir='ltr'><strong>sicut</strong></span> <span class='ocrx_word' id='word_1_559' title='bbox 2370 2128 2423 2182; x_wconf 92' lang='lat' dir='ltr'><strong>in</strong></span> <span class='ocrx_word' id='word_1_560' title='bbox 2460 2125 2589 2187; x_wconf 86' lang='lat' dir='ltr'><strong>illis.</strong></span> <span class='ocrx_word' id='word_1_561' title='bbox 2630 2140 2752 2179; x_wconf 91' lang='lat' dir='ltr'><strong>cum</strong></span> <span class='ocrx_word' id='word_1_562' title='bbox 2792 2138 2901 2178; x_wconf 89' lang='lat' dir='ltr'><strong>non</strong></span> <span class='ocrx_word' id='word_1_563' title='bbox 2928 2120 3179 2177; x_wconf 85' lang='lat' dir='ltr'><strong>similiter</strong></span> <span class='ocrx_word' id='word_1_564' title='bbox 3217 2119 3364 2174; x_wconf 88' lang='lat' dir='ltr'><strong>Patri</strong></span> <span class='ocrx_word' id='word_1_565' title='bbox 3406 2118 3705 2173; x_wconf 90' lang='lat' dir='ltr'><strong>redduntur</strong></span> <span class='ocrx_word' id='word_1_566' title='bbox 3721 2128 3785 2173; x_wconf 91' lang='lat' dir='ltr'><strong>et</strong></span> 
     </span>
    </p>
   </div>
   <div class='ocr_carea' id='block_1_79' title="bbox 2210 2207 3787 2280">
    <p class='ocr_par' dir='ltr' id='par_1_79' title="bbox 2210 2207 3787 2280">
     <span class='ocr_line' id='line_1_79' title="bbox 2210 2207 3787 2280; baseline -0.007 -6"><span class='ocrx_word' id='word_1_567' title='bbox 2210 2219 2391 2274; x_wconf 87' lang='lat' dir='ltr'><strong>Filio:</strong></span> <span class='ocrx_word' id='word_1_568' title='bbox 2448 2215 2772 2278; x_wconf 71' lang='lat' dir='ltr'><strong>diminutio.</strong></span> <span class='ocrx_word' id='word_1_569' title='bbox 2832 2213 3175 2280; x_wconf 86' lang='lat' dir='ltr'><strong>varietasque</strong></span> <span class='ocrx_word' id='word_1_570' title='bbox 3231 2209 3484 2264; x_wconf 57' lang='lat' dir='ltr'><strong>essentia</strong></span> <span class='ocrx_word' id='word_1_571' title='bbox 3534 2207 3655 2263; x_wconf 82' lang='lat' dir='ltr'><strong>Filii</strong></span> <span class='ocrx_word' id='word_1_572' title='bbox 3710 2209 3787 2263; x_wconf 86' lang='lat' dir='ltr'><strong>ad</strong></span> 
     </span>
    </p>
   </div>
   <div class='ocr_carea' id='block_1_80' title="bbox 2212 2301 3789 2383">
    <p class='ocr_par' dir='ltr' id='par_1_80' title="bbox 2212 2301 3789 2383">
     <span class='ocr_line' id='line_1_80' title="bbox 2212 2301 3789 2383; baseline -0.006 -20"><span class='ocrx_word' id='word_1_573' title='bbox 2212 2309 2447 2371; x_wconf 90' lang='lat' dir='ltr'><strong>Patrem,</strong></span> <span class='ocrx_word' id='word_1_574' title='bbox 2477 2305 2743 2376; x_wconf 89' lang='lat' dir='ltr'><strong>sequitur,</strong></span> <span class='ocrx_word' id='word_1_575' title='bbox 2775 2314 2832 2357; x_wconf 93' lang='lat' dir='ltr'><strong>ut</strong></span> <span class='ocrx_word' id='word_1_576' title='bbox 2866 2304 3072 2359; x_wconf 88' lang='lat' dir='ltr'><strong>dictum</strong></span> <span class='ocrx_word' id='word_1_577' title='bbox 3112 2314 3227 2366; x_wconf 90' lang='lat' dir='ltr'><strong>est,</strong></span> <span class='ocrx_word' id='word_1_578' title='bbox 3262 2302 3561 2383; x_wconf 75' lang='lat' dir='ltr'><strong>secundum</strong></span> <span class='ocrx_word' id='word_1_579' title='bbox 3605 2301 3789 2354; x_wconf 81' lang='lat' dir='ltr'><strong>Aria-</strong></span> 
     </span>
    </p>
   </div>
   <div class='ocr_carea' id='block_1_81' title="bbox 2212 2390 3791 2469">
    <p class='ocr_par' dir='ltr' id='par_1_81' title="bbox 2212 2390 3791 2469">
     <span class='ocr_line' id='line_1_81' title="bbox 2212 2390 3791 2469; baseline -0.008 -13"><span class='ocrx_word' id='word_1_580' title='bbox 2212 2415 2408 2456; x_wconf 87' lang='lat' dir='ltr'><strong>norum</strong></span> <span class='ocrx_word' id='word_1_581' title='bbox 2436 2397 2857 2469; x_wconf 86' lang='lat' dir='ltr'><strong>propositionem</strong></span> <span class='ocrx_word' id='word_1_582' title='bbox 2890 2416 2903 2451; x_wconf 89' lang='lat'><strong>:</strong></span> <span class='ocrx_word' id='word_1_583' title='bbox 2931 2393 3177 2465; x_wconf 82' lang='lat' dir='ltr'><strong>proiecto</strong></span> <span class='ocrx_word' id='word_1_584' title='bbox 3200 2402 3255 2448; x_wconf 85' lang='lat' dir='ltr'><strong>et</strong></span> <span class='ocrx_word' id='word_1_585' title='bbox 3279 2392 3333 2446; x_wconf 93' lang='lat' dir='ltr'><strong>in</strong></span> <span class='ocrx_word' id='word_1_586' title='bbox 3350 2400 3545 2447; x_wconf 86' lang='lat' dir='ltr'><strong>sancto</strong></span> <span class='ocrx_word' id='word_1_587' title='bbox 3575 2390 3791 2460; x_wconf 88' lang='lat' dir='ltr'><strong>Spiritu</strong></span> 
     </span>
    </p>
   </div>
   <div class='ocr_carea' id='block_1_82' title="bbox 2214 2482 3795 2550">
    <p class='ocr_par' dir='ltr' id='par_1_82' title="bbox 2214 2482 3795 2550">
     <span class='ocr_line' id='line_1_82' title="bbox 2214 2482 3795 2550; baseline -0.007 -5"><span class='ocrx_word' id='word_1_588' title='bbox 2214 2506 2337 2546; x_wconf 91' lang='lat' dir='ltr'><strong>cum</strong></span> <span class='ocrx_word' id='word_1_589' title='bbox 2364 2489 2630 2544; x_wconf 87' lang='lat' dir='ltr'><strong>ambobus</strong></span> <span class='ocrx_word' id='word_1_590' title='bbox 2662 2487 2934 2550; x_wconf 88' lang='lat' dir='ltr'><strong>similiter,</strong></span> <span class='ocrx_word' id='word_1_591' title='bbox 2971 2502 3034 2540; x_wconf 93' lang='lat' dir='ltr'><strong>ac</strong></span> <span class='ocrx_word' id='word_1_592' title='bbox 3068 2485 3187 2540; x_wconf 91' lang='lat' dir='ltr'><strong>sine</strong></span> <span class='ocrx_word' id='word_1_593' title='bbox 3229 2483 3335 2538; x_wconf 88' lang='lat' dir='ltr'><strong>ulla</strong></span> <span class='ocrx_word' id='word_1_594' title='bbox 3369 2482 3629 2536; x_wconf 86' lang='lat' dir='ltr'><strong>varietate</strong></span> <span class='ocrx_word' id='word_1_595' title='bbox 3663 2482 3795 2536; x_wconf 91' lang='lat' dir='ltr'><strong>red-</strong></span> 
     </span>
    </p>
   </div>
   <div class='ocr_carea' id='block_1_83' title="bbox 2214 2566 3793 2646">
    <p class='ocr_par' dir='ltr' id='par_1_83' title="bbox 2214 2566 3793 2646">
     <span class='ocr_line' id='line_1_83' title="bbox 2214 2566 3793 2646; baseline -0.011 -8"><span class='ocrx_word' id='word_1_596' title='bbox 2214 2583 2399 2646; x_wconf 87' lang='lat' dir='ltr'><strong>datur,</strong></span> <span class='ocrx_word' id='word_1_597' title='bbox 2444 2582 2492 2637; x_wconf 90' lang='lat' dir='ltr'><strong>si</strong></span> <span class='ocrx_word' id='word_1_598' title='bbox 2530 2566 2563 2634; x_wconf 84' lang='lat' dir='ltr'><strong>a</strong></span> <span class='ocrx_word' id='word_1_599' title='bbox 2611 2579 2767 2634; x_wconf 88' lang='lat' dir='ltr'><strong>nobis</strong></span> <span class='ocrx_word' id='word_1_600' title='bbox 2802 2577 3147 2633; x_wconf 90' lang='lat' dir='ltr'><strong>dissimiliter</strong></span> <span class='ocrx_word' id='word_1_601' title='bbox 3231 2590 3295 2629; x_wconf 88' lang='lat' dir='ltr'><strong>ac</strong></span> <span class='ocrx_word' id='word_1_602' title='bbox 3336 2573 3481 2627; x_wconf 80' lang='lat' dir='ltr'><strong>varie</strong></span> <span class='ocrx_word' id='word_1_603' title='bbox 3519 2572 3793 2636; x_wconf 84' lang='lat' dir='ltr'><strong>redditur,</strong></span> 
     </span>
    </p>
   </div>
   <div class='ocr_carea' id='block_1_84' title="bbox 2217 2664 3793 2739">
    <p class='ocr_par' dir='ltr' id='par_1_84' title="bbox 2217 2664 3793 2739">
     <span class='ocr_line' id='line_1_84' title="bbox 2217 2664 3793 2739; baseline -0.009 -11"><span class='ocrx_word' id='word_1_604' title='bbox 2217 2675 2362 2728; x_wconf 85' lang='lat' dir='ltr'><strong>idem</strong></span> <span class='ocrx_word' id='word_1_605' title='bbox 2404 2671 2713 2728; x_wconf 90' lang='lat' dir='ltr'><strong>necessario</strong></span> <span class='ocrx_word' id='word_1_606' title='bbox 2758 2670 3027 2739; x_wconf 88' lang='lat' dir='ltr'><strong>sequitur,</strong></span> <span class='ocrx_word' id='word_1_607' title='bbox 3060 2666 3340 2735; x_wconf 89' lang='lat' dir='ltr'><strong>multoque</strong></span> <span class='ocrx_word' id='word_1_608' title='bbox 3385 2666 3473 2719; x_wconf 84' lang='lat' dir='ltr'><strong>liic</strong></span> <span class='ocrx_word' id='word_1_609' title='bbox 3528 2664 3793 2733; x_wconf 85' lang='lat' dir='ltr'><strong>amplius,</strong></span> 
     </span>
    </p>
   </div>
   <div class='ocr_carea' id='block_1_85' title="bbox 2218 2756 3799 2838">
    <p class='ocr_par' dir='ltr' id='par_1_85' title="bbox 2218 2756 3799 2838">
     <span class='ocr_line' id='line_1_85' title="bbox 2218 2756 3799 2838; baseline -0.006 -15"><span class='ocrx_word' id='word_1_610' title='bbox 2218 2767 2480 2838; x_wconf 90' lang='lat' dir='ltr'><strong>quoniam</strong></span> <span class='ocrx_word' id='word_1_611' title='bbox 2539 2775 2595 2819; x_wconf 89' lang='lat' dir='ltr'><strong>et</strong></span> <span class='ocrx_word' id='word_1_612' title='bbox 2645 2764 2714 2820; x_wconf 91' lang='lat' dir='ltr'><strong>de</strong></span> <span class='ocrx_word' id='word_1_613' title='bbox 2763 2760 3328 2819; x_wconf 82' lang='lat' dir='ltr'><strong>consubstantiaiitate</strong></span> <span class='ocrx_word' id='word_1_614' title='bbox 3364 2757 3599 2830; x_wconf 86' lang='lat' dir='ltr'><strong>Spiritus</strong></span> <span class='ocrx_word' id='word_1_615' title='bbox 3655 2756 3799 2827; x_wconf 86' lang='lat' dir='ltr'><strong>ipsis</strong></span> 
     </span>
    </p>
   </div>
   <div class='ocr_carea' id='block_1_86' title="bbox 2219 2858 3583 2915">
    <p class='ocr_par' dir='ltr' id='par_1_86' title="bbox 2219 2858 3583 2915">
     <span class='ocr_line' id='line_1_86' title="bbox 2219 2858 3583 2915; baseline -0.006 -1"><span class='ocrx_word' id='word_1_616' title='bbox 2219 2873 2400 2915; x_wconf 85' lang='lat' dir='ltr'><strong>sermo</strong></span> <span class='ocrx_word' id='word_1_617' title='bbox 2421 2867 2525 2914; x_wconf 89' lang='lat' dir='ltr'><strong>est.</strong></span> <span class='ocrx_word' id='word_1_618' title='bbox 3580 2858 3583 2863; x_wconf 57' lang='grc'><em>’</em></span> 
     </span>
    </p>
   </div>
   <div class='ocr_carea' id='block_1_87' title="bbox 2297 2962 3804 3039">
    <p class='ocr_par' dir='ltr' id='par_1_87' title="bbox 2297 2962 3804 3039">
     <span class='ocr_line' id='line_1_87' title="bbox 2297 2962 3804 3039; baseline -0.008 -11"><span class='ocrx_word' id='word_1_619' title='bbox 2297 2972 2353 3028; x_wconf 88' lang='lat' dir='ltr'><strong>id</strong></span> <span class='ocrx_word' id='word_1_620' title='bbox 2393 2980 2443 3025; x_wconf 89' lang='lat' dir='ltr'><strong>et</strong></span> <span class='ocrx_word' id='word_1_621' title='bbox 2494 2968 2737 3039; x_wconf 84' lang='lat' dir='ltr'><strong>magistri</strong></span> <span class='ocrx_word' id='word_1_622' title='bbox 2787 2966 3043 3023; x_wconf 68' lang='lat' dir='ltr'><strong>Ecclesia:</strong></span> <span class='ocrx_word' id='word_1_623' title='bbox 3084 2974 3396 3021; x_wconf 89' lang='lat' dir='ltr'><strong>senserunt.</strong></span> <span class='ocrx_word' id='word_1_624' title='bbox 3440 2965 3532 3017; x_wconf 79' lang='lat' dir='ltr'><strong>Ait</strong></span> <span class='ocrx_word' id='word_1_625' title='bbox 3589 2962 3804 3034; x_wconf 86' lang='lat' dir='ltr'><strong>quippe</strong></span> 
     </span>
    </p>
   </div>
   <div class='ocr_carea' id='block_1_88' title="bbox 2224 3054 3801 3135">
    <p class='ocr_par' dir='ltr' id='par_1_88' title="bbox 2224 3054 3801 3135">
     <span class='ocr_line' id='line_1_88' title="bbox 2224 3054 3801 3135; baseline -0.009 -15"><span class='ocrx_word' id='word_1_626' title='bbox 2224 3064 2462 3135; x_wconf 86' lang='lat' dir='ltr'><strong>Cyriiius</strong></span> <span class='ocrx_word' id='word_1_627' title='bbox 2510 3062 2887 3126; x_wconf 86' lang='lat' dir='ltr'><strong>beatissimus,</strong></span> <span class='ocrx_word' id='word_1_628' title='bbox 2943 3074 3068 3113; x_wconf 89' lang='lat' dir='ltr'><strong>cum</strong></span> <span class='ocrx_word' id='word_1_629' title='bbox 3126 3059 3256 3111; x_wconf 89' lang='lat' dir='ltr'><strong>illud</strong></span> <span class='ocrx_word' id='word_1_630' title='bbox 3301 3064 3641 3126; x_wconf 81' lang='lat' dir='ltr'><strong>exponeret:</strong></span> <span class='ocrx_word' id='word_1_631' title='bbox 3677 3054 3801 3121; x_wconf 85' lang='lat' dir='ltr'><strong>Ego</strong></span> 
     </span>
    </p>
   </div>
   <div class='ocr_carea' id='block_1_89' title="bbox 2227 3146 3801 3226">
    <p class='ocr_par' dir='ltr' id='par_1_89' title="bbox 2227 3146 3801 3226">
     <span class='ocr_line' id='line_1_89' title="bbox 2227 3146 3801 3226; baseline -0.008 -16"><span class='ocrx_word' id='word_1_632' title='bbox 2227 3155 2419 3226; x_wconf 83' lang='lat' dir='ltr'><strong>rogabo</strong></span> <span class='ocrx_word' id='word_1_633' title='bbox 2449 3153 2685 3219; x_wconf 83' lang='lat' dir='ltr'><strong>Patrem,</strong></span> <span class='ocrx_word' id='word_1_634' title='bbox 2716 3162 2762 3205; x_wconf 85' lang='lat' dir='ltr'><strong>et</strong></span> <span class='ocrx_word' id='word_1_635' title='bbox 2799 3152 2963 3205; x_wconf 84' lang='lat' dir='ltr'><strong>alium</strong></span> <span class='ocrx_word' id='word_1_636' title='bbox 3019 3147 3356 3203; x_wconf 84' lang='lat' dir='ltr'><strong>Paracletum</strong></span> <span class='ocrx_word' id='word_1_637' title='bbox 3413 3146 3557 3201; x_wconf 82' lang='lat' dir='ltr'><strong>dabit</strong></span> <span class='ocrx_word' id='word_1_638' title='bbox 3607 3146 3749 3200; x_wconf 78' lang='lat' dir='ltr'><strong>vobis</strong></span> <span class='ocrx_word' id='word_1_639' title='bbox 3776 3161 3801 3198; x_wconf 90' lang='lat'><strong><em>:</em></strong></span> 
     </span>
    </p>
   </div>
   <div class='ocr_carea' id='block_1_90' title="bbox 2235 3239 3807 3309">
    <p class='ocr_par' dir='ltr' id='par_1_90' title="bbox 2235 3239 3807 3309">
     <span class='ocr_line' id='line_1_90' title="bbox 2235 3239 3807 3309; baseline -0.007 -8"><span class='ocrx_word' id='word_1_640' title='bbox 2235 3268 2254 3301; x_wconf 68' lang='grc' dir='ltr'>ι</span> <span class='ocrx_word' id='word_1_641' title='bbox 2294 3247 2384 3301; x_wconf 85' lang='lat' dir='ltr'><strong>Dei</strong></span> <span class='ocrx_word' id='word_1_642' title='bbox 2430 3246 2575 3300; x_wconf 87' lang='lat' dir='ltr'><strong>enim</strong></span> <span class='ocrx_word' id='word_1_643' title='bbox 2619 3253 2674 3298; x_wconf 89' lang='lat' dir='ltr'><strong>et</strong></span> <span class='ocrx_word' id='word_1_644' title='bbox 2714 3240 2891 3297; x_wconf 86' lang='lat' dir='ltr'><strong>Patris</strong></span> <span class='ocrx_word' id='word_1_645' title='bbox 2936 3242 3263 3297; x_wconf 86' lang='lat' dir='ltr'><strong>naturalium</strong></span> <span class='ocrx_word' id='word_1_646' title='bbox 3302 3239 3572 3294; x_wconf 89' lang='lat' dir='ltr'><strong>bonorum</strong></span> <span class='ocrx_word' id='word_1_647' title='bbox 3607 3251 3807 3309; x_wconf 87' lang='lat' dir='ltr'><strong>essen-</strong></span> 
     </span>
    </p>
   </div>
   <div class='ocr_carea' id='block_1_91' title="bbox 2234 3327 3897 3401">
    <p class='ocr_par' dir='ltr' id='par_1_91' title="bbox 2234 3327 3897 3401">
     <span class='ocr_line' id='line_1_91' title="bbox 2234 3327 3897 3401; baseline -0.007 -11"><span class='ocrx_word' id='word_1_648' title='bbox 2234 3335 2434 3391; x_wconf 89' lang='lat' dir='ltr'><strong>tialiter</strong></span> <span class='ocrx_word' id='word_1_649' title='bbox 2477 3334 2657 3389; x_wconf 84' lang='lat' dir='ltr'><strong>socius</strong></span> <span class='ocrx_word' id='word_1_650' title='bbox 2704 3346 3063 3401; x_wconf 87' lang='lat' dir='ltr'><strong>consorsqne,</strong></span> <span class='ocrx_word' id='word_1_651' title='bbox 3122 3346 3248 3385; x_wconf 88' lang='lat' dir='ltr'><strong>cum</strong></span> <span class='ocrx_word' id='word_1_652' title='bbox 3283 3329 3365 3384; x_wconf 89' lang='lat' dir='ltr'><strong>sic</strong></span> <span class='ocrx_word' id='word_1_653' title='bbox 3400 3329 3590 3383; x_wconf 89' lang='lat' dir='ltr'><strong>eodem</strong></span> <span class='ocrx_word' id='word_1_654' title='bbox 3633 3327 3805 3382; x_wconf 90' lang='lat' dir='ltr'><strong>modo</strong></span> <span class='ocrx_word' id='word_1_655' title='bbox 3890 3330 3897 3337; x_wconf 81' lang='lat'><strong><em>‘</em></strong></span> 
     </span>
    </p>
   </div>
   <div class='ocr_carea' id='block_1_92' title="bbox 2236 3419 3804 3495">
    <p class='ocr_par' dir='ltr' id='par_1_92' title="bbox 2236 3419 3804 3495">
     <span class='ocr_line' id='line_1_92' title="bbox 2236 3419 3804 3495; baseline -0.007 -14"><span class='ocrx_word' id='word_1_656' title='bbox 2236 3427 2396 3481; x_wconf 86' lang='lat' dir='ltr'><strong>liabet</strong></span> <span class='ocrx_word' id='word_1_657' title='bbox 2424 3425 2708 3494; x_wconf 87' lang='lat' dir='ltr'><strong>Spiritum,</strong></span> <span class='ocrx_word' id='word_1_658' title='bbox 2740 3438 2850 3495; x_wconf 91' lang='lat' dir='ltr'><strong>quo</strong></span> <span class='ocrx_word' id='word_1_659' title='bbox 2879 3422 3080 3477; x_wconf 82' lang='lat' dir='ltr'><strong>habere</strong></span> <span class='ocrx_word' id='word_1_660' title='bbox 3107 3436 3232 3475; x_wconf 89' lang='lat' dir='ltr'><strong>eum</strong></span> <span class='ocrx_word' id='word_1_661' title='bbox 3261 3420 3423 3475; x_wconf 86' lang='lat' dir='ltr'><strong>Pater</strong></span> <span class='ocrx_word' id='word_1_662' title='bbox 3453 3419 3804 3488; x_wconf 81' lang='lat' dir='ltr'><strong>intelligitur,</strong></span> 
     </span>
    </p>
   </div>
   <div class='ocr_carea' id='block_1_93' title="bbox 2235 3510 3806 3586">
    <p class='ocr_par' dir='ltr' id='par_1_93' title="bbox 2235 3510 3806 3586">
     <span class='ocr_line' id='line_1_93' title="bbox 2235 3510 3806 3586; baseline -0.006 -12"><span class='ocrx_word' id='word_1_663' title='bbox 2235 3535 2346 3574; x_wconf 90' lang='lat' dir='ltr'><strong>non</strong></span> <span class='ocrx_word' id='word_1_664' title='bbox 2393 3518 2718 3584; x_wconf 89' lang='lat' dir='ltr'><strong>inductum,</strong></span> <span class='ocrx_word' id='word_1_665' title='bbox 2776 3531 2955 3586; x_wconf 89' lang='lat' dir='ltr'><strong>neque</strong></span> <span class='ocrx_word' id='word_1_666' title='bbox 2997 3517 3340 3571; x_wconf 77' lang='lat' dir='ltr'><strong>extrinsecus</strong></span> <span class='ocrx_word' id='word_1_667' title='bbox 3396 3512 3693 3583; x_wconf 81' lang='lat' dir='ltr'><strong>injectum,</strong></span> <span class='ocrx_word' id='word_1_668' title='bbox 3743 3510 3806 3565; x_wconf 89' lang='lat' dir='ltr'><strong>id</strong></span> 
     </span>
    </p>
   </div>
   <div class='ocr_carea' id='block_1_94' title="bbox 2236 3603 3809 3685">
    <p class='ocr_par' dir='ltr' id='par_1_94' title="bbox 2236 3603 3809 3685">
     <span class='ocr_line' id='line_1_94' title="bbox 2236 3603 3809 3685; baseline -0.007 -18"><span class='ocrx_word' id='word_1_669' title='bbox 2236 3614 2438 3685; x_wconf 90' lang='lat' dir='ltr'><strong>quippe</strong></span> <span class='ocrx_word' id='word_1_670' title='bbox 2483 3612 2710 3674; x_wconf 86' lang='lat' dir='ltr'><strong>sentire,</strong></span> <span class='ocrx_word' id='word_1_671' title='bbox 2755 3624 2983 3666; x_wconf 85' lang='lat' dir='ltr'><strong>summae</strong></span> <span class='ocrx_word' id='word_1_672' title='bbox 3031 3610 3265 3664; x_wconf 76' lang='lat' dir='ltr'><strong>vesania:</strong></span> <span class='ocrx_word' id='word_1_673' title='bbox 3316 3615 3437 3673; x_wconf 88' lang='lat' dir='ltr'><strong>est;</strong></span> <span class='ocrx_word' id='word_1_674' title='bbox 3479 3606 3595 3671; x_wconf 90' lang='lat' dir='ltr'><strong>sed,</strong></span> <span class='ocrx_word' id='word_1_675' title='bbox 3639 3603 3809 3659; x_wconf 86' lang='lat' dir='ltr'><strong>sicuti</strong></span> 
     </span>
    </p>
   </div>
   <div class='ocr_carea' id='block_1_95' title="bbox 2210 3694 3813 3774">
    <p class='ocr_par' dir='ltr' id='par_1_95' title="bbox 2210 3694 3813 3774">
     <span class='ocr_line' id='line_1_95' title="bbox 2210 3694 3813 3774; baseline -0.007 -15"><span class='ocrx_word' id='word_1_676' title='bbox 2210 3703 2615 3774; x_wconf 82' lang='lat' dir='ltr'><strong>‘unusquisque</strong></span> <span class='ocrx_word' id='word_1_677' title='bbox 2643 3713 2890 3757; x_wconf 88' lang='lat' dir='ltr'><strong>nostrum</strong></span> <span class='ocrx_word' id='word_1_678' title='bbox 2934 3701 3213 3770; x_wconf 89' lang='lat' dir='ltr'><strong>proprium</strong></span> <span class='ocrx_word' id='word_1_679' title='bbox 3265 3699 3368 3753; x_wconf 86' lang='lat' dir='ltr'><strong>sibi</strong></span> <span class='ocrx_word' id='word_1_680' title='bbox 3404 3697 3654 3751; x_wconf 87' lang='lat' dir='ltr'><strong>continet</strong></span> <span class='ocrx_word' id='word_1_681' title='bbox 3690 3694 3813 3763; x_wconf 83' lang='lat' dir='ltr'><strong>spi-</strong></span> 
     </span>
    </p>
   </div>
   <div class='ocr_carea' id='block_1_96' title="bbox 2239 3788 3813 3871">
    <p class='ocr_par' dir='ltr' id='par_1_96' title="bbox 2239 3788 3813 3871">
     <span class='ocr_line' id='line_1_96' title="bbox 2239 3788 3813 3871; baseline -0.004 -24"><span class='ocrx_word' id='word_1_682' title='bbox 2239 3795 2426 3859; x_wconf 86' lang='lat' dir='ltr'><strong>ritum,</strong></span> <span class='ocrx_word' id='word_1_683' title='bbox 2490 3805 2651 3871; x_wconf 87' lang='lat' dir='ltr'><strong>atque</strong></span> <span class='ocrx_word' id='word_1_684' title='bbox 2697 3809 2759 3849; x_wconf 79' lang='lat' dir='ltr'><strong>ex</strong></span> <span class='ocrx_word' id='word_1_685' title='bbox 2802 3792 3008 3849; x_wconf 88' lang='lat' dir='ltr'><strong>intimis</strong></span> <span class='ocrx_word' id='word_1_686' title='bbox 3064 3791 3366 3847; x_wconf 85' lang='lat' dir='ltr'><strong>visceribus</strong></span> <span class='ocrx_word' id='word_1_687' title='bbox 3420 3790 3486 3844; x_wconf 87' lang='lat' dir='ltr'><strong>ad</strong></span> <span class='ocrx_word' id='word_1_688' title='bbox 3532 3788 3813 3844; x_wconf 73' lang='lat' dir='ltr'><strong>exteriora</strong></span> 
     </span>
    </p>
   </div>
   <div class='ocr_carea' id='block_1_97' title="bbox 2241 3879 3815 3954">
    <p class='ocr_par' dir='ltr' id='par_1_97' title="bbox 2241 3879 3815 3954">
     <span class='ocr_line' id='line_1_97' title="bbox 2241 3879 3815 3954; baseline -0.002 -16"><span class='ocrx_word' id='word_1_689' title='bbox 2241 3885 2538 3951; x_wconf 89' lang='lat' dir='ltr'><strong>profundit.</strong></span> <span class='ocrx_word' id='word_1_690' title='bbox 2580 3884 2809 3954; x_wconf 87' lang='lat' dir='ltr'><strong>Propter</strong></span> <span class='ocrx_word' id='word_1_691' title='bbox 2855 3884 2959 3939; x_wconf 87' lang='lat' dir='ltr'><strong>hoc</strong></span> <span class='ocrx_word' id='word_1_692' title='bbox 2995 3883 3172 3954; x_wconf 90' lang='lat' dir='ltr'><strong>ipsum</strong></span> <span class='ocrx_word' id='word_1_693' title='bbox 3219 3882 3456 3952; x_wconf 89' lang='lat' dir='ltr'><strong>denique</strong></span> <span class='ocrx_word' id='word_1_694' title='bbox 3504 3879 3815 3936; x_wconf 77' lang='lat' dir='ltr'><strong>insulilavit</strong></span> 
     </span>
    </p>
   </div>
   <div class='ocr_carea' id='block_1_98' title="bbox 2240 3960 3814 4045">
    <p class='ocr_par' dir='ltr' id='par_1_98' title="bbox 2240 3960 3814 4045">
     <span class='ocr_line' id='line_1_98' title="bbox 2240 3960 3814 4045; baseline -0.004 -13"><span class='ocrx_word' id='word_1_695' title='bbox 2240 3976 2601 4045; x_wconf 89' lang='lat' dir='ltr'><strong>corporaliter</strong></span> <span class='ocrx_word' id='word_1_696' title='bbox 2631 3974 2906 4041; x_wconf 89' lang='lat' dir='ltr'><strong>Ciiristus,</strong></span> <span class='ocrx_word' id='word_1_697' title='bbox 2934 3974 3252 4040; x_wconf 86' lang='lat' dir='ltr'><strong>ostendens,</strong></span> <span class='ocrx_word' id='word_1_698' title='bbox 3282 3960 3539 4043; x_wconf 88' lang='lat' dir='ltr'><strong>quoniam</strong></span> <span class='ocrx_word' id='word_1_699' title='bbox 3571 3972 3712 4026; x_wconf 87' lang='lat' dir='ltr'><strong>sicut</strong></span> <span class='ocrx_word' id='word_1_700' title='bbox 3742 3986 3814 4026; x_wconf 80' lang='lat' dir='ltr'><strong>ex</strong></span> 
     </span>
    </p>
   </div>
   <div class='ocr_carea' id='block_1_99' title="bbox 2245 4064 3807 4137">
    <p class='ocr_par' dir='ltr' id='par_1_99' title="bbox 2245 4064 3807 4137">
     <span class='ocr_line' id='line_1_99' title="bbox 2245 4064 3807 4137; baseline -0.003 -16"><span class='ocrx_word' id='word_1_701' title='bbox 2245 4070 2482 4123; x_wconf 84' lang='lat' dir='ltr'><strong>iiumano</strong></span> <span class='ocrx_word' id='word_1_702' title='bbox 2530 4083 2625 4122; x_wconf 93' lang='lat' dir='ltr'><strong>ore</strong></span> <span class='ocrx_word' id='word_1_703' title='bbox 2679 4068 2922 4137; x_wconf 90' lang='lat' dir='ltr'><strong>procedit</strong></span> <span class='ocrx_word' id='word_1_704' title='bbox 2985 4065 3342 4136; x_wconf 87' lang='lat' dir='ltr'><strong>corporaliter</strong></span> <span class='ocrx_word' id='word_1_705' title='bbox 3396 4065 3663 4135; x_wconf 86' lang='lat' dir='ltr'><strong>spiritus.</strong></span> <span class='ocrx_word' id='word_1_706' title='bbox 3729 4064 3807 4118; x_wconf 89' lang='lat' dir='ltr'><strong>ita</strong></span> 
     </span>
    </p>
   </div>
   <div class='ocr_carea' id='block_1_100' title="bbox 2242 4153 3817 4227">
    <p class='ocr_par' dir='ltr' id='par_1_100' title="bbox 2242 4153 3817 4227">
     <span class='ocr_line' id='line_1_100' title="bbox 2242 4153 3817 4227; baseline -0.003 -13"><span class='ocrx_word' id='word_1_707' title='bbox 2242 4169 2297 4214; x_wconf 90' lang='lat' dir='ltr'><strong>ct</strong></span> <span class='ocrx_word' id='word_1_708' title='bbox 2333 4158 2388 4214; x_wconf 91' lang='lat' dir='ltr'><strong>in</strong></span> <span class='ocrx_word' id='word_1_709' title='bbox 2435 4160 2617 4215; x_wconf 84' lang='lat' dir='ltr'><strong>divina</strong></span> <span class='ocrx_word' id='word_1_710' title='bbox 2657 4158 2991 4223; x_wconf 84' lang='lat' dir='ltr'><strong>substantia,</strong></span> <span class='ocrx_word' id='word_1_711' title='bbox 3024 4159 3118 4227; x_wconf 89' lang='lat' dir='ltr'><strong>qui</strong></span> <span class='ocrx_word' id='word_1_712' title='bbox 3167 4173 3235 4212; x_wconf 78' lang='lat' dir='ltr'><strong>ex</strong></span> <span class='ocrx_word' id='word_1_713' title='bbox 3276 4156 3393 4226; x_wconf 84' lang='lat' dir='ltr'><strong>ipsa</strong></span> <span class='ocrx_word' id='word_1_714' title='bbox 3436 4164 3520 4211; x_wconf 90' lang='lat' dir='ltr'><strong>est</strong></span> <span class='ocrx_word' id='word_1_715' title='bbox 3572 4153 3817 4225; x_wconf 85' lang='lat' dir='ltr'><strong>Spiritus</strong></span> 
     </span>
    </p>
   </div>
   <div class='ocr_carea' id='block_1_101' title="bbox 2230 4247 3180 4322">
    <p class='ocr_par' dir='ltr' id='par_1_101' title="bbox 2230 4247 3180 4322">
     <span class='ocr_line' id='line_1_101' title="bbox 2230 4247 3180 4322; baseline -0.001 -18"><span class='ocrx_word' id='word_1_716' title='bbox 2230 4249 2433 4306; x_wconf 78' lang='lat' dir='ltr'><strong>&#39;deiﬁce</strong></span> <span class='ocrx_word' id='word_1_717' title='bbox 2461 4250 2731 4322; x_wconf 86' lang='lat' dir='ltr'><strong>digneque</strong></span> <span class='ocrx_word' id='word_1_718' title='bbox 2758 4247 3123 4320; x_wconf 88' lang='lat' dir='ltr'><strong>profunditur.</strong></span> <span class='ocrx_word' id='word_1_719' title='bbox 3158 4267 3180 4303; x_wconf 73' lang='grc' dir='ltr'><strong><em>ι</em></strong></span> 
     </span>
    </p>
   </div>
   <div class='ocr_carea' id='block_1_102' title="bbox 2315 4338 3815 4430">
    <p class='ocr_par' dir='ltr' id='par_1_102' title="bbox 2315 4338 3815 4430">
     <span class='ocr_line' id='line_1_102' title="bbox 2315 4338 3815 4430; baseline 0 -16"><span class='ocrx_word' id='word_1_720' title='bbox 2315 4359 2462 4414; x_wconf 90' lang='lat' dir='ltr'><strong>Idem</strong></span> <span class='ocrx_word' id='word_1_721' title='bbox 2500 4374 2692 4414; x_wconf 87' lang='lat' dir='ltr'><strong>rursus</strong></span> <span class='ocrx_word' id='word_1_722' title='bbox 2732 4374 2855 4413; x_wconf 79' lang='lat' dir='ltr'><strong>cum</strong></span> <span class='ocrx_word' id='word_1_723' title='bbox 2882 4359 3013 4421; x_wconf 85' lang='lat' dir='ltr'><strong>illud</strong></span> <span class='ocrx_word' id='word_1_724' title='bbox 3046 4358 3418 4430; x_wconf 88' lang='lat' dir='ltr'><strong>evangelicum</strong></span> <span class='ocrx_word' id='word_1_725' title='bbox 3467 4338 3767 4429; x_wconf 81' lang='lat' dir='ltr'><strong>exponeret</strong></span> <span class='ocrx_word' id='word_1_726' title='bbox 3798 4376 3815 4414; x_wconf 89' lang='lat'><strong>:</strong></span> 
     </span>
    </p>
   </div>
   <div class='ocr_carea' id='block_1_103' title="bbox 2172 4448 3820 4537">
    <p class='ocr_par' dir='ltr' id='par_1_103' title="bbox 2172 4448 3820 4537">
     <span class='ocr_line' id='line_1_103' title="bbox 2172 4448 3820 4537; baseline 0 -34"><span class='ocrx_word' id='word_1_727' title='bbox 2172 4481 2215 4537; x_wconf 70' lang='grc' dir='ltr'><strong>ο</strong></span> <span class='ocrx_word' id='word_1_728' title='bbox 2248 4448 2317 4503; x_wconf 86' lang='lat' dir='ltr'><strong>Et</strong></span> <span class='ocrx_word' id='word_1_729' title='bbox 2338 4450 2474 4504; x_wconf 75' lang='lat' dir='ltr'><strong>Deus</strong></span> <span class='ocrx_word' id='word_1_730' title='bbox 2514 4460 2627 4503; x_wconf 87' lang='lat' dir='ltr'><strong>erat</strong></span> <span class='ocrx_word' id='word_1_731' title='bbox 2676 4449 2925 4515; x_wconf 78' lang='lat' dir='ltr'><strong>Verbum,</strong></span> <span class='ocrx_word' id='word_1_732' title='bbox 2989 4468 3009 4502; x_wconf 83' lang='lat' dir='ltr'><strong>r</strong></span> <span class='ocrx_word' id='word_1_733' title='bbox 3053 4449 3172 4504; x_wconf 82' lang='lat' dir='ltr'><strong>Non</strong></span> <span class='ocrx_word' id='word_1_734' title='bbox 3206 4465 3355 4519; x_wconf 86' lang='lat' dir='ltr'><strong>ergo.</strong></span> <span class='ocrx_word' id='word_1_735' title='bbox 3382 4450 3593 4529; x_wconf 86' lang='lat' dir='ltr'><strong>inquit,</strong></span> <span class='ocrx_word' id='word_1_736' title='bbox 3635 4451 3820 4503; x_wconf 88' lang='lat' dir='ltr'><strong>minor</strong></span> 
     </span>
    </p>
   </div>
   <div class='ocr_carea' id='block_1_104' title="bbox 2248 4539 3819 4612">
    <p class='ocr_par' dir='ltr' id='par_1_104' title="bbox 2248 4539 3819 4612">
     <span class='ocr_line' id='line_1_104' title="bbox 2248 4539 3819 4612; baseline -0.001 -16"><span class='ocrx_word' id='word_1_737' title='bbox 2248 4552 2353 4609; x_wconf 86' lang='lat' dir='ltr'><strong>est,</strong></span> <span class='ocrx_word' id='word_1_738' title='bbox 2386 4541 2481 4612; x_wconf 92' lang='lat' dir='ltr'><strong>qui</strong></span> <span class='ocrx_word' id='word_1_739' title='bbox 2512 4541 2763 4596; x_wconf 91' lang='lat' dir='ltr'><strong>eamdem</strong></span> <span class='ocrx_word' id='word_1_740' title='bbox 2797 4541 2961 4596; x_wconf 86' lang='lat' dir='ltr'><strong>liabet</strong></span> <span class='ocrx_word' id='word_1_741' title='bbox 2980 4539 3324 4595; x_wconf 76' lang='lat' dir='ltr'><strong>efﬁcientiam</strong></span> <span class='ocrx_word' id='word_1_742' title='bbox 3355 4556 3519 4611; x_wconf 84' lang='lat' dir='ltr'><strong>quam</strong></span> <span class='ocrx_word' id='word_1_743' title='bbox 3542 4539 3819 4611; x_wconf 88' lang='lat' dir='ltr'><strong>perfectus</strong></span> 
     </span>
    </p>
   </div>
   <div class='ocr_carea' id='block_1_105' title="bbox 2249 4630 3821 4702">
    <p class='ocr_par' dir='ltr' id='par_1_105' title="bbox 2249 4630 3821 4702">
     <span class='ocr_line' id='line_1_105' title="bbox 2249 4630 3821 4702; baseline -0.003 -14"><span class='ocrx_word' id='word_1_744' title='bbox 2249 4633 2430 4700; x_wconf 88' lang='lat' dir='ltr'><strong>Pater,</strong></span> <span class='ocrx_word' id='word_1_745' title='bbox 2467 4632 2841 4702; x_wconf 80' lang='lat' dir='ltr'><strong>genitorisque</strong></span> <span class='ocrx_word' id='word_1_746' title='bbox 2896 4630 3161 4701; x_wconf 90' lang='lat' dir='ltr'><strong>Spiritum</strong></span> <span class='ocrx_word' id='word_1_747' title='bbox 3210 4632 3375 4686; x_wconf 84' lang='lat' dir='ltr'><strong>habet</strong></span> <span class='ocrx_word' id='word_1_748' title='bbox 3408 4632 3688 4701; x_wconf 85' lang='lat' dir='ltr'><strong>proprium</strong></span> <span class='ocrx_word' id='word_1_749' title='bbox 3721 4646 3821 4685; x_wconf 81' lang='lat' dir='ltr'><strong>na-</strong></span> 
     </span>
    </p>
   </div>
   <div class='ocr_carea' id='block_1_106' title="bbox 2253 4721 3821 4794">
    <p class='ocr_par' dir='ltr' id='par_1_106' title="bbox 2253 4721 3821 4794">
     <span class='ocr_line' id='line_1_106' title="bbox 2253 4721 3821 4794; baseline -0.004 -14"><span class='ocrx_word' id='word_1_750' title='bbox 2253 4736 2388 4780; x_wconf 84' lang='lat' dir='ltr'><strong>turae</strong></span> <span class='ocrx_word' id='word_1_751' title='bbox 2419 4725 2625 4779; x_wconf 88' lang='lat' dir='ltr'><strong>bonum</strong></span> <span class='ocrx_word' id='word_1_752' title='bbox 2666 4723 2983 4794; x_wconf 90' lang='lat' dir='ltr'><strong>vivumque,</strong></span> <span class='ocrx_word' id='word_1_753' title='bbox 3007 4732 3062 4780; x_wconf 91' lang='lat' dir='ltr'><strong>et</strong></span> <span class='ocrx_word' id='word_1_754' title='bbox 3115 4724 3221 4779; x_wconf 88' lang='lat' dir='ltr'><strong>sibi</strong></span> <span class='ocrx_word' id='word_1_755' title='bbox 3273 4723 3702 4789; x_wconf 76' lang='lat' dir='ltr'><strong>substantiaiiter</strong></span> <span class='ocrx_word' id='word_1_756' title='bbox 3736 4721 3821 4775; x_wconf 90' lang='lat' dir='ltr'><strong>in-</strong></span> 
     </span>
    </p>
   </div>
   <div class='ocr_carea' id='block_1_107' title="bbox 2251 4815 3599 4888">
    <p class='ocr_par' dir='ltr' id='par_1_107' title="bbox 2251 4815 3599 4888">
     <span class='ocr_line' id='line_1_107' title="bbox 2251 4815 3599 4888; baseline -0.004 -15"><span class='ocrx_word' id='word_1_757' title='bbox 2251 4819 2439 4885; x_wconf 90' lang='lat' dir='ltr'><strong>situm,</strong></span> <span class='ocrx_word' id='word_1_758' title='bbox 2480 4817 2941 4888; x_wconf 84' lang='lat' dir='ltr'><strong>quemadmodum</strong></span> <span class='ocrx_word' id='word_1_759' title='bbox 2976 4816 3227 4872; x_wconf 87' lang='lat' dir='ltr'><strong>videlicet</strong></span> <span class='ocrx_word' id='word_1_760' title='bbox 3257 4826 3312 4870; x_wconf 88' lang='lat' dir='ltr'><strong>et</strong></span> <span class='ocrx_word' id='word_1_761' title='bbox 3356 4815 3535 4870; x_wconf 81' lang='lat' dir='ltr'><strong>l&#39;ater.</strong></span> <span class='ocrx_word' id='word_1_762' title='bbox 3580 4834 3599 4867; x_wconf 74' lang='grc' dir='ltr'><strong><em>ι</em></strong></span> 
     </span>
    </p>
   </div>
   <div class='ocr_carea' id='block_1_108' title="bbox 2321 4929 3822 5005">
    <p class='ocr_par' dir='ltr' id='par_1_108' title="bbox 2321 4929 3822 5005">
     <span class='ocr_line' id='line_1_108' title="bbox 2321 4929 3822 5005; baseline -0.004 -17"><span class='ocrx_word' id='word_1_763' title='bbox 2321 4934 2503 5002; x_wconf 82' lang='lat' dir='ltr'><strong>liic,si</strong></span> <span class='ocrx_word' id='word_1_764' title='bbox 2524 4949 2715 4990; x_wconf 87' lang='lat' dir='ltr'><strong>rursus</strong></span> <span class='ocrx_word' id='word_1_765' title='bbox 2732 4934 2859 5005; x_wconf 90' lang='lat' dir='ltr'><strong>quis</strong></span> <span class='ocrx_word' id='word_1_766' title='bbox 2891 4934 3030 4989; x_wconf 89' lang='lat' dir='ltr'><strong>duos</strong></span> <span class='ocrx_word' id='word_1_767' title='bbox 3059 4946 3354 5003; x_wconf 82' lang='lat' dir='ltr'><strong>processus</strong></span> <span class='ocrx_word' id='word_1_768' title='bbox 3387 4931 3560 4987; x_wconf 83' lang='lat' dir='ltr'><strong>sancti</strong></span> <span class='ocrx_word' id='word_1_769' title='bbox 3582 4929 3822 5000; x_wconf 87' lang='lat' dir='ltr'><strong>Spiritus</strong></span> 
     </span>
    </p>
   </div>
   <div class='ocr_carea' id='block_1_109' title="bbox 2253 5022 3823 5099">
    <p class='ocr_par' dir='ltr' id='par_1_109' title="bbox 2253 5022 3823 5099">
     <span class='ocr_line' id='line_1_109' title="bbox 2253 5022 3823 5099; baseline -0.007 -15"><span class='ocrx_word' id='word_1_770' title='bbox 2253 5043 2479 5099; x_wconf 86' lang='lat' dir='ltr'><strong>ponens,</strong></span> <span class='ocrx_word' id='word_1_771' title='bbox 2518 5042 2687 5080; x_wconf 89' lang='lat' dir='ltr'><strong>unum</strong></span> <span class='ocrx_word' id='word_1_772' title='bbox 2722 5025 3130 5094; x_wconf 82' lang='lat' dir='ltr'><strong>iutemporalem</strong></span> <span class='ocrx_word' id='word_1_773' title='bbox 3167 5022 3438 5095; x_wconf 71' lang='grc' dir='ltr'><strong>[ἄχρονον]</strong></span> <span class='ocrx_word' id='word_1_774' title='bbox 3470 5038 3533 5077; x_wconf 93' lang='lat' dir='ltr'><strong>ac</strong></span> <span class='ocrx_word' id='word_1_775' title='bbox 3564 5025 3823 5077; x_wconf 84' lang='lat' dir='ltr'><strong>substan-</strong></span> 
     </span>
    </p>
   </div>
   <div class='ocr_carea' id='block_1_110' title="bbox 2252 5113 3821 5185">
    <p class='ocr_par' dir='ltr' id='par_1_110' title="bbox 2252 5113 3821 5185">
     <span class='ocr_line' id='line_1_110' title="bbox 2252 5113 3821 5185; baseline -0.007 -9"><span class='ocrx_word' id='word_1_776' title='bbox 2252 5121 2456 5185; x_wconf 90' lang='lat' dir='ltr'><strong>tiaiem,</strong></span> <span class='ocrx_word' id='word_1_777' title='bbox 2516 5118 2875 5185; x_wconf 84' lang='lat' dir='ltr'><strong>temporalem</strong></span> <span class='ocrx_word' id='word_1_778' title='bbox 2931 5119 3162 5171; x_wconf 92' lang='lat' dir='ltr'><strong>alterum</strong></span> <span class='ocrx_word' id='word_1_779' title='bbox 3217 5132 3318 5172; x_wconf 90' lang='lat' dir='ltr'><strong>nec</strong></span> <span class='ocrx_word' id='word_1_780' title='bbox 3377 5113 3821 5178; x_wconf 87' lang='lat' dir='ltr'><strong>substantiaiem,</strong></span> 
     </span>
    </p>
   </div>
   <div class='ocr_carea' id='block_1_111' title="bbox 2250 5202 3821 5277">
    <p class='ocr_par' dir='ltr' id='par_1_111' title="bbox 2250 5202 3821 5277">
     <span class='ocr_line' id='line_1_111' title="bbox 2250 5202 3821 5277; baseline -0.007 -14"><span class='ocrx_word' id='word_1_781' title='bbox 2250 5209 2400 5263; x_wconf 82' lang='lat' dir='ltr'><strong>Patri</strong></span> <span class='ocrx_word' id='word_1_782' title='bbox 2433 5207 2655 5277; x_wconf 88' lang='lat' dir='ltr'><strong>quidem</strong></span> <span class='ocrx_word' id='word_1_783' title='bbox 2687 5207 2880 5261; x_wconf 86' lang='lat' dir='ltr'><strong>ambos</strong></span> <span class='ocrx_word' id='word_1_784' title='bbox 2907 5206 3167 5275; x_wconf 82' lang='lat' dir='ltr'><strong>assignet,</strong></span> <span class='ocrx_word' id='word_1_785' title='bbox 3206 5204 3342 5259; x_wconf 85' lang='lat' dir='ltr'><strong>Filio</strong></span> <span class='ocrx_word' id='word_1_786' title='bbox 3371 5219 3500 5259; x_wconf 90' lang='lat' dir='ltr'><strong>vero</strong></span> <span class='ocrx_word' id='word_1_787' title='bbox 3522 5202 3821 5258; x_wconf 87' lang='lat' dir='ltr'><strong>secundum</strong></span> 
     </span>
    </p>
   </div>
   <div class='ocr_carea' id='block_1_112' title="bbox 2257 5294 3823 5370">
    <p class='ocr_par' dir='ltr' id='par_1_112' title="bbox 2257 5294 3823 5370">
     <span class='ocr_line' id='line_1_112' title="bbox 2257 5294 3823 5370; baseline -0.008 -13"><span class='ocrx_word' id='word_1_788' title='bbox 2257 5317 2323 5357; x_wconf 90' lang='lat' dir='ltr'><strong>ac</strong></span> <span class='ocrx_word' id='word_1_789' title='bbox 2361 5301 2742 5370; x_wconf 87' lang='lat' dir='ltr'><strong>temporalem,</strong></span> <span class='ocrx_word' id='word_1_790' title='bbox 2779 5299 3083 5354; x_wconf 87' lang='lat' dir='ltr'><strong>secundum</strong></span> <span class='ocrx_word' id='word_1_791' title='bbox 3133 5312 3296 5367; x_wconf 87' lang='lat' dir='ltr'><strong>quem</strong></span> <span class='ocrx_word' id='word_1_792' title='bbox 3341 5306 3397 5351; x_wconf 88' lang='lat' dir='ltr'><strong>et</strong></span> <span class='ocrx_word' id='word_1_793' title='bbox 3443 5295 3583 5350; x_wconf 88' lang='lat' dir='ltr'><strong>mitti</strong></span> <span class='ocrx_word' id='word_1_794' title='bbox 3623 5294 3823 5349; x_wconf 84' lang='lat' dir='ltr'><strong>dicitur</strong></span> 
     </span>
    </p>
   </div>
   <div class='ocr_carea' id='block_1_113' title="bbox 2256 5387 3823 5461">
    <p class='ocr_par' dir='ltr' id='par_1_113' title="bbox 2256 5387 3823 5461">
     <span class='ocr_line' id='line_1_113' title="bbox 2256 5387 3823 5461; baseline -0.003 -15"><span class='ocrx_word' id='word_1_795' title='bbox 2256 5393 2325 5446; x_wconf 89' lang='lat' dir='ltr'><strong>ab</strong></span> <span class='ocrx_word' id='word_1_796' title='bbox 2358 5392 2504 5461; x_wconf 90' lang='lat' dir='ltr'><strong>ipso,</strong></span> <span class='ocrx_word' id='word_1_797' title='bbox 2531 5404 2585 5446; x_wconf 90' lang='lat' dir='ltr'><strong>et</strong></span> <span class='ocrx_word' id='word_1_798' title='bbox 2615 5393 2758 5455; x_wconf 89' lang='lat' dir='ltr'><strong>dari,</strong></span> <span class='ocrx_word' id='word_1_799' title='bbox 2791 5400 2845 5445; x_wconf 90' lang='lat' dir='ltr'><strong>et</strong></span> <span class='ocrx_word' id='word_1_800' title='bbox 2886 5391 3119 5457; x_wconf 90' lang='lat' dir='ltr'><strong>infundi,</strong></span> <span class='ocrx_word' id='word_1_801' title='bbox 3147 5402 3199 5444; x_wconf 94' lang='lat' dir='ltr'><strong>et</strong></span> <span class='ocrx_word' id='word_1_802' title='bbox 3224 5391 3268 5444; x_wconf 93' lang='lat' dir='ltr'><strong>si</strong></span> <span class='ocrx_word' id='word_1_803' title='bbox 3295 5391 3424 5460; x_wconf 88' lang='lat' dir='ltr'><strong>quid</strong></span> <span class='ocrx_word' id='word_1_804' title='bbox 3456 5389 3603 5444; x_wconf 91' lang='lat' dir='ltr'><strong>aliud</strong></span> <span class='ocrx_word' id='word_1_805' title='bbox 3636 5387 3823 5456; x_wconf 82' lang='lat' dir='ltr'><strong>hujus-</strong></span> 
     </span>
    </p>
   </div>
   <div class='ocr_carea' id='block_1_114' title="bbox 2259 5479 3822 5553">
    <p class='ocr_par' dir='ltr' id='par_1_114' title="bbox 2259 5479 3822 5553">
     <span class='ocr_line' id='line_1_114' title="bbox 2259 5479 3822 5553; baseline -0.006 -15"><span class='ocrx_word' id='word_1_806' title='bbox 2259 5484 2405 5539; x_wconf 86' lang='lat' dir='ltr'><strong>tnodi</strong></span> <span class='ocrx_word' id='word_1_807' title='bbox 2434 5484 2504 5538; x_wconf 86' lang='lat' dir='ltr'><strong>de</strong></span> <span class='ocrx_word' id='word_1_808' title='bbox 2538 5493 2686 5538; x_wconf 83' lang='lat' dir='ltr'><strong>tanta</strong></span> <span class='ocrx_word' id='word_1_809' title='bbox 2717 5499 2774 5539; x_wconf 86' lang='lat' dir='ltr'><strong>re</strong></span> <span class='ocrx_word' id='word_1_810' title='bbox 2816 5484 2924 5539; x_wconf 88' lang='lat' dir='ltr'><strong>dici</strong></span> <span class='ocrx_word' id='word_1_811' title='bbox 2957 5483 3373 5539; x_wconf 82' lang='lat' dir='ltr'><strong>convenientius</strong></span> <span class='ocrx_word' id='word_1_812' title='bbox 3412 5490 3609 5553; x_wconf 82' lang='lat' dir='ltr'><strong>potest.</strong></span> <span class='ocrx_word' id='word_1_813' title='bbox 3643 5479 3822 5533; x_wconf 81' lang='lat' dir='ltr'><strong>Primo</strong></span> 
     </span>
    </p>
   </div>
   <div class='ocr_carea' id='block_1_115' title="bbox 655 5654 2787 5728">
    <p class='ocr_par' dir='ltr' id='par_1_115' title="bbox 655 5654 2787 5728">
     <span class='ocr_line' id='line_1_115' title="bbox 655 5654 2787 5728; baseline 0.002 -20"><span class='ocrx_word' id='word_1_814' title='bbox 655 5654 765 5728; x_wconf 70' lang='lat'><strong>(‘29)</strong></span> <span class='ocrx_word' id='word_1_815' title='bbox 793 5654 919 5725; x_wconf 79' lang='lat' dir='ltr'><strong>Leg.</strong></span> <span class='ocrx_word' id='word_1_816' title='bbox 945 5655 1105 5727; x_wconf 79' lang='lat' dir='ltr'><strong>Greg.</strong></span> <span class='ocrx_word' id='word_1_817' title='bbox 1133 5659 1200 5713; x_wconf 85' lang='lat' dir='ltr'><strong>de</strong></span> <span class='ocrx_word' id='word_1_818' title='bbox 1222 5654 1489 5722; x_wconf 82' lang='lat' dir='ltr'><strong>Valentia,</strong></span> <span class='ocrx_word' id='word_1_819' title='bbox 1517 5666 1652 5712; x_wconf 89' lang='lat' dir='ltr'><strong>tom.</strong></span> <span class='ocrx_word' id='word_1_820' title='bbox 1686 5657 1701 5707; x_wconf 93' lang='lat' dir='ltr'><strong>l</strong></span> <span class='ocrx_word' id='word_1_821' title='bbox 1732 5655 1934 5711; x_wconf 85' lang='lat' dir='ltr'><strong>Comm.</strong></span> <span class='ocrx_word' id='word_1_822' title='bbox 1966 5658 2101 5711; x_wconf 73' lang='lat' dir='ltr'><strong>thro!</strong></span> <span class='ocrx_word' id='word_1_823' title='bbox 2135 5696 2150 5720; x_wconf 90' lang='lat'><strong>,</strong></span> <span class='ocrx_word' id='word_1_824' title='bbox 2196 5657 2337 5714; x_wconf 87' lang='lat' dir='ltr'><strong>disc.</strong></span> <span class='ocrx_word' id='word_1_825' title='bbox 2361 5659 2417 5723; x_wconf 72' lang='lat'><strong>2,</strong></span> <span class='ocrx_word' id='word_1_826' title='bbox 2449 5674 2504 5728; x_wconf 87' lang='lat' dir='ltr'><strong>q.</strong></span> <span class='ocrx_word' id='word_1_827' title='bbox 2548 5659 2631 5716; x_wconf 78' lang='lat'><strong>10.</strong></span> <span class='ocrx_word' id='word_1_828' title='bbox 2670 5678 2698 5724; x_wconf 76' lang='grc' dir='ltr'><strong>ιι</strong></span> 
     </span>
    </p>
   </div>
  </div>
