4010 6220
539 367 629 423 es,
1813 365 2204 424 MANUEHS
2245 363 2546 424 CALECE.
3721 375 3792 432 ’ἲῦ

561 477 755 538 Filius,
788 477 956 530 Filius
999 477 1179 530 omnia
1218 485 1298 530 est
1323 519 1334 540 ,
1376 493 1493 543 qum
1539 475 1730 538 Pater,
1771 479 1920 545 juxta
1959 479 2128 546 ipsius
2162 483 2200 534 A
2305 480 2378 531 Ex
2417 481 2500 530 his
2533 493 2659 546 ergo
2696 493 2814 546 qua:
2847 479 3100 540 diximus,
3131 488 3356 546 apparet
3401 489 3450 532 et
3477 481 3647 548 ipsum
3671 481 3793 534 Filii

565 569 774 621 Domini
810 583 994 621 vocem
1032 569 1303 620 dicentis:
1345 568 1533 622 Omnia
1557 609 1568 629 ,
1606 584 1721 629 qua:
1758 569 1909 620 habet
1947 568 2124 630 Pater,

565 677 677 712 mea
703 669 846 713 sunt.
876 659 948 715 Re
979 659 1122 713 enim
1154 676 1275 712 vera
1316 661 1569 729 imaginis
1604 671 1731 715 sunt
1767 661 1971 722 omnia,
2005 675 2126 728 quae

564 753 764 807 adsunt
797 753 1082 820 primitivm
1109 751 1314 805 torium.
1367 771 1384 803 ι
1467 782 1494 798 ..

497 827 501 861 ἶ
634 842 830 894 Beatus
858 842 982 894 item
1017 841 1251 908 Cyril’us
1276 841 1326 892 in
1358 840 1599 893 secundo
1626 842 1690 892 ad
1719 841 1990 894 llermiam
2007 841 2123 894 ait:

570 951 586 981 σ
633 932 972 986 Comtcrnum
1033 931 1178 984 Patri
1216 932 1517 1002 credimus
1576 933 1771 986 Filium
1837 933 2126 1001 omniaque

563 1025 840 1088 aequaliter
866 1022 1602 1090 habentem,prmter'solum
1629 1024 1873 1092 gignere.
1907 1041 1922 1072 ι
1952 1022 2126 1075 Idem-

560 1131 666 1181 que
696 1115 750 1168 in
789 1115 924 1167 libro
960 1130 1062 1168 suo
1097 1114 1169 1167 De
1207 1113 1494 1174 Trinitale,
1551 1133 1568 1163 ε
1616 1113 1670 1167 ln
1713 1114 1846 1166 Filio
1873 1151 1887 1174 ,
1928 1114 2125 1182 inquit,

561 1206 862 1273 unigenito,
895 1221 988 1274 per
1017 1197 1198 1259 omnia
1230 1204 1390 1255 simili
1417 1203 1559 1256 Patri
1617 1214 1666 1256 et
1692 1204 1908 1272 aequali,
1936 1211 2127 1271 praeter

500 1337 506 1349 .
560 1299 609 1351 id
641 1297 845 1360 solum,
876 1297 1019 1364 quod
1052 1294 1213 1348 Pater
1247 1311 1350 1346 non
1387 1303 1491 1347 est.
1540 1313 1562 1344 ι

631 1388 800 1441 Divus
837 1389 961 1440 item
1016 1387 1442 1456 Chrysostomus
1488 1384 1541 1436 in
1590 1383 1808 1436 humilia
1859 1384 1924 1435 59
1965 1397 2128 1452 super

561 1481 855 1540 Joannem,
892 1493 1056 1546 super
1085 1478 1254 1530 illud:
1306 1475 1369 1528 Ut
1413 1492 1588 1529 omnes
1622 1477 1872 1528 honorent
1907 1473 2124 1536 Filium,

564 1575 697 1624 sicut
743 1573 1005 1624 honorant
1045 1581 1091 1622 et
1140 1569 1354 1620 Patrem
1387 1609 1400 1631 ,
1441 1586 1457 1618 ι
1501 1568 1636 1620 Num
1675 1583 1823 1634 ergo.
1857 1568 2048 1636 inquit,
2076 1575 2129 1619 et

567 1667 780 1716 Patrem
824 1663 998 1729 ipsum
1039 1659 1474 1728 appellabimus?
1522 1659 1698 1711 Absit.
1741 1659 1949 1711 Idcirco
1983 1658 2124 1712 enim

565 1755 699 1807 dixit
730 1752 948 1816 Filium,
983 1760 1042 1804 ut
1077 1758 1380 1802 manentem
1418 1747 1636 1810 Filium,
1670 1755 1726 1800 ut
1759 1747 1994 1810 Patrem,
2032 1748 2126 1800 Ito-

567 1861 845 1902 noremus.
866 1843 965 1908 Qui
999 1851 1176 1895 autem
1221 1843 1396 1908 ipsum
1433 1841 1564 1892 dicit
1591 1838 1830 1900 Patrem,
1871 1855 1976 1892 non
2014 1839 2123 1906 jam

567 1949 622 1991 ut
667 1937 882 1990 Patrem
930 1934 1126 1987 Filium
1162 1933 1416 1995 honorat,
1452 1931 1543 1985 sed
1582 1931 1869 1999 permiscet
1911 1938 1963 1983 et
1989 1945 2123 1983 con-

565 2029 739 2080 t‘undit
771 2026 976 2078 omnia.
1015 2042 1032 2074 ι
1077 2025 1150 2076 Ac
1181 2033 1303 2092 post
1338 2021 1635 2088 pusillum:
1675 2040 1692 2072 ‹
1733 2020 1888 2074 Dedit
1945 2031 2124 2084 autem

566 2121 768 2172 ideirco
817 2117 1054 2176 dictum,
1111 2129 1177 2167 ne
1225 2115 1522 2181 ingenitum
1580 2114 1754 2180 ipsum
1806 2111 2127 2180 suspiceris,

569 2219 742 2272 neque
783 2203 918 2254 duos
970 2200 1155 2254 Patres
1199 2214 1319 2253 esse
1362 2207 1536 2266 putes.
1585 2198 1776 2252 Omnia
1823 2201 1964 2254 enim
2007 2215 2128 2269 qua:

571 2298 726 2346 Pater
769 2303 871 2354 est,
912 2291 1024 2344 hzec
1063 2300 1115 2344 et
1166 2291 1333 2345 Filius
1371 2296 1487 2353 est,
1526 2289 1739 2357 genitus
1798 2299 1852 2346 et
1904 2306 2128 2345 manens

566 2384 755 2438 Filius.
807 2404 824 2434 ι

637 2475 824 2537 Porro,
863 2476 905 2526 si
937 2473 1057 2543 quis
1097 2457 1546 2542 etiam°Spiritum
1578 2483 1848 2540 sanctum,
1880 2472 2122 2541 ejusdem

564 2567 816 2619 essentia-
848 2580 969 2617 eum
998 2564 1156 2617 Patre
1189 2572 1241 2615 et
1270 2563 1408 2617 Filio
1431 2578 1552 2617 cum
1579 2565 1666 2629 sit,
1689 2575 1742 2619 et
1757 2561 2125 2636 Tpsttm’quasi

567 2656 874 2709 necessario
932 2670 988 2709 se
1041 2657 1340 2721 producere
1387 2657 1720 2720 subinl'erat,
1770 2655 1952 2708 audiet
2001 2645 2128 2706 hinc

567 2745 781 2813 quidem
831 2760 948 2797 esse
983 2744 1116 2797 nihil
1186 2745 1331 2813 quod
1373 2747 1549 2814 ipsum
1585 2750 1822 2814 seipsum
1859 2746 2122 2814 proferat.

569 2837 854 2900 ipsumque
898 2832 980 2885 sui
1025 2833 1199 2900 ipsius
1240 2848 1405 2888 causa
1454 2835 1558 2899 sit;
1595 2835 1718 2888 hinc
1763 2849 1890 2889 vero
1923 2834 2122 2886 nullam

565 2923 723 2975 aliam
751 2922 908 2976 nobis
936 2937 1220 2990 personam
1255 2933 1445 2992 praeter
1475 2934 1605 2988 tres,
1639 2925 1690 2978 in
1718 2925 1914 2980 divinis
1947 2925 2122 2977 tradi-

2214 583 2447 632 .nomen,
2469 580 2524 621 et
2565 569 2794 622 multum
2822 570 3057 634 quidem,
3080 571 3144 621 ad
3167 570 3498 637 propositum
3525 557 3786 626 conferre.

2227 661 2409 729 Neque
2434 662 2576 714 enim
2614 661 2772 714 Pater
2809 677 2975 716 verus
3033 661 3192 716 Pater
3221 678 3343 716 esse
3365 664 3657 728 diceretur,
3691 667 3791 719 nisi

2227 751 2465 820 seipsum
2495 752 2708 819 penitus
2765 753 3192 806 communicaret
3241 752 3406 817 Filio;
3434 769 3610 822 neque.
3628 755 3792 810 Filius

2231 857 2393 896 verus
2423 854 2566 895 esset
2608 842 2797 903 Filius,
2825 846 2926 896 nisi
2949 842 3124 898 Patris
3149 847 3330 899 omnia
3369 845 3589 899 haberet
3628 849 3680 900 in
3708 863 3791 900 se—

2226 933 2378 1000 ipso;
2407 933 2496 985 Sed
2530 948 2704 1002 neque
2729 944 2873 987 esset
2901 935 3366 989 im-ommutabilis
3393 937 3570 1005 imago
3595 936 3788 1001 Patris,

2211 1024 2272 1077 .si
2307 1023 2396 1076 illo
2443 1024 2620 1077 minor
2652 1033 2976 1092 appareret;
3026 1039 3200 1088 neque
3245 1026 3481 1094 sigillum
3529 1029 3793 1084 uniforme

2230 1126 2400 1178 esset,
2438 1117 2582 1184 quod
2621 1116 2674 1168 in
2712 1131 2770 1168 se
2814 1117 3048 1170 ostendit
3086 1115 3301 1170 Patrem
3341 1119 3496 1185 juxta
3538 1135 3788 1188 maguum

2231 1207 2524 1268 Basiliam:
2553 1228 2570 1257 ι
2602 1207 2851 1273 lmaginis
2875 1208 3072 1275 quippe
3091 1217 3213 1260 sunt
3235 1210 3438 1274 omnia,
3459 1226 3822 1280 quaet-unqua-

2228 1295 2411 1350 insunt
2439 1296 2725 1364 primitiva:
2751 1295 2958 1360 formre,
2997 1315 3014 1345 ι
3048 1306 3105 1351 ιιι
3133 1298 3244 1363 ipse
3271 1300 3382 1362 ait;
3412 1309 3466 1351 et
3493 1300 3633 1354 sicut
3658 1301 3791 1356 Gie-

2228 1387 2411 1451 gorius
2430 1385 2737 1455 Theologus
2757 1387 2809 1439 in
2825 1387 3168 1440 sermonibus
3183 1389 3249 1442 de
3263 1388 3401 1442 Filio
3422 1391 3562 1445 dixit
3586 1410 3598 1443 :
3622 1412 3642 1443 ‹
3671 1392 3790 1447 llwc

2227 1479 2370 1530 enim
2416 1479 2667 1545 imaginis
2703 1490 2894 1533 natura
2927 1488 3038 1544 est,
3089 1481 3449 1535 imitationem
3485 1499 3604 1537 esse
3635 1487 3786 1552 primi

2228 1569 2555 1634 exemplaris
2577 1606 2594 1630 ,
2630 1569 2881 1636 idemque
2912 1584 3034 1623 esse
3072 1571 3276 1639 potius,
3309 1587 3468 1640 quam
3499 1575 3785 1628 assimula-

2231 1657 2433 1709 tionem
2462 1696 2474 1718 ,
2519 1673 2583 1710 ne
2619 1658 2690 1710 sit
2726 1643 2920 1710 inialio
2956 1660 3172 1721 similis,
3207 1661 3258 1712 in
3293 1662 3399 1716 alio
3433 1663 3726 1724 dissimilis.
3765 1685 3781 1713 ι

2229 1748 2291 1800 Et
2315 1746 2545 1814 adjecit:
2574 1767 2590 1797 ι
2622 1746 2720 1800 l-lic
2753 1758 2932 1801 autem
2961 1764 3026 1802 eo
3054 1750 3214 1802 etiam
3246 1752 3434 1820 magis,
3466 1767 3574 1820 quo
3605 1753 3786 1806 virens

2226 1837 2442 1889 riventis
2466 1847 2539 1891 est
2577 1839 2772 1906 imago.
2817 1857 2833 1888 ι
2868 1838 2973 1892 Sed
3015 1854 3191 1908 neque
3222 1840 3471 1894 Christus
3508 1859 3626 1894 vera
3659 1858 3786 1909 pro-

2226 1933 2447 1978 secutus
2478 1935 2625 1978 esset
2651 1926 2941 2012 dgseipso
2995 1926 3184 1982 dicens
3212 1931 3422 1994 omnia,
3455 1946 3573 1997 quze
3611 1931 3647 1982 P
3687 1937 3784 1984 tris

2225 2025 2444 2078 essent,
2493 2029 2552 2069 se
2598 2015 2831 2082 habere;
2881 2017 3044 2072 habet
3083 2027 3262 2074 autem
3306 2019 3463 2074 Pater
3512 2024 3780 2090 proprium

2229 2115 2434 2157 natura:
2457 2120 2568 2158 sua:
2599 2105 2821 2169 bonum,
2851 2106 3109 2175 Spiritum
3136 2121 3411 2165 sanetum.
3435 2111 3499 2170 Et
3524 2115 3778 2180 quoniam

2228 2211 2387 2250 unam
2415 2199 2769 2266 eamdemque
2819 2209 3067 2255 naturam
3099 2200 3266 2258 Filius
3295 2220 3360 2258 ex
3389 2204 3546 2259 Patre
3569 2208 3781 2274 genitus

2228 2285 2390 2340 etiam
2426 2301 2548 2361 cupi
2591 2287 2746 2343 Patre
2777 2289 2960 2356 habet,
2994 2291 3340 2357 quis-audeat
3373 2296 3472 2348 hac
3503 2297 3780 2363 praeditum

2229 2377 2424 2431 Filium
2458 2394 2705 2433 asserere
2725 2389 3076 2445 paternorum
3097 2383 3365 2438 bonorum
3389 2387 3508 2438 aliis
3532 2387 3782 2453 gaudere,

2231 2470 2351 2530 aliis
2373 2470 2616 2538 privari?
2645 2473 2819 2538 Atque
2852 2473 2977 2527 hinc
3008 2475 3276 2536 omnium,
3307 2477 3448 2542 quod
3472 2477 3670 2531 dicitur
3696 2484 3785 2532 de-

2229 2560 2525 2613 ﬁnitionem
2565 2560 2778 2625 tollere,
2825 2577 2948 2616 cum
2983 2561 3242 2618 Dominus
3290 2565 3464 2619 Patris
3510 2568 3690 2618 omina
3728 2582 3785 2621 se

2229 2652 2426 2703 habere
2457 2650 2692 2703 dixerit?
2721 2649 2984 2705 Praeterea
3014 2652 3219 2706 dictum
3247 2663 3367 2709 est:
3399 2656 3503 2721 Qui
3528 2658 3654 2710 vide!
3684 2673 3781 2722 me,

2227 2742 2360 2792 videt
2397 2749 2443 2792 et
2481 2739 2691 2792 Patrem
2725 2739 2785 2793 ⁸⁵.
2828 2740 2982 2804 Quod
3013 2752 3192 2795 autem
3227 2743 3458 2807 dicitur,
3497 2746 3650 2809 videt,
3685 2761 3784 2814 pro

2226 2845 2290 2884 eo
2315 2830 2549 2898 positum
2569 2836 2673 2893 est,
2693 2829 2836 2897 quod
2860 2837 2963 2890 est,
2987 2829 3260 2899 intelligit,
3290 2831 3360 2885 ita
3380 2834 3787 2902 “ponentibus

2229 2921 2499 2974 Patribus.

568 3026 698 3077 tam,
744 3023 792 3066 nl
845 3014 988 3067 illam
1033 3015 1297 3082 producat
1349 3015 1604 3084 Spiritus.
1654 3016 1844 3084 itaque
1897 3001 2190 3083 cogeturC
2296 3009 2356 3062 Et
2399 3010 2523 3064 hinc
2571 3010 2753 3078 itaque
2803 3019 3055 3075 constat,
3098 3013 3242 3080 quod
3291 3013 3383 3082 qui
3425 3013 3620 3069 Filium
3667 3015 3787 3072 sine

564 3120 856 3174 personam
892 3106 1079 3170 aliam,
1108 3122 1228 3175 quae
1255 3107 1602 3174 producatur,
1633 3107 1898 3171 invenire,
1951 3122 2124 3175 quan-

491 3257 504 3262 _
535 3197 874 3264 'doquidem,
905 3197 1050 3265 quod
1079 3197 1349 3265 producit,
1369 3206 1422 3253 et
1447 3198 1590 3268 quod
1619 3197 1957 3267 producitur,
1985 3197 2121 3250 idem

563 3302 684 3340 esse
720 3301 827 3338 non
864 3294 1059 3352 potest,
1086 3285 1357 3354 simulque
1387 3287 1657 3340 sermonis
1693 3286 1909 3340 tolletur
1935 3285 2124 3339 funda-

568 3385 832 3430 mentum.
863 3375 1308 3444 Prazsupponitur
1333 3377 1554 3446 quippe,
1580 3377 1734 3446 juxta
1760 3376 1899 3430 sacri
1926 3373 2124 3443 eloquii

568 3465 894 3536 positionem
920 3502 935 3529 ,
972 3465 1231 3534 Spiritum
1281 3464 1528 3534 produci,
1568 3465 1647 3516 vel
1681 3464 2000 3534 procedere;
2033 3479 2122 3516 so-

565 3558 783 3625 lumque
817 3555 960 3610 unde
993 3556 1290 3624 quaeritur:
1326 3566 1378 3611 et
1409 3555 1454 3610 si
1489 3554 1666 3618 Pater,
1701 3565 1752 3608 et
1785 3552 1952 3606 Filius
1987 3569 2124 3606 unus

563 3648 856 3718 productor
877 3655 984 3712 est,
1003 3657 1060 3702 at
1085 3649 1226 3716 quod
1252 3648 1516 3717 producit,
1541 3659 1595 3701 et
1618 3648 1761 3715 quod
1787 3647 2120 3715 producitur,

561 3736 703 3790 idem
749 3752 869 3791 esse
909 3751 1015 3790 non
1068 3745 1270 3806 potest.
1320 3737 1410 3790 Sic
1450 3739 1592 3789 enim
1631 3737 1940 3790 necessario
1979 3737 2119 3802 ejus,

561 3828 706 3892 quod
766 3827 1000 3885 dicitur.
1055 3826 1234 3888 unde,
1299 3841 1463 3879 causa
1522 3825 1785 3878 tolletur:
1845 3827 1943 3876 hac
1995 3838 2123 3874 vero

564 3917 794 3975 ratione,
817 3925 868 3967 et
899 3915 1044 3982 quod
1066 3915 1268 3968 dicitur
1291 3930 1356 3967 ex
1381 3915 1534 3967 Patre
1558 3929 1653 3983 per
1675 3913 1868 3967 Filium
1898 3926 2123 3980 prorsus

519 3989 522 3992 ’
562 3999 862 4056 aufereiur.
907 4002 1025 4055 Non
1061 4018 1190 4071 ergo
1227 4014 1311 4056 est
1349 4003 1582 4072 putanda
1623 4003 1880 4056 instantia
1905 4041 1918 4064 ,
1957 4018 2120 4069 quam

558 4103 615 4144 et
647 4106 732 4152 ea,
759 4091 824 4143 de
849 4093 1048 4160 quibus
1073 4108 1254 4146 sermo
1277 4102 1379 4157 est,
1406 4102 1458 4147 et
1475 4108 1592 4161 qua:
1611 4111 1640 4146 a
1664 4093 2121 4163 disputationibus

561 4195 823 4235 concessa
852 4191 1001 4248 sunt,
1036 4183 1251 4239 tollunt.

630 4272 953 4340 Quanquam
988 4275 1201 4329 etiamsi
1229 4277 1331 4330 alia
1356 4291 1583 4345 persona
1609 4276 1787 4340 detur,
1814 4275 1917 4330 hoc
1941 4275 2116 4344 ipsum
2151 4311 2194 4364 η

561 4371 615 4414 et
647 4364 712 4414 de
762 4363 850 4415 illa
895 4365 1163 4432 quispiam
1213 4366 1466 4434 iuquiret,
1515 4377 1678 4434 atque
1723 4366 1796 4418 ita
1851 4381 2117 4432 nusquam

560 4451 779 4504 sistetur
802 4451 1062 4505 inﬁnitas.
1089 4453 1210 4506 Pari
1235 4455 1384 4508 enim
1401 4454 1629 4518 ratione,
1650 4461 1743 4508 aut
1768 4454 1823 4506 in
1844 4453 2117 4507 inﬁnitum

561 4543 903 4609 progreditur
942 4557 1296 4612 processuum
1356 4559 1639 4608 numerus,
1683 4553 1808 4609 aut,
1854 4545 1901 4599 si
1955 4546 2126 4617 stabit,

560 4633 788 4700 uspiam,
811 4647 908 4686 cur
926 4649 1032 4688 non
1063 4635 1163 4689 hoc
1183 4635 1350 4706 magis
1373 4637 1422 4688 in
1449 4637 1676 4704 Spiritu,
1695 4637 1848 4690 tertia
1868 4636 2119 4690 videlicet

559 4739 786 4792 persona
817 4723 1123 4790 Trinitatis,
1160 4737 1216 4779 ut
1251 4737 1303 4780 et
1337 4727 1619 4781 Trinitatis
1658 4728 1811 4781 nobis
1845 4727 2118 4780 cenfessio

557 4823 838 4878 servetur,
887 4824 939 4868 et
982 4815 1289 4884 hujusmodi
1333 4818 1541 4869 vanitas
1577 4819 1798 4870 omnino
1838 4815 2120 4869 arceatur?

554 4904 688 4955 Nam
747 4914 941 4971 praeter
988 4905 1074 4968 id,
1133 4907 1278 4973 quod
1338 4907 1647 4975 hujusmodi
1692 4909 2116 4970 ratioeiratores

557 4995 703 5056 vani,
740 4995 877 5047 nihil
911 4996 1285 5059 concludunt,
1323 4997 1484 5050 etiam
1532 5013 1652 5068 quae
1709 5000 1864 5052 nobis
1899 5002 1964 5053 de
1994 4998 2116 5054 Tri-

558 5087 723 5138 nitate
760 5087 887 5139 sunt
921 5088 1112 5140 tradita
1139 5129 1153 5151 ,
1189 5097 1499 5141 morentur.
1540 5087 1724 5143 Posito
1765 5091 1908 5143 enim
1948 5092 2112 5144 etiam

553 5190 616 5227 ex
670 5175 788 5228 solo
845 5176 1001 5230 Patre
1053 5192 1172 5231 esse
1221 5177 1504 5245 Spiritum,
1554 5178 1740 5232 eadem
1791 5190 1839 5234 et
1881 5181 1946 5233 ad
1997 5181 2116 5234 illos

553 5264 915 5320 nihilominus
964 5268 1065 5320 erit
1104 5268 1396 5335 instantia,
1442 5271 1818 5342 haesitatioque
1854 5271 2111 5329 manebit.

554 5351 625 5406 Ut
653 5368 782 5421 ergo
813 5367 866 5409 et
888 5358 968 5410 eis
995 5357 1143 5426 ipsis,
1179 5369 1232 5413 et
1264 5361 1421 5415 nobis
1446 5364 1577 5416 nihil
1605 5365 1669 5417 ad
1695 5365 2114 5434 disputationem

555 5442 842 5533 conterens
885 5447 1145 5512 ejusmodi
1183 5450 1458 5514 instantia,
1503 5452 1610 5508 itno
1638 5456 1797 5508 etiam
1841 5457 2114 5526 preposita

554 5537 846 5590 destruens
873 5540 1178 5607 ahjiciatur.

610 5691 616 5706 ⁸
659 5715 700 5745 ¹⁵
736 5713 1034 5786 ,Ιοθηηχιιῃ
1065 5719 1115 5769 9.

2229 3099 2429 3168 Spiritu
2481 3102 2712 3168 rogitat,
2753 3101 2915 3154 etiam
2952 3102 3164 3156 Patrem
3204 3101 3412 3170 Spiritu
3461 3109 3780 3160 destitutum

2227 3189 2508 3258 intelliget.
2549 3189 2686 3255 Quia
2729 3191 2875 3244 enim
2916 3190 3085 3244 Filius
3123 3190 3300 3248 Patris
3331 3203 3414 3247 est
3453 3193 3693 3248 deﬁnitio
3727 3205 3784 3248 et

2229 3278 2484 3343 verbum;
2515 3290 2566 3330 et
2604 3281 2747 3332 sicut
2777 3279 3020 3333 deﬁnitio
3055 3281 3121 3333 ad
3163 3281 3468 3346 deﬁnitum,
3497 3283 3610 3336 sive
3649 3283 3783 3337 deﬁ-

2226 3365 2413 3430 nibile,
2436 3366 2516 3420 sic
2535 3381 2592 3421 se
2613 3367 2775 3420 habet
2797 3365 2966 3420 Filius
2988 3369 3054 3420 ad
3075 3368 3285 3421 Patrem
3308 3371 3460 3436 juxta
3476 3370 3780 3439 theologum

2227 3457 2547 3528 Gregorium
2573 3473 2586 3509 :
2607 3457 2848 3520 omnino,
2869 3459 2959 3525 qui
2978 3457 3178 3512 deﬁniti
3205 3460 3569 3514 deﬁnitionem
3592 3464 3761 3516 nescit

2226 3563 2401 3616 neque
2429 3550 2603 3615 ipsum
2635 3548 2906 3603 delinibilc
2935 3563 2998 3604 ac
3027 3548 3307 3603 deﬁnitum
3348 3554 3502 3608 sciet.
3529 3537 3710 3620 itaque
3736 3556 3782 3608 si

2224 3639 2442 3708 quidem
2480 3637 2643 3692 Pater
2689 3637 2922 3706 Spiritus
2965 3639 3142 3692 sancti
3179 3655 3343 3695 causa
3383 3651 3498 3706 est,
3530 3654 3581 3696 et
3616 3642 3784 3697 Filius

2224 3745 2346 3782 cum
2380 3744 2462 3782 eo.
2507 3728 2663 3794 Quod
2699 3731 2741 3782 si
2782 3745 2890 3783 non
2925 3729 3122 3792 Filius,
3156 3747 3326 3800 neque
3355 3732 3511 3785 Pater
3539 3735 3782 3803 quidem.

2224 3817 2357 3870 Nam
2381 3819 2527 3884 quod
2561 3822 2613 3870 in
2650 3821 3086 3874 incommutabili
3119 3821 3352 3892 imagine
3382 3837 3488 3876 non
3517 3825 3782 3887 cernitur,

2226 3908 2276 3960 id
2319 3923 2496 3974 neque
2536 3909 2586 3960 in
2623 3904 2916 3974 'primitiva
2969 3910 3142 3964 forma
3191 3913 3537 3980 inspicietur.
3586 3913 3649 3965 Et
3689 3916 3782 3983 qui

2226 3995 2422 4050 Filium
2473 3995 2705 4066 Spiritus
2770 4000 2943 4054 sancti
3015 4016 3236 4054 causam
3291 4018 3396 4056 non
3441 4003 3678 4071 inspicit,
3719 4021 3785 4058 ne

2224 4089 2440 4141 Patrem
2477 4091 2690 4156 quidem
2728 4103 2952 4142 causam
2994 4089 3300 4158 hujusmodi
3339 4092 3522 4145 videre
3563 4095 3782 4162 poterit.

2223 4175 2375 4241 Quod
2408 4177 2549 4228 enim
2588 4177 2662 4230 ait
2693 4177 2961 4242 Christus,
2996 4179 3162 4230 veluti
3199 4180 3376 4233 brevis
3401 4182 3646 4249 quazdam
3681 4180 3784 4232 Pu-

2227 4269 2322 4321 tris
2344 4278 2393 4319 et
2422 4266 2538 4320 Filii
2566 4268 2860 4336 parilitatis
2892 4279 2944 4321 et
2998 4271 3139 4336 aequi
3169 4268 3388 4324 honoris
3411 4271 3654 4324 deﬁnitio
3677 4283 3780 4327 est.

2223 4356 2450 4421 Quanta:
2497 4358 2697 4424 igitur,
2743 4366 2795 4409 et
2835 4371 2998 4426 quam
3040 4358 3359 4425 periculosa:
3389 4359 3630 4412 audacia:
3677 4370 3782 4426 est,

2223 4463 2342 4500 cum
2371 4456 2515 4499 tanta
2541 4447 2610 4499 sit
2635 4447 2900 4502 ambobus
2935 4448 3494 4502 incommutabilitatis
3529 4449 3785 4502 identita-

2223 4538 2402 4604 ti-que
2433 4537 2569 4588 ratio
2591 4575 2604 4600 ,
2639 4536 2897 4604 Spiritum
2931 4551 2960 4588 a
2997 4534 3137 4588 Filio
3167 4535 3384 4589 auferre
3408 4575 3423 4600 ,
3458 4545 3643 4592 contra
3683 4539 3784 4590 Do-

2220 4625 2349 4678 mini
2382 4625 2714 4692 Patrumque
2738 4625 3090 4686 sententiam,
3113 4635 3170 4675 ut
3195 4623 3320 4676 hinc
3348 4627 3508 4676 etiam
3533 4627 3784 4692 imaginis

2221 4716 2741 4768 incommutabilitas
2790 4713 3017 4766 tollatur
3075 4712 3442 4781 essentiaaque
3479 4713 3783 4767 diti-tentia

2222 4809 2529 4861 necessario
2561 4804 2859 4873 sequatur?
2884 4802 3035 4857 Unde
3065 4818 3196 4858 sane
3225 4812 3456 4870 constat,
3485 4803 3698 4856 Patrem
3731 4817 3787 4858 et

2219 4894 2415 4947 Filium
2450 4910 2610 4947 unam
2659 4908 2778 4947 esse
2797 4895 2969 4946 sancti
3011 4893 3247 4962 Spiritus
3267 4907 3509 4958 causam,
3530 4898 3785 4963 gignendi

2220 4985 2590 5051 nascendique
2624 4981 2952 5051 proprietate
2983 4993 3216 5035 servata.

2289 5096 2526 5150 Joannes
2552 5094 2677 5146 item
2708 5093 3126 5162 tilltrysostomus
3159 5092 3210 5144 in
3239 5089 3307 5144 58
3333 5106 3494 5158 super
3518 5088 3787 5144 Joannem

2220 5189 2464 5252 humilia,
2493 5187 2954 5258 interrogantibus
2981 5184 3215 5244 Arianis,
3239 5183 3513 5252 quomodo
3536 5183 3786 5249 ejusdem

2219 5288 2362 5334 esset
2411 5259 2680 5340 essentia,
2731 5277 2824 5346 qui
2878 5278 3147 5346 mitteret.
3200 5283 3253 5329 et
3301 5275 3391 5342 qui
3449 5273 3786 5337 mitteretur,

2220 5369 2500 5437 respondit
2539 5367 2768 5421 dicens:
2807 5385 2824 5416 ι
2859 5364 3071 5419 Rursus
3112 5363 3177 5417 ad
3211 5364 3446 5417 humana
3475 5363 3782 5416 orationem

2220 5459 2492 5513 convertis
2516 5498 2530 5522 ,
2570 5467 2746 5527 ncque
2785 5455 3044 5523 intelligis
3079 5455 3178 5506 ista
3214 5466 3432 5522 propter
3465 5453 3600 5505 nihil
3630 5451 3784 5504 aliud

2220 5550 2350 5615 dici,
2385 5551 2490 5605 nisi
2520 5557 2575 5603 ut
2605 5557 2658 5605 et
2684 5562 2902 5604 causam
2936 5546 3194 5609 sciamus,
3223 5554 3276 5598 et
3299 5543 3351 5597 in
3386 5542 3606 5597 Sabellii
3629 5557 3785 5605 mor-
