4046 6204
299 367 376 427 ’Π
768 406 787 420 .
1387 357 1779 418 ADVERSUS
1807 355 1884 413 GI

1987 355 2116 416 COS
2173 359 2302 420 LIB
2363 365 2444 422 Ιῐ.
3463 363 3535 422 '73

306 483 438 534 lium
483 492 591 532 non
638 474 962 528 incidamus.
1013 489 1031 520 ι
1075 469 1303 524 Constat
1335 482 1400 522 ex
1446 469 1565 528 his,
1616 466 1874 533 quoniam
1909 469 1950 522 Δ
1981 469 2215 522 cundum
2265 488 2322 524 se
2349 487 2469 526 esse
2498 487 2526 525 a
2560 473 2733 528 Patris
2768 473 3026 542 dignitate
3061 473 3327 538 ostendit;
3362 490 3535 543 neque

309 571 490 634 mitti,
533 584 638 620 una
669 564 890 633 quidem
921 561 1229 616 divinarum
1269 573 1626 628 personarum
1665 557 1874 608 disere-

309 670 524 715 tt0uem
543 655 910 715 commendat,
933 654 1093 706 simul
1121 652 1285 705 etiam
1311 665 1533 704 causam
1587 658 1641 702 et
1663 649 1878 701 causale

314 752 559 806 indicat:
589 769 606 798 ι
639 749 868 814 Propter
895 743 1031 798 nihil
1053 744 1197 796 enim
1224 741 1367 794 aliud
1401 740 1539 794 mitti
1571 741 1748 793 dictus
1771 748 1875 799 est,

227 883 236 896 ,
313 845 421 897 nisi
455 852 510 894 ut
545 854 765 894 causam
791 839 1049 899 sciamus,
1073 847 1129 888 et
1158 835 1209 886 in
1243 833 1463 887 Saliellii
1490 833 1740 886 morbum
1769 843 1874 882 non

313 933 647 986 incidamus.
693 948 712 978 ι
749 926 807 980 Si
847 938 1030 980 autem
1091 927 1307 977 mittere
1352 933 1404 976 et
1458 923 1616 983 mitti,
1655 934 1876 972 causam

309 1035 360 1078 et
391 1024 613 1077 eausale
633 1019 930 1090 signiﬁcat,
952 1033 980 1070 a
1009 1016 1144 1068 Filio
1168 1023 1350 1068 autem
1383 1014 1614 1067 mittitur
1638 1009 1877 1080 Spiritus

310 1124 561 1173 sanctus.
612 1113 779 1180 liquet
829 1110 1129 1168 srcundum
1173 1109 1356 1161 divum
1402 1107 1875 1173 Chrysostoinum,

311 1209 440 1278 quia
470 1208 641 1261 Filius
668 1221 835 1260 causa
867 1216 947 1264 est
976 1204 1212 1272 Spiritus
1239 1201 1440 1262 sancti,
1478 1209 1531 1251 ct
1559 1199 1815 1264 quoniam
1848 1209 1877 1250 ι

312 1299 475 1351 Patre
502 1309 557 1351 et
600 1295 738 1354 Filio
777 1296 1045 1357 mittitur;
1088 1293 1248 1346 Pater
1277 1306 1407 1359 ergo
1439 1299 1492 1343 et
1533 1288 1704 1342 Filius
1738 1301 1878 1340 unus

312 1389 558 1444 mittens.
591 1400 806 1453 unaque
834 1398 995 1438 causa
1039 1394 1264 1435 sanctus
1293 1378 1533 1448 Spiritus
1561 1386 1662 1430 est.
1693 1376 1880 1443 itaque

314 1493 418 1531 ηοε.
467 1479 643 1529 solum
691 1491 788 1542 per
834 1473 1102 1541 id,'quod
1145 1472 1346 1525 dicitur
1388 1469 1716 1538 procedere,
1755 1481 1876 1542 cum

312 1568 552 1635 Spiritus
589 1581 655 1617 ex
694 1537 860 1632 Patre
902 1537 996 1632 per
1042 1561 1238 1635 Filium
1288 1537 1576 1629 pret-edere
1615 1537 1878 1624 tlteolOgis

311 1665 683 1717 asset-eretur,
722 1629 917 1710 verum
939 1667 1033 1719 per
1076 1653 1126 1704 id
1162 1629 1376 1718 quoque
1419 1649 1561 1717 quod
1611 1647 1748 1700 tuitti
1786 1661 1878 1711 per

313 1748 508 1804 Filium
539 1745 776 1814 Spiritus
806 1743 1028 1806 dicitur,
1059 1741 1228 1795 Filius
1250 1740 1488 1809 Spiritus
1516 1739 1685 1792 sancti
1715 1754 1874 1791 causa

309 1837 619 1892 secundum
654 1835 1091 1898 substantialem,
1132 1841 1184 1886 et
1216 1833 1458 1890 unicum.
1491 1839 1542 1883 et
1574 1829 1875 1897 simplicem

310 1941 650 1995 processum,
671 1926 824 1995 juxta
858 1923 1112 1977 Ecclesia:
1135 1922 1436 1990 theologos.
1468 1919 1700 1986 ﬁdeique
1727 1920 1875 1985 prim

308 2020 453 2086 cipia
484 2032 604 2070 esse
630 2015 939 2086 invenitur.
957 2013 1021 2065 Et
1041 2013 1169 2066 illud
1198 2028 1302 2065 una
1329 2018 1574 2079 apparet,
1597 2011 1740 2077 quod
1769 2025 1874 2062 non

306 2112 446 2164 dare
471 2109 815 2164 solummodo
845 2118 900 2169 et
929 2084 1135 2166 oaudt're
1175 2116 1230 2159 et
1269 2107 1534 2170 accipere,
1575 2105 1627 2156 in
1657 2103 1876 2160 divinis.

312 2212 378 2253 at
426 2216 588 2269 supra
639 2201 1072 2253 demonstratum
1103 2204 1218 2255 est,
1251 2210 1510 2255 causam,
1544 2202 1596 2246 et
1637 2193 1874 2253 causalc,

313 2305 787 2360 personarumque
832 2287 1251 2347 discretionem,
1304 2296 1357 2338 ct
1397 2285 1465 2336 ah
1506 2283 1611 2335 alio
1653 2298 1793 2342 esse,
1826 2291 1879 2336 et

312 2397 539 2437 causam
571 2397 691 2437 esse
718 2381 924 2435 indicat
948 2420 960 2442 ,
997 2381 1091 2434 sed
1123 2387 1174 2433 et
1211 2385 1436 2438 mittere,
1463 2385 1518 2427 ct
1551 2374 1706 2436 mitti,
1749 2388 1878 2424 cau-

311 2490 435 2527 sam
469 2475 652 2530 itidem
685 2481 739 2527 et
777 2471 995 2527 causale
1029 2468 1297 2539 significat
1319 2508 1332 2532 ,
1369 2465 1619 2534 mittique
1673 2462 1740 2514 ab
1772 2461 1881 2514 alio

312 2579 428 2617 em
465 2562 823 2616 demonstrat.
859 2559 982 2612 ideo
1024 2569 1080 2612 et
1137 2555 1296 2614 Pater
1336 2555 1476 2622 mitti
1527 2567 1630 2605 non
1664 2550 1879 2613 dicitur,

316 2654 578 2722 quoniam
621 2669 688 2707 ex
732 2653 885 2707 nullo
915 2660 1039 2715 est;
1095 2649 1265 2716 Filius
1313 2655 1493 2700 autem
1543 2652 1596 2697 et
1647 2643 1882 2710 Spiritus

315 2748 561 2803 sanctus,
605 2739 864 2807 quoniam
911 2753 976 2790 ex
1024 2751 1188 2792 causa
1236 2743 1398 2798 sunt,
1446 2734 1743 2786 secundum
1798 2729 1879 2783 sui

317 2847 612 2900 processus
636 2830 999 2888 diﬁcrentiam
1046 2828 1181 2881 mitti
1210 2825 1467 2880 dicuntur
1495 2841 1510 2877 :
1554 2821 1722 2875 Filius
1760 2822 1881 2889 qui-

316 2923 440 2976 dem
465 2963 479 2987 ,
512 2937 542 2976 a
592 2920 752 2975 Patre
781 2922 935 2984 solo,
974 2920 1106 2989 quia
1149 2927 1204 2972 et
1238 2933 1301 2972 ea
1337 2915 1455 2971 solo
1484 2923 1599 2978 est;
1646 2913 1882 2980 Spiritus

318 3023 504 3068 autem
532 3021 758 3068 sanatus
782 3027 812 3066 a
837 3013 994 3065 Patre
1018 3021 1070 3068 et
1092 3010 1251 3073 Fiiio,
1282 3007 1536 3077 quoniam
1587 3019 1682 3073 per
1705 3004 1879 3072 ipsum

1977 559 2120 614 enim
2155 563 2363 617 servilis
2385 556 2471 616 illa
2500 565 2688 619 missio
2717 565 3060 634 intelligenda
3084 576 3186 629 est,
3218 569 3321 620 etsi
3370 582 3530 636 quam

1979 652 2215 705 maxime
2247 656 2426 708 servili
2461 654 2632 708 forma
2667 658 2925 718 vestitus,
2957 659 3070 712 lia'c.
3102 659 3166 711 de
3203 675 3260 712 se
3287 659 3402 712 sine
3433 662 3534 712 cri-

1981 742 2124 794 mine
2166 743 2434 811 loquatur.
2477 745 2672 799 Missus
2705 757 2782 800 est
2815 760 2993 800 autem
3027 751 3120 812 ita,
3151 750 3291 802 sicut
3319 755 3535 804 verbum

1977 847 2042 884 ex
2080 845 2294 894 mente,
2333 837 2473 887 sicut
2503 837 2756 903 splendor
2797 839 2923 892 solis
2951 854 3012 892 ex
3050 841 3185 907 ipso.
3237 859 3254 889 ι

2050 925 2192 977 idem
2248 941 2412 994 super
2462 927 2630 980 illud:
2679 928 2863 983 Sciens
2910 933 3033 997 quia
3081 933 3259 983 omnia
3300 931 3448 984 dedit
3495 934 3539 984 ei

1980 1011 2139 1099 Pater
2164 1018 2214 1067 iit
2245 1033 2430 1069 manus
2451 1017 2492 1047 "
2519 1057 2533 1080 ,
2569 1035 2586 1066 ι
2624 1019 2680 1070 Et
2711 1029 2875 1076 certe.
2908 1021 3100 1088 inquit,
3127 1035 3233 1073 non
3260 1022 3534 1088 ignorans,

1979 1105 2106 1172 quia
2152 1108 2394 1158 omnium
2450 1107 2609 1159 habet
2663 1118 3019 1174 potestatein,
3069 1122 3122 1163 et
3171 1112 3292 1178 quia
3347 1127 3375 1164 a
3429 1115 3536 1163 Deo

1977 1196 2165 1250 exivit.
2202 1196 2301 1249 huc
2331 1207 2433 1260 est,
2463 1212 2528 1249 ex
2564 1198 2738 1250 Patris
2769 1200 3002 1253 essentia
3040 1211 3199 1252 natus
3229 1213 3329 1254 est.
3375 1221 3392 1252 ι

2049 1287 2190 1342 Idem
2222 1305 2384 1358 super
2411 1291 2539 1344 illud
2568 1311 2579 1342 :
2607 1292 2940 1351 Credidistis,
2963 1298 3092 1360 quia
3115 1311 3146 1345 α
3175 1294 3277 1346 Deo
3305 1296 3438 1346 exivi
3462 1296 3537 1355 '°,

1984 1399 2002 1428 ‹
2051 1379 2123 1433 Ex
2151 1397 2238 1444 eo,
2273 1382 2472 1450 inqttit,
2503 1385 2647 1450 quod
2681 1386 2796 1436 ait:
2837 1383 2989 1438 Exivi
3017 1402 3046 1435 a
3088 1385 3211 1446 Deo,
3239 1387 3322 1438 hic
3353 1403 3540 1439 rursus

1979 1471 2288 1537 putabimus
2318 1474 2548 1535 dictum,
2583 1475 2686 1532 vel.
2727 1473 2852 1539 quia
2906 1484 3064 1526 natus
3093 1490 3210 1527 sunt
3236 1515 3248 1534 ,
3283 1487 3443 1542 atque
3473 1492 3536 1527 ex

1979 1561 2121 1614 illius
2155 1562 2458 1615 suhstzintia
2510 1565 2660 1616 illusi
2711 1567 3010 1618 secundum
3070 1565 3425 1632 processum,
3486 1579 3544 1619 ut

1979 1667 2175 1716 esseni,
2211 1663 2262 1705 et
2296 1654 2643 1721 luteiligcrer,
2679 1657 2906 1709 fortasse
2932 1655 3147 1723 proptie
3202 1671 3263 1709 ac
3291 1659 3544 1709 sulistnn-

1981 1744 2210 1807 tialiter,
2249 1761 2352 1796 non
2391 1755 2566 1796 tamen
2611 1747 2824 1811 penitus
2873 1746 3110 1799 divisini.
3158 1747 3253 1799 Est
3297 1749 3438 1799 enim
3489 1747 3539 1798 iu

1985 1834 2120 1888 Filio
2140 1834 2314 1894 Pater,
2340 1851 2663 1902 rursumque
2687 1837 2985 1890 secundum
3013 1844 3256 1889 naturain
3309 1839 3359 1888 in
3385 1836 3544 1889 Putre
3593 1889 3598 1894 ,

1984 1925 2180 1978 Filius.
2229 1925 2354 1977 Sive
2400 1927 2570 1984 exiri,
2624 1942 2721 1993 pro
2764 1943 2826 1979 co
2873 1928 3014 1989 quod
3063 1938 3172 1990 est,
3223 1927 3395 1980 factus
3421 1944 3540 1980 sum

1983 2019 2174 2080 homo,
2222 2028 2453 2069 vestram
2501 2017 2728 2070 formam
2786 2027 3140 2085 naturamque
3215 2017 3540 2084 suscipiens.

1984 2107 2148 2172 Quasi
2183 2110 2323 2160 enim
2361 2111 2510 2160 lorus
2541 2109 2836 2176 cujuslibet
2871 2110 2944 2162 rei
2981 2120 3063 2162 est
3102 2110 3318 2175 prtipria
3350 2119 3543 2161 natura

1983 2214 2010 2250 τι
2043 2214 2145 2266 qua
2177 2201 2309 2257 exit,
2332 2215 2450 2252 eum
2483 2201 2546 2251 ad
2579 2199 2724 2252 aliud
2751 2199 3031 2268 quodlibet
3062 2200 3284 2267 migrat,
3315 2208 3368 2253 et
3397 2201 3541 2269 quod

1984 2305 2090 2341 nou
2127 2297 2246 2342 erat
2275 2290 2525 2342 eilicitur.
2576 2309 2594 2339 ι

2053 2378 2286 2432 Sanctus
2333 2383 2459 2432 itrm
2513 2381 2774 2434 Maxlmus
2820 2381 3244 2435 controversiam
3295 2381 3542 2432 Anotntei

1984 2484 2081 2522 seu
2113 2469 2298 2520 Ariani
2335 2484 2454 2522 cum
2499 2471 2802 2523 ortliodoao
2847 2472 2900 2522 in
2937 2487 3139 2523 morem
3174 2471 3371 2541 dialogi
3416 2485 3545 2520 ron-

1984 2557 2248 2624 scribens,
2285 2561 2605 2614 Anoinmum
2645 2560 3063 2628 interrogantem
3099 2561 3256 2623 tat-it,
3289 2562 3542 2626 quidnam

1985 2648 2052 2699 sit
2085 2649 2318 2716 gignere,
2352 2660 2400 2702 et
2445 2650 2618 2714 nasci,
2642 2659 2690 2704 et
2732 2653 2991 2714 emittere,
3035 2665 3194 2718 atque.
3221 2651 3547 2716 producere?

1985 2739 2469 2810 Orthodosuinque
2493 2743 2563 2795 ita
2589 2743 3003 2808 respondentem
3034 2743 3327 2795 introducit
3354 2759 3366 2794 :
3397 2761 3413 2790 ‹
3439 2740 3544 2792 Pn-

1985 2839 2067 2882 ter
2107 2832 2319 2898 quidem
2384 2833 2584 2901 gignit,
2619 2841 2721 2888 hoc
2776 2843 2856 2887 est
2912 2835 3123 2902 genuit,
3165 2833 3332 2886 Filius
3366 2843 3544 2885 autem

1986 2923 2244 2991 gignitur,
2272 2923 2322 2976 id
2347 2933 2427 2976 est
2479 2925 2697 2992 genitus
2719 2935 2799 2978 est
2821 2943 2834 2989 ;
2859 2935 3020 2991 atque
3045 2925 3153 2991 ipse
3177 2923 3332 2976 Pater
3353 2925 3548 2977 emittit

1989 3017 2272 3082 Spiritum,
2294 3016 2398 3068 hoc
2425 3025 2506 3068 est
2529 3015 2747 3079 emisit;
2777 3015 3124 3084 Spiratusquc
3151 3017 3412 3084 procedit,
3445 3017 3546 3069 hoc

317 3112 375 3157 et
396 3105 466 3157 ab
490 3103 613 3171 ipso
633 3111 736 3154 est.
763 3100 933 3154 Aliter
957 3100 1100 3154 enim
1121 3097 1164 3153 si
1193 3096 1528 3166 accipiantur
1551 3093 1676 3156 ista,
1704 3092 1879 3146 locum
1911 3096 1954 3154 ο
1987 3116 2068 3159 ρει
2101 3108 2379 3173 processu.
2431 3126 2448 3158 ,

319 3197 378 3250 in
405 3203 599 3248 sancta
635 3192 899 3246 Trinitate
928 3206 1034 3245 non
1066 3190 1289 3264 habent,
1320 3187 1414 3242 tibi
1445 3185 1764 3246 substantiae
1801 3186 1880 3236 in-

320 3284 788 3340 commutabilitas
821 3292 985 3350 atque
1037 3279 1288 3335 idemitas
1326 3291 1466 3341 esse,
1509 3290 1606 3344 pro
1632 3274 1883 3329 confesso

324 3378 575 3430 bal-etut.

395 3467 588 3536 Liquet
619 3476 794 3520 autem
820 3481 884 3517 ex
915 3463 1022 3524 his,
1048 3462 1189 3529 quod
1219 3462 1272 3514 in
1304 3459 1442 3512 Filio
1469 3459 1686 3528 quidem
1715 3458 1882 3525 gigni,

324 3559 470 3612 mitti
516 3569 630 3620 est,
683 3558 739 3614 in
789 3556 992 3625 Spiritu
1045 3568 1174 3607 vero
1217 3551 1513 3621 procedere
1557 3561 1656 3603 est.
1703 3548 1888 3616 Neque

325 3650 478 3706 mitti
507 3649 698 3712 solum,
732 3647 825 3702 sed
852 3646 1110 3715 quaelibet
1134 3646 1319 3708 verba,
1340 3655 1656 3711 processum
1681 3639 1890 3705 simpli-

324 3743 471 3798 citer
490 3741 870 3812 signiﬁcantia,
888 3737 1135 3806 Filioque
1155 3751 1218 3790 ae
1237 3734 1462 3803 Spiritui
1482 3733 1888 3794 convenientia,

324 3834 380 3885 in
417 3834 590 3886 altero
618 3830 841 3900 quidem
875 3828 1234 3886 nativitatem,
1264 3826 1316 3879 in
1353 3823 1521 3876 altero
1550 3831 1730 3875 autem
1765 3836 1888 3888 pro-

328 3924 636 3980 cessionem
667 3918 1072 3979 commendant,
1096 3917 1248 3986 juxta
1279 3914 1484 3971 scilicet
1518 3913 1734 3966 illorum
1763 3925 1891 3978 pro-

329 4014 475 4082 prios
531 4009 1034 4074 substantialesque
1082 4019 1391 4076 processus.
1450 4001 1574 4057 Haec
1635 4001 1779 4055 enim
1839 4008 1894 4053 et

328 4106 502 4159 sancti
535 4105 728 4157 Patres
757 4102 964 4155 dicunt.

402 4196 640 4250 Sanctus
674 4192 908 4260 denique
940 4190 1195 4259 Cyrillus.
1238 4202 1402 4256 super
1448 4185 1576 4240 illud
1616 4182 1893 4250 evangeii-

332 4303 453 4340 cum
511 4285 687 4351 :‘Qui
743 4292 915 4336 autem
959 4281 1151 4348 accipit
1182 4279 1326 4331 illius
1382 4276 1757 4337 testimonium,
1815 4275 1892 4326 si-

335 4381 532 4447 gnat-it,
569 4380 700 4445 quia
753 4375 887 4428 Deus
941 4386 1100 4426 uerax
1159 4381 1233 4424 est
1270 4370 1352 4432 ⁸⁸,
1389 4388 1406 4420 t
1447 4367 1624 4429 Pater,
1694 4366 1889 4434 inqttit,

341 4472 526 4524 Filium
562 4485 626 4524 ex
661 4467 876 4537 propria
910 4474 1102 4518 natura
1132 4462 1373 4530 protulit,
1405 4458 1569 4513 veluti
1596 4473 1661 4511 ex
1692 4458 1894 4511 lumine

340 4561 705 4629 splendorem,
736 4557 1036 4611 secundum
1073 4552 1398 4605 ineffabilem
1429 4563 1589 4618 atque
1616 4549 1895 4600 inenarrat-

343 4653 495 4703 liilem
531 4649 730 4701 divina
759 4643 1056 4698 nativitatis
1087 4657 1324 4703 morem,
1357 4642 1500 4708 quod
1535 4640 1648 4706 ipse
1678 4652 1896 4705 quoque

344 4746 490 4798 nobis
540 4741 782 4796 ostendit
824 4740 1052 4793 dicens:
1111 4735 1416 4804 Unigenitna
1471 4748 1561 4800 ego
1611 4745 1674 4784 ex
1730 4731 1894 4782 Patre

344 4835 492 4894 exiri,
535 4843 583 4886 et
616 4830 855 4884 venio".
903 4828 1084 4881 Exivit
1118 4826 1315 4894 quippe
1357 4838 1420 4874 ex
1463 4820 1621 4873 Patre
1666 4821 1718 4872 itt
1767 4835 1893 4888 pro-

345 4924 504 4989 priam
557 4918 924 4973 substantiam
977 4914 1179 4976 Filius,
1236 4913 1338 4966 etsi
1389 4913 1446 4963 in
1505 4911 1620 4977 ipso
1683 4922 1896 4974 semper

344 5012 634 5065 secundum
664 5019 912 5062 naturain
938 5015 1040 5068 est,
1065 5006 1315 5072 quodque
1341 5000 1498 5054 nobis
1530 5003 1582 5050 iit
1611 4998 1703 5050 illo
1717 4998 1898 5050 exisse

345 5103 631 5171 signiﬁcat,
668 5102 769 5153 hoc
802 5113 1016 5150 rursum
1051 5095 1138 5148 liic
1169 5094 1313 5146 mitti
1349 5092 1570 5146 iudicat.
1624 5109 1641 5141 ι

412 5193 550 5245 idem
593 5207 757 5258 super
792 5188 961 5241 illud:
995 5189 1109 5238 Mea
1137 5185 1380 5236 doctrina
1407 5201 1507 5237 non
1539 5193 1615 5236 est
1640 5199 1776 5247 mea,
1807 5186 1895 5238 sed

347 5286 588 5351 ejusqui
638 5284 779 5336 misit
834 5298 912 5334 me
960 5281 1040 5342 ⁸⁸,
1082 5297 1099 5328 ‹
1139 5277 1426 5331 Sciendum
1486 5290 1656 5338 vero,
1693 5277 1889 5344 inquit,

352 5380 484 5443 quod
513 5393 607 5445 per
641 5376 716 5437 id,
748 5376 891 5442 quod
925 5371 1147 5425 missum
1181 5385 1239 5422 se
1263 5369 1458 5422 iterum
1491 5369 1641 5434 dicit,
1677 5386 1780 5422 non
1809 5385 1894 5424 se-

2053 3193 2307 3246 Consona
2343 3195 2425 3247 his
2474 3204 2530 3248 ct
2553 3195 2742 3247 beatus
2774 3193 3068 3264 Gregorius
3102 3193 3382 3247 Romanus
3412 3210 3548 3263 pou-

1986 3283 2115 3337 tiiex
2146 3284 2196 3335 in
2232 3283 2452 3338 heir-ilia
2473 3300 2633 3353 super
2667 3285 2796 3337 illud
2830 3285 3202 3352 evangelicum
3230 3285 3342 3353 (3t)
3370 3300 3383 3335 :
3415 3285 3545 3335 Cum

1984 3392 2098 3448 sero
2115 3386 2244 3427 esset
2265 3376 2347 3426 die
2367 3375 2459 3426 illa
2482 3392 2585 3427 una
2608 3373 2962 3428 Subbatorum
2976 3375 3305 3442 ",iloqttitur
3321 3374 3544 3428 dicens:

1990 3486 2007 3516 ‹
2031 3466 2173 3519 Sicut
2205 3468 2343 3518 misit
2378 3483 2456 3517 me
2481 3469 2664 3527 Pater,
2683 3477 2728 3518 et
2749 3483 2838 3532 ego
2871 3467 3022 3518 mitto
3050 3466 3221 3518 vos“.
3257 3484 3273 3514 t
3303 3462 3414 3517 "0c
3441 3473 3546 3520 est.

1987 3573 2049 3610 ea
2096 3572 2191 3609 vos
2225 3557 2490 3610 cliaritate
2521 3555 2717 3623 diligo,
2744 3571 2866 3608 cum
2899 3557 3036 3606 inter
3071 3554 3324 3606 scandala
3363 3568 3546 3621 persc-

1987 3659 2233 3703 cutornm
2287 3647 2475 3707 mitto,
2537 3660 2642 3712 qua
2696 3660 2778 3697 me
2825 3644 3088 3695 cliaritate
3135 3643 3293 3694 Pater
3350 3643 3545 3709 diligit,

1989 3754 2147 3808 quem
2179 3737 2363 3790 venire
2393 3737 2458 3789 ad
2487 3733 2794 3788 tolerandas
2825 3734 3101 3799 passiones
3123 3734 3267 3788 facit.
3299 3733 3549 3797 quamvis

1989 3829 2126 3880 mitti
2160 3826 2342 3887 etiam,
2380 3825 2529 3893 juxta
2561 3822 2860 3876 divinitatis
2892 3830 3164 3880 naturam,
3195 3822 3349 3872 aliter
3379 3831 3550 3886 posszt

1990 3920 2240 3986 intelligi.
2271 3919 2348 3972 Eo
2382 3917 2524 3970 enim
2557 3919 2674 3983 ipso
2700 3932 2728 3968 a
2774 3915 2932 3968 Patre
2963 3913 3133 3966 Filius
3160 3913 3297 3966 tnitti
3328 3913 3548 3972 dicitur,

1989 4024 2098 4078 quo
2125 4024 2151 4060 a
2185 4006 2343 4059 Patre
2376 4014 2684 4072 generatur.
2726 4003 2854 4055 Nam
2911 4013 3156 4056 sanctum
3190 4018 3405 4071 quoque
3433 4001 3551 4072 Sp-

1995 4101 2192 4162 ritunt,
2238 4098 2351 4165 qui,
2385 4111 2504 4147 cum
2548 4096 2617 4149 sit
2647 4094 2938 4162 corqualis
2981 4092 3126 4147 Patri
3160 4105 3210 4148 et
3257 4093 3412 4158 Filio,
3443 4110 3548 4147 non

1995 4201 2174 4242 tamen
2207 4189 2520 4240 incarnatus
2544 4196 2645 4247 est,
2679 4183 2818 4236 idem
2854 4197 2913 4237 se
2937 4181 3106 4236 Fiiius
3135 4185 3344 4235 mittere
3371 4183 3551 4250 perii:-

1994 4281 2082 4334 bot
2106 4278 2322 4332 dicens:
2349 4277 2478 4330 Cum
2503 4277 2693 4328 venerit
2714 4274 3049 4338 Paraclettts,
3069 4289 3216 4341 quem
3235 4288 3326 4341 ego
3345 4274 3549 4325 mittant

1996 4373 2136 4426 vobis
2169 4389 2197 4422 η
2230 4368 2387 4420 Patre
2413 4368 2479 4419 ".
2511 4367 2565 4418 Si
2601 4366 2742 4418 enim
2776 4364 2937 4425 mitti,
2967 4363 3343 4416 tantummodo
3375 4365 3551 4415 inean-

1997 4462 2112 4515 nari
2142 4459 2358 4512 delieret
2380 4455 2625 4523 intelligi.
2647 4462 2868 4508 sanctus
2914 4453 3101 4519 procul
3125 4451 3290 4504 dubio
3315 4451 3549 4518 Spiritus

1996 4552 2142 4605 nullo
2174 4549 2334 4603 modo
2365 4547 2639 4600 diceretur
2668 4545 2830 4606 mitti,
2866 4544 2956 4610 qui
2997 4557 3334 4608 nequaquam
3369 4541 3550 4591 incar-

1996 4657 2156 4700 natus
2183 4653 2286 4705 est,
2321 4643 2413 4697 sed
2446 4643 2564 4710 cjus
2597 4640 2806 4703 missio,
2840 4639 2952 4705 ipsa
2987 4637 3265 4705 processio
3295 4643 3374 4688 est
3395 4673 3408 4694 ,
3443 4649 3548 4704 qua

1995 4740 2060 4792 de
2083 4736 2261 4802 ",Patre
2306 4735 2543 4801 procedit
2601 4744 2652 4786 et
2695 4732 2852 4786 Filio.
2898 4729 3053 4783 Sicut
3111 4728 3274 4797 igitur
3314 4725 3550 4795 Spiritus

1999 4827 2136 4880 mitti
2161 4825 2382 4886 dicitur,
2407 4825 2532 4892 quia
2564 4823 2828 4892 prot-cdit,
2859 4822 2930 4873 ita
2957 4831 3010 4872 et
3037 4819 3206 4873 Fiiius
3235 4833 3338 4870 non
3364 4819 3552 4869 incon-

1998 4933 2128 4988 grue
2159 4916 2294 4970 mitti
2316 4904 2543 4973 dicitur,
2573 4915 2662 4982 qni
2695 4925 3003 4980 generatur.
3056 4931 3073 4962 ι

2067 5007 2220 5072 Quod
2248 5005 2410 5071 igitur
2437 5020 2498 5057 ex
2525 5003 2632 5056 divi
2663 5002 2834 5056 Patris
2857 4999 3231 5072 Chrysostomi
3261 4997 3421 5050 dictis
3450 4994 3554 5047 col-

2002 5102 2206 5171 ligitttt‘,
2239 5099 2340 5152 hoc
2366 5099 2525 5150 etiam
2569 5105 2880 5148 sanctorum
2916 5104 3235 5146 czetcrorum
3267 5088 3553 5142 sententiis

1999 5192 2177 5260 colligi
2195 5191 2372 5243 datur.
2398 5185 2530 5240 Mitti
2557 5185 2752 5253 quippe
2777 5181 2948 5234 hocin
2973 5179 3126 5238 Patre
3149 5194 3208 5231 ac
3231 5175 3365 5228 Filio
3385 5172 3554 5238 signi-

2004 5287 2128 5337 licat
2155 5282 2297 5349 quod
2341 5289 2393 5332 et
2427 5277 2606 5338 nasci,
2636 5285 2687 5326 et
2718 5290 2780 5327 ex
2822 5272 2980 5325 Patre
3027 5285 3147 5324 esse
3189 5268 3421 5327 habere;
3455 5264 3555 5316 etsi

1993 5372 2146 5440 juxta
2169 5367 2286 5419 Filii
2321 5366 2712 5417 humanitatem
2743 5362 2845 5415 ista
2881 5358 3099 5426 intelligi
3132 5358 3354 5423 possint.
3387 5351 3559 5405 Porro

427 5511 639 5572 "Joau.
670 5534 749 5580 ιιι.
785 5519 872 5572 53.
954 5517 998 5585 ’ἶ
1033 5515 1189 5571 Joan.
1229 5527 1343 5585 xv]2
1372 5510 1461 5565 28.
1539 5506 1762 5566 "Joan.
1788 5528 1884 5577 \'li,

1987 5551 1993 5564 .
2038 5515 2078 5545 ¹⁹
2110 5511 2264 5564 Joan.
2296 5524 2407 5572 xm,
2441 5509 2490 5561 ὖ.
2536 5510 2578 5538 ²⁶
2607 5507 2762 5562 Jozm.
2788 5505 3016 5585 “1,37.
3092 5503 3131 5533 ¹¹
3172 5499 3354 5554 Matth.
3384 5512 3471 5556 xx,
3504 5491 3559 5546 δ.

356 5589 397 5617 ⁸⁵
427 5586 572 5640 Joan.
611 5603 701 5652 xx,
734 5591 824 5642 9.1.
903 5587 946 5616 ²³
975 5583 1132 5638 Joan.
1163 5599 1248 5646 xv,
1277 5581 1369 5634 26.

422 5725 528 5798 (31)
569 5728 726 5782 ilom.
759 5728 828 5783 26
863 5745 1026 5796 super
1058 5727 1258 5794 Erang.
