4046 6204
504 366 584 424 Ἠ

514 587 716 639 corpus
744 586 846 625 non
879 569 1239 638 assumpserit
1270 580 1325 622 ιιι
1358 569 1545 632 Filius,
1583 576 1748 622 restat
1777 568 2075 635 intelligen-

459 726 463 734 ι
522 664 648 715 dum
681 662 746 714 de
781 661 1012 714 naturali
1047 674 1304 728 processu
1339 659 1513 713 sancti
1551 658 1790 727 Spir.tus
1823 672 1883 711 ex
1914 655 2074 723 Filio,

455 833 461 842 ι

441 1913 466 1924 \

511 753 657 823 quod
692 753 850 815 mitti,
881 762 933 805 et
958 753 1127 814 exire,
1156 760 1208 803 et
1242 750 1456 817 prodire
1483 749 1701 803 dicitur.

579 843 655 897 Ex
699 844 900 912 quibus
950 844 1109 896 etiam
1163 841 1400 894 maxime
1454 841 1801 894 manifestum
1847 847 1968 901 est,
2019 845 2078 891 ut

511 937 774 1000 diximus,
811 952 918 989 non
945 935 1086 988 duos
1121 948 1243 988 esse
1278 933 1452 987 sancti
1493 933 1731 1001 Spiritus
1762 945 2074 1000 processus,

509 1027 651 1094 quod
680 1041 709 1078 a
755 1023 1082 1092 quibusdam
1121 1024 1456 1086 assumitur;
1509 1022 1612 1074 hoc
1636 1021 1782 1075 enim
1830 1019 2076 1089 pluribus

511 1119 786 1185 arguitur,
825 1116 927 1169 etsi
969 1124 1188 1183 propter
1221 1115 1364 1167 illius
1388 1114 1738 1179 temporalem
1766 1110 2078 1166 manifesta-

513 1209 733 1271 tionem,
765 1215 1122 1272 nostrumque
1156 1204 1481 1272 proiectum,
1509 1213 1774 1256 aeternum
1807 1201 1950 1269 quod
1972 1210 2074 1266 est,

509 1299 808 1366 temporale
834 1298 1102 1359 videatur,
1135 1305 1192 1350 ut
1221 1296 1471 1364 superius
1504 1294 1710 1348 dictum
1738 1300 1842 1347 est.

579 1391 734 1456 Quod
779 1391 824 1444 si
871 1391 1030 1444 divus
1075 1389 1494 1458 Chrysostomus
1527 1386 1634 1440 alio
1667 1386 1717 1438 in
1747 1385 1866 1439 loco
1895 1384 2072 1438 dixit.-

515 1496 536 1530 ι
566 1480 703 1533 Cum
735 1495 863 1536 vero
883 1479 1023 1531 mitti
1054 1477 1316 1538 audieris.
1351 1477 1455 1528 noli
1478 1477 1545 1529 de
1567 1475 1848 1529 divinitate
1871 1475 2071 1528 dictutn

510 1572 789 1639 accipere;
854 1569 998 1624 Deus
1049 1583 1151 1623 non
1212 1568 1466 1630 mittitur,
1506 1587 1523 1619 ι
1567 1567 1892 1627 dicendum,
1929 1566 2073 1632 quod

507 1662 634 1728 quia
662 1660 878 1727 plurimi
903 1660 1307 1722 haereticorum,
1331 1674 1395 1710 ex
1423 1672 1486 1720 eo
1512 1657 1654 1724 quod
1680 1657 1884 1710 dicitur
1910 1655 2070 1720 mitti,

508 1754 709 1820 gradus
756 1751 1100 1805 divinitatum
1183 1750 1627 1811 introdueentes,
1683 1762 1954 1816 unamque
2020 1755 2074 1802 et

508 1843 868 1894 unitissimam
891 1840 1182 1894 essentiam
1207 1849 1259 1891 et
1283 1839 1539 1892 deitatem
1564 1837 1888 1902 dividentes,
1908 1837 2066 1891 aliam
2085 1856 2096 1864 ι

505 1933 720 2000 quidem
757 1932 999 1994 mittere,
1039 1930 1178 1984 mitti
1211 1930 1372 1984 aliam
1431 1929 1733 1991 docebant;
1767 1929 1887 1982 ideo
1925 1944 2068 1997 pra:-

504 2032 689 2092 reptor
721 2023 936 2090 pictatis
978 2022 1107 2074 illud
1164 2022 1380 2089 quidem
1417 2021 1678 2086 denegat,
1713 2036 1779 2074 ne
1812 2020 2068 2074 tleitatttm

504 2112 881 2174 iutroducatur
916 2111 1224 2175 multitudo,
1255 2112 1588 2178 deorumque
1618 2108 2067 2177 consequentium

507 2206 704 2272 partim
731 2203 1099 2273 superiorum,
1127 2202 1326 2271 partim
1359 2200 1704 2265 inferiorum,
1732 2202 1887 2270 juxta
1921 2201 2072 2254 scili-

505 2303 591 2348 cet
639 2293 1064 2351 substantiarum
1113 2292 1478 2356 differentias;
1530 2299 1584 2345 et
1621 2292 1697 2344 ait
1737 2291 1863 2360 quia
1898 2290 2071 2344 deitas

507 2400 610 2435 non
644 2383 894 2441 mittitur,
925 2395 1100 2450 neque
1126 2381 1287 2444 Deus,
1314 2379 1535 2448 quando
1558 2377 1858 2432 secundum
1887 2375 2071 2430 Deita-

506 2475 573 2527 tis
606 2488 800 2526 nomen
835 2472 1084 2525 absolute
1127 2471 1328 2524 dicitttr
1353 2511 1368 2534 ,
1401 2480 1454 2524 et
1485 2470 1604 2523 sine
1634 2468 1922 2523 relatione.
1967 2465 2070 2522 Per

509 2567 556 2618 id
592 2580 739 2628 vero,
772 2563 916 2632 quod
952 2563 1165 2616 mittere
1193 2568 1246 2615 et
1273 2561 1413 2614 mitti
1450 2559 1675 2624 dicitur,
1710 2571 2068 2627 personarum

504 2656 894 2718 substantiam,
926 2667 1264 2721 causamque
1293 2660 1347 2706 et
1379 2650 1595 2705 causale
1635 2648 1945 2703 conﬁtetur.
1979 2647 2071 2700 Di-

505 2749 685 2816 citque
718 2745 920 2800 idcirco
953 2745 1080 2805 diei,
1123 2745 1250 2812 quia
1298 2743 1551 2808 mittitur,
1590 2752 1647 2794 ut
1670 2754 1890 2794 causam
1925 2738 2068 2792 scia-

507 2851 659 2899 mus,
705 2845 759 2888 et
801 2835 851 2887 in
897 2834 1116 2888 Sabellii
1148 2833 1402 2889 morbum
1431 2847 1540 2887 non
1573 2830 1899 2889 incidamus,
1932 2828 2068 2880 mitti

506 2926 584 2980 sic
609 2925 904 2993 accipiens.
938 2924 1236 2978 secundum
1267 2921 1412 2991 quod
1473 2935 1702 2988 persona
1740 2936 1801 2973 ex
1837 2933 2064 2987 persona

505 3015 866 3070 substantiam
898 3013 1098 3076 habet,
1146 3029 1210 3068 ex
1240 3029 1302 3068 ea
1338 3012 1626 3082 prodiens,
1661 3025 1786 3066 cum
1825 3024 1928 3062 una
1961 3007 2065 3062 illis

2087 3109 2130 3170 C
2166 3124 2302 3161 nere.
2319 3127 2336 3158 ι

505 3106 577 3158 sit
605 3107 861 3158 essentia.
925 3119 931 3126 '

580 3194 765 3263 itaque
796 3195 1093 3249 secundum
1126 3196 1267 3264 quod
1302 3194 1486 3249 divina
1519 3209 1752 3264 persona
1780 3202 1882 3259 est,
1926 3191 2064 3244 mitti

509 3284 751 3352 ponitur,
782 3285 909 3350 quia
941 3292 994 3336 et
1029 3282 1167 3336 tnitti
1201 3283 1254 3336 itt
1287 3283 1505 3345 divinis,
1540 3291 1598 3335 ttt
1627 3283 1828 3335 dictum
1865 3292 1965 3344 est,
2000 3279 2068 3332 ab

437 3370 450 3386 ’
508 3377 614 3428 alio
655 3389 777 3427 esse
825 3373 1117 3442 signiﬁcat.
1163 3371 1309 3426 Alias
1341 3374 1573 3441 quippe,
1619 3381 1671 3425 et
1711 3372 1812 3428 sibi
1861 3372 1956 3439 ipsi
2009 3378 2062 3422 et

511 3463 814 3518 Salvatoris
841 3463 1123 3516 sententiis
1146 3462 1525 3516 adversaretur
1554 3463 1892 3529 apertissime
1921 3460 1986 3512 de
2010 3475 2068 3513 se

507 3555 759 3617 dicentis,
791 3553 1086 3608 missurum
1120 3568 1178 3607 se
1203 3551 1564 3616 Paraeletum,
1592 3552 1851 3620 Spiritum
1872 3551 2066 3604 verita-

504 3647 611 3698 tis:
647 3647 886 3712 seipsum
913 3645 1182 3698 veritatem
1213 3644 1424 3709 dicens,
1452 3644 1601 3698 illum
1653 3644 1860 3698 scilicet
1891 3643 2064 3710 Spiri-

505 3744 643 3799 tum,
673 3751 834 3803 quem
866 3736 1028 3789 mittit
1056 3735 1234 3799 Pater,
1258 3745 1310 3789 et
1339 3735 1430 3803 qui
1457 3751 1484 3786 a
1508 3732 1674 3795 Patre
1701 3733 1960 3802 procedit.
1988 3732 2062 3783 Ex

502 3829 701 3897 quibus
731 3828 782 3880 id
814 3829 978 3880 etiam
1009 3837 1253 3896 apparet,
1285 3827 1429 3894 quod
1461 3827 1550 3894 qui
1589 3841 1681 3893 per
1712 3829 1911 3877 donum
1949 3823 2066 3876 sine

505 3920 834 3980 substantia,
863 3933 965 3970 non
997 3931 1309 3985 personam,
1338 3915 1638 3970 secundum
1667 3915 1808 3982 quod
1835 3928 2064 3982 persona

505 4019 620 4066 est,
671 4009 810 4060 tuitti
845 4021 875 4058 a
925 4004 1064 4058 Filio
1105 4005 1366 4072 Spiritum
1400 4013 1648 4056 sanctum
1697 3987 2063 4064 dicunt,'non

505 4105 652 4151 recte
682 4096 993 4164 opinantur.
1018 4094 1120 4157 Qui
1148 4093 1290 4145 enim
1321 4107 1386 4146 ex
1413 4093 1575 4144 Patre
1607 4095 1870 4159 prot‘edit,
1906 4091 2065 4143 Para-

503 4187 678 4240 cletus
720 4193 804 4237 est
829 4182 1066 4250 Spiritus
1095 4181 1371 4244 veritatis,
1412 4196 1560 4246 quem
1612 4185 1777 4234 mittet
1821 4180 2062 4249 quidem,

504 4274 701 4341 inqttit,
743 4271 901 4324 I’ater
926 4273 978 4324 in
1007 4272 1215 4322 nomine
1245 4285 1378 4333 meo,
1408 4269 1509 4322 hoc
1541 4277 1646 4331 est,
1683 4283 1775 4338 per
1807 4285 1912 4322 me.
1940 4270 2062 4322 iiiis-

503 4378 692 4417 surum
720 4377 844 4416 vero
871 4377 950 4424 se,
986 4346 1100 4428 ipse
1125 4375 1342 4428 quoque
1369 4359 1676 4428 pollicetur,
1709 4360 1798 4428 qui
1831 4361 2063 4429 discipu-

1767 333 2150 422 Mmusus
2189 367 2486 426 ostrea

483 497 640 536 Icum
676 481 778 556 hoc
811 481 864 534 in
901 480 1106 548 Spit-itu
1139 489 1332 534 sancto
1369 494 1473 533 non
1509 477 1739 542 habeat,
1783 478 1902 530 ideo
1931 475 2076 544 quod
2108 483 2148 534 A
2179 477 2549 545 disputatione
2603 480 2886 536 orthodoxi
2934 492 2985 536 et
3043 484 3292 538 Anommi
3317 522 3332 547 ,
3385 497 3449 539 ex
3503 500 3733 554 persona

3027 272 3041 298 \

3659 373 3736 433 8D

2178 568 2468 623 orthodoxi
2511 572 2624 624 ait:
2660 591 2677 622 ι
2712 573 2976 640 Spit-itum
3023 584 3202 626 autem
3251 577 3546 643 ingenitum
3588 575 3734 640 dico;

2177 673 2285 712 non
2318 659 2462 712 enim
2491 660 2650 716 habet
2681 665 3049 728 generationis
3082 675 3382 728 auctorem,
3408 669 3499 720 sed
3540 668 3651 717 ιἰιιιι
3673 688 3734 715 ἰιι

2173 748 2297 813 sui;
2329 749 2474 804 sicut
2501 751 2645 805 enim
2677 750 2803 806 fons
2836 754 3177 808 extrinsecus
3213 770 3317 807 non
3351 754 3542 820 pigttil,
3578 772 3736 822 quam

2174 837 2354 894 fundit
2380 856 2602 910 aquam,
2653 843 2742 898 sed
2783 857 2846 894 ex
2899 844 3081 912 seipso
3115 831 3396 899 inundans
3432 845 3624 901 habet.
3667 849 3737 896 ita

2175 938 2232 982 et
2279 931 2416 984 Deus
2451 931 2573 986 fons
2605 932 2841 1002 Spiritus
2879 945 2988 1001 est,
3025 946 3082 1002 ut
3124 935 3325 988 dictum
3361 944 3475 996 est,
3517 935 3738 1000 largitor

2174 1021 2316 1090 ejus,
2352 1039 2456 1078 non
2489 1024 2642 1080 illum
2674 1030 3019 1082 extrinsecus
3058 1042 3302 1091 sumens,
3339 1028 3431 1082 sed
3461 1043 3525 1081 ex
3559 1027 3739 1095 seipso
3817 1054 3864 1079 κ

2177 1113 2545 1181 Ρτυίυηάθηῆ
2585 1120 2847 1187 Scriptum
2894 1121 3090 1189 quippe
3123 1128 3242 1174 est:
3279 1119 3393 1172 Duo
3431 1121 3566 1172 enim
3598 1118 3738 1170 mala

2176 1203 2298 1270 fecit
2341 1206 2565 1273 populus
2600 1224 2780 1272 meus;
2820 1227 2900 1262 me
2943 1211 3328 1278 dereliquerunt
3365 1210 3560 1277 fontem
3592 1225 3740 1276 aqutc

2177 1295 2326 1362 vivae,
2360 1308 2408 1350 et
2441 1299 2684 1366 foderunt
2720 1302 2820 1354 sibi
2858 1303 3002 1354 locus
3042 1303 3318 1368 contritas,
3350 1301 3440 1370 qui
3470 1317 3570 1353 non
3595 1311 3740 1367 pote-

2177 1395 2299 1437 runt
2345 1403 2538 1456 aquam
2589 1392 2856 1446 continere
2883 1379 2948 1448 “.
2993 1393 3058 1446 Et
3085 1393 3376 1460 Apostolus
3421 1393 3596 1446 dicit:
3637 1391 3741 1455 Qui

2177 1478 2409 1546 Πυθίων
2435 1480 2581 1533 nobis
2615 1481 2908 1550 Spiritum,
2943 1493 2990 1537 et
3027 1493 3274 1549 operatur
3303 1485 3356 1534 in
3394 1482 3540 1535 nobis
3573 1483 3739 1534 virtu-

2177 1578 2250 1620 tes
2281 1569 2349 1620 ¹⁵.
2376 1567 2532 1632 Quod
2573 1579 2754 1624 autem
2789 1587 2929 1665 aqpa
2959 1573 3075 1624 viva
3107 1572 3175 1624 sit
3203 1570 3458 1639 Spiritus,
3491 1568 3740 1622 Christus

2176 1659 2362 1713 docuit
2389 1661 2576 1715 dicens
2601 1677 2615 1715 :
2649 1661 2753 1726 Qui
2782 1659 2966 1717 bibErit
2995 1678 3059 1715 ea:
3093 1679 3252 1732 aqua,
3279 1677 3436 1731 quant
3451 1676 3541 1729 ego
3573 1659 3736 1720 dabo,

2177 1751 2314 1802 sicut
2350 1753 2477 1805 dicit
2513 1751 3062 1822 Scriptura,ﬂumina
3103 1756 3167 1806 de
3209 1761 3382 1806 ventre
3413 1750 3526 1818 ejus
3571 1750 3738 1816 [luent

2175 1855 2328 1907 aqua:
2354 1845 2480 1894 viva:
2503 1843 2570 1893 ".
2616 1862 2634 1894 ι
2667 1846 2730 1895 Et
2758 1846 2861 1896 hoc
2895 1843 2948 1895 in
2983 1843 3101 1896 loco
3132 1857 3358 1910 magnus
3413 1839 3739 1893 Athanasius

2174 1931 2369 1997 fontem
2402 1931 2613 1986 Patrem
2642 1933 2805 1997 dixit,
2827 1933 3088 2003 Spiritum
3120 1949 3333 2000 aquam.

2251 2019 2348 2073 Ubi
2385 2036 2512 2074 vero
2561 2033 2845 2076 enumerat
2921 2022 3209 2091 Scriptura:
3239 2020 3544 2076 testimonia
3576 2027 3738 2073 natu-

2173 2109 2303 2164 ralis
2366 2114 2795 2174 communionis,
2831 2129 2894 2168 ex
2929 2129 2993 2166 eo
3024 2114 3169 2183 quod
3194 2113 3442 2167 similiter
3468 2112 3536 2164 sit
3557 2109 3737 2175 Pater,

2170 2212 2222 2251 et
2253 2199 2443 2266 Filius,
2476 2212 2529 2257 et
2559 2201 2795 2270 Spiritus
2829 2212 3072 2270 sanctus,
3113 2204 3186 2258 ibi
3221 2203 3494 2258 Christum
3533 2200 3736 2254 fontem

2173 2290 2407 2359 Spiritus
2453 2292 2606 2355 dicit,
2658 2310 2855 2362 aquam
2895 2311 3019 2349 vero
3047 2294 3294 2349 sanctum
3337 2295 3597 2362 Spiritttut
3637 2307 3739 2345 no-

2173 2382 2363 2437 minat.
2395 2382 2484 2436 Ait
2511 2383 2742 2451 denique
2772 2401 2785 2436 :
2823 2404 2840 2434 ‹
2878 2384 3016 2438 Dicit
3045 2385 3295 2438 Salvator
3323 2386 3552 2438 iterum:
3579 2402 3596 2433 ι
3623 2381 3733 2446 Qui

2169 2472 2335 2525 credit
2391 2473 2593 2536 inme,
2633 2475 2768 2526 sicut
2847 2475 2975 2527 dicit
3037 2473 3315 2542 Scriptura
3350 2515 3364 2538 ,
3394 2473 3615 2541 ﬂumina
3672 2473 3740 2523 de

2171 2571 2343 2612 ventre
2393 2559 2506 2623 eius
2553 2561 2718 2628 ﬂuent
2771 2577 2922 2629 aqua:
2995 2563 3121 2616 viva:
3153 2600 3166 2614 .
3199 2562 3486 2628 Exponeus
3551 2569 3734 2613 autem

2168 2651 2494 2721 evangelista
2551 2652 2680 2720 quid
2746 2653 2817 2706 sit
2872 2667 3010 2722 aqua
3065 2653 3182 2705 viva
3211 2669 3224 2704 :
3259 2651 3371 2704 Hoc
3401 2662 3577 2704 autem
3604 2691 3616 2712 ,
3647 2652 3738 2704 itt-

2167 2744 2306 2811 qult,
2369 2740 2573 2794 dicebat
2621 2740 2926 2810 deSpirt'tu,
2989 2759 3136 2811 quem
3158 2745 3418 2808 accepturi
3451 2751 3735 2795 erantcre-

2169 2832 2346 2884 dentes
2410 2833 2463 2883 in
2514 2847 2674 2884 eum.
2710 2831 2850 2886 Dicit
2915 2835 3059 2887 enim
3118 2834 3377 2903 propheta
3409 2850 3422 2885 :
3461 2833 3548 2886 Me
3579 2833 3734 2885 dere-

2166 2925 2426 2993 liquerunt
2458 2924 2650 2989 [autent
2698 2941 2850 2993 aqua:
2913 2927 3038 2977 vivae
3069 2962 3086 2986 ,
3119 2936 3165 2978 et
3217 2925 3463 2992 foderunt
3514 2923 3740 2977 sibi-la-

2169 3034 2260 3070 cus
2315 3019 2567 3070 contritas
2604 3019 2740 3084 ,qui
2818 3033 2919 3070 non
2985 3028 3226 3086 poterunt
3307 3033 3497 3086 aquam
3567 3018 3740 3070 conti-

2244 3199 2387 3252 lxlent
2426 3213 2614 3252 rursus
2665 3199 2716 3252 itt
2761 3199 2898 3253 libro
2931 3199 3003 3276 _De
3050 3201 3434 3266 dispensatione
3490 3199 3741 3251 inconta-

2171 3290 2324 3343 tionis
2385 3287 2618 3349 Domini,
2685 3290 2842 3356 cujus
2901 3289 3114 3341 initium
3168 3300 3252 3342 est
3305 3288 3455 3352 τρυε
3507 3289 3741 3354 maligne

2169 3379 2374 3432 divinas
2411 3375 2644 3430 Litteras
2679 3387 2854 3430 volunt
2906 3379 3217 3447 intelligere,
3257 3395 3274 3428 ι
3337 3377 3496 3431 Novit
3557 3380 3734 3442 enim,

2168 3471 2347 3537 inquit
2374 3510 2387 3532 ,
2417 3469 2674 3538 propheta
2739 3470 2881 3539 apud
2937 3468 3103 3523 Deum
3137 3469 3351 3523 Patrem
3378 3484 3496 3523 esse
3533 3467 3736 3552 Fijiunt

2170 3560 2370 3615 fontem
2406 3561 2582 3614 sancti
2622 3560 2877 3628 Spit-itus.
2924 3579 2942 3612 ι
3007 3560 3110 3614 Sed
3147 3569 3200 3612 et.
3231 3549 3648 3629 Chrysostomus
3676 3561 3736 3613 itt

2167 3666 2417 3706 sermone
2448 3650 2524 3704 De
2556 3664 2884 3704 sacramento
2932 3651 3264 3717 baptismatis
3301 3667 3320 3703 :
3360 3670 3378 3701 ι
3421 3651 3736 3719 Propterea,

2169 3743 2366 3810 inquit,
2407 3742 2644 3794 ostendit
2673 3756 2732 3794 se
2784 3743 2958 3807 ipsum
3016 3741 3264 3794 Salvator
3319 3742 3520 3796 fontem
3578 3757 3741 3810 aqua:

2167 3830 2321 3891 vivae,
2350 3839 2403 3881 et
2458 3843 2656 3894 aquam
2719 3829 2892 3880 vitam
2961 3828 3221 3896 Spiritum
3277 3840 3525 3885 sanctum
3560 3871 3572 3885 .
3615 3849 3634 3882 ι
3671 3831 3737 3886 in

2171 3916 2383 3985 hymnis
2453 3932 2670 3985 quoque
2725 3918 3054 3984 psallimus:
3116 3937 3134 3967 ι
3193 3918 3275 3972 Me
3330 3922 3741 3989 dereliqucrunt

2166 4004 2368 4058 fontem
2429 4003 2661 4056 viventis
2729 4019 2928 4069 aquae,
2979 4002 3380 4072 Barrabamque
3425 4006 3739 4073 petiverunt

2165 4107 2325 4161 atque
2358 4095 2700 4148 dimiserunt.
2738 4111 2755 4144 ι
2791 4093 3018 4148 Constat
3071 4095 3232 4163 igitur
3265 4135 3278 4158 ,
3313 4097 3459 4164 quod
3523 4098 3734 4150 dictum

2166 4196 2270 4249 est,
2300 4201 2379 4239 me
2431 4185 2821 4254 dereliquerunt
2859 4185 3053 4252 fontem
3087 4200 3236 4252 aqua:
3264 4189 3407 4247 vlt'a',
3441 4186 3738 4253 aliquando

2163 4291 2408 4346 persona:
2463 4274 2638 4330 Patris
2693 4275 3004 4336 convenire,
3062 4275 3354 4341 aliquando
3405 4291 3532 4328 vero
3561 4277 3731 4330 etiam

2165 4366 2285 4419 Filii
2321 4406 2333 4420 .
2363 4365 2492 4419 Viva
2553 4377 2731 4420 autem
2782 4381 2920 4433 aqua
2959 4366 3194 4434 Spiritus
3227 4377 3446 4418 sanctus
3479 4375 3726 4433 vocatur.

503 4456 584 4508 los
626 4455 866 4517 doceret,
913 4453 1104 4520 eisque
1147 4459 1459 4518 suggereret
1496 4452 1696 4504 omnia.
1735 4452 1892 4506 Hune
1931 4466 2061 4518 ergo
2095 4426 2136 4480 Β
2167 4454 2310 4509 Fons
2367 4459 2548 4522 itaque
2577 4453 2814 4525 Spiritus
2833 4426 3015 4507 sancti
3046 4452 3206 4506 Pater
3230 4463 3284 4506 et
3317 4452 3484 4506 Filius
3509 4462 3612 4505 est.
3650 4428 3728 4506 ita

503 4544 772 4614 Spiritum
821 4545 944 4611 quis
977 4544 1173 4596 amicat
1210 4544 1329 4598 sine
1367 4541 1666 4598 substantia
1701 4541 1912 4606 dicere,
1957 4541 2062 4596 nisi

504 4638 882 4705 blasphemare
911 4633 1073 4688 velit?

573 4727 800 4798 Magnus
844 4741 1060 4795 quoque
1094 4725 1329 4778 Basilius
1359 4725 1412 4776 itt
1448 4725 1587 4776 libro
1627 4723 1700 4776 De
1727 4725 1918 4776 sancto
1940 4722 2058 4789 Spi-

501 4821 632 4882 ritu,
687 4837 705 4869 t
751 4817 1012 4886 Spiritus,
1053 4817 1252 4884 inquit,
1283 4823 1520 4876 sanctus,
1562 4814 1693 4866 nihil
1727 4813 1829 4866 sibi
1867 4816 2058 4880 acqui-

500 4913 666 4964 situm
703 4909 906 4962 habens
937 4917 1038 4968 est,
1083 4905 1176 4960 sed
1208 4912 1407 4958 :eterne
1441 4903 1604 4956 habet
1634 4903 1838 4965 omnia,
1879 4911 1934 4955 ut
1969 4901 2058 4954 Dei

499 5001 734 5069 Spiritus
755 5009 808 5054 et
832 5014 898 5053 ex
917 5013 981 5053 eo
1009 5012 1252 5061 manans,
1270 5011 1604 5064 causamque
1630 4995 1665 5062 ii
1687 5011 1804 5048 sunt
1831 4995 2052 5058 habens,

503 5104 560 5146 ut
591 5094 791 5145 i'outem
823 5091 928 5144 sui.
959 5107 978 5140 ι
1013 5087 1114 5143 Ubi
1139 5087 1456 5150 notandum,
1483 5087 1606 5155 quia
1637 5085 1800 5140 Deum
1831 5100 2052 5140 causam

499 5200 621 5236 esse
646 5185 821 5237 sancti
847 5181 1082 5250 Spiritus
1100 5197 1163 5234 ex
1188 5197 1252 5234 eo
1277 5180 1420 5248 quod
1448 5179 1570 5233 l‘ons
1589 5180 1706 5247 ejus
1733 5161 1823 5240 sit,
1850 5189 2051 5232 monet.

497 5277 586 5329 Ait
612 5277 754 5328 enim
782 5291 797 5328 :
831 5293 847 5324 ι
887 5274 1120 5327 Causam
1149 5272 1326 5340 ipsum
1355 5273 1536 5335 habet,
1570 5280 1627 5322 ut
1656 5270 1855 5326 fontem
1887 5270 1992 5322 sui.
2030 5287 2048 5319 ι

502 5366 693 5433 Liquet
721 5360 900 5418 autem
927 5404 941 5428 ,
987 5364 1110 5432 quia
1156 5364 1323 5417 iontis
1358 5377 1551 5416 nomen
1582 5375 1801 5414 causam
1845 5360 2050 5427 signiti-

496 5476 623 5516 care
665 5461 800 5513 vult.

569 5555 792 5624 Magnus
854 5555 981 5608 item
1030 5553 1362 5607 Athanasius
1406 5554 1460 5605 in
1506 5567 1567 5604 ea
1615 5566 1776 5620 quam
1831 5550 2050 5618 scripsit

566 5711 612 5769 ’ί
645 5734 841 5792 Jerem.
875 5753 935 5801 tt,
972 5737 1056 5792 15.
1135 5740 1179 5770 ’⁵
1209 5738 1380 5794 Galai-
1417 5755 1493 5802 ιιι,
1516 5739 1567 5792 5-

2162 4545 2361 4614 quippe
2383 4556 2435 4598 et
2485 4560 2516 4598 a
2543 4545 2745 4598 sanctis
2770 4543 3020 4598 Patribus
3051 4543 3434 4612 exponitmuEt
3467 4546 3724 4612 quoniam

2161 4637 2283 4692 fons
2311 4638 2525 4704 quidem
2571 4637 2804 4705 Spiritus
2838 4635 2994 4724 Piater
3058 4645 3160 4700 est,
3191 4647 3247 4690 ut
3305 4653 3467 4690 causa
3533 4638 3722 4705 ipsius,

2159 4737 2242 4784 est
2284 4739 2461 4782 autem
2516 4726 2686 4782 Filius
2739 4729 2911 4781 sancti
2977 4727 3215 4795 Spiritus
3249 4727 3392 4792 forts,
3427 4728 3717 4795 colligitur,

2159 4820 2282 4887 quia
2315 4835 2420 4871 una
2473 4833 2658 4881 causa,
2727 4833 2976 4886 unusque
3003 4818 3127 4872 fons
3165 4820 3338 4872 sancti
3374 4817 3606 4885 Spiritus
3639 4827 3718 4869 est

2160 4907 2318 4958 Pater
2349 4916 2400 4959 et
2427 4906 2616 4959 Filius.
2641 4905 2834 4960 Omnia
2879 4906 3044 4968 enim,
3074 4922 3195 4974 quae
3225 4905 3381 4960 Pater
3403 4908 3580 4968 habet,
3603 4907 3719 4959 Filii

2160 5006 2311 5060 sunt,
2337 5009 2392 5051 et
2449 5013 2568 5066 qua:
2622 4997 2741 5050 Filii
2773 5007 2900 5050 sunt
2957 4999 3021 5050 ad
3053 4996 3266 5052 Patrem
3297 4998 3627 5052 referuntur.
3652 4999 3719 5050 Et

2160 5088 2291 5142 illud
2325 5120 2328 5123 -
2360 5088 2522 5142 simul
2581 5098 2816 5150 constat,
2869 5088 2992 5156 quia
3033 5089 3173 5142 sicut
3203 5105 3298 5157 per
3332 5101 3577 5144 naturam
3611 5105 3716 5142 una

2158 5190 2242 5234 est
2300 5196 2462 5249 aqua,
2499 5189 2564 5233 et-
2616 5193 2735 5248 qua:
2784 5179 2837 5232 in
2861 5180 3007 5232 fonte
3058 5188 3139 5233 est
3197 5189 3252 5232 et
3289 5195 3410 5248 qua“:
3437 5190 3621 5233 manat
3649 5196 3713 5232 ex

2157 5271 2327 5333 ferite,
2394 5272 2466 5324 ita
2493 5285 2657 5328 ttnum
2690 5283 2783 5337 per
2809 5277 3056 5322 naturam
3085 5281 3208 5321 sunt
3241 5269 3419 5333 Pater,
3448 5278 3500 5321 et
3523 5267 3718 5332 Filius,

2156 5371 2209 5415 ct
2239 5361 2477 5429 Spit-itus
2529 5369 2746 5427 sanctus
2779 5397 2796 5410 .
2835 5359 2928 5413 Sin
2998 5374 3124 5412 vero
3153 5352 3291 5427 aqua
3327 5375 3390 5412 ex
3425 5356 3573 5413 fonte
3598 5376 3713 5412 ma-

2159 5460 2270 5514 nat,
2317 5448 2684 5524 profunditur,
2736 5457 2905 5503 scatet
2938 5463 2952 5513 ;
2987 5447 3333 5502 manifestum
3397 5431 3498 5512 est,
3563 5449 3690 5518 quia

2154 5553 2205 5596 et
2275 5529 2589 5611 Spiritus‘cx
2612 5526 2755 5596 Filio
2788 5541 2992 5604 manat,
3021 5550 3186 5595 scatet
3239 5548 3400 5610 atque
3434 5539 3710 5610 profundi-

1645 5740 1688 5768 "
1724 5737 1878 5792 Joan.
1912 5749 2008 5797 vit,
2041 5733 2129 5798 37,
2160 5731 2254 5788 58.
