4046 6204
311 401 380 466 εει

1404 400 1798 459 ADVERSUS
1844 396 2159 457 GRAECOS
2193 394 2340 453 LIB.
2371 390 2446 450 II.

3478 391 3562 450 εἴ

316 530 408 571 tur
440 554 455 569 .
488 512 613 567 Ilaec
664 520 841 566 autem
902 511 1078 580 ipsum
1133 525 1200 565 ex
1255 511 1346 564 illo
1372 526 1491 565 esse
1522 500 1829 580 signiﬁcant
1866 524 1881 565 ς
1918 512 1961 565 Δ
1992 504 2316 566 substantia,
2352 511 2404 556 et
2441 498 2653 561 θΊῖοτιτ,
2683 507 2736 551 et
2764 496 3018 566 splendor
3053 496 3239 567 gloriae
3270 497 3385 550 Det.
3446 501 3551 550 dco

315 605 518 674 quippe
580 602 896 674 Filium.”
953 602 1108 656 Patre
1167 595 1432 665 manare,
1487 600 1653 654 ﬂuere
1724 607 1887 668 atque

317 694 598 765 profundi,
649 693 823 747 sancti
876 691 1061 747 Patres
1086 693 1352 759 dicentes,
1382 690 1744 747 substantiam
1769 689 1887 759 eius

321 802 392 840 ex
426 785 581 838 Patre
607 783 916 851 signiﬁcare
945 783 1154 837 volunt.

393 878 481 929 Ait
510 876 713 944 quippe
743 884 969 928 sanctus
999 874 1236 943 Cyrillus
1274 875 1326 927 in
1357 873 1594 943 quodam
1624 872 1885 943 capitulo,

324 964 399 1019 De
451 964 747 1018 trternitate
788 961 1125 1033 Filii,.cnjus
1183 963 1395 1018 initium
1446 970 1578 1019 est:
1609 962 1751 1017 Fons
1800 980 1890 1016 sa-

316 1058 528 1121 pientis:
556 1055 694 1109 Deus
757 1065 975 1108 vocatur
1011 1093 1026 1116 ,
1053 1062 1208 1109 etest
1243 1069 1260 1105 :
1307 1072 1325 1105 t
1390 1053 1521 1109 Erat
1567 1067 1695 1124 ergo
1740 1052 1887 1108 Patri

320 1159 622 1200 n-rcternus
650 1144 845 1210 Filius,
870 1161 933 1199 ex
986 1154 1207 1214 paterna
1268 1145 1569 1200 substantia
1615 1143 1794 1219 .veluti
1823 1158 1890 1198 ex

322 1234 557 1301 quodam
626 1231 773 1286 fonte
836 1234 1160 1288 scaturiens.
1247 1252 1267 1283 ι
1309 1233 1477 1287 Aiunt
1532 1231 1888 1287 nihilominus

324 1336 377 1385 et
408 1324 513 1391 ipsi
569 1324 758 1378 Patres
808 1324 1070 1391 Spiritum
1132 1334 1379 1379 sanctum
1407 1338 1471 1379 ex
1498 1323 1638 1377 Filio
1671 1338 1891 1393 quoque
1936 1344 1943 1347 '

326 1413 593 1482 proﬂuere
631 1453 649 1479 ,
704 1413 964 1482 profundi
1021 1455 1037 1479 ,
1077 1429 1297 1469 manare
1353 1423 1518 1483 atque
1574 1413 1887 1483 procedere.

327 1504 459 1559 Nam
523 1506 580 1559 in
602 1506 771 1574 gestis
827 1505 1016 1574 prima:
1046 1506 1099 1561 in
1129 1503 1308 1561 Nicaea
1341 1505 1554 1576 synodi,
1581 1505 1634 1559 in
1659 1504 1744 1560 his
1771 1517 1892 1574 qua:

326 1598 579 1648 dixerunt
631 1596 806 1650 sancti
863 1595 1050 1651 Patres
1095 1595 1163 1649 ad
1199 1597 1579 1666 philosophum
1635 1610 1734 1665 per
1774 1593 1895 1664 epi-

332 1702 560 1753 smpnm
605 1685 917 1751 Leontium,
939 1701 1170 1757 quorum
1201 1688 1487 1744 verborum
1522 1687 1739 1743 initium
1779 1695 1885 1740 est:

332 1778 429 1830 Est
490 1778 624 1831 il’ud
681 1790 858 1830 att'em
915 1778 1356 1849 intelligendum,
1416 1797 1446 1834 ο
1498 1780 1705 1841 amice,
1770 1777 1892 1843 jam

326 1870 562 1922 rsritatis
602 1868 902 1936 philosophe
935 1910 951 1934 ,
985 1872 1064 1924 sic
1094 1870 1348 1935 habetur,
1383 1890 1401 1923 α
1438 1871 1720 1926 Invenitur
1761 1871 1894 1941 Spi-

333 1965 472 2012 ritus
513 1975 580 2014 ex
634 1960 793 2013 Patre
837 1961 1056 2030 quidem
1104 1963 1422 2030 procedens,
1444 1966 1694 2033 preprius
1713 1973 1894 2019 autem

331 2050 475 2111 Filii,
529 2060 605 2105 et
641 2066 705 2104 ex
740 2051 858 2119 ipso
898 2052 1190 2121 proﬂuens.
1228 2072 1247 2107 ι
1278 2053 1483 2125 Siquis
1509 2067 1687 2110 autem
1710 2072 1774 2110 ex
1812 2057 1898 2109 bis

332 2137 526 2192 Filium
579 2138 816 2209 Spiritus
866 2139 1067 2196 fontem
1091 2147 1245 2211 juxta
1301 2158 1423 2198 eum
1454 2144 1546 2213 qui
1599 2161 1630 2199 a
1663 2147 1897 2216 quibus-

338 2228 463 2282 dam
522 2230 906 2298 introducitur,
965 2234 1266 2289 secundum
1308 2250 1622 2305 processum
1665 2238 1784 2308 ejus
1824 2242 1903 2295 itt-

334 2320 499 2388 ιριιίςί
530 2325 878 2376 tantum-vult
906 2341 919 2376 :
956 2334 1005 2378 at
1033 2339 1098 2379 eo
1125 2326 1276 2390 dato,
1308 2342 1429 2395 quae
1460 2330 1717 2398 praedicta
1743 2343 1897 2399 sunt,

330 2409 515 2479 inepta
546 2425 705 2466 erunt
736 2422 789 2466 et
819 2414 1051 2469 absurda
1090 2419 1300 2473 omnia.

404 2501 673 2556 Praeterea
723 2504 826 2559 etsi
879 2506 1211 2574 dederimus,
1267 2511 1542 2578 geminum
1575 2528 1890 2584 processum

334 2606 477 2656 esse,
510 2603 804 2664 utrumque
860 2612 1083 2653 necesse
1104 2610 1187 2655 est
1217 2600 1360 2657 Filio
1381 2619 1728 2662 communem
1774 2622 1898 2663 esse

335 2697 461 2734 cum
521 2681 682 2737 Patre
716 2722 749 2761 ι
771 2701 838 2741 ne
859 2688 1091 2745 varietas
1145 2693 1399 2748 essentize
1431 2693 1551 2749 Filii
1586 2696 1651 2750 ad
1684 2695 1898 2751 Patrem

335 2781 621 2839 sequatur.
652 2773 894 2839 Quorum
918 2779 1062 2833 enim
1090 2793 1173 2835 est
1201 2782 1375 2837 virtus
1398 2784 1677 2848 diﬂerens,
1711 2802 1907 2843 essen-

340 2862 416 2915 tia
474 2878 697 2932 quoque
759 2864 1014 2923 diﬂ'erens
1078 2880 1185 2934 est;
1244 2873 1403 2928 sicuti
1459 2890 1893 2946 quorumgaaqua

336 2951 516 3007 virtus
572 2961 680 3018 est,
739 2957 965 3025 aequalis
995 2966 1047 3013 et
1093 2962 1330 3017 essentia
1367 2972 1470 3019 est.
1496 2965 1650 3031 Quod
1675 2944 1719 3022 si
1757 2944 1902 3022 unus

342 3058 641 3108 processus
664 3055 768 3109 est,
811 3049 980 3102 multo
1008 3052 1179 3120 magis
1217 3056 1362 3122 qttod
1416 3048 1787 3123 quaerebatur,
1850 3059 1905 3111 in

1989 606 2044 651 et
2103 604 2218 649 toto
2266 595 2319 647 in
2382 593 2561 658 seipse
2627 588 2861 644 ostendit
2911 588 3144 652 Patrem,
3190 604 3253 642 ex
3284 596 3394 641 tota
3432 588 3552 656 ejus

1988 687 2157 758 gloria
2191 684 2564 754 resplendens.
2602 700 2620 731 ι

2058 704 2157 740 ma
2191 704 2564 754 resptenuens.
2602 704 2620 731 1

2058 777 2200 831 Idem
2222 774 2273 826 in
2300 784 2550 826 sermone
2579 768 2775 823 Contra
2803 766 3097 824 Sabellium
3126 778 3173 821 et
3200 769 3506 820 Anont'tttm
3532 780 3553 820 :

1994 886 2013 919 ι
2061 867 2168 921 Illic
2221 874 2399 919 autem
2444 875 2567 915 cum
2627 860 2784 914 audis
2834 859 3142 929 imaginem,
3208 858 3548 927 splendorem

1993 958 2179 1031 gloria:
2211 954 2471 1024 intellige.
2513 974 2531 1004 ι
3109 1023 3117 1025 _
3587 1002 3591 1011 .

2059 1048 2294 1102 Joannes
2355 1059 2571 1114 quoque
2646 1044 3045 1105 Damasccnus,
3096 1043 3148 1096 in
3214 1043 3437 1098 Canone
3498 1042 3592 1103 in_

1993 1153 2246 1207 magnum
2285 1135 2544 1189 Basilium
2583 1134 2657 1186 ait
2704 1149 2719 1186 :
2767 1150 2787 1183 t
2823 1132 3008 1201 Imago
3050 1130 3229 1187 Patris
3261 1131 3452 1189 Filius.
3487 1148 3551 1182 ac

1993 1230 2112 1283 Filii
2154 1227 2406 1296 Spiritus.
2457 1243 2476 1275 ι
2516 1226 2591 1279 Ad
2634 1225 2747 1278 haec
2797 1232 3022 1277 sanctus
3059 1224 3278 1291 quidem
3317 1222 3557 1291 Cyrillus

1992 1319 2047 1370 in
2080 1333 2130 1370 vt
2171 1320 2236 1369 atl
2270 1315 2541 1369 Hermian:
2588 1313 2658 1366 ait
2700 1328 2715 1365 :
2750 1332 2770 1364 ι
2821 1312 3061 1380 Denique
3099 1320 3153 1366 et
3179 1321 3403 1368 sanctus
3457 1310 3560 1362 th-

2005 1408 2091 1460 vid
2150 1407 2418 1460 viventem
2472 1414 2524 1459 et
2572 1403 3004 1458 sulistantialiter
3043 1403 3259 1457 insitam
3314 1404 3559 1457 emt-ivn-

1995 1497 2124 1551 tiam
2179 1512 2243 1551 ac
2292 1498 2547 1550 virtutem
2613 1493 2794 1549 Patris
2842 1488 3039 1547 Filium
3091 1508 3321 1547 noscens
3370 1496 3562 1549 orabit

1994 1588 2226 1642 dicens:
2265 1607 2283 1638 t
2321 1585 2558 1651 Munda,
2630 1584 2791 1650 Deus,
2860 1584 3048 1638 virtuti
3093 1593 3197 1636 tua:
3262 1586 3563 1653 ;conﬁrma

1994 1677 2110 1741 hoc,
2170 1677 2345 1743 Deus,
2376 1676 2514 1744 quod
2569 1683 2810 1742 operatus
2860 1692 2913 1728 es
2954 1676 3005 1728 in
3040 1674 3184 1729 nobis
3237 1676 3305 1729 ³⁰.
3364 1674 3566 1731 Paulus

1995 1770 2120 1824 item
2160 1767 2621 1837 sapientissimum
2655 1765 2932 1821 Christum
2982 1766 3088 1820 Dei“
3106 1768 3358 1821 virtutem
3387 1777 3441 1822 et
3470 1767 3565 1821 Dei

2003 1859 2321 1928 sapientiam
2352 1858 2397 1889 "
2424 1868 2608 1925 aperte
2636 1856 2964 1925 prmdicavit.
3008 1874 3026 1908 ι
3062 1857 3206 1911 Idem
3253 1858 3304 1911 in
3330 1859 3565 1927 quodam

2003 1950 2239 2019 capitulo
2271 1950 2328 2003 II
2366 1948 2747 2002 Thesaurorum
2776 1950 2890 2001 ait:
2925 1965 2946 1999 ι
2984 1947 3342 2016 Apertissime
3375 1960 3567 2003 osten-

2006 2040 2173 2104 ditur,
2208 2053 2316 2093 non
2350 2039 2587 2093 alienum
2620 2051 2743 2091 esse
2766 2052 2795 2091 a
2827 2035 2965 2092 Filio
2995 2036 3262 2107 Spiritum
3293 2049 3589 2101 sanctum,‘

2008 2130 2103 2186 sed
2152 2131 2204 2183 in
2263 2130 2402 2196 ipso,
2431 2141 2485 2184 et
2546 2144 2610 2183 ex
2656 2128 2772 2198 ipso
2827 2143 2968 2191 esse,
3019 2144 3081 2184 ac
3110 2130 3271 2185 veluti
3329 2131 3569 2186 eliicacia

2004 2222 2253 2289 quaedam
2289 2220 2552 2274 naturalis
2580 2220 2762 2273 omnia
2806 2219 3031 2289 implere
3069 2220 3276 2294 valens,
3306 2238 3573 2291 quierun-

2007 2328 2113 2384 que
2141 2313 2398 2369 voluerit.
2442 2330 2461 2365 ι
2515 2310 2866 2381 Rursumque
2895 2312 2949 2366 in
2979 2312 3088 2366 alio
3113 2313 3354 2383 capitulo
3387 2314 3411 2366 I
3441 2313 3574 2367 The-

2014 2422 2317 2470 saurorum,
2360 2422 2381 2455 ‹
2413 2403 2607 2467 Filius,
2635 2403 2831 2472 inquit,
2868 2404 2990 2457 viva
3040 2410 3093 2456 et
3133 2403 3441 2458 essentialis
3465 2403 3574 2458 elli-

2007 2499 2157 2554 cacia
2211 2504 2314 2560 est,
2367 2504 2421 2549 et
2464 2495 2639 2549 virtus
2688 2492 2949 2563 sapientia
2994 2493 3191 2549 Patris.
3268 2511 3286 2544 ι
3347 2493 3453 2548 Sed
3520 2504 3573 2549 et

2010 2602 2239 2658 magnus
2269 2586 2622 2650 Athanasius,
2660 2582 2715 2637 in
2741 2582 2991 2654 lipist.ad
3027 2584 3378 2654 Serapionem
3401 2622 3417 2648 ,
3449 2600 3579 2653 ope-

2014 2680 2281 2733 rationem
2326 2675 2442 2728 Filii
2477 2674 2738 2743 Spiritum
2784 2673 3065 2738 nominat,
3119 2674 3474 2745 plurimisque
3521 2677 3574 2729 in

2009 2768 2146 2822 locis
2200 2768 2447 2820 doctores
2515 2763 2687 2819 sancti
2770 2764 3067 2818 naturalem
3129 2772 3185 2818 et
3232 2752 3623 2818 essentialeut’

2017 2857 2138 2912 Filii
2178 2855 2433 2909 virtutem
2500 2863 2554 2908 et
2579 2853 2947 2922 operationem
3005 2852 3265 2923 Spiritum
3328 2863 3576 2909 sanctum

2014 2957 2345 3005 asseverant.

2086 3042 2164 3095 Ad
2198 3040 2313 3094 haec
2356 3037 2547 3092 faciem
2596 3036 2812 3109 quidem
2844 3034 3020 3090 Patris
3042 3035 3263 3100 Filium,
3295 3035 3416 3090 Filii
3450 3052 3579 3090 vero

342 3134 606 3190 manibus
661 3146 764 3190 est.
829 3135 942 3193 Hoc
991 3151 1166 3195 autem
1199 3143 1545 3211 verissimum
1576 3146 1917 3211 “innima
1941 3133 1987 3197 C
2022 3132 2215 3187 facient
2255 3129 2518 3201 Spiritum
2553 3136 2799 3183 sanctum
2833 3135 3105 3182 asserunt.
3137 3128 3225 3182 Ait
3254 3128 3397 3182 enim
3425 3127 3583 3181 divus

339 3232 614 3287 ostenso,
671 3224 801 3280 hinc
860 3228 1076 3296 quidem
1157 3245 1252 3286 eos
1307 3234 1399 3302 qui
1446 3234 1583 3289 duos
1626 3249 1915 3303 processus

342 3325 559 3381 ponunt
625 3316 860 3372 absurda
916 3320 1151 3387 plurima
1199 3324 1354 3392 sequi
1411 3327 1747 3390 necessario,
1786 3326 1914 3380 hinc
1957 3357 1960 3360 ~

346 3416 481 3454 vero
537 3405 797 3472 quoniam
853 3408 991 3461 tnitti
1034 3419 1084 3463 et
1112 3413 1426 3478 procedere,
1456 3423 1505 3467 et
1538 3415 1805 3484 proﬂuere
1836 3417 1919 3471 di-

347 3495 598 3567 vityum
635 3492 989 3564 personarum
1017 3499 1423 3558 distinctionem
1449 3508 1813 3565 commendat.

423 3583 691 3641 Ptzeterea
747 3588 920 3643 Filius
986 3591 1163 3661 imago
1217 3590 1392 3647 Patris
1438 3593 1655 3658 dicitur,
1681 3597 1917 3666 Spiritus

347 3685 539 3728 autem
571 3676 710 3731 Filii.
754 3678 901 3732 Dixit
930 3681 1072 3734 enim
1105 3682 1396 3752 Apostolus
1422 3700 1435 3738 :
1463 3687 1608 3751 Quos
1636 3691 1916 3757 prwscivil,

345 3778 405 3817 ει
432 3768 826 3832 prwdestinuuit
856 3771 1145 3840 conformes
1177 3775 1293 3842 ﬁeri
1316 3776 1560 3844 imaginis
1592 3777 1721 3831 Filii
1747 3783 1827 3833 sui
1848 3782 1947 3849 ³⁷η

346 3856 592 3925 Cyrillus
643 3874 861 3928 quoque
903 3899 917 3925 ,
945 3877 1110 3929 super
1149 3862 1282 3917 illud
1312 3867 1686 3935 evangelicum
1727 3869 1919 3924 :Sicut

351 3959 415 3999 tu
458 3966 540 4003 me
596 3952 784 4005 misisti
836 3953 894 4005 in
957 3959 1205 4008 mundum
1265 3955 1332 4019 ’⁸,
1363 3957 1481 4010 ait:
1517 3976 1536 4009 ι
1580 3958 1720 4024 Quia
1775 3961 1921 4015 enim

352 4038 633 4110 Uuigeniti
695 4042 1013 4097 substantiae
1066 4043 1242 4115 imago
1285 4045 1633 4115 integerrima
1685 4047 1923 4120 Spiritus

347 4130 476 4198 ejus
534 4140 621 4186 est
647 4133 873 4202 ,juxta
913 4134 1001 4199 id,
1034 4137 1179 4204 quod
1233 4136 1435 4203 Paulus
1481 4141 1701 4208 scripsit
1738 4142 1924 4207 :Quos

346 4223 637 4289 ptest-irit,
668 4233 716 4275 et
767 4223 1159 4292 prwdestinavit
1202 4226 1495 4295 conformes
1555 4230 1673 4297 ﬁeri
1733 4231 1924 4301 imagi-

350 4312 438 4363 nis
467 4311 568 4378 filii
590 4310 705 4379 ejus
726 4353 741 4374 ,
778 4327 993 4377 omnes,
1026 4314 1079 4367 in
1109 4314 1524 4385 quibuscunque
1554 4317 1743 4382 fuerit,
1784 4335 1918 4375 con-

355 4404 563 4456 formes
600 4401 764 4456 etIicit
803 4404 1046 4470 imagini,
1081 4405 1184 4478 hoc
1210 4417 1314 4473 est,
1346 4407 1507 4463 Filio.
1544 4427 1563 4460 ο

433 4489 574 4545 Idem
618 4507 785 4560 super
834 4493 968 4546 illud
993 4512 1006 4547 :
1036 4493 1152 4548 Non
1178 4512 1273 4563 pro
1324 4497 1406 4550 his
1428 4505 1553 4567 rogo
1609 4508 1815 4553 tantum
1834 4503 1883 4534 "
1902 4541 1917 4567 ,

355 4583 437 4634 ait
469 4601 483 4637 :
523 4600 542 4633 σ
581 4583 767 4652 Imago
821 4583 1031 4639 sincera
1076 4586 1261 4641 Patris
1291 4583 1757 4648 Filius.naturali's
1793 4606 1925 4646 vero

355 4671 661 4746 similitudo
698 4671 842 4734 Filii,
902 4672 1135 4742 Spiritus
1182 4676 1317 4745 ejus.
1357 4695 1375 4728 ι
1440 4676 1586 4733 Idem
1639 4696 1830 4735 rursus
1871 4681 1926 4736 in

362 4755 648 4811 Thesauris
679 4774 698 4812 :
731 4759 1227 4826 «Quemadmodum
1260 4765 1442 4834 igitur,
1462 4782 1723 4836 quoniam
1751 4784 1929 4837 Imago

361 4848 544 4904 Patris
580 4852 999 4919 diligentissima
1046 4864 1129 4908 est
1175 4852 1367 4918 Filius,
1400 4858 1491 4927 qui
1523 4874 1646 4913 eum
1680 4861 1930 4930 suscipit,

357 4952 415 4993 et
456 4942 670 4995 Putrem
720 4944 900 5006 habet,
956 4944 1031 4998 ita
1064 4946 1128 4999 ad
1160 4948 1385 5016 parilem
1423 4949 1648 5019 ﬁguram
1683 4952 1929 5022 analogia

361 5044 679 5087 recurrenle
711 5054 725 5089 :
759 5035 851 5102 qui
894 5034 1014 5090 Filii
1062 5037 1492 5107 imaginem,hoc
1518 5052 1621 5104 est,
1668 5041 1928 5111 Spiritum

361 5126 689 5194 susceperit,
740 5142 833 5194 per
881 5128 1055 5196 ipsum
1095 5130 1318 5184 omnino
1367 5120 1525 5187 habet
1563 5131 1782 5197 Filium,
1826 5134 1930 5188 Pa-

364 5225 640 5286 tremque,
671 5219 765 5288 qui
796 5219 849 5271 in
882 5220 1002 5288 ipso
1035 5230 1139 5274 est.
1179 5239 1198 5271 ι

442 5308 667 5378 Magnus
717 5318 901 5365 autem
961 5310 1194 5366 Basilius
1221 5314 1274 5366 in
1324 5313 1418 5367 lib.
1448 5330 1462 5367 ι
1498 5313 1695 5369 Contra
1755 5315 1937 5370 Euno-

369 5398 533 5448 mium
560 5438 576 5462 ,
611 5416 629 5449 t
690 5399 911 5464 Imago,
958 5400 1153 5469 inquit,
1202 5401 1404 5469 genita,
1441 5411 1495 5457 et
1520 5404 1719 5458 dicitur
1746 5403 1939 5473 Filius,

370 5495 436 5537 ct
483 5496 562 5539 est
608 5489 877 5557 sapientia
941 5501 997 5544 et
1045 5493 1239 5557 virtus,
1292 5503 1349 5549 et
1397 5493 1608 5564 justitia
1662 5494 1779 5559 Dei,
1834 5511 1940 5550 non

371 5579 534 5647 quasi
582 5581 823 5649 habitus,
873 5586 1049 5651 neque
1097 5584 1254 5653 quasi
1301 5585 1577 5653 aptitudo,
1612 5586 1705 5641 sed
1753 5587 1941 5640 vivens

452 5700 495 5729 ”
530 5699 702 5755 Rom.’
742 5715 859 5761 vnt.
890 5701 980 5754 ἓξ).
1085 5701 1129 5733 ³⁸
1158 5698 1317 5754 Joan.
1359 5717 1491 5765 xvn,
1527 5702 1611 5755 I8.

365 5783 634 5836 cxnvnt,
681 5770 729 5824 7.
806 5773 849 5802 "
880 5770 1021 5826 Psal.
1059 5787 1130 5835 tv,
1169 5773 1221 5824 7.

1718 5701 1764 5733 ¹⁹
1800 5700 1929 5755 ibid.
1961 5699 2049 5754 20.

1297 5771 1343 5802 “
1372 5769 1531 5825 loan.
1564 5787 1636 5834 Vt,
1667 5772 1757 5825 27.
1833 5770 1878 5801 ³⁵
1912 5767 2067 5825 Joan.
2103 5783 2209 5833 ειν,
2260 5767 2343 5820 I2.

2016 3221 2247 3294 Cyrillus
2293 3222 2345 3275 in
2385 3221 2521 3274 irati
2565 3217 2839 3273 Hermiam
2885 3235 2903 3273 :
2941 3237 2959 3270 t
2994 3218 3146 3284 Quod
3179 3218 3348 3283 enim,
3382 3218 3580 3286 lnquit,

2002 3314 2171 3385 .quasi
2232 3313 2398 3368 facies
2438 3309 2862 3376 Dei,et-Patris
2930 3310 3103 3364 Filius
3152 3310 3241 3375 sit,
3293 3298 3593 3371 Psalmista'

2020 3421 2119 3460 nos
2139 3406 2294 3461 facile
2322 3405 2515 3459 docere
2545 3404 2742 3474 poterit
2768 3442 2783 3469 ,
2816 3403 3110 3473 aliquando
3138 3402 3352 3474 quidem
3371 3401 3582 3456 dicens:

2023 3518 2043 3549 ι
2092 3498 2206 3564 Quo
2257 3499 2340 3550 ibo
2369 3514 2402 3550 a
2452 3496 2651 3563 Spiritu
2701 3506 2812 3559 tuo,
2865 3505 2914 3547 et
2978 3510 3078 3564 quo
3112 3511 3145 3548 a
3214 3494 3352 3562 [acie
3392 3493 3585 3561 tuafu-

2021 3592 2158 3658 giam
2174 3587 2259 3639 ιη
2292 3586 2585 3655 aliquando
2624 3599 2816 3639 rursus
2835 3584 2999 3637 veluti
3030 3600 3098 3639 es
3120 3599 3355 3653 persona
3392 3600 3583 3638 eorum

2021 3681 2112 3748 qui
2154 3676 2501 3732 crediderant
2547 3675 2601 3728 in
2630 3674 2781 3727 illum
2814 3691 2828 3727 :
2865 3673 3143 3742 Signatum
3189 3684 3265 3728 est
3311 3690 3465 3739 super
3493 3691 3588 3727 nos

2024 3769 2197 3822 lumen
2242 3765 2413 3821 vultus
2461 3765 2558 3827 tui,
2608 3762 2827 3818 Domine
2863 3763 2928 3816 ³³.
2979 3763 3187 3832 Signati
3232 3762 3374 3816 enim
3397 3778 3588 3817 sunuts

2023 3867 2212 3914 sancto
2255 3856 2461 3923 Spiritu
2490 3855 2557 3909 ad
2589 3854 3002 3909 similitudinem
3047 3853 3202 3907 faciei
3244 3853 3446 3921 Patris,
3485 3854 3590 3905 hoc

2022 3957 2103 4005 est
2153 3948 2295 4002 Filii.
2356 3965 2374 3998 ι
2435 3946 2576 3999 Idem
2622 3960 2782 4013 super
2812 3944 2943 3998 illud
2979 3961 2992 3998 :
3032 3942 3330 4012 Operamini
3374 3959 3473 3995 non
3512 3946 3586 3996 ci-

2024 4043 2164 4105 bum,
2208 4026 2297 4111 qui
2323 4040 2456 4107 perit
2478 4037 2522 4072 "
2556 4078 2571 4103 ,
2610 4056 2627 4089 t
2661 4035 2951 4103 Quoniam,
2984 4034 3182 4103 inquit,
3218 4050 3324 4089 non
3365 4036 3591 4089 dubium

2024 4144 2127 4196 est,
2163 4131 2292 4200 quin
2317 4130 2485 4184 facies
2516 4127 2636 4191 Dei,
2659 4135 2713 4182 et
2736 4127 2913 4181 Patris
2930 4124 3102 4179 Filius
3124 4126 3212 4179 sit.
3239 4120 3333 4180 Est
3359 4126 3477 4194 ipse
3498 4141 3591 4194 pe-

2025 4222 2175 4275 nitus
2202 4227 2257 4275 et
2286 4219 2573 4273 character
2594 4217 2646 4271 in
2674 4231 2783 4286 quo
2811 4217 2989 4286 signat
3021 4214 3182 4270 Deus.
3212 4233 3231 4267 ι
3258 4215 3401 4269 Idem
3428 4230 3596 4284 super

2027 4310 2154 4366 illud
2212 4328 2225 4364 :
2290 4308 2386 4365 Sin
2445 4318 2657 4371 autent,
2689 4317 2897 4376 propter
2947 4308 3061 4375 ipsa
3111 4322 3267 4375 opera
3307 4308 3500 4360 credite
3528 4307 3594 4373 ⁸³,

2034 4419 2052 4452 ι
2089 4398 2144 4454 Si
2171 4401 2337 4463 enim,
2376 4399 2572 4469 inquit,
2598 4397 2840 4466 implevit
2878 4397 3096 4467 quidem
3123 4398 3293 4452 cmlos
3321 4395 3511 4459 Filius,
3542 4408 3597 4448 et

2035 4498 2189 4543 terra:
2234 4488 2441 4552 ultima,
2496 4490 2596 4540 hoc
2652 4496 2757 4550 est,
2817 4484 3107 4551 internum,
3148 4486 3420 4555 quomodo
3488 4500 3595 4538 non

2034 4578 2446 4635 stolidissimum
2493 4577 2717 4632 omnino
2745 4586 2828 4632 est
2883 4587 2935 4631 et
2964 4587 3153 4647 praeter
3182 4593 3394 4630 omnem
3435 4578 3596 4630 ratio-

2034 4687 2180 4734 nem,
2234 4670 2471 4723 ambitus
2501 4667 2579 4721 illi
2624 4669 2894 4738 applicare
2936 4667 3171 4722 nomen?
3218 4667 3291 4721 Ne
3330 4667 3597 4737 illudqni-

2036 4763 2156 4816 dem
2191 4762 2337 4816 venit
2370 4762 2422 4813 in
2451 4771 2685 4815 mentem
2730 4764 2875 4829 quod
2907 4759 2952 4812 si
2989 4758 3157 4814 facies
3186 4759 3326 4827 ejus,
3354 4760 3457 4812 hoc
3506 4768 3598 4815 ,ρει

2041 4851 2293 4921 Spiritus;
2348 4849 2513 4905 facies
2569 4851 2710 4905 enim
2755 4848 2895 4919 Filii:
2934 4860 3157 4902 vocatur
3192 4849 3466 4917 Spiritus;
3500 4848 3600 4899 in;-

2039 4946 2147 5015 plet
2200 4944 2417 5008 omnia,
2456 4943 2599 4998 nulla
2656 4942 2868 4997 ratione
2916 4943 3111 5016 ipsutn_
3143 4941 3351 4995 ambitu
3396 4941 3596 4994 includi

2036 5050 2216 5106 posse.
2267 5053 2284 5084 ι

2106 5130 2184 5182 Ad
2219 5129 2334 5183 haec
2368 5142 2598 5198 magnus
2621 5124 2855 5180 Basilius
2883 5126 2937 5178 in
2963 5124 3054 5179 lib.
3092 5139 3143 5177 tv
3177 5123 3374 5179 Contra
3413 5122 3604 5177 Euno-

2036 5222 2218 5285 mium,
2259 5220 2559 5290 genitorem
2599 5229 2653 5273 et
2712 5219 2939 5287 primam
2975 5217 3207 5270 formant
3242 5216 3361 5271 Filii
3386 5217 3600 5273 Patretn

2037 5312 2349 5381 appellavit.
2391 5310 2615 5380 Magnus
2657 5323 2787 5363 vero
2825 5309 2912 5363 ille
2947 5307 3244 5379 Gregorius
3270 5309 3603 5365 mirabiliqu

2040 5412 2286 5471 patrator
2344 5400 2707 5456 Neocaasarcae
2751 5401 3065 5470 episcopus,
3127 5401 3178 5454 in
3237 5401 3398 5466 libro,
3446 5403 3605 5470 cujus

2019 5494 2256 5570 'initinm
2322 5503 2405 5546 est
2466 5508 2480 5545 :
2538 5490 2896 5545 lnimicissimi
2984 5493 3242 5561 alienique
3307 5495 3608 5559 apostolica:

2042 5584 2405 5653 confessionis,
2449 5603 2464 5634 t
2502 5584 2683 5648 Pater,
2739 5584 2933 5652 inquit,
2994 5583 3205 5638 Domini
3250 5582 3606 5654 principium,

2156 5698 2200 5729 ³⁹
2225 5697 2366 5752 Psal.
2420 5714 2582 5762 vatt,
2611 5697 2700 5752 29.
2813 5697 2853 5728 "
2890 5695 2906 5748 I
2941 5695 3066 5752 Cor.
3113 5712 3149 5759 t,
3193 5693 3282 5749 24.
3390 5692 3434 5724 ³³
3460 5693 3604 5749 Psal.
