4046 6204
475 324 565 384 .83
1741 348 2135 420 MANUELIS
2170 365 2468 431 CALECiE
3642 395 3711 458 84

493 447 689 492 :eterne
749 440 898 493 illum
962 449 1192 513 genuit;
1237 454 1482 519 etprima
1556 455 1730 512 [οιιιιιει
1811 462 2040 530 Spiritui
2074 477 2118 532 Α
2150 478 2322 536 vinus

495 529 776 583 Dominus.
813 550 830 580 ι
871 532 1138 588 Praeterea
1181 552 1359 592 sermo
1385 544 1602 610 quidem
1634 546 1810 604 Patris
1842 529 2037 620 Filius,

492 619 717 673 verbum
767 629 944 674 autem
1006 623 1123 678 Filii
1184 627 1419 695 Spiritus
1466 632 1521 686 in
1551 650 1706 692 sacra
1758 619 2042 711 Scriptura

495 710 716 763 dicitur.
791 711 864 764 ita
936 724 989 765 et
1059 730 1284 782 magnus
1353 719 1585 778 Basilius
1636 710 1901 797 exposuit.
1967 735 2043 789 Ac

492 799 741 866 proprius
757 800 970 869 quidem
996 803 1172 858 Patris
1197 805 1389 875 Filius,
1414 812 1531 866 Filii
1560 826 1738 871 autem
1793 823 2041 891 proprius

490 887 727 954 Spiritus
798 901 1019 945 sanctus
1070 907 1099 945 a
1148 896 1411 968 theologis
1479 907 1760 977 asseritur.
1815 887 2048 972 Sanctus

486 977 721 1045 denique
774 979 1004 1048 Cyrillus
1071 985 1123 1038 in
1149 986 1287 1042 libro
1342 993 1423 1044 Ad
1497 1001 1814 1066 monachos,
1883 1007 2040 1074 cujus

484 1065 696 1120 initium
759 1079 844 1122 est
909 1088 924 1124 :
986 1073 1316 1132 Aduenerant
1374 1084 1613 1150 quidem,
1683 1065 1841 1157 juxta
1902 1065 2040 1162 φίοά

482 1167 785 1213 consuetum
847 1175 947 1227 est,
1040 1168 1094 1221 in
1151 1170 1496 1242 Alexandria,
1575 1197 1594 1230 ι
1655 1179 1806 1237 Sicut
1874 1188 2044 1250 enim,

481 1248 678 1316 inquit.
743 1256 1018 1324 proprium
1081 1269 1165 1313 est
1219 1261 1475 1327 hominis,
1532 1268 1642 1322 imo
1681 1283 1733 1324 et
1778 1248 2042 1345 cujusque

479 1348 798 1397 ceterorum
872 1348 1225 1414 animalium,
1273 1356 1439 1422 quod
1518 1373 1582 1411 ex
1608 1376 1672 1414 eo
1734 1368 2035 1421 secundum

479 1439 726 1485 naturam
787 1448 1095 1505 generatur,
1150 1440 1221 1494 ita
1262 1447 1542 1512 proprium
1581 1449 1672 1504 Dei
1720 1469 1858 1521 esse,
1891 1461 2034 1526 quod

477 1536 540 1574 ex
573 1522 712 1576 illius
746 1528 977 1582 essentia
1017 1539 1120 1595 est,
1159 1534 1381 1604 intelligi
1413 1541 1590 1594 et‘dici
1619 1544 1793 1600 debet.
1831 1565 1850 1596 ο

547 1611 771 1682 Magnus
820 1616 946 1672 item
999 1623 1346 1692 Athanasius,
1391 1628 1446 1682 in
1499 1631 1743 1687 tContra
1807 1639 2036 1695 Arianae

477 1700 572 1753 lib.
646 1721 664 1754 ι
729 1705 863 1769 Quia
929 1711 1098 1773 enim,
1161 1716 1366 1783 inquit,
1423 1717 1652 1776 Verbum
1715 1729 2038 1783 naturaliter

477 1793 752 1859 proprium
784 1808 866 1850 est
919 1800 1235 1857 sub5tantiae
1292 1806 1398 1871 Dei,
1441 1823 1503 1862 ex
1543 1811 1662 1880 ipso
1717 1830 1929 1886 quoque
1982 1831 2030 1875 et

476 1879 528 1930 in
583 1881 697 1945 ipso
758 1893 858 1939 est.
910 1905 928 1937 ι

545 1969 776 2026 Rursum
825 1975 1057 2045 Cyrillus
1104 1981 1449 2041 beatissimus
1492 1987 1624 2043 illud
1657 1993 2032 2060 evangelicum

482 2074 761 2126 exponens
811 2066 929 2118 :De
1012 2085 1120 2122 meo
1202 2075 1414 2140 accipiet
1448 2077 1526 2141 ",
1561 2080 1636 2132 ait
1711 2081 1778 2136 de
1834 2084 2035 2153 Spiritu

473 2161 660 2205 sancto
697 2171 710 2206 :
754 2173 771 2205 ι
815 2158 1120 2217 Procedens
1161 2167 1362 2232 quippe
1391 2181 1488 2234 per
1518 2183 1643 2224 eum
1683 2175 2054 2240 naturaliter,‘

472 2249 531 2292 ιιι
566 2244 816 2311 proprius
856 2249 1025 2316 ipsius
1069 2267 1191 2306 cum
1229 2259 1502 2321 munibus,
1533 2277 1654 2329 qua:
1695 2263 1875 2331 habet,
1911 2282 2033 2336 per-

469 2329 607 2385 fecte
643 2338 889 2404 accipere
919 2340 1139 2407 dicitur,
1167 2361 1288 2413 quae
1318 2349 1438 2417 ejns
1461 2361 1606 2404 sunt.
1655 2372 1674 2403 ι

538 2425 592 2476 Si
641 2425 807 2496 igitur
845 2445 1034 2510 omnes
1087 2433 1254 2488 ferme
1303 2440 1474 2491 sancti
1531 2441 1718 2498 Patres
1765 2451 2025 2513 apostoli-

465 2527 586 2565 cum
647 2514 774 2568 illud
831 2537 844 2572 :
901 2507 1206 2586 Conformes
1257 2525 1498 2594 imaginis
1558 2529 1685 2584 Filii
1749 2507 1890 2602 ejus,
1945 2539 2016 2593 ita

462 2617 863 2670 exposuerunt.
903 2618 981 2669 ut,
1026 2613 1316 2678 conformes
1365 2613 1589 2683 Spiritui
1631 2621 1891 2688 dicerent,
1933 2627 2025 2695 qui

463 2705 543 2745 est
574 2696 749 2764 imago
781 2698 900 2753 Filii
939 2701 1032 2756 Dei
1059 2720 1072 2765 ;
1103 2703 1282 2772 imago
1311 2723 1439 2761 vero
1471 2725 1532 2762 ex
1567 2726 1674 2778 quo
1709 2723 1812 2774 est,
1849 2716 2021 2784 signi-

462 2784 620 2847 ticat;
682 2802 789 2841 non
843 2790 986 2844 enim
1046 2791 1213 2850 Filius
1271 2795 1449 2866 imago
1504 2797 1680 2854 Patris
1731 2803 2020 2867 diceretur,

459 2878 563 2930 nisi
596 2893 661 2930 ex
690 2878 780 2933 illo
804 2888 946 2934 esset
975 2899 990 2935 :
1021 2900 1037 2930 σ
1070 2881 1202 2936 Cum
1239 2886 1381 2938 enim
1421 2889 2012 2962 auiisuusimaginem,

459 2968 838 3033 splendorem,
920 2981 978 3025 ut
1006 2975 1096 3026 ait'
1159 2990 1386 3045 magnus
1465 2977 1724 3048 Basilius,
1810 2999 2020 3054 Oportet

459 3058 792 3127 intelligere;
845 3077 864 3111 ι
909 3062 1164 3129 splendor
1217 3080 1343 3118 vero
1385 3068 1822 3124 manifvstissime
1878 3090 2002 3143 pro-
2045 3101 2087 3159 ο

457 3163 669 3214 cessum
745 3150 1061 3204 substantia:
1133 3153 1422 3224 designat:
1457 3167 1703 3223 constat,
1770 3162 1914 3231 quia
1966 3174 2019 3218 rt

457 3227 714 3305 Spiritus,
765 3254 887 3293 cum
942 3241 1117 3310 imago
1158 3241 1275 3295 Filii
1310 3245 1544 3308 dicatur,
1584 3227 2016 3307 idcirco—dicitur

455 3328 630 3396 imago
669 3327 805 3396 ejus,
856 3331 981 3398 quia
1014 3346 1079 3384 ex
1120 3331 1215 3386 illo
1243 3333 1548 3400 splendoris
1576 3337 1749 3391 instar
1772 3352 2015 3396 emanat.

456 3417 680 3485 Uuaquc
731 3418 863 3472 illud
915 3423 1162 3490 apparet,
1224 3422 1368 3492 quod
1431 3424 1535 3478 nisi
1592 3429 1754 3482 etiam
1814 3449 1843 3485 a
1880 3431 2016 3486 Filio

456 3507 692 3575 Spiritus
745 3517 912 3572 esset,
968 3526 1311 3581 nequaquam
1365 3518 1660 3572 secundum
1714 3517 1816 3576 hoc
1847 3513 2014 3579 Filius

448 3610 514 3645 ex
595 3594 751 3649 Patre
832 3590 1161 3664 splenderet.
1237 3600 1314 3654 lia
1388 3618 1489 3658 nec
1555 3605 2014 3666 incommutabilis

449 3681 629 3753 imago
679 3693 847 3740 esset.
900 3687 1347 3745 Atintmulabilis
1389 3703 1502 3758 est,
1538 3699 1805 3764 personali
1835 3710 2012 3754 tamen

451 3775 778 3832 disrretione
834 3791 1069 3834 servata.
1135 3783 1319 3837 Dictus
1377 3795 1463 3840 est
1496 3797 1700 3863 .autcm
1769 3804 1833 3842 ex
1903 3801 2008 3844 tota

449 3867 622 3933 gloria
674 3867 814 3922 illius
870 3869 1191 3925 illustratus.
1229 3870 1286 3925 Si
1327 3889 1390 3927 ex
1439 3883 1572 3938 tota,
1611 3887 1756 3932 totus
1791 3893 2010 3933 necesse

447 3967 529 4007 εει
583 3955 752 4009 totius
788 3957 965 4024 imago
1019 3959 1108 4024 sit,
1138 3976 1201 4013 ac
1261 3962 1562 4016 secundum
1623 3966 1724 4018 hoc
1784 3966 2008 4020 minime

447 4045 747 4100 variabilis.
809 4047 872 4100 Et
941 4051 1196 4116 quoniam
1250 4051 1417 4104 Filius
1474 4059 1644 4106 totum
1690 4052 1742 4107 in
1785 4071 1845 4110 se
1890 4057 2008 4126 ipso

443 4135 677 4190 ostendit
725 4137 970 4203 l‘atrem;
1005 4141 1102 4192 hoc
1153 4149 1330 4192 autem
1381 4152 1494 4206 est,
1548 4146 1804 4210 quoniam
1859 4155 2006 4204 totus

447 4246 509 4281 ex
558 4237 670 4283 toto
717 4241 817 4284 est.
855 4231 943 4285 Ait
990 4244 1168 4285 autent
1209 4231 1323 4300 ipse
1369 4232 1599 4289 Basilius
1630 4237 1695 4289 ad
1727 4238 2006 4309 Amphilo-

2372 500 2494 539 cum
2551 489 2782 555 dicatur.
2843 499 3139 553 secundum
3189 500 3440 555 eumdem
3476 503 3698 558 modum

2152 569 2369 635 dicitur,
2403 588 2614 633 servato
2652 590 2829 637 tamen
2880 598 3138 654 processu
3171 589 3442 650 diﬁcrenti
3495 592 3616 647 Filii
3654 601 3710 649 et

2097 691 2112 715 ς
2153 659 2412 732 Spiritus;
2449 671 2592 736 quod
2647 673 2733 726 hic
2766 675 2972 730 scilicet
3004 677 3320 735 immediate
3347 689 3402 736 et
3429 683 3712 737 continen-

2151 762 2232 806 ter
2291 773 2355 811 ει
2420 761 2617 826 primo,
2677 765 2764 817 ille
2795 781 2890 833 per
2941 782 3066 820 eum
3121 770 3212 838 qui
3264 774 3610 831 continenter
3645 787 3707 828 ex

2148 847 2326 912 primo
2365 851 2612 917 prodeat.
2653 856 2981 910 Secundum
3042 859 3287 914 eamdem
3320 872 3498 920 autem
3535 871 3705 924 ratio-

2147 951 2270 991 nem
2325 950 2378 994 et
2437 940 2604 998 facles
2667 944 2785 998 Filii
2832 945 3365 1018 ‘dicitunSpiritus,
3432 967 3487 1011 et
3537 960 3710 1027 prima

2145 1026 2320 1083 forma
2360 1031 2596 1100 Spiritus
2639 1034 2915 1103 Dominus,
2948 1039 3086 1093 sicut
3119 1050 3174 1096 et
3204 1041 3365 1097 Pater
3388 1040 3508 1102 Filii
3529 1026 3710 1106 causa:

2147 1122 2358 1176 ratione
2395 1123 2572 1200 djctus
2626 1137 2727 1180 est.
2782 1127 2914 1182 Viva
2967 1132 3110 1184 enim
3169 1135 3404 1191 viventis
3433 1135 3631 1208 imago,
3654 1151 3710 1195 et

2146 1212 2314 1279 ﬁgura
2345 1212 2663 1270 substantiae
2690 1215 2806 1286 ejus
2836 1230 2916 1272 est
2956 1221 2998 1250 "

2221 1303 2286 1357 Et
2318 1315 2483 1370 certe,
2514 1303 2558 1360 si
2591 1307 2708 1362 sine
2768 1311 2945 1363 medio
2976 1321 3120 1367 esset
3157 1308 3393 1382 Spiritus
3420 1332 3486 1371 ex
3521 1318 3703 1384 Patre,

2148 1397 2199 1449 id
2266 1406 2348 1450 est
2407 1411 2476 1451 ex
2530 1399 2676 1463 solo,
2748 1413 3026 1470 nunquam
3093 1400 3270 1460 dictus
3329 1415 3475 1464 esset
3537 1409 3706 1465 Filius

2144 1487 2360 1555 quidem
2395 1491 2572 1559 imago
2604 1490 2795 1556 Patris;
2828 1489 2949 1547 Filii
2978 1505 3155 1550 autem
3206 1497 3386 1567 imago
3418 1499 3651 1568 Spiritus
3685 1521 3698 1556 :

2145 1584 2198 1626 et
2228 1575 2392 1630 Filius
2450 1578 2668 1646 quidem
2722 1583 3000 1648 operatio,
3034 1593 3087 1637 et
3137 1584 3310 1640 virtus
3341 1587 3538 1651 Patris;
3576 1590 3699 1645 Filii

2146 1676 2325 1718 autem
2379 1669 2621 1734 operatio
2655 1677 2708 1722 et
2754 1669 2928 1726 Virtus
2987 1671 3241 1741 Spiritus.
3299 1678 3475 1745 Atque
3532 1678 3701 1735 Filius

2142 1754 2357 1818 quidem
2409 1758 2574 1813 facies
2621 1758 2815 1825 Patris;
2851 1760 2973 1816 Filii
3031 1777 3158 1817 vero
3224 1763 3391 1819 facies
3439 1762 3694 1835 Spiritus.

2147 1845 2210 1898 Et
2239 1846 2366 1899 illud
2388 1863 2494 1901 una
2521 1863 2583 1902 ex
2609 1849 2700 1904 his
2731 1859 2975 1920 apparet,
3004 1851 3263 1922 Spiritum
3293 1854 3468 1912 Patris
3499 1855 3692 1912 Filiunt

2143 1958 2242 1997 nec
2273 1958 2411 2009 esse,
2449 1961 2547 2000 nec
2598 1948 2725 2012 dici;
2763 1963 2939 2018 neque
2973 1947 3259 2021 imaginem
3307 1954 3444 2024 ejus,
3493 1964 3548 2009 et
3573 1973 3694 2026 qum

2139 2035 2242 2087 alia
2274 2034 2393 2090 Filii
2424 2049 2544 2091 esse
2568 2037 2845 2094 dicuntur.
2868 2040 3160 2097 Processus
3187 2045 3384 2113 quippe
3413 2046 3691 2111 diﬂ'erens,

2137 2121 2605 2198 ematialionisque
2669 2130 2992 2198 diﬂerentia,
3056 2135 3200 2188 hunc
3264 2135 3483 2201 Filium,
3543 2139 3690 2193 illum

2136 2216 2397 2284 Spiritum
2451 2221 2632 2274 vocari
2693 2222 2846 2276 tecit.-
2869 2223 2925 2276 Si
2987 2226 3109 2294 quis
3164 2234 3377 2296 tamen,
3410 2242 3531 2297 quae
3565 2239 3692 2287 sunt

2136 2312 2471 2377 ltujusmodi,
2516 2315 3130 2373 consubstantialitatem
3180 2320 3398 2388 signare
3457 2332 3698 2390 asserat;

2133 2404 2336 2468 audiat,
2368 2407 2851 2462 ronsubstantialia
2911 2408 3127 2478 quidem
3198 2411 3465 2467 converti:
3517 2413 3682 2469 Fiiius

2132 2509 2309 2552 autem
2359 2501 2532 2555 sancti
2581 2500 2816 2570 Spiritus
2871 2518 3047 2572 neque
3092 2513 3194 2568 est,
3246 2519 3420 2574 neque
3464 2505 3683 2571 dicitur,

2127 2605 2301 2657 neque
2377 2595 2712 2647 convertitur
2785 2593 3002 2648 habitus
3085 2593 3186 2647 ista
3268 2599 3679 2666 consequentia.

2129 2679 2233 2736 Sed
2285 2699 2354 2736 ne
2411 2683 2538 2740 illud
2585 2688 2803 2756 quidem
2858 2704 3085 2756 usquam
3139 2688 3335 2743 lectum
3401 2695 3505 2749 est,
3535 2689 3680 2756 quod

2124 2776 2316 2840 Filius,
2345 2776 2538 2843 virtus,
2567 2783 2622 2832 et
2652 2781 2917 2837 naturalis
2971 2782 3383 2849 essentialisque
3413 2781 3679 2848 operatio.

2123 2871 2177 2918 et
2236 2867 2415 2941 imago
2475 2871 2575 2932 sit,
2609 2885 2787 2937 neque
2846 2873 3065 2926 verbum
3120 2871 3259 2939 ejus.
3305 2880 3358 2926 et
3410 2885 3530 2940 quas
3575 2869 3679 2924 aila

2122 2952 2242 3007 Filii
2295 2955 2538 3032 Spiritus
2574 2969 2794 3015 sanctus
2847 2975 2968 3016 esse
3021 2962 3238 3016 dicitur.
3292 2957 3364 3012 Ex
3405 2973 3514 3030 quo
3544 2974 3682 3016 sani:

2123 3049 2320 3116 liquet,
2385 3064 2605 3121 propter
2671 3055 2973 3108 divinarum
3048 3069 3400 3124 personarum
3489 3055 3555 3109 ad
3619 3067 3680 3109 se

2122 3140 2344 3194 iuviceu
2396 3143 2659 3208 ordinem,
2709 3143 3008 3198 secundum
3063 3159 3253 3215 quem,
3290 3158 3592 3214 processus,
3626 3152 3685 3199 et

2127 3233 2423 3291 secundum
2511 3247 2673 3299 quem
2742 3235 2978 3305 Spiritus
3030 3249 3256 3292 sanctus
3320 3237 3557 3307 procedit
3608 3251 3674 3290 ex

2121 3321 2279 3378 Patre
2327 3339 2422 3394 per
2462 3321 2654 3379 Filium
2683 3365 2698 3389 ,
2732 3325 2832 3381 ista
2891 3342 2997 3382 non
3032 3342 3190 3398 posse
3226 3329 3490 3394 converti,
3545 3327 3673 3394 quia

2125 3425 2300 3484 neque
2327 3431 2391 3470 ex
2421 3415 2580 3470 Patre
2634 3415 2802 3472 Filius
2831 3433 2926 3488 per
2953 3415 3208 3489 Spiritum
3242 3420 3494 3488 gignitur.
3525 3417 3676 3473 Sicut

2116 3508 2258 3560 enim
2303 3505 2464 3562 Pater
2510 3505 2628 3562 Filii
2665 3509 2843 3565 virtus
2889 3523 2993 3563 non
3032 3509 3252 3572 dicitur,
3280 3525 3454 3579 neque
3480 3513 3674 3576 open-

2117 3597 2228 3662 tio,
2278 3611 2377 3652 nec
2410 3597 2696 3667 splendor,
2725 3609 2780 3654 et
2822 3601 2869 3654 si
2892 3601 3020 3670 quid
3072 3611 3155 3654 est
3192 3601 3501 3668 hujusmodi
3547 3603 3673 3673 (hoc
3767 3675 3783 3685 .

2115 3687 2260 3739 enim
2320 3695 2463 3741 esset
2519 3686 2838 3742 substantiae
2901 3690 3144 3743 ordinent
3194 3691 3429 3762 tollere).
3481 3694 3669 3748 eadem

2114 3776 2324 3827 ratione
2389 3789 2566 3844 neque
2638 3775 2803 3830 Filius
2871 3779 2968 3832 ista
3047 3794 3168 3835 esse
3217 3781 3387 3836 sancti
3438 3781 3672 3852 Spiritus

2111 3861 2328 3914 dicitur.

2181 3953 2371 4018 Porro,
2422 3954 2465 4008 si
2495 3956 2618 4024 quis
2674 3954 2961 4024 imaginem
3014 3957 3292 4013 hominum
3351 3955 3417 4014 ad
3475 3959 3664 4024 Deum,

2103 4046 2255 4114 juxta
2319 4043 2689 4116 proportionis
2734 4050 3008 4102 rationem
3065 4050 3118 4103 in
3178 4051 3412 4120 imagine
3465 4053 3664 4116 Patris.

2110 4137 2213 4190 hoc
2249 4148 2332 4191 est
2381 4135 2541 4199 Filio,
2594 4148 2651 4193 et
2689 4139 2925 4206 imagine
2959 4139 3101 4204 Filii,
3149 4141 3395 4198 videlicet
3437 4144 3663 4212 Spiritu,

2110 4224 2238 4278 velit
2276 4225 2563 4294 accipere,
2600 4241 2704 4280 non
2747 4231 2918 4296 magis
2952 4231 3094 4299 quod
3128 4232 3271 4285 volet
3328 4271 3342 4294 ,
3391 4233 3661 4299 emendet,

442 4319 624 4372 cltiunt
664 4319 909 4373 scribens
944 4335 958 4371 :
997 4339 1015 4372 ι
1053 4320 1187 4384 Quia
1243 4321 1472 4388 Spiritus
1519 4337 1740 4396 sanctils
1768 4334 2001 4387 ostendit
2030 4326 2080 4385 D
2105 4331 2266 4386 (ιιηιη
2316 4316 2509 4371 “imm
2553 4333 2583 4371 ³
2641 4314 2814 4374 huis
2866 4323 3096 4375 essem“
3150 4319 3407 4376 “limabit
3435 4359 3452 4388 ο
3491 4321 3664 4391 simi"

443 4406 495 4458 itt
555 4409 735 4476 svipso
789 4406 1009 4473 Filium,
1057 4419 1109 4458 et
1167 4409 1500 4478 majestatent
1534 4414 1674 4483 ejus,
1714 4421 1852 4474 unde
1882 4437 2006 4490 pro-

440 4496 562 4559 diit,
617 4505 852 4560 constat,
899 4497 1023 4564 quia
1075 4508 1127 4550 et
1183 4497 1418 4567 Spiritus
1467 4509 1685 4560 sanctus
1755 4519 1898 4564 totus
1935 4529 2000 4566 ex

440 4598 554 4639 toto
587 4587 726 4639 Filio
769 4596 870 4639 est.
938 4585 1002 4639 Et
1040 4575 1294 4654 quoniam
1337 4608 1498 4644 unum
1536 4604 1702 4649 totum
1731 4609 1813 4652 est
1844 4592 2002 4672 Pater

437 4687 489 4727 (ιι
533 4675 721 4734 Filius,
783 4691 955 4743 neque
1006 4678 1148 4730 aliud
1213 4690 1294 4732 est
1368 4690 1538 4737 totum
1608 4686 1796 4753 Pater,
1854 4693 1998 4746 aliud

439 4776 610 4816 totum
643 4765 848 4831 Filius;
875 4777 1036 4832 patet,
1069 4772 1194 4839 quia
1221 4788 1283 4825 ex
1315 4790 1422 4827 uno
1457 4787 1567 4830 loto
1593 4779 1753 4834 Patre
1785 4793 1837 4835 et
1862 4783 2000 4838 Filio

439 4855 673 4920 Spiritus
720 4845 952 4911 sanctus
993 4868 1094 4923 cst,
1151 4875 1362 4917 servata
1421 4868 1629 4922 scilicet
1668 4871 1998 4928 discretione

398 4933 404 4958 ²
435 4943 608 5002 l’atris
640 4957 692 5002 et
724 4945 859 5002 Filii.
910 4969 930 5000 a

504 5033 770 5099 Quoniam
825 5055 954 5093 vero
984 5040 1145 5095 etiam
1197 5044 1316 5096 viva
1366 5045 1558 5106 virtus,
1615 5059 1665 5100 et
1727 5052 1992 5104 naturalis

432 5135 594 5193 atque
642 5131 949 5184 essentialis
995 5129 1230 5187 eﬂicacia
1268 5134 1459 5200 Patris,
1493 5147 1576 5189 est
1610 5138 1798 5201 Filius,
1828 5153 1994 5209 atque

435 5215 538 5270 hoc
572 5221 815 5282 omnino,
865 5211 1122 5291 q’uoniam
1159 5239 1224 5276 ex
1254 5225 1412 5279 Patre
1461 5236 1542 5280 est
1569 5230 1763 5294 (virtus
1794 5232 1992 5300 quippe

430 5310 482 5361 i‘u
545 5322 762 5377 potente
803 5323 964 5382 atque
997 5330 1058 5367 ex
1092 5323 1307 5383 potente
1337 5326 1458 5385 est,
1491 5319 1894 5389 et‘licientiaquc
1923 5340 1988 5377 ex

428 5399 697 5456 efﬁciente
766 5407 966 5476 prodit)
999 5448 1013 5472 ,
1048 5417 1298 5470 constat,
1329 5409 1454 5476 quia
1516 5411 1677 5464 etiam
1758 5413 1991 5483 Spiritus

427 5477 548 5542 FJii
599 5491 860 5545 naturalis
911 5503 1073 5562 atque
1121 5496 1423 5551 essentialis
1461 5497 1725 5566 efﬁcacia,
1787 5477 1841 5556 et
1870 5505 1988 5557 viva

499 5669 541 5698 "
569 5668 722 5720 Joan.
761 5684 866 5734 χνι,
918 5669 995 5722 Η.
1079 5671 1118 5700 ³⁷
1149 5669 1311 5726 Hebr.
1347 5689 1386 5734 ι,
1426 5676 1475 5728 5.

2107 4415 2333 4476 tumque
2375 4424 2405 4461 a
2460 4405 2596 4464 Filio
2648 4412 2883 4465 alienant
2948 4423 3124 4480 neque
3185 4413 3290 4466 sibi
3341 4415 3664 4468 naturaliter

2106 4501 2324 4561 insitum
2357 4501 2772 4569 blasphemabil.
2825 4501 2998 4555 Faterl
3020 4501 3163 4555 enim
3196 4513 3435 4572 cogetur,
3462 4499 3660 4560 Filium

2105 4593 2169 4644 ad
2218 4590 2431 4645 Patrem
2483 4594 2726 4647 eamdem
2786 4592 2986 4646 habere
3035 4579 3336 4662 rationein,
3368 4610 3531 4664 quant
3563 4599 3662 4649 ha-

2106 4683 2231 4736 bent
2268 4683 2461 4753 singuli
2488 4672 2770 4737 hominum
2806 4683 2872 4736 ad
2911 4681 3103 4737 Deum.

2179 4773 2373 4827 Verum
2462 4789 2525 4827 ex
2614 4775 2872 4841 pracdicto
2969 4775 3266 4828 secundum
3369 4789 3658 4844 processus

2104 4876 2464 4934 personarum
2517 4865 2729 4927 ordine,
2783 4867 2920 4917 ratio
2975 4863 3136 4918 etiam
3191 4865 3661 4920 consubstantiali-

2106 4959 2229 5009 tatis
2264 4965 2508 5024 apparet;
2549 4963 2765 5009 constat
2797 4956 2965 5019 enim,
3001 4955 3131 5023 quia
3162 4955 3305 5024 quod
3355 4968 3419 5008 ex
3443 4955 3651 5024 aliquo,

2099 5048 2185 5101 vel
2218 5063 2314 5112 per
2350 5048 2612 5116 aliquem,
2647 5046 2950 5100 secundum
2983 5045 3319 5114 aequi'vocum
3343 5061 3653 5114 processum

2099 5140 2293 5208 prodit,
2375 5139 2622 5192 eamdem
2707 5137 2830 5192 inde
2903 5146 3152 5190 naturam
3220 5137 3419 5191 sumit.
3486 5137 3653 5206 Atqui

2097 5232 2374 5300 proprium
2413 5229 2587 5283 Patris
2616 5228 2810 5282 Filium
2857 5239 2999 5290 esse,
3039 5237 3096 5280 ut
3125 5226 3217 5296 qui
3252 5241 3316 5280 ex
3353 5226 3654 5280 substantia

2098 5320 2243 5374 illius
2284 5319 2374 5381 sit,
2409 5320 2580 5372 sancti
2633 5317 2819 5371 Patres
2870 5325 3205 5370 asseverant.
3253 5314 3476 5383 Magnus
3509 5315 3652 5369 enim

2097 5413 2426 5466 Athanasius
2473 5411 2550 5463 ait
2593 5429 2606 5464 :
2662 5429 2680 5461 ι
2716 5408 2980 5476 Quoniam
3013 5407 3248 5462 Verbum
3278 5420 3373 5472 per
3403 5415 3651 5458 naturam

2100 5505 2379 5574 proprium
2423 5515 2504 5558 εει
2540 5503 2787 5558 essentia:
2823 5500 2936 5564 Dci,
2989 5513 3050 5553 ex
3087 5497 3206 5567 ipso
3255 5505 3415 5565 atque
3450 5495 3504 5550 in
3537 5494 3658 5566 ipso
