4046 6204
338 323 405 378 ῖιῖι
714 326 719 341 ‘
1415 312 1812 392 semisses
1841 329 2155 390 GRAECOS
2196 330 2344 389 LIB.
2385 330 2467 389 li.
3509 323 3575 384 se

340 453 444 496 est.
495 464 513 497 ι
551 444 682 509 Qua:
712 456 890 501 autem
928 447 994 502 de
1045 448 1144 503 hoc
1176 449 1457 510 dicuntur,
1494 449 1725 518 plurima
1774 462 1895 502 cum
1927 442 1973 502 Α
2002 446 2076 499 ait

341 537 454 587 siut
508 544 728 605 propter
781 538 1226 606 multitudinem,
1264 541 1605 604 omittimus,
1646 556 1739 609 per
1783 555 1905 608 qua:

338 641 406 677 ex
470 627 590 691 ipso
643 641 784 692 esse,
845 637 906 682 ut
970 631 1223 699 pruprius
1300 633 1370 687 sit
1426 632 1674 686 essentia:
1737 630 1903 693 illius,

342 719 613 770 astruitur
642 732 670 770 a
719 720 933 774 sanctis
978 721 1257 775 Patrihus.
1288 722 1463 791 Atque
1499 721 1624 774 hinc
1661 719 1902 789 dignosci

342 818 548 875 ρωιεει,
608 809 868 876 Spiritum
904 810 1024 866 ideo
1074 812 1196 865 Filii
1254 812 1532 882 proprium
1594 811 1723 875 dici,
1777 811 1903 878 quia

339 911 406 949 ex
434 898 673 951 essentia
721 899 919 966 ipsius,
957 915 1280 971 rursumque
1314 916 1437 955 eum
1473 901 1590 955 ideo
1619 916 1681 954 ex
1713 913 1903 953 essen-

340 986 415 1038 tia
478 985 599 1040 Filii
655 1004 777 1043 esse
844 991 1169 1054 asseverari,
1210 993 1336 1061 quia
1391 991 1537 1045 illius
1589 989 1908 1045 substantiae

337 1076 619 1144 nroprium
674 1093 794 1133 esse
848 1081 1047 1134 bonum
1094 1091 1179 1135 est
1243 1098 1258 1136 :
1298 1082 1604 1151 'procederc
1633 1082 1774 1136 enim
1806 1096 1902 1149 per

338 1167 538 1221 Filium
604 1169 927 1226 naturaliter
968 1169 1229 1241 Spiritum
1253 1210 1269 1236 ,
1301 1181 1359 1226 ut
1411 1172 1581 1241 ipsius
1604 1172 1906 1241 proprium,

337 1258 536 1310 beatus
592 1257 827 1327 Cyrillus
877 1260 1050 1323 dixit,
1108 1260 1339 1330 ideoque
1404 1261 1475 1315 ab
1536 1275 1603 1314 eo
1657 1260 1908 1328 accipere

337 1346 576 1408 dii-itur,
630 1347 776 1415 quod
847 1363 945 1415 per
1000 1348 1316 1419 hujusmodi
1390 1363 1710 1418 processum
1778 1361 1901 1403 esse

339 1433 579 1502 Spiritus
609 1444 832 1490 sanctus
865 1438 1160 1504 acceperit.

415 1523 643 1593 Magnus
677 1526 805 1579 item
839 1526 1174 1583 Athanasius
1201 1568 1215 1591 ,
1260 1527 1328 1582 de
1353 1528 1540 1582 eodem
1571 1566 1586 1591 ,
1640 1526 1695 1580 in
1732 1525 1909 1595 primo

337 1612 541 1666 Contra
566 1616 793 1669 .trianas
829 1630 848 1669 :
874 1635 895 1667 ι
928 1615 1040 1671 Nisi
1070 1619 1239 1683 enim,
1272 1618 1467 1687 inquit,
1492 1625 1639 1672 esset
1669 1614 1905 1671 Verbum

341 1721 564 1772 germen
605 1698 882 1775 proprium
928 1711 1249 1765 substantia:
1283 1709 1481 1773 Patris,
1520 1711 1677 1780 quasi
1715 1714 1904 1782 splen-

343 1798 454 1875 dor.
507 1799 664 1863 lucis,
714 1800 943 1856 distaret
1002 1818 1131 1857 vero
1174 1813 1370 1858 natura
1430 1803 1597 1860 Filius
1647 1821 1676 1861 a
1733 1808 1911 1876 Patre,
1944 1775 1991 1835 Β

345 1892 625 1946 sufﬁceret
696 1893 906 1949 Patrem
972 1897 1148 1951 solum
1220 1899 1371 1953 dare.
1412 1918 1431 1951 ι
1470 1899 1570 1956 ilic
1633 1903 1912 1974 proprium

346 1982 528 2036 Patris
584 1983 816 2039 Verbum
897 1985 992 2050 ait,
1052 2002 1150 2042 ceu
1209 1988 1555 2057 splendorem
1617 1992 1777 2049 lucis.
1844 1996 1915 2050 At

347 2076 608 2144 splendor
631 2091 695 2129 ex
729 2092 894 2132 causa
933 2080 1069 2135 lucis
1100 2091 1200 2137 est.
1232 2082 1298 2137 Et
1341 2085 1617 2154 proprium
1651 2087 1819 2157 igitur
1850 2103 1917 2144 ex

348 2179 512 2219 causa
547 2180 670 2219 esse
709 2169 968 2223 ostendit.

421 2255 658 2311 Sanctus
686 2258 921 2328 Cyrillus
965 2276 1131 2330 super
1167 2262 1298 2317 illud
1339 2282 1352 2317 :
1394 2264 1527 2320 Cum
1562 2277 1735 2322 autem
1767 2283 1917 2322 seue-

350 2349 420 2400 rit
479 2347 788 2403 Paraclems
816 2349 862 2381 ³⁸
893 2392 909 2415 ,
948 2370 967 2402 i
1013 2351 1068 2406 Si
1103 2367 1234 2423 ergo
1257 2394 1274 2419 ,
1301 2355 1512 2424 inquit,
1548 2357 1787 2413 ol‘tlcium
1816 2359 1919 2415 mi-

350 2437 508 2490 nistri
534 2435 733 2491 Filium
766 2439 990 2510 implere
1014 2443 1383 2510 arbitramini,
1415 2447 1652 2502 alienum
1689 2451 1791 2505 hoc
1813 2459 1917 2516 est,

348 2545 414 2582 ex
449 2527 560 2582 Deo
600 2539 655 2584 et
706 2531 868 2585 Patre
916 2534 1293 2602 procedentem
1338 2539 1621 2607 Spiritum,
1677 2544 1769 2611 qui
1825 2558 1921 2612 per

353 2628 611 2673 naturam
693 2634 913 2678 sanctus
977 2634 1080 2688 est,
1166 2628 1323 2683 nobis
1409 2630 1752 2701 largientem,
1808 2650 1919 2690 non

351 2715 652 2767 secundth
695 2724 943 2772 naturam
988 2732 1211 2776 sanctus
1240 2732 1321 2776 est
1354 2723 1543 2791 Filius,
1570 2728 1663 2783 sed
1695 2730 1919 2798 partici-

352 2805 571 2873 patione
623 2807 769 2862 sicut
813 2819 869 2863 et
914 2825 1035 2865 nos.
1091 2830 1109 2863 ι
1164 2812 1279 2867 lloc
1308 2831 1609 2885 exponens,
1644 2821 1787 2888 quod
1817 2822 1914 2886 ait,

353 2896 607 2963 alienum,
668 2914 733 2953 ex
782 2899 932 2964 Deo,
988 2903 1184 2973 inquit,
1234 2917 1287 2960 et
1318 2907 1473 2964 Patre
1507 2914 1914 2979 procedentem;

334 2999 462 3037 -non
522 2995 808 3054 propterea
860 2989 1096 3046 alienum
1150 2994 1373 3061 dicens,
1426 3002 1552 3068 quia
1604 3017 1669 3056 ex
1724 3001 1833 3058 Deo
1864 3016 1917 3058 et

2142 465 2153 499 :
2199 464 2215 496 ι
2298 445 2609 500 Ostenditur
2663 445 2961 503 evidenter,
3016 459 3120 497 non
3176 442 3409 498 alienum
3457 461 3576 500 esse

2013 554 2041 589 a
2101 535 2233 589 Filio
2295 534 2591 603 Spiritum,
2650 536 2741 591 sed
2810 537 2861 589 in
2914 536 3031 606 ipso
3117 545 3281 605 atque
3347 552 3409 590 ex
3461 537 3579 605 ipso

2015 642 2156 680 (5350.
2214 644 2231 675 9

2085 719 2161 771 Ac
2191 733 2282 786 per
2312 717 2492 770 omnia
2530 716 2573 770 si
2606 715 2731 786 quis
2757 725 3000 769 sanctum
3036 715 3293 783 Cyrillum
3331 717 3583 771 observet

2013 808 2344 875 diligentius,
2379 809 2449 861 ita
2493 823 2617 862 eum
2646 823 2858 875 semper
2893 808 3125 863 inveniet
3151 807 3410 875 Spiritum
3449 825 3579 863 sau-

2014 909 2159 953 ctum
2192 901 2467 969 proprium
2501 914 2620 953 esse
2646 899 2764 952 Filii
2788 899 2987 957 dicere,
3019 894 3191 969 utqui
3226 915 3291 955 ex
3325 899 3444 970 ipso
3483 900 3574 962 sit,

2014 996 2065 1041 et
2101 989 2226 1057 quia
2253 987 2392 1041 idem
2434 996 2535 1050 est,
2570 987 2829 1055 Spiritum
2871 991 3424 1066 sanctumOSpiritum
3456 1006 3580 1044 esse

2014 1079 2132 1133 Filii
2185 1081 2385 1143 dicere,
2438 1088 2493 1133 et
2546 1080 2833 1157 proprium
2880 1080 3050 1147 ipsius
3103 1097 3225 1136 esse
3264 1100 3277 1146 ;
3314 1080 3578 1151 Spiritum

2013 1181 2193 1227 autem
2256 1171 2376 1226 Filii
2437 1171 2660 1225 relative
2690 1170 2793 1224 dici
2826 1209 2841 1233 ,
2867 1186 3029 1239 supra
3081 1182 3441 1227 monstratum
3472 1182 3576 1235 est;

2013 1262 2106 1318 sed
2127 1269 2182 1315 et
2227 1275 2455 1330 magnus
2515 1259 2746 1316 Basilius
2805 1261 3057 1315 sufﬁcere
3124 1263 3200 1316 ait
3254 1272 3307 1316 et
3369 1262 3470 1316 hoc
3512 1264 3577 1315 ad

2012 1351 2132 1420 ejus
2197 1350 2552 1407 substantiam
2620 1352 3042 1413 insinuandam,
3118 1353 3260 1406 sicut
3313 1362 3368 1406 et
3433 1351 3577 1421 quod

2012 1456 2076 1496 ex
2130 1440 2236 1497 Deo
2263 1456 2382 1499 esse
2416 1442 2657 1507 dicitur;
2708 1440 3050 1510 Spiritusque
3105 1442 3171 1495 ad
3220 1442 3416 1496 Filium
3446 1457 3579 1511 pro-

2014 1534 2335 1604 prietatem.
2386 1547 2453 1587 es
2510 1547 2578 1587 eo
2640 1532 2785 1600 quod
2850 1530 3091 1600 Spiritus
3163 1531 3284 1585 Filii
3343 1532 3577 1592 dicatur,

2014 1623 2288 1692 intelligit.
2323 1622 2466 1678 sicut
2498 1622 2560 1675 ad
2610 1622 2822 1678 Patrem
2861 1639 3104 1692 quoque,
3144 1623 3402 1691 quoniam
3453 1636 3572 1689 pro-

2017 1714 2161 1769 cedit
2241 1728 2307 1768 ει
2341 1712 2526 1767 Patre.
2608 1712 2996 1782 l’roprietatem
3059 1713 3204 1767 enim
3262 1713 3313 1767 in
3383 1711 3581 1766 divinis

2021 1802 2266 1873 personis
2317 1802 2485 1857 veluti
2512 1817 2689 1859 cauam
2744 1812 2799 1855 et
2856 1804 3090 1857 causalis
3140 1788 3589 1857 communionem~

2021 1894 2191 1963 accipi
2225 1894 2339 1947 vult
2372 1911 2386 1948 :
2422 1894 2513 1961 qui
2544 1902 2601 1947 et
2649 1892 2716 1946 ad
2747 1892 3187 1962 Amphilochium
3240 1893 3484 1948 scrihens
3516 1894 3584 1945 dc

2021 1994 2212 2043 sancto
2279 1982 2485 2053 Spiritu
2554 1981 2714 2046 dixit,
2766 1998 2875 2038 non
2938 1983 3067 2037 hinc
3132 1982 3308 2036 solum
3378 1993 3585 2036 natura:

2019 2081 2458 2137 communionem
2515 2077 2916 2140 demonstrari,
2966 2077 3060 2132 sed
3116 2078 3374 2144 quoniam
3419 2077 3581 2129 etiam

2020 2187 2084 2231 es
2145 2170 2253 2226 Deo
2310 2185 2432 2225 esse
2480 2169 2712 2235 dicitur,
2768 2168 3120 2225 manifestum
3164 2178 3290 2231 est,
3352 2168 3480 2235 quia
3531 2176 3587 2221 et

2019 2263 2164 2331 quod
2242 2262 2443 2317 dicitur
2501 2259 2737 2330 Spiritus
2803 2262 3058 2329 proprius
3108 2258 3255 2321 Filii,
3311 2259 3423 2314 haec
3468 2274 3587 2311 om-

2019 2354 2111 2409 nia
2169 2353 2302 2416 vult;
2352 2352 2479 2421 quia
2528 2353 2671 2406 enim
2733 2351 2786 2404 in
2841 2350 3040 2404 divinis
3096 2350 3348 2418 personis
3371 2378 3403 2412 ,~
3435 2349 3584 2418 quod

2020 2447 2221 2501 dicitur
2277 2444 2379 2500 hoc
2426 2443 2611 2511 hujus,
2660 2441 3049 2510 propriumque
3095 2439 3199 2493 hoc
3229 2439 3392 2509 hujus
3437 2454 3580 2499 esse.

2023 2546 2227 2592 remota
2252 2536 2473 2591 materia
2490 2534 2849 2601 omnibusque
2870 2533 3017 2586 illam
3046 2548 3076 2585 e
3095 2531 3324 2599 vestigio
3348 2543 3581 2599 aequem

2022 2630 2190 2693 tibus,
2207 2643 2383 2697 neque
2401 2636 2459 2683 ut
2478 2626 2804 2694 membrum,
2821 2639 2995 2695 neque
3014 2633 3071 2678 ut
3094 2622 3388 2693 possessio,
3409 2636 3585 2690 neque

2022 2719 2322 2776 secundum
2373 2718 2536 2773 ullam
2590 2716 2989 2799 excellentiam,
3039 2723 3206 2783 atque
3270 2712 3583 2782 huiusmodi

2022 2810 2403 2879 proprietatem
2511 2807 2710 2863 dicitur
2741 2846 2756 2872 ,
2819 2806 3003 2864 solum.
3084 2819 3213 2859 vero
3282 2804 3581 2858 secundum

2021 2915 2241 2956 causam
2296 2908 2352 2957 et
2401 2897 2640 2961 causale;
2709 2910 2820 2966 quo
2876 2896 2993 2949 solo
3036 2894 3263 2949 alterum
3320 2891 3388 2945 ab
3416 2891 3587 2945 altero

2022 2991 2282 3059 distingui
2355 3005 2419 3046 ac
2485 2986 2720 3044 discerni
2799 2984 3283 3056 deprehendimus,
3347 2988 3585 3043 constat,

356 3074 514 3128 Patre
574 3077 672 3168 sit,
718 3077 813 3132 sed
851 3082 979 3147 quia
1030 3096 1136 3135 non
1184 3084 1257 3137 sit
1281 3100 1345 3138 ex
1398 3084 1554 3143 Filio.
1618 3089 1674 3143 Si
1726 3091 1911 3160 igitur,
1945 3110 1989 3168 ο
2021 3084 2166 3153 quia,
2230 3090 2287 3138 et
2336 3080 2481 3151 quod
2543 3079 2740 3163 dicitur
2792 3078 3069 3147 proprium
3137 3074 3259 3129 Filii
3322 3074 3586 3144 Spiritum

356 3166 811 3232 q;.e-i:aduiodum
840 3170 1115 3239 proprium
1137 3182 1219 3227 est
1251 3174 1505 3243 hominis,
1538 3181 1682 3247 quod
1718 3197 1783 3235 ex
1809 3184 1927 3251 ipso

357 3255 653 3309 secundum
680 3266 928 3313 naturam
949 3270 1133 3316 natum
1159 3263 1340 3327 fuerit,
1362 3266 1433 3321 ita
1451 3275 1503 3321 et
1525 3271 1798 3338 proprium
1830 3272 1925 3328 Dei

360 3354 459 3408 est,
492 3347 636 3412 quod
660 3363 725 3403 ex
749 3349 866 3419 ejus
883 3354 1112 3406 essentia
1135 3363 1246 3421 est;
1266 3355 1466 3410 dicitur
1490 3371 1667 3414 autem
1691 3360 1925 3430 Spiritus

363 3439 611 3518 [πρωίας
639 3438 782 3505 Filii,
809 3441 1081 3510 quomodo
1109 3460 1217 3499 non
1264 3447 1380 3501 ideo
1405 3449 1657 3518 proprius
1700 3452 1919 3516 dicitur,

364 3516 617 3591 amiculam
657 3547 725 3584 ex
767 3531 887 3601 ipso
910 3535 1033 3588 est?
1074 3533 1133 3589 Si
1177 3538 1317 3590 enim
1343 3516 1554 3607 exripso
1584 3556 1690 3595 non
1721 3551 1824 3610 est,
1853 3545 1923 3600 ab

366 3622 482 3688 ipso
521 3621 733 3676 alienus
769 3623 898 3688 erit,
953 3625 1053 3678 etsi
1096 3641 1201 3678 non
1238 3629 1307 3681 sit
1355 3643 1383 3681 a
1410 3627 1570 3685 Patre
1617 3631 1849 3689 alienus.

435 3710 498 3764 Et
559 3713 693 3765 illud
748 3723 929 3783 autem
990 3716 1153 3771 simul
1206 3721 1535 3784 ostenditur,
1586 3725 1756 3793 quod,
1819 3726 1925 3780 nisi

367 3812 508 3855 esset
550 3820 618 3857 ex
672 3803 831 3867 Filio,
881 3805 1113 3860 ministri
1176 3809 1355 3864 ollirio
1402 3811 1572 3866 Filius
1606 3813 1919 3883 fungeretur

370 3894 504 3960 apud
544 3893 785 3949 Patrem.
822 3893 948 3950 llaec
973 3898 1115 3952 enim
1169 3909 1351 3968 aperte
1398 3918 1561 3971 supra
1606 3904 1717 3972 jam
1773 3906 1918 3960 dicta

367 3996 510 4039 sunt.
572 3985 770 4041 Beatus
822 3998 1003 4041 autem
1059 3989 1291 4059 Cyrillus
1333 3992 1674 4048 manifestius
1719 4004 1774 4049 el
1801 3996 1922 4051 aliis

370 4078 419 4127 in
474 4076 609 4130 locis
670 4077 787 4132 haac
841 4078 1019 4141 ponit.
1074 4077 1212 4134 Nam
1276 4081 1328 4134 in
1372 4084 1710 4151 expositione
1755 4084 1922 4142 Joclis

370 4169 678 4236 propheta,
716 4187 733 4218 ι
769 4169 1023 4237 Proprlus
1078 4171 1214 4238 ejus,
1265 4172 1458 4241 inquit,
1494 4174 1544 4227 id
1577 4182 1658 4229 (st
1689 4174 1830 4239 Filii,
1869 4188 1922 4231 et

371 4259 420 4308 in
476 4259 613 4325 ipso,
677 4269 729 4312 et
753 4274 816 4312 ex
857 4260 976 4328 ipso
1030 4258 1261 4329 Spiritus
1301 4270 1403 4326 est,
1461 4267 1918 4332 quemadmodum

370 4349 570 4403 scilicet
602 4350 767 4403 etiam
817 4350 918 4419 ipsi
966 4349 1075 4403 Deo
1130 4361 1183 4405 et
1231 4353 1373 4406 Patri
1399 4354 1738 4424 intelligitur.
1788 4374 1806 4407 ι
1841 4358 1918 4410 Ac

375 4455 561 4494 rursus
626 4442 682 4494 in
735 4440 985 4495 laudibus
1030 4440 1322 4497 Theodosii
1376 4444 1657 4516 principis,
1696 4466 1713 4497 ι
1744 4446 1930 4519 Bapti-
1962 4428 2005 4483 θ

374 4540 604 4595 zmtem,
659 4530 857 4599 inquit,
908 4529 1090 4585 Jesum
1150 4533 1200 4584 in
1229 4532 1374 4599 igne,
1425 4550 1532 4589 non
1568 4537 1802 4591 alienum
1834 4539 1932 4592 im-

374 4623 672 4675 mittentem
748 4621 1055 4689 Spiritum,
1132 4625 1271 4677 servi
1357 4624 1600 4690 scilicet,
1691 4628 1929 4683 ministri

375 4699 585 4773 cilicio;
620 4711 735 4775 sed,
757 4721 818 4765 ut
846 4712 1007 4765 Deum
1042 4729 1164 4767 cum
1192 4730 1402 4769 summa
1472 4724 1760 4785 potestate,
1803 4732 1927 4773 eum

375 4804 461 4870 qui
491 4817 556 4854 ex
586 4816 646 4855 se
676 4810 816 4863 erat,
845 4818 910 4856 ac
938 4804 1139 4872 proprii
1166 4804 1271 4858 sui.
1308 4824 1326 4855 ι

445 4896 653 4951 ttursus
718 4912 883 4965 super
903 4896 1130 4952 Joannis
1170 4897 1481 4967 Evangelia,
1532 4909 1553 4950 ο
1590 4899 1933 4957 Naturalium

376 4989 540 5050 enim,
594 4989 794 5057 inquit,
855 4987 949 5043 Dei
1006 5005 1066 5043 ac
1100 4991 1279 5045 Patris
1336 4993 1601 5045 bonorum
1662 4992 1841 5047 socius
1886 5001 1941 5046 et

376 5093 599 5132 consors
659 5077 837 5133 Filius
891 5080 1250 5136 essentialitcr
1319 5096 1442 5135 cum
1506 5083 1616 5145 sit,
1677 5083 1937 5151 Spiritum

375 5168 554 5222 habet.
595 5189 613 5219 ι
656 5170 731 5223 Ac
766 5179 890 5238 post
928 5185 1099 5240 pauca
1153 5188 1165 5223 :
1205 5190 1223 5222 ι
1267 5171 1421 5226 Sicut
1468 5181 1523 5227 et
1554 5172 1788 5242 quisque
1841 5189 1935 5227 ηοω

380 5269 547 5310 strum
582 5259 860 5328 proprium
894 5259 948 5313 in
976 5262 1157 5328 seipse
1180 5260 1440 5329 Spiritum
1474 5263 1737 5323 continet,
1772 5272 1947 5332 atque

383 5362 442 5400 ex
504 5349 721 5408 intimis
802 5351 1103 5405 visceribus
1171 5353 1235 5406 ad
1305 5352 1567 5406 exteriora
1639 5351 1934 5421 profundit.

387 5437 588 5494 idcirco
641 5440 787 5495 enim
847 5441 1010 5494 etiam
1062 5442 1416 5511 corporaliter
1472 5443 1769 5497 insulilavit
1811 5459 1935 5499 eum

387 5526 557 5584 Iesus.
606 5547 625 5579 ι
690 5530 833 5585 Idem
895 5531 950 5586 in
999 5534 1232 5602 quodam
1291 5547 1410 5602 cap.
1460 5533 1535 5585 li'
1567 5531 1818 5587 Thesauri
1861 5533 1938 5589 sic

467 5709 511 5739 ⁸⁸
542 5706 700 5763 Joan.
730 5726 818 5776 xv,
857 5710 947 5767 26.

2027 3187 2188 3237 esse,
2251 3170 2546 3228 secundum
2586 3162 2758 3223 hanc
2829 3168 2997 3222 solam
3070 3182 3249 3222 causr
3310 3168 3573 3221 rationem

2028 3262 2200 3331 accipi
2240 3268 2473 3329 ,potest,
2528 3260 2759 3315 maxime
2837 3272 2958 3313 cum
3017 3258 3361 3326 apertissime
3408 3256 3582 3311 sancti

2026 3360 2363 3414 asseverent,
2448 3350 2641 3403 Filium
2710 3348 2929 3418 quidem
3010 3348 3288 3415 proprium
3381 3338 3583 3406 Patris,

2025 3445 2284 3512 quoniam
2312 3459 2376 3496 ex
2407 3442 2526 3510 ipso
2552 3449 2653 3504 est;
2690 3440 2950 3508 Spiritum
2983 3453 3109 3491 vero
3139 3437 3414 3505 proprium
3445 3435 3585 3501 Filii,

2026 3542 2086 3586 ut
2136 3536 2227 3603 qui
2255 3534 2307 3587 in
2349 3534 2467 3602 ipso
2520 3542 2573 3586 et
2603 3547 2696 3600 per
2740 3533 2913 3599 ipsum
2961 3530 3280 3583 naturaliter
3329 3528 3591 3597 prodeat,

2025 3633 2187 3693 atque
2260 3638 2325 3676 ex
2397 3622 2514 3689 ipso
2560 3621 2648 3685 sit;
2693 3620 2836 3688 quod
2896 3620 3169 3689 signiﬁcat
3223 3627 3276 3672 et
3343 3618 3462 3669 Filii
3518 3618 3585 3669 ad

2026 3716 2262 3777 Patrem,
2312 3723 2365 3768 et
2420 3712 2654 3781 Spiritus
2708 3710 2774 3763 ad
2821 3707 3013 3762 Filium
3060 3694 3593 3762 consubstanti'alita-

2026 3819 2156 3863 tem.
2197 3804 2384 3874 Neque
2443 3803 2610 3866 enim,
2660 3801 2915 3871 quoniam
2967 3797 3450 3854 consubstantialis
3488 3806 3589 3858 est,

2026 3899 2144 3954 ideo
2202 3900 2363 3954 etiam
2414 3911 2482 3951 ex
2538 3896 2658 3963 ipso
2704 3903 2808 3957 est,
2869 3891 3356 3947 consubstantialis
3392 3889 3593 3957 quippe

2026 3991 2257 4055 ratione,
2299 4003 2467 4041 unum
2504 3995 2651 4041 sunt.
2704 3984 2994 4052 nullusque
3020 3982 3153 4034 crdo
3179 4023 3193 4048 ,
3226 3995 3323 4035 seu
3353 3980 3591 4040 habitus,

2029 4096 2125 4137 seu
2168 4092 2459 4148 processus
2504 4076 2823 4144 inspicitur,
2859 4073 2985 4143 quia
3031 4087 3139 4127 una
3193 4070 3428 4125 essentia
3489 4078 3591 4130 est,

2026 4182 2304 4236 unumque
2357 4166 2487 4219 illud
2519 4165 2822 4220 secundum
2855 4177 2915 4217 se
2952 4160 3293 4215 individuum
3335 4168 3440 4223 est,
3500 4158 3593 4211 sed

2026 4260 2283 4330 quoniam
2314 4273 2377 4311 ex
2412 4257 2529 4325 ipso
2555 4264 2662 4322 est,
2694 4253 2897 4308 idcirco
2918 4253 3079 4308 etiam
3110 4248 3593 4306 consulistantialis

2028 4360 2112 4406 est
2145 4367 2158 4404 :
2194 4349 2443 4418 sequitur
2488 4349 2631 4401 enim
2679 4344 2991 4415 huiusmodi
3018 4357 3219 4402 causae.
3250 4340 3594 4407 causalisque

2037 4445 2417 4515 proprietatem
2506 4436 3083 4497 consubstantialitas,
3142 4436 3280 4488 sicut
3325 4441 3377 4486 et
3477 4430 3594 4484 Filii

2040 4549 2261 4596 nomen,
2322 4530 2617 4586 secundum
2674 4544 2732 4582 se
2756 4527 2972 4597 quidem
3019 4540 3331 4594 processum
3365 4521 3596 4587 alis-ujus

2037 4643 2103 4682 ex
2138 4625 2321 4692 aliquo
2376 4619 2747 4690 principaliter
2800 4617 3008 4671 indicat
3041 4616 3094 4666 in
3144 4616 3332 4666 eadem
3388 4612 3593 4680 specie,
3676 4635 3691 4641 —

2037 4721 2432 4789 Consequeuter
2530 4723 2658 4763 vero
2742 4705 3360 4762 consubstantialitatem
3454 4717 3595 4756 esse.

2036 4805 2192 4865 Nam,
2248 4801 2392 4873 quod
2434 4800 2504 4855 ita
2556 4797 2831 4870 procedit,
2890 4799 3199 4851 necessario
3235 4795 3396 4849 etiam
3468 4808 3600 4846 eon-

2035 4892 2398 4951 substantiale
2454 4899 2555 4943 est.

2108 4986 2294 5053 itaque
2323 4982 2375 5034 id
2406 4979 2645 5049 quidem,
2670 4974 2813 5046 quod
2833 4974 3031 5028 dicitur
3061 4972 3203 5029 istud
3231 4986 3296 5025 es
3323 4971 3425 5024 isto
3453 4984 3594 5029 essu,

2039 5087 2100 5134 ut
2122 5091 2283 5133 causa
2313 5075 2598 5143 accipitur,
2632 5085 2791 5139 porro
2814 5068 2956 5140 quod
2989 5067 3090 5120 ista
3114 5073 3329 5135 propter
3353 5063 3567 5131 ejusmo
3585 5089 3599 5101 -

2044 5171 2095 5222 di
2126 5181 2437 5238 processum
2476 5163 2836 5233 mquivucum,
2886 5154 3380 5215 consubstantialia
3443 5161 3592 5212 sunt.

2046 5238 2101 5312 ut
2130 5257 2347 5312 causale
2403 5263 2531 5317 est;
2585 5267 2759 5320 neque
2799 5250 2939 5304 enim
2976 5261 3219 5312 causam,
3275 5252 3335 5299 ut
3383 5243 3602 5298 causali:

2046 5364 2246 5420 ponere
2280 5355 2510 5414 oportet,
2550 5344 2691 5413 quod
2742 5343 2959 5410 quidam
2983 5339 3431 5395 irrationabiliter
3468 5336 3600 5391 laci-

2022 5438 2143 5493 ‘unt
2175 5477 2190 5502 ,
2235 5438 2471 5491 dicentes
2535 5442 2753 5503 propter
2801 5431 3417 5492 consubstantialitatem
3490 5428 3596 5480 diri

2050 5528 2240 5584 Filium
2302 5526 2582 5596 proprium
2640 5522 2839 5588 Patris,
2898 5532 2952 5577 ct
3004 5522 3267 5592 Spiritum
3321 5524 3598 5591 proprium
