4046 6204
441 237 505 293 ⁸⁸7
1700 244 2090 305 MANUELIS
2121 250 2432 316 CALEC/E,
3101 273 3113 289 κ
3606 247 3682 308 88

442 347 563 398 l-‘ilti
606 363 620 412 ;
654 358 706 399 «ιι
741 346 936 400 Filium
972 349 1190 416 quidem
1225 350 1538 417 imaginem.
1566 351 1860 420 vivamque
1897 356 2082 415 vir-5A
2115 374 2289 427 neque
2321 375 2562 430 unquam
2597 361 2807 414 dicetur
2843 359 2910 413 ab
2942 359 3027 413 his
3072 356 3164 426 qui
3200 356 3282 426 pie
3314 364 3367 410 ct
3419 357 3685 412 catholica

437 447 630 503 tutem,
653 447 704 491 ct
729 439 1156 493 substantialiter
1180 440 1396 494 insitam
1423 443 1792 509 operationem
1820 443 2015 511 Patris;

443 531 704 600 Spiritum
759 548 886 587 vero
917 533 1204 603 imaginem
1247 533 1392 596 Filii,
1429 542 1484 587 et
1514 536 1793 604 virtutem,
1828 549 1883 592 et
1917 555 2016 592 na-

443 621 670 692 turalem
739 621 1132 690 operationem,
1198 631 1252 676 et
1305 623 1736 679 substantialiter
1798 628 2014 681 insitam

442 713 639 782 ipsius;
679 714 793 766 haec
820 714 961 767 enim
993 714 1174 768 omnia
1207 731 1425 768 causam
1455 726 1510 770 et
1546 719 1766 773 causale
1800 719 2018 788 signare

440 820 469 858 a
509 805 717 860 sanctis
751 805 1005 860 i‘atribus
1037 816 1314 860 ostensum
1355 817 1438 862 est
1466 824 1480 872 ;
1540 810 1822 876 proprium
1851 812 2015 879 quip-

446 912 510 964 pe
541 897 752 960 dicunt,
779 897 1035 966 quoniam
1067 911 1133 950 ex
1167 899 1288 965 ipso
1317 907 1401 951 est
1427 914 1442 961 ;
1502 907 1554 952 et
1578 900 1680 952 alia
1710 915 1831 968 qute
1855 916 2014 968 supra

443 986 750 1051 posubnus.
1685 980 1691 986 ’
1833 990 1842 998 ’

514 1120 820 1174 Attestatnr
851 1122 934 1177 his
975 1140 1204 1192 magnus
1245 1123 1476 1178 Basilius
1508 1125 1560 1177 in
1594 1139 1846 1180 sermone
1876 1124 2013 1178 Con-

447 1221 531 1262 tra
564 1211 851 1265 Sabellium
896 1225 942 1266 et
976 1217 1282 1268 Anommnm
1338 1217 1529 1270 dicens
1571 1233 1585 1268 :
1621 1218 1861 1270 «Patrem
1885 1233 2018 1272 con-

447 1302 682 1364 ﬁtemur,
709 1315 762 1357 et
792 1304 1023 1368 Filium;
1055 1317 1260 1359 naturae
1293 1316 1472 1360 autem
1501 1307 1862 1370 identitatem,
1888 1324 2020 1376 quo-

451 1395 596 1445 niam
649 1411 712 1447 ex
772 1395 928 1448 Patre
966 1395 1133 1448 Filius
1166 1408 1303 1450 est.»
1353 1397 1412 1450 Et
1467 1414 1660 1454 rursus
1699 1401 1748 1452 in
1782 1401 2012 1453 eodem:

453 1503 468 1529 ι
489 1479 553 1534 Ut
582 1483 762 1548 imago
794 1484 1012 1551 quidem
1055 1487 1374 1538 varietatem
1434 1501 1539 1540 non
1571 1487 1751 1552 habet,
1786 1497 1842 1542 ut
1871 1491 2018 1558 geni-

450 1583 536 1627 tus
571 1583 772 1636 autem,
805 1576 1424 1630 consubstatialitatem
1485 1586 1685 1630 servat.
1728 1597 1746 1628 ι
1781 1577 2014 1636 Sanctus

449 1672 628 1716 autem
666 1663 921 1734 Cyt‘illtts,
976 1679 1138 1734 super
1204 1667 1380 1718 illud:
1421 1665 1554 1720 Cum
1606 1671 1802 1722 venerit
1853 1671 2096 1755 para-3

451 1754 676 1806 clerus”
714 1793 729 1816 ,
772 1757 956 1824 Itaque
1022 1771 1144 1808 cum
1196 1757 1420 1820 diceret,
1470 1758 1694 1827 inquit:
1740 1759 1857 1813 Non
1906 1765 2021 1831 spi-

451 1847 609 1897 ritum
638 1846 794 1911 huius
849 1848 1031 1900 δωρειιί
1090 1851 1412 1918 accepimus,
1467 1849 1567 1902 sed
1621 1847 1901 1917 Spiritum,
1935 1841 2024 1921 qui

451 1951 515 1986 ea:
554 1935 656 1986 Deo
680 1936 837 1999 est",
881 1937 1152 1998 ostendit,
1199 1953 1306 1991 non
1343 1940 1604 1992 mundani
1645 1943 1884 2010 generis,
1928 1946 2021 1998 sed

451 2024 648 2078 dirinze
672 2028 919 2080 essentite
940 2043 1058 2082 esse
1084 2028 1345 2096 Spiritum
1373 2042 1644 2085 sanctum.
1663 2050 1680 2083 ι
1699 2031 1840 2087 Idem
1861 2051 2025 2103 super

449 2115 581 2169 illud
620 2116 802 2182 :Quia
829 2120 1068 2171 descendi
1124 2120 1189 2173 de
1241 2120 1389 2184 coelo;
1439 2137 1542 2174 non
1585 2128 1651 2175 ‘ut
1707 2123 1901 2190 faciam
1937 2141 2024 2181 vo-

451 2212 704 2264 luntatem
759 2230 927 2265 meam
952 2216 1018 2279 ",
1081 2217 1211 2268 ait:
1271 2235 1287 2265 t
1331 2217 1486 2281 Quod
1541 2216 1685 2271 enim
1743 2233 1806 2272 ex
1864 2217 2024 2273 Patre

455 2314 614 2356 natus
643 2318 761 2356 esse
792 2302 965 2356 Filius
997 2304 1218 2368 dicitur,
1252 2321 1476 2372 prorsus
1504 2308 1666 2358 etiam
1699 2307 1896 2361 invitos
1927 2321 2020 2361 co-

451 2379 540 2457 get
566 2394 637 2446 illi
669 2394 1186 2448 consubstantialem
1216 2410 1336 2449 cum
1361 2395 1640 2450 fateri.tEt
1665 2413 1858 2454 rursus
1888 2398 1940 2452 in
1961 2415 2021 2452 Ill

453 2486 521 2536 ad
583 2485 898 2538 Hermiam:
938 2505 956 2534 ‹
989 2485 1258 2556 ρυυηίεῃη
1316 2503 1382 2541 ex
1433 2490 1547 2556 ipsa
1595 2488 1686 2544 Dei
1741 2501 1795 2544 et
1847 2489 2022 2544 Patris

453 2579 686 2632 essentia
718 2590 872 2632 ortus
900 2588 981 2633 est
1015 2579 1180 2632 Filius
1205 2621 1217 2642 ,
1242 2594 1350 2633 non
1392 2580 1552 2634 aliter
1587 2597 1748 2650 quam
1788 2581 1874 2636 ille
1901 2597 2023 2637 esse

456 2669 815 2738 intelligatur,
859 2671 1225 2744 quantutnad
1269 2671 1604 2724 identitatem
1658 2673 2012 2726 naturalem.)

539 2759 773 2813 Sanctus
805 2775 934 2813 vero
965 2759 1236 2814 Maximus
1267 2776 1388 2813 cum
1422 2771 1732 2830 exponeret,
1758 2763 1885 2832 quid
1917 2765 2017 2818 sibi

458 2853 585 2905 velit
617 2853 757 2920 apud
791 2853 1111 2920 prophetam
1143 2850 1463 2906 Zachariam
1484 2854 1548 2918 δ’,
1570 2869 1795 2909 aureum
1820 2855 2023 2908 cande-

463 2944 694 3006 labrum,
727 2954 780 2997 ct
811 2959 974 3012 super
1005 2961 1126 2997 eum
1164 2943 1390 3014 lampas,
1417 2948 1491 2998 ait
1528 2964 1541 2999 :
1579 2963 1597 2996 ι
1636 2945 1870 3014 Spiritus
1899 2962 2020 3001 san-
2050 2927 2091 2984 ο

461 3044 603 3095 ctus,
633 3033 1095 3100 quemadmodum
1132 3025 1459 3086 naturaliter
1490 3036 1794 3090 secundum
1831 3052 2020 3090 essen—

458 3125 584 3177 tiam
619 3123 709 3178 Dei
743 3134 795 3178 et
829 3125 1000 3177 Patris
1031 3135 1132 3186 est,
1167 3124 1238 3177 ita
1291 3137 1340 3178 et
1362 3125 1482 3179 Filii
1509 3127 1808 3180 secundum
1841 3143 2026 3181 essen-

463 3218 593 3270 tiatn
626 3226 767 3280 est,»
797 3217 953 3284 quasi
985 3232 1048 3269 ex
1087 3216 1245 3270 Patre
1276 3218 1642 3272 esscutialiter
1670 3233 1764 3286 per
1814 3216 2011 3272 Filium

461 3311 698 3379 genitum
745 3308 1084 3362 inell'abiliter
1116 3309 1392 3376 prodiens.

533 3445 759 3498 Constat
795 3444 959 3513 igitur
989 3459 1052 3499 ex
1092 3446 1177 3500 his
1224 3445 1422 3498 Filium
1469 3443 1617 3499 Patri
1662 3446 2026 3500 consubstan-

462 3539 643 3592 tialem
675 3552 820 3608 esse,
856 3537 1113 3605 quoniam
1176 3552 1241 3590 ex
1278 3539 1394 3604 ipso
1437 3549 1550 3600 est;
1591 3553 1917 3606 rursumque
1943 3554 2027 3590 sc-

464 3631 702 3684 cundtttn
745 3629 991 3682 eamdem
1031 3628 1296 3682 rationem
1322 3628 1582 3695 Spiritum
1618 3628 1756 3683 Filio
1785 3632 2024 3684 consub-

463 3706 769 3774 stantialem
832 3735 973 3782 esse,
1039 3720 1165 3788 quia
1213 3734 1309 3787 per
1358 3719 1534 3787 ipsum
1586 3719 1846 3786 procedit,
1884 3721 2021 3774 etin

461 3813 581 3880 ipso
611 3822 772 3879 atque
800 3827 863 3864 cx
897 3811 1012 3877 ipso
1043 3819 1145 3863 est.
1174 3812 1277 3862 ista
1314 3811 1514 3877 quippe
1547 3823 1574 3860 a
1609 3811 1813 3864 sanctis
1843 3809 2026 3864 Eccle-

463 3904 558 3957 siae
603 3902 876 3970 magistris
933 3901 1007 3952 ita
1045 3899 1354 3951 traduntur.
1399 3897 1454 3950 Si
1505 3899 1626 3966 quis
1676 3908 1857 3952 autem
1909 3899 2024 3952 ideo

465 3974 745 4061 proprium
797 3989 918 4043 Filii
982 3989 1244 4057 Spiritum
1300 3988 1457 4051 dicit,
1507 3990 1633 4056 quia
1701 4004 1795 4056 per
1847 3991 2020 4058 ipsum

467 4084 550 4134 bis
591 4081 681 4147 qui
712 4079 860 4148 digiti
894 4087 1041 4140 sunt,
1099 4077 1280 4141 datur,
1357 4078 1402 4131 is
1445 4093 1546 4130 non
1600 4079 1729 4133 Satis
1777 4081 2024 4134 animad-

461 4170 623 4223 vertit
648 4170 763 4222 dari
802 4169 942 4236 quod
975 4169 1198 4232 dicitur,
1231 4171 1523 4237 temporale
1545 4186 1664 4224 esst:
1696 4188 1710 4237 ;
1744 4173 2017 4241 proprium

2120 451 2186 503 dc
2220 449 2331 505 Deo
2363 468 2462 506 suo
2489 453 2752 506 sentiunt.
3295 519 3297 522 ι

2191 539 2518 610 Quanquam
2596 539 2910 612 bujusmod‘t
2963 537 3515 594 consubstantialitas
3573 551 3684 589 non

2122 634 2340 701 proprie
2359 633 2898 689 consubstantialitas
2926 641 3031 691 est,
3054 631 3146 684 sed
3171 644 3234 684 ca
3259 643 3378 697 qua:
3411 627 3690 682 connectit

2121 723 2352 778 alterum
2377 725 2554 790 alteri,
2586 733 2769 793 utpote
2799 737 2893 791 per
2917 723 3093 791 ipsum
3121 735 3189 774 ex
3229 721 3347 786 ipso
3371 715 3690 770 naturaliter

2121 824 2282 882 atque
2338 815 2698 868 esscutialiter
2749 814 3041 867 exsistens.
3081 810 3489 876 Attestaturque
3557 808 3689 860 huic

2121 906 2410 959 assertioni
2445 905 2701 969 Basilius,
2739 919 2861 958 cum
2899 904 3056 966 dicit,
3095 916 3205 956 non
3254 915 3378 969 qua)
3427 914 3691 968 germana

2121 996 2350 1050 invicem
2374 997 2505 1060 sint,
2530 993 3013 1051 consubstantialia
3035 993 3165 1048 dici.
3197 992 3286 1045 Ait
3313 991 3460 1044 enim
3485 991 3694 1058 cpisto-

2120 1087 2166 1140 la
2195 1092 2261 1142 ad
2289 1087 2597 1142 Canonicns
2628 1107 2640 1142 :
2683 1105 2701 1136 α
2732 1087 3000 1152 Quoniam
3034 1084 3199 1152 igitur
3236 1081 3328 1134 lux
3363 1095 3394 1134 a
3420 1080 3693 1148 principio

2123 1179 2284 1233 Pater
2330 1189 2433 1242 est,
2470 1179 2557 1231 lux
2592 1188 2771 1232 autem
2826 1177 3002 1243 genita
3057 1174 3244 1227 Filius.
3279 1171 3395 1226 Lux
3440 1185 3588 1232 vero,
3636 1181 3696 1224 et.

2121 1269 2209 1322 lux
2263 1278 2492 1337 utraque
2535 1279 2642 1332 est,
2693 1268 2886 1320 merito
2954 1267 3096 1319 banc
3167 1261 3688 1316 consubstantialem

2121 1362 2374 1424 dixerint,
2395 1371 2454 1414 ut
2477 1367 2681 1414 natura:
2700 1374 2916 1427 aequum
2940 1358 3196 1410 honorem
3221 1353 3686 1409 commendarent.

2126 1451 2240 1506 Non
2275 1452 2417 1504 enim
2449 1467 2567 1519 quae
2598 1465 2850 1520 germana
2891 1457 3039 1512 sunt,
3072 1443 3555 1500 consubstantialia
3604 1442 3691 1493 di--

2119 1551 2341 1603 cuntur,
2373 1550 2432 1595 ut
2459 1542 2677 1610 quidam
2706 1539 2951 1593 arbitrati
2977 1546 3104 1591 sunt
3131 1535 3260 1600 ;sed
3293 1549 3416 1587 cum
3448 1542 3502 1584 et
3524 1547 3689 1584 causa

2125 1643 2179 1685 et
2215 1634 2358 1702 quod
2387 1647 2451 1686 ex
2486 1647 2650 1686 causa
2684 1631 3048 1686 substantiam
3081 1628 3267 1690 habet,
3310 1623 3553 1695 ejusdem
3593 1637 3692 1674 na-

2129 1737 2261 1779 tura:
2291 1732 2440 1791 sunt,
2475 1723 2957 1780 consubstantialia
2989 1721 3264 1774 dicuntur.

2198 1817 2342 1870 Idem
2375 1817 2426 1870 in
2451 1831 2705 1872 sermone
2739 1825 2928 1868 contra
2963 1811 3258 1866 Sabellium
3301 1817 3354 1863 et
3389 1808 3689 1860 Anommos

2128 1907 2195 1960 de
2226 1905 2388 1961 Patre
2419 1916 2474 1962 et
2502 1905 2642 1960 Filio
2671 1907 2948 1960 disserens
2976 1901 3088 1956 ait:
3123 1899 3286 1955 tCum
3309 1907 3487 1951 autem
3520 1911 3686 1949 unam

2127 1997 2419 2053 essentiam
2446 1997 2591 2061 dico,
2622 1997 2730 2050 ttoli
2767 1997 2876 2049 duo
2910 2009 2972 2048 ex
3017 2006 3126 2046 uno
3161 1990 3331 2043 divisa
3363 1988 3687 2056 intelligere,

2127 2089 2216 2141 sed
2247 2103 2308 2140 ex
2352 2085 2510 2141 Patre
2540 2086 2807 2155 principio
2841 2083 3036 2137 Filium
3075 2083 3398 2142 subsistere,
3451 2094 3556 2131 non
3588 2077 3692 2128 Pa-

2128 2187 2260 2230 trem
2297 2189 2349 2231 et
2401 2175 2596 2230 Filium
2636 2191 2702 2230 ex
2767 2173 2948 2243 aliqua
2979 2171 3244 2240 superiori
3285 2165 3686 2223 essentia.Non

2128 2269 2274 2321 rnim
2331 2282 2586 2337 germana
2623 2267 2905 2328 dicimus;
2953 2263 3044 2318 sed
3101 2260 3311 2314 Patrem
3367 2259 3692 2312 conlitcmur

2126 2371 2172 2414 et
2201 2358 2396 2411 Filium
2430 2374 2446 2419 ;
2479 2359 2732 2412 essentia:
2761 2370 2888 2410 vero
2917 2353 3276 2415 identitatem,
3329 2350 3586 2420 quoniam
3619 2361 3690 2401 ex

2129 2449 2282 2504 Patre
2320 2449 2489 2503 Filius
2526 2461 2627 2503 est.
2672 2466 2692 2502 ο

2198 2541 2310 2596 Hoc
2337 2543 2498 2611 igitur
2530 2542 2582 2594 in
2619 2542 2738 2596 loco
2789 2539 3060 2594 haereticis
3112 2532 3444 2606 quibusdam
3493 2541 3686 2586 contra

2128 2631 2592 2686 consubstantiale
2621 2627 2794 2685 Patris
2840 2639 2888 2684 et
2919 2627 3040 2682 Filii
3065 2627 3384 2686 nitentibus,
3409 2633 3463 2678 et
3482 2624 3694 2678 calum-

2130 2725 2276 2777 niam
2313 2724 2437 2777 inde
2461 2724 2801 2778 strnentibus
2834 2740 2848 2789 ;
2886 2731 2945 2776 ut
2974 2721 3018 2775 si
3056 2717 3270 2798 quidem
3321 2715 3690 2770 consubstan-

2135 2816 2276 2868 tialis
2310 2819 2381 2868 sit
2411 2812 2571 2868 Pater
2601 2813 2758 2876 Filio,
2801 2813 3148 2884 ejusdemque
3194 2809 3467 2872 cssentize,
3502 2806 3689 2870 atrbo,

2128 2922 2222 2974 pro
2255 2905 2410 2960 Patre
2437 2916 2488 2958 et
2519 2904 2675 2970 Fdio,
2707 2905 2815 2959 duo
2856 2904 3187 2956 inducantur
3232 2899 3428 2953 fratres
3484 2913 3549 2952 ex
3577 2910 3690 2951 una

2129 2997 2362 3050 essentia
2393 3015 2406 3049 :
2442 3005 2603 3065 atque
2635 2997 2698 3048 ad
2728 2996 2824 3050 has
2853 2995 3220 3047 absurditates
3253 2990 3544 3050 devolutis,
3577 3001 3699 3039 ma-

2128 3105 2262 3158 gnus
2296 3087 2524 3141 Basilius
2573 3086 2822 3140 concedit
2853 3084 3070 3153 quidem
3123 3082 3363 3143 interim,
3406 3094 3524 3150 qua:
3567 3094 3697 3147 ger-

2131 3195 2288 3233 mana
2322 3180 2451 3244 sint,
2488 3179 2718 3232 invicem
2749 3174 3228 3230 consubstanlialia
3261 3173 3366 3226 dici
3403 3188 3416 3223 :
3451 3173 3542 3225 sed
3573 3178 3692 3223 tum

2130 3271 2393 3338 proiecto,
2424 3283 2545 3323 cum
2580 3277 2632 3322 et
2657 3282 2839 3331 causa,
2872 3275 2926 3320 et
2950 3267 3095 3334 quod
3125 3255 3189 3319 ex
3235 3280 3397 3319 causa
3429 3263 3693 3317 substan-

2132 3363 2257 3417 tiam
2291 3362 2479 3427 habet,
2507 3361 2753 3431 ejusdem
2810 3369 3017 3414 natura:
3077 3358 3302 3413 fuerint.
3361 3357 3426 3410 Et
3475 3356 3625 3410 addit
3675 3371 3692 3408 :

2137 3474 2150 3501 ι
2179 3450 2293 3505 Non
2309 3453 2453 3506 enim
2467 3465 2724 3521 germana
2739 3451 2992 3514 dicimus,
3018 3449 3111 3505 sed
3134 3449 3344 3502 Patrem
3369 3448 3698 3502 conﬁtemur

2128 3552 2181 3595 et
2206 3540 2424 3605 Filium,
2446 3540 2702 3610 quoniam
2731 3539 3032 3609 ingenitum
3063 3539 3284 3607 quidem
3319 3537 3502 3591 lumen
3533 3536 3694 3590 Pater

2128 3639 2232 3691 est,
2273 3629 2511 3697 genitum
2546 3642 2676 3682 vero
2709 3628 2888 3681 lumen
2917 3625 3107 3681 Filius.
3139 3645 3156 3677 ι
3201 3623 3366 3691 Quasi
3411 3635 3464 3678 et
3495 3627 3546 3678 in
3580 3624 3687 3690 bis,

2133 3735 2253 3788 qum
2285 3718 2606 3785 simpliciter
2656 3717 3142 3771 consubstantialia
3199 3731 3319 3770 cum
3347 3717 3476 3778 sint,
3529 3725 3583 3770 et
3617 3729 3690 3768 ex

2128 3825 2236 3862 uno
2265 3807 2620 3862 substantiam
2656 3806 2909 3867 habeant,
2937 3806 3008 3860 sit
3055 3807 3275 3875 quidem
3333 3805 3637 3874 proprietas
3670 3819 3688 3857 :

2126 3899 2284 3952 sicuti
2317 3905 2370 3952 ct
2402 3897 2692 3952 multitudo
2743 3894 3028 3952 hominum
3064 3897 3166 3951 sibi
3197 3896 3424 3950 invicem
3454 3895 3695 3950 consub-

2127 3991 2413 4046 stantiales
2444 4001 2588 4055 sunt,
2621 4005 2744 4045 cum
2783 4007 2850 4046 ex
2881 4006 2987 4046 uno
3018 4000 3168 4060 patre
3195 3991 3360 4044 Adam
3387 3990 3695 4060 generatio-

2128 4097 2249 4134 nem
2280 4081 2533 4145 habeant,
2591 4097 2698 4135 non
2731 4092 2910 4136 tamen
2947 4092 3091 4136 tanta
3136 4092 3218 4137 est
3250 4082 3331 4137 eis
3385 4083 3693 4151 proprietas

2125 4173 2281 4228 sicuti
2319 4189 2440 4227 cum
2472 4188 2659 4227 eorum
2692 4190 2812 4243 quae
2841 4173 3085 4241 ejusdem
3119 4182 3322 4227 naturze
3351 4184 3500 4237 sunt,
3535 4174 3682 4227 aliud
3757 4174 3765 4182 ’

461 4273 642 4317 autem
671 4278 790 4316 esse
815 4257 934 4314 Filii
962 4260 1222 4328 Spiritum
1253 4272 1540 4315 aeternum.
1569 4253 1853 4331 Nunquam
1877 4264 2020 4316 enim
2055 4253 2101 4310 υ
2127 4272 2211 4316 cst
2239 4276 2417 4324 causa,
2447 4263 2592 4316 aliud
2620 4264 2837 4317 causale
2857 4280 2872 4329 ;
2896 4274 3023 4318 tunc
3052 4263 3195 4317 enim
3221 4265 3436 4331 proprie
3456 4265 3694 4318 consub-

467 4351 712 4420 proiecto
741 4351 884 4419 quod
921 4348 1214 4418 temporale
1245 4359 1349 4414 est,
1389 4351 1507 4417 ejus
1534 4365 1700 4404 causa
1745 4363 2023 4420 esse'pos-

466 4455 584 4517 set,‘
610 4444 750 4513 quod
785 4458 948 4512 supra
979 4452 1191 4509 tempus
1223 4450 1324 4495 est.
1361 4439 1520 4507 Nam,
1555 4444 1599 4496 si
1660 4443 1868 4496 homini
1900 4459 2023 4512 pro-

465 4539 639 4606 prium
675 4537 866 4605 ipsius,
909 4535 962 4587 in
1019 4543 1282 4602 quantum
1345 4533 1504 4596 Vit'il,
1544 4549 1755 4603 semper
1802 4551 1922 4589 cum
1955 4552 2022 4590 eo

463 4639 567 4690 est,
604 4630 774 4682 multo
807 4629 858 4682 id
892 4627 1060 4697 magis
1095 4629 1146 4679 in
1181 4625 1277 4678 Dei
1310 4626 1486 4679 Verbo
1513 4627 1615 4680 erit
1650 4642 1664 4691 ;
1700 4635 1862 4696 atque
1913 4645 2018 4682 una

467 4720 714 4773 minister
743 4727 908 4780 esset,
941 4716 1084 4784 quod
1115 4731 1220 4769 non
1275 4731 1369 4780 per
1421 4715 1619 4784 ipsum,
1675 4723 1731 4770 et
1776 4733 1840 4768 ex
1875 4718 2018 4786 [ipso

463 4808 781 4862 naturaliter
812 4809 1129 4874 procederet
1179 4807 1336 4861 dans.
1381 4804 1703 4874 Quanquam
1747 4807 1791 4860 si
1830 4823 2022 4860 secun-

459 4905 586 4953 dum
623 4900 861 4969 aliquam
903 4897 1491 4952 consubstantialitatis
1521 4897 1811 4962 rationem,
1843 4899 2021 4966 qualis

459 4991 525 5044 (lc
543 4991 750 5044 duobus
767 4990 1040 5058 aliquibus
1055 4987 1610 5041 consubstantialibus
1629 4996 1728 5051 est,
1747 4988 1798 5040 itt
1822 4989 2020 5056 quibus

466 5085 690 5137 alterum
714 5099 811 5150 per
832 5082 1059 5134 alterum
1093 5097 1197 5133 non
1218 5090 1319 5139 est.
1347 5093 1488 5134 esset
1507 5079 1743 5148 Spiritus
1766 5082 2017 5146 proprius

463 5173 604 5239 Filii,
640 5185 802 5240 atque
823 5188 884 5226 ex
907 5171 1204 5225 substantia
1231 5169 1348 5223 Filii
1377 5178 1525 5224 esset
1556 5160 1742 5236 utique
1767 5178 1821 5222 et
1850 5167 2020 5221 Filius

465 5265 634 5316 sancti
664 5264 899 5332 Spiritus
948 5263 1217 5332 proprius,
1277 5275 1328 5314 ct
1353 5277 1419 5314 ex
1451 5262 1750 5316 substantia
1785 5261 2020 5326 Spiritus

462 5366 679 5421 propter
713 5355 1123 5406 conversionem
1167 5352 1476 5421 hujusmodi
1517 5351 2013 5406 consubstantialis.

457 5448 526 5496 At
562 5443 707 5497 istud
771 5458 945 5512 neque
975 5444 1178 5498 dictum
1231 5453 1311 5497 est
1342 5444 1411 5497 ab
1458 5443 1638 5512 aliquo
1674 5453 2010 5514 sanctorum,

528 5620 569 5650 3*
608 5626 761 5676 .imtn.
788 5641 877 5686 xv,
921 5622 1000 5674 .16.
1082 5621 1123 5653 ³⁸⁸
1157 5621 1171 5672 l
1203 5624 1326 5676 Cor.
1369 5641 1424 5690 lt,
1465 5625 1547 5677 l2.

1666 5624 1701 5655 ‘°‘
1752 5619 1906 5673 Joan.
1937 5636 2009 5675 Vl.
2038 5620 2121 5674 '58.

2125 4351 2400 4406 stantialia
2433 4351 2711 4406 dicuntur.

2193 4444 2345 4524 Sicut
2381 4445 2544 4514 igitur
2568 4446 2734 4499 Filius
2755 4462 2820 4498 ex
2849 4440 3006 4497 Patre
3035 4460 3154 4499 esse
3184 4443 3389 4499 habens
3447 4447 3688 4500 consub-

2120 4535 2392 4589 stantialis
2417 4532 2493 4589 illi
2523 4543 2629 4599 est,
2649 4537 2929 4604 atqueista
2951 4535 3175 4590 invicem
3203 4535 3687 4592 consubstantialia

2119 4635 2279 4690 sunt;
2307 4640 2431 4680 esse
2463 4627 2607 4680 enim
2632 4642 2695 4680 ex
2737 4626 2939 4696 Spit-itu
2981 4625 3200 4690 Filium,
3240 4642 3534 4695 processus
3563 4630 3671 4687 ille.

2130 4717 2424 4770 secundum
2453 4731 2613 4785 quem
2642 4731 2707 4770 ex
2740 4717 2900 4770 Patre
2929 4733 3022 4785 per
3058 4717 3252 4771 Filium
3298 4721 3538 4786 procedit
3573 4719 3690 4787 Spi'

2128 4805 2285 4868 ritus,
2312 4805 2533 4859 minime
2557 4805 2840 4874 permittit:
2865 4807 2936 4858 ita
2965 4805 3109 4857 enim
3131 4806 3449 4862 cavebimus
3474 4817 3528 4860 et
3552 4809 3689 4869 duos

2128 4895 2269 4952 lilios
2297 4898 2348 4950 in
2381 4906 2566 4952 sancta
2603 4895 2872 4950 Trinitate
2919 4898 3191 4964 conliteri,
3242 4909 3295 4952 et
3323 4901 3686 4954 consubstan-

2129 4987 2406 5044 tialitatem
2440 4991 2674 5043 maxime
2707 4989 3006 5044 reddimus.
3048 4988 3116 5044 Et
3147 4991 3274 5043 illttd
3309 4991 3471 5044 simul
3504 5000 3680 5045 osten-

2125 5080 2294 5141 ditur,
2328 5081 2469 5148 quod
2504 5079 2603 5134 nisi
2643 5079 2713 5157 sit
2739 5096 2802 5133 ex
2841 5078 2977 5133 Filio
3005 5079 3262 5148 Spiritus,
3297 5095 3552 5150 germana
3584 5081 3685 5134 sibi

2123 5169 2354 5224 invicem
2378 5179 2538 5224 erunt
2565 5169 2734 5225 Filius
2763 5181 2818 5226 et
2853 5171 3108 5240 Spiritus.
3136 5172 3328 5225 Dicens
3370 5173 3538 5234 enim,
3567 5171 3687 5226 Noli

2125 5261 2236 5314 duo
2267 5276 2334 5313 ex
2372 5245 2478 5314 uno
2501 5262 2673 5315 divisa
2725 5263 3049 5331 intelligere,
3098 5276 3201 5313 non
3233 5261 3378 5314 enim
3433 5277 3684 5331 germana

2125 5354 2380 5414 dicimus,
2424 5355 2606 5406 docuit
2630 5373 2643 5408 :
2666 5358 2918 5423 quoniam
2947 5355 2990 5409 si
3021 5370 3126 5422 qua
3159 5364 3364 5415 essent,
3395 5370 3460 5407 ex
3493 5355 3684 5408 eodem

2130 5444 2494 5509 solummodo,
2552 5446 2852 5498 secundum
2919 5445 3058 5512 quod
3113 5457 3178 5497 ex
3239 5442 3426 5496 codem
3478 5450 3682 5503 essent.

2243 5621 2282 5654 ³²
2315 5621 2478 5678 Zacb.
2527 5639 2596 5680 tv.
2638 5622 2670 5673 ΕΞ
2703 5636 2851 5690 seqq.
