4046 6204
256 2501 282 2515 Ι

321 315 394 377 89

1411 307 1813 369 ADVERSUS
1845 306 2158 367 GllJiCOS
2199 307 2350 366 LIB.
2389 306 2476 365 ῐῐ.

3486 294 3564 360 90

324 427 571 499 germani
625 426 820 480 merito
855 423 1158 494 fratresque
1212 422 1544 478 dicerentur.
1578 423 1761 492 itaque
1795 440 1886 479 co-
1919 427 1964 480 Λ
1994 424 2388 484 beatissimum,
2439 430 2738 488 contraque
2798 416 2918 486 ejus
2967 413 3253 468 duodecim
3303 415 3567 482 capitula,

327 529 547 589 geritur,
602 518 693 587 qui
754 525 808 572 et
859 516 1078 580 Filium,
1115 526 1168 569 et
1221 515 1508 585 Spiritum,
1542 530 1607 569 ex
1661 516 1798 578 solo,
1844 526 1897 569 et

327 610 643 665 immediate
683 623 748 663 ex
785 608 947 662 Patre
979 608 1169 662 ambos
1199 607 1410 669 dicunt,
1443 607 1581 660 duos
1629 606 1682 659 in
1719 605 1899 659 Trini-

338 714 453 758 tate
484 704 672 756 fratres
701 699 972 765 conﬁteri,
1005 700 1224 768 duoque
1252 716 1318 752 ex
1349 714 1458 753 uno
1489 699 1662 753 divisa
1693 698 1896 751 intelli-

338 811 512 864 gere:
547 804 603 845 ut
648 805 822 859 neque
876 805 1088 844 summa
1127 789 1714 843 consubstantialitatis
1763 789 1901 842 ratio

336 885 614 947 reddatur,
639 891 803 952 atque
827 896 934 935 una
965 881 1098 933 ordo
1128 881 1218 934 ille
1246 881 1549 948 personalis
1579 880 1643 934 ad
1671 880 1898 933 invicem

336 977 564 1030 omnino
617 975 934 1037 auferatur;
999 973 1271 1039 simulque
1335 972 1579 1026 Trinitas
1633 987 1740 1027 non
1800 973 1906 1026 erit

341 1068 505 1122 Dens.
540 1065 644 1121 Sed
674 1066 773 1119 ista
807 1077 934 1119 sunt
977 1065 1391 1128 absurdissima,
1441 1073 1496 1118 et
1541 1063 1672 1118 illud
1726 1064 1906 1129 itaque

334 1159 659 1220 absurdum,
685 1158 832 1227 quod
880 1157 981 1210 ista
1016 1157 1330 1210 necessario
1358 1157 1626 1225 sequitur.

414 1268 593 1335 Neque
644 1283 774 1319 vero
824 1266 1058 1319 absurda
1118 1275 1326 1319 tantum
1388 1275 1537 1330 sunt,
1595 1266 1686 1320 sed
1742 1273 1904 1319 etiam

341 1357 726 1424 impossibilia,
781 1356 1054 1411 stantibus
1103 1356 1277 1410 initiis
1323 1355 1465 1419 ﬁdei,
1516 1359 1910 1423 doctorumque

344 1447 630 1501 sententiis
689 1460 917 1513 prorsus
970 1445 1384 1500 obsistentibus.
1449 1445 1671 1500 Addcns
1729 1453 1908 1498 autem

345 1548 572 1594 sanctus
627 1538 713 1590 vir
771 1536 1022 1591 essentite
1081 1536 1454 1602 identitatem,
1532 1536 1785 1605 quoniam
1845 1551 1913 1589 ex

347 1630 508 1684 Patre
571 1627 742 1682 Filius
803 1628 894 1692 sit,
962 1628 1221 1692 ostendit,
1286 1628 1912 1682 consubstantialitatem

351 1721 495 1776 Patri
537 1728 590 1775 et
636 1719 777 1774 Filio
805 1720 1021 1784 adesse,
1054 1729 1338 1789 propterea
1370 1721 1516 1789 quod
1549 1729 1695 1774 esset
1745 1718 1916 1774 Filius
1947 1729 1988 1790 ῃ

347 1830 414 1868 ex
446 1815 630 1868 Patre.
664 1813 818 1868 Unde
845 1822 1062 1867 constat
1093 1813 1142 1866 in
1172 1813 1371 1866 divinis
1403 1813 1646 1878 personis
1675 1810 1914 1867 consub-

346 1903 607 1958 stantiale
641 1903 693 1955 in
745 1917 910 1956 causa
943 1912 996 1955 et
1027 1901 1230 1955 causali
1257 1901 1500 1968 conspici
1539 1920 1553 1956 :
1589 1915 1696 1954 non
1735 1909 1915 1956 autem

348 2012 380 2050 e
408 2003 623 2055 contra,
643 1992 856 2047 etiamsi
887 1993 1292 2062 conjungantur
1318 1993 1573 2056 invicem,
1601 1993 1760 2047 sicuti
1793 2001 1920 2047 ante

351 2086 571 2141 causale
603 2101 772 2138 causa
806 2084 1098 2154 cogitatur.
1142 2078 1270 2136 Νοιί
1295 2097 1424 2149 ergo
1457 2081 1625 2136 Filius
1657 2090 1710 2134 et
1747 2080 1921 2149 Spiri-

357 2188 448 2232 tus
483 2179 588 2232 sibi
638 2177 869 2230 invicem
901 2183 1083 2230 essent
1117 2174 1627 2236 consubstantialia,
1658 2174 1764 2228 nisi
1799 2174 1923 2227 allu-

356 2287 476 2324 rum
499 2280 646 2324 esset
677 2285 738 2322 ex
773 2269 966 2332 altero,
988 2267 1222 2321 maxime
1255 2267 1384 2337 quia
1421 2266 1584 2319 etiam
1606 2264 1920 2321 ‘serunlum

355 2360 824 2416 consubstantiale
875 2373 1045 2412 unum
1099 2372 1224 2411 cum
1266 2356 1400 2420 sint,
1461 2356 1606 2410 nulla
1668 2357 1924 2410 discretio

361 2453 706 2522 inspiciatur,
741 2451 844 2508 nisi
891 2449 1159 2521 praecedat
1213 2448 1422 2514 relatio,
1457 2464 1577 2518 quae
1621 2450 1923 2504 secundum

361 2560 586 2600 causam
612 2552 718 2598 εει.

437 2658 512 2711 Ex
570 2659 654 2711 his
691 2666 871 2710 autem
906 2671 1027 2723 qua:
1057 2655 1258 2725 scripta
1307 2662 1453 2718 sunt,
1486 2662 1718 2717 constat,
1749 2661 1804 2708 et
1833 2667 1928 2706 eos

365 2747 458 2816 qui
521 2752 588 2801 de
645 2748 869 2814 scriptis
928 2745 1242 2800 Theodoriti
1304 2754 1491 2797 contra
1553 2742 1928 2796 beatissimum

364 2839 626 2910 Cyrillum
669 2839 982 2906 opinionem
1017 2853 1171 2892 suam
1218 2846 1465 2890 astruere
1496 2833 1769 2897 nituntur,
1811 2848 1934 2888 san-

371 2947 585 2987 ctorum
610 2933 828 2986 Patrum
859 2931 1218 2984 intentionem
1244 2927 1773 2997 intelligentiamque
1824 2939 1928 2977 non

372 3026 628 3093 assequi.‘
657 3023 751 3077 llle
775 3023 920 3075 enim
947 3021 1012 3074 de
1039 3028 1227 3074 sancto
1261 3018 1464 3089 Cyrillo
1495 3017 1633 3072 dixit
1670 3035 1683 3072 :
1720 3037 1738 3068 ‹
1773 3015 1928 3082 Quod

371 3119 413 3172 si
447 3118 595 3170 dicat
653 3113 918 3182 Spiritum
954 3127 1074 3166 esse
1126 3111 1408 3180 proprium
1457 3107 1603 3170 Filii,
1653 3107 1808 3177 quasi
1865 3122 1932 3160 ex

373 3207 530 3270 Filio,
562 3207 643 3260 vel
674 3219 771 3273 per
803 3203 1001 3257 Filium
1037 3200 1396 3254 substantiam
1431 3200 1741 3260 habentem,
1777 3198 1934 3273 quasi

374 3299 749 3365 blasphemum
789 3306 841 3349 et
896 3294 1120 3359 impium
1152 3291 1490 3360 ahjiciemus.
1522 3310 1539 3341 ι
1582 3289 1728 3344 Dixit
1755 3299 1934 3343 autem

375 3391 630 3459 Cyrillus,
663 3399 723 3440 ut
758 3403 822 3440 ex
858 3383 1236 3454 superioribus
1292 3391 1459 3450 patet,
1496 3381 1774 3450 proprium
1816 3381 1937 3434 Filii

379 3482 640 3552 Spiritum
677 3489 734 3532 et
772 3479 824 3531 in
877 3480 1016 3543 ipso,
1075 3486 1128 3529 et
1159 3489 1220 3527 ex
1261 3475 1380 3540 ipso
1409 3489 1548 3534 esse,
1585 3471 1912 3540 quemadmo

379 3578 504 3629 dum
535 3583 588 3627 et
622 3573 674 3624 in
723 3570 842 3638 ipso
883 3569 1012 3632 Deo,
1043 3577 1094 3619 et
1140 3568 1191 3618 in
1227 3566 1382 3618 Patre
1422 3579 1541 3618 esse
1590 3564 1940 3632 intelligitur;

382 3675 438 3718 et
474 3666 608 3718 sicut
637 3660 915 3730 proprium
950 3658 1142 3726 ipsius,
1171 3672 1266 3724 per
1291 3671 1414 3708 eum
1451 3655 1747 3721 procedere
1785 3665 1941 3707 natu-

388 3755 564 3810 raliter
585 3736 739 3807 dixit.
766 3751 900 3820 ideo
959 3757 1011 3802 et
1057 3762 1174 3814 qua:
1205 3747 1324 3814 ejus
1353 3754 1479 3799 sunt
1529 3745 1772 3813 accipere
1807 3746 1943 3798 dici-

385 3857 488 3909 tur,
538 3859 716 3912 neque
749 3840 1016 3895 serviliter
1047 3839 1282 3890 alienum
1315 3837 1615 3889 immittere
1659 3835 1941 3904 Spiritum,

387 3938 473 3992 sed
510 3951 658 3999 eum,
693 3932 785 4002 qui
825 3947 890 3983 ex
930 3944 993 3984 eo
1023 3929 1381 3997 propriusque
1411 3925 1529 3994 ejus
1561 3933 1662 3979 est.

453 4070 515 4124 Et
572 4070 683 4123 alio
716 4068 768 4121 in
797 4067 940 4128 loco,
985 4063 1340 4132 proﬂuentem
1397 4077 1459 4115 ex
1520 4059 1630 4114 Deo
1660 4058 1817 4112 Patre
1853 4074 1946 4127 per

390 4164 578 4217 Filium
606 4160 926 4214 naturaliter
957 4155 1220 4225 Spiritum
1247 4165 1493 4208 sanctum
1520 4152 1682 4206 veluti
1705 4152 1755 4204 in
1780 4151 1946 4220 ﬁgura

393 4249 761 4320 respirationis
791 4248 902 4301 oris
953 4245 1150 4304 nostri,
1204 4243 1480 4312 propriam
1515 4242 1675 4296 nobis
1709 4242 1949 4294 indicare

393 4341 742 4397 substantiam
777 4339 979 4392 docuit.
1043 4335 1164 4388 Ηυερ
1215 4343 1395 4406 autem
1445 4342 1627 4401 aperte
1676 4332 1947 4386 contraria

395 4443 549 4492 sunt;
590 4443 767 4497 neque
807 4427 1142 4493 erubescunt
1187 4421 1578 4476 Theodoritum
1636 4421 1948 4474 hac-relicum

396 4525 698 4580 hominem,
753 4519 1024 4595 atque‘in
1092 4515 1439 4586 dogmatibus
1505 4522 1692 4566 sancto
1754 4511 1951 4582 Cyrillo

397 4612 762 4666 adversarium
831 4610 882 4662 in
933 4624 1115 4662 causae
1169 4621 1282 4660 sua-
1336 4603 1697 4674 patrocinium
1761 4612 1951 4655 contra

397 4713 639 4758 sanctum
671 4702 848 4754 virum
884 4710 1074 4753 testem
1127 4695 1395 4764 proferre.
1425 4694 1580 4762 Quod
1611 4694 1756 4748 enim
1781 4694 1951 4746 luere-

401 4794 530 4847 ticus
565 4795 729 4846 homo
761 4791 853 4844 ille
882 4789 1062 4843 fuerit.
1093 4798 1258 4856 atque
1288 4785 1544 4839 Ecclesiae
1574 4795 1740 4852 septis
1773 4783 1957 4851 repul-

383 4901 504 4966 με,
541 4883 762 4952 publica
807 4891 954 4950 gesta
986 4889 1279 4932 testantur.
1335 4879 1536 4930 Sancta
1585 4875 1732 4928 enim
1769 4875 1954 4942 quinta

399 4962 724 5029 universalis
759 4972 1000 5042 synodus
1030 4971 1083 5023 in
1125 4986 1243 5039 cap.
1271 4971 1337 5022 l5
1365 4969 1434 5022 ita
1479 4965 1730 5020 deﬁnivit
1787 4982 1798 5017 :
1841 4982 1858 5013 ε
1899 4962 1956 5017 Si

398 5067 513 5130 quis
548 5065 703 5134 impii
743 5061 1062 5118 Theodoriti
1098 5054 1321 5129 scriptis
1354 5058 1568 5121 faverit,
1611 5072 1732 5126 quae
1766 5065 1953 5109 contra

398 5156 548 5210 ﬁdem
615 5165 816 5210 rectam
883 5164 935 5210 et
996 5155 1294 5229 Cyrillum,
1337 5151 1758 5217 .duodecimqne
1813 5146 1957 5199 illius

400 5249 652 5314 capitula,
704 5248 899 5316 quibus
949 5247 1064 5313 ipse
1117 5245 1330 5304 eadem,
1360 5256 1480 5310 quae
1513 5238 1831 5292 Theodorus
1897 5251 1960 5290 ac

405 5337 676 5393 ﬁrstorius
749 5338 986 5406 przedicti
1044 5338 1282 5391 sensisse
1349 5331 1811 5402 deprehenditur,
1873 5342 1965 5380 eos

407 5429 725 5496 litorumque
785 5430 1120 5497 impietatem
1179 5425 1400 5486 fovens,
1468 5438 1640 5499 neque
1704 5417 1961 5488 prmdicta

335 5580 340 5582 _
408 5519 559 5587 impia
622 5523 824 5585 scripta
885 5516 1446 5579 anathematizaverit,
1508 5523 1668 5581 atque
1705 5526 1806 5564 una
1866 5523 1962 5562 eos

406 5612 489 5676 qui
554 5613 680 5664 talia
749 5620 1041 5666 senserunt
1103 5619 1159 5663 et
1223 5609 1487 5670 sentiunt,
1542 5613 1594 5657 ct
1641 5616 1832 5656 omnes
1868 5601 1958 5668 qui

408 5703 738 5773 scripserunt
800 5714 991 5756 contra
1059 5709 1258 5754 rectam
1335 5702 1520 5761 tidem,
1589 5694 1957 5766 Cyrillumth

1999 526 2051 570 et
2081 517 2135 569 in
2178 515 2267 568 tali
2301 513 2575 582 impietate
2602 512 2802 564 mortui
2835 521 2984 571 sunt,
3011 507 3300 560 anathema
3332 507 3420 560 sit.
3465 525 3483 557 ο
3533 535 3538 538 -

2074 606 2271 659 Sancta
2300 619 2429 658 vero
2459 612 2512 656 et
2537 600 2863 655 universalis
2889 609 3043 654 sexta
3071 598 3312 666 synodus
3337 597 3391 650 in
3423 610 3569 649 nono

2002 697 2239 765 capitulo
2267 703 2542 763 gestorum
2579 707 2807 746 suorum
2841 691 2912 742 ita
2943 687 3186 742 deﬁnivit
3229 703 3245 740 :
3293 706 3310 738 ι
3355 685 3411 739 Si
3448 686 3571 751 quis

2005 804 2110 840 non
2139 785 2559 839 auathematizat
2585 781 2902 836 Theodoriti
2933 787 3123 833 contra
3178 785 3382 830 rertam
3413 777 3570 828 ﬁdem

2004 890 2057 933 et
2092 886 2337 932 sanctum
2398 874 2659 943 Cyrillum
2716 871 2941 938 scripta,
3005 877 3060 921 et
3097 866 3391 935 Epistulam
3450 879 3574 932 qua:

2005 973 2206 1026 dicitur
2251 971 2362 1027 Iba.
2398 975 2452 1022 et
2486 965 2831 1025 Theodorum
2877 961 3320 1028 Mopsuestenum
3359 956 3576 1022 episco-

2008 1078 2159 1132 pum,
2211 1067 2266 1112 et
2325 1059 2527 1127 scripta
2582 1055 2740 1124 ejus;
2809 1060 2862 1106 et
2909 1051 2953 1105 si
3011 1050 3136 1117 quis
3184 1063 3292 1102 non
3348 1045 3577 1114 suscipit

2009 1152 2275 1222 opuscula
2310 1149 2482 1218 ipsius
2529 1147 2703 1203 sancti
2752 1142 2960 1214 Cyrilli,
2991 1151 3047 1195 et
3099 1141 3338 1194 maxime
3387 1147 3575 1191 contra

2020 1243 2379 1305 t‘heodorum,
2449 1248 2504 1292 et
2554 1236 2848 1298 Andream,
2900 1243 2954 1288 et
3003 1231 3336 1295 Nestorium,
3379 1243 3580 1297 eosque

2013 1335 2104 1402 qui
2146 1333 2255 1387 illis
2283 1332 2368 1385 vel
2397 1331 2489 1384 uni
2518 1344 2709 1384 eorum
2751 1327 2950 1381 similia
2987 1336 3272 1379 senserunt
3330 1333 3423 1375 aut
3457 1336 3579 1375 sen-

2017 1426 2174 1487 tiunt,
2205 1424 2490 1477 anathema
2519 1421 2608 1476 sit.
2643 1439 2660 1470 ι

2088 1515 2284 1568 Eadem
2339 1513 2451 1568 fere
2503 1519 2556 1566 et
2607 1520 2800 1581 quarta
2852 1517 2908 1562 et
2973 1508 3202 1576 septima
3260 1499 3581 1557 universalis

2018 1607 2255 1677 synodus
2284 1607 2588 1659 continent.
2649 1604 2710 1656 Et
2762 1601 2961 1653 mirum
3014 1612 3166 1659 sane,
3209 1593 3353 1662 quod
3391 1593 3585 1658 hujus'o

2021 1696 2162 1748 modi
2199 1695 2562 1764 patrocinium
2591 1693 2680 1747 isti
2713 1707 2776 1746 ex
2810 1691 2890 1744 eis
2920 1688 3264 1758 potissimum
3295 1681 3582 1737 duodecim

2021 1787 2329 1842 Thendoriti
2382 1785 2634 1854 capitulis
2683 1781 3055 1842 consciscunt,
3125 1792 3246 1845 qua!
3297 1783 3483 1842 aperte
3532 1779 3586 1825 et

2019 1879 2298 1934 nominate
2353 1893 2382 1932 a
2424 1876 2628 1930 sanctis
2680 1873 2899 1944 synodis
2955 1867 3289 1924 anathemati
3343 1864 3585 1933 subjecta

2021 1979 2170 2025 sunt.
2209 1969 2340 2034 Qua:
2387 1967 2530 2020 enim
2581 1966 2739 2018 divus
2769 1963 3006 2031 Cyrillus
3037 1969 3224 2014 contra
3272 1955 3583 2010 Nestorium

2024 2060 2304 2114 duodecim
2356 2057 2612 2126 capitulis
2667 2053 3018 2120 conscripsit,
3084 2050 3164 2105 eis
3223 2048 3590 2102 Theodoritus

2025 2154 2244 2208 totidem
2297 2149 2546 2219 capitulis
2592 2146 2969 2202 contradicere
3005 2141 3376 2210 praesumpsit.
3411 2140 3588 2205 Atque

2027 2247 2079 2299 in
2119 2258 2262 2297 nono
2293 2239 2568 2311 proprium
2603 2237 2724 2291 Filii
2759 2235 3022 2305 Spiritum
3048 2231 3254 2301 Gyrillo
3285 2238 3589 2288 asserente,

2030 2338 2118 2390 i'le
2167 2337 2220 2388 in
2284 2347 2429 2402 nono
2485 2344 2586 2384 suo
2639 2328 2844 2383 dictum
2899 2325 3029 2378 illud
3072 2323 3298 2376 evoluit.
3353 2319 3485 2383 lmo,
3538 2326 3597 2373 ut

2029 2428 2270 2498 apertius
2305 2423 2408 2477 viti
2459 2420 2632 2476 sancti
2688 2419 2994 2498 innotescat
3039 2413 3292 2476 intentio,
3327 2412 3440 2481 ipsa
3477 2410 3596 2480 ejus

2031 2519 2192 2572 verba
2223 2526 2585 2584 apponamus.
2722 2489 2734 2503 ’

2035 2630 2116 2684 Ex
2149 2626 2427 2682 duodecim
2461 2620 2706 2688 capitulis
2734 2632 2919 2672 contra
2951 2616 3254 2688 ha'reticum
3290 2611 3596 2664 Nestorium

2207 2716 2237 2750 a
2277 2696 2336 2751 S.
2369 2685 2570 2764 Cyrillo
2599 2691 2808 2758 scriptis
2833 2727 2847 2752 ,
2883 2685 3173 2754 capitulum
3202 2698 3419 2736 nonum.

2110 2830 2127 2862 σ
2169 2809 2411 2882 δὶνψιὶε,
2461 2806 2660 2874 inquit,
2696 2816 2862 2856 unum
2897 2797 3184 2853 Dominum
3228 2794 3411 2849 Jesum
3445 2788 3598 2846 Chri-

2035 2912 2176 2958 stum
2214 2918 2244 2956 a
2292 2906 2484 2954 sancto
2539 2897 2741 2966 Spiritu
2804 2892 3164 2948 clarilicatum
3219 2900 3362 2946 esse,
3401 2884 3601 2936 virtute

2037 3011 2132 3049 sua
2185 2994 2376 3062 ipsius,
2416 2989 2573 3060 quasi
2632 2988 2808 3040 aliena
2846 2993 3113 3045 utentem,
3152 2989 3315 3044 atque
3364 2976 3432 3029 ab
3483 2975 3602 3039 ipso

2037 3085 2330 3154 accepisse,
2389 3091 2447 3136 ut
2509 3087 2697 3134 contra
2757 3073 3067 3129 immundos
3127 3068 3359 3137 spiritus
3423 3072 3606 3132 posset

2036 3175 2273 3246 operari.
2321 3173 2612 3239 divinaque
2664 3169 2718 3221 in
2755 3162 3070 3219 hominibus
3101 3160 3253 3225 signa
3301 3157 3601 3223 perlicere;

2036 3285 2100 3322 ac
2132 3282 2236 3320 non
2272 3263 2443 3331 magis
2489 3259 2768 3328 preprium
2798 3256 2972 3324 ipsius
3004 3250 3268 3320 Spiritum
3299 3245 3471 3306 dicit,
3509 3256 3606 3308 per

2038 3373 2197 3427 quem
2245 3355 2425 3408 divina
2466 3349 2790 3405 mortalibus
2838 3347 2990 3414 signa
3025 3335 3433 3400 monstraverit,
3467 3347 3604 3386 ana-

2043 3449 2222 3502 thema
2255 3447 2347 3500 sit.
2383 3463 2400 3493 ι

2047 3556 2344 3612 Declaratio
2399 3552 2632 3618 ejusdem
2687 3546 2995 3615 capituliin
3047 3541 3251 3607 Epheso
3300 3539 3510 3618 liqbita,
3544 3536 3608 3586 ab

2111 3608 2290 3680 eodem
2323 3623 2384 3675 Β.
2421 3608 2654 3688 Ἐῃνὶιιο,
2702 3608 2820 3668 cum
2853 3629 2972 3667 eum
3005 3627 3163 3688 sacra
3190 3608 3430 3688 synodus
3463 3621 3612 3688 oras.-

2114 3669 2409 3757 E22312};
2434 3669 2679 3756 iicreat.
2725 3689 3034 3754 exponeret,
3074 3679 3200 3748 quid
3227 3669 3327 3728 sibi
3373 3677 3476 3726 ista
3510 3669 3614 3725 vel-

2115 3767 2242 3818 lent.

2121 3900 2138 3932 ι
2171 3877 2365 3936 Homo,
2397 3871 2594 3940 inquit,
2622 3868 2794 3922 lactus
2825 3865 2915 3919 Dei
2961 3859 3276 3929 uuigenitus
3301 3855 3495 3920 Filius,
3532 3852 3614 3907 sic

2053 3973 2218 4028 etiam
2284 3963 2586 4037 permansit
2638 3959 2782 4013 Deus
2824 3954 3006 4009 omnia
3057 3951 3329 4007 exsistens
3393 3961 3515 4016 quat
3563 3954 3616 3998 ct

2047 4065 2230 4126 Pater,
2278 4065 2472 4129 praeter
2525 4053 2742 4116 solum,
2767 4049 2984 4103 Patrem
3040 4057 3182 4104 esse,
3221 4039 3618 4110 propriumque

2049 4155 2255 4210 habens
2280 4165 2346 4204 ex
2392 4149 2578 4215 seipse
2625 4141 3006 4211 prodeuntem,
3063 4144 3226 4204 atque
3251 4131 3618 4188 essentialiter

2049 4245 2150 4300 sibi
2183 4240 2485 4312 ingenitum
2519 4234 2781 4303 Spiritum
2827 4238 3101 4290 sanctum,
3135 4225 3318 4280 divina
3368 4225 3617 4293 patrabat

2053 4336 2228 4403 signa.
2259 4330 2447 4398 Itaque
2476 4336 2528 4379 et
2569 4325 2732 4376 homo
2760 4320 2958 4380 factus,
2991 4321 3072 4371 sic
3104 4329 3322 4385 quoque
3356 4328 3618 4381 perman-

2058 4399 2129 4475 sit
2164 4419 2329 4472 Deus.
2369 4433 2388 4466 ι
2442 4411 2670 4479 Propria
2733 4407 2896 4476 igitur
2947 4405 3146 4458 virtute
3202 4417 3297 4470 per
3356 4399 3618 4467 Spiritum

1997 4512 2001 4517 ’
2065 4531 2082 4562 ‹
2122 4507 2355 4563 fat-iebat
2387 4500 2679 4556 mirabilia.
2714 4496 2816 4562 Qui
2847 4504 3028 4548 autem
3058 4494 3266 4554 dicunt,
3306 4503 3430 4541 eum
3465 4486 3618 4555 quasi

2061 4614 2226 4653 unum
2257 4611 2320 4649 ex
2354 4591 2514 4646 nobis
2549 4587 2824 4642 hominem
2861 4593 3110 4638 sanctum
3139 4577 3423 4632 ellicientia
3454 4573 3623 4644 Spiri-

2061 4699 2170 4755 tus,
2221 4702 2327 4740 non
2401 4692 2462 4736 ut
2515 4677 2728 4750 propria
2789 4672 2984 4742 magis,
3033 4671 3126 4724 sed
3185 4679 3244 4722 ut
3293 4666 3467 4720 aliena
3525 4677 3624 4718 nec

2061 4782 2242 4838 divina
2280 4784 2544 4832 utentem.
2577 4780 2630 4825 et
2664 4769 2826 4822 veluti
2864 4767 2916 4820 in
2963 4774 3113 4834 parte
3144 4761 3331 4831 gratia:
3356 4773 3385 4812 a
3415 4755 3621 4826 Spiritu

2063 4868 2457 4936 accipientem,
2523 4871 2810 4913 ascensum
2879 4853 2944 4907 ad
2999 4851 3204 4915 caelos,
3263 4843 3627 4900 anathematis

2065 4935 2261 5016 merito
2320 4953 2607 5012 sententiae
2665 4948 2985 5005 subdentur.
3025 4962 3042 4994 ι
3093 4941 3198 4996 Sed
3256 4938 3400 4994 enim
3455 4935 3630 5004 ipsius
3696 4953 3712 4966 ι

2065 5067 2284 5126 quoque
2345 5044 2662 5102 Theodoriti
2723 5043 2932 5096 dictum
2999 5035 3127 5089 illud
3190 5045 3422 5101 arguens
3484 5028 3623 5081 ait:

2071 5167 2088 5199 ι
2122 5144 2387 5212 Quoniam
2413 5153 2544 5194 vero
2576 5134 2858 5189 Nestorius
2890 5129 3062 5184 aliena
3097 5129 3294 5180 virtute
3322 5135 3479 5176 usum
3507 5133 3630 5173 esse

2065 5239 2370 5297 Christum,
2402 5234 2544 5289 sicut
2576 5228 2738 5283 etiam
2771 5231 3082 5278 sanctorum
3121 5216 3345 5291 singuli,
3392 5212 3626 5270 dicebat,

2065 5330 2267 5384 idcirco
2291 5324 2568 5394 proprium
2607 5303 2725 5372 Filii
2756 5315 2887 5368 dixi.
2925 5313 3052 5365 Erat
3076 5311 3245 5372 enim,
3269 5316 3322 5361 et
3356 5314 3438 5360 est
3472 5304 3631 5358 istius

2070 5421 2328 5492 Spiritus,
2361 5410 2818 5486 quemadmodum
2871 5407 3084 5461 scilicet
3133 5412 3187 5458 et
3219 5401 3422 5458 Patris.
3458 5402 3634 5467 Atque

2075 5491 2178 5570 hoc
2208 5511 2364 5565 nobis
2395 5507 2636 5562 insinuat
2665 5501 2873 5556 Paulus
2924 5497 3205 5568 apostolus
3267 5496 3452 5548 dicens
3486 5509 3500 5547 :
3531 5491 3636 5555 Qui

2071 5611 2245 5656 autem
2277 5600 2332 5652 in
2359 5612 2516 5651 carne
2553 5605 2693 5660 sunt,
2731 5593 2836 5646 Deo
2867 5591 3074 5661 placere
3104 5603 3206 5640 non
3236 5591 3480 5652 possunt.
3536 5581 3634 5632 Vos

2070 5701 2242 5750 autem
2277 5708 2376 5745 non
2411 5690 2532 5745 estis
2568 5690 2616 5741 in
2648 5702 2822 5746 carne,
2889 5682 2978 5737 sed
3004 5682 3054 5734 in
3088 5678 3291 5747 Spiritu
3329 5692 3343 5728 :
3373 5672 3629 5743 siquidem
