4046 6204
412 288 486 354 οι
1675 288 1992 359 quUEL

2105 299 2400 358 CALECJE
3582 294 3650 355 9!

423 404 654 470 Spiritus
691 401 784 454 Dei
816 402 1019 455 habitat
1051 404 1105 454 iu
1141 403 1302 457 vobis.
1331 404 1388 459 Si
1429 406 1546 474 quis
1596 419 1770 461 autem
1806 407 1971 476 Spiri-
2005 411 2051 467 Α
2149 404 2373 459 Constat
2390 417 2517 473 ergo
2547 417 2609 456 cx
2631 401 3000 469 superioribus
3022 400 3407 455 Tltcodoritttm
3440 401 3660 456 Iratrett—

424 504 535 545 tum
568 490 762 547 Christi
792 507 892 545 non
923 492 1098 554 habet,
1131 493 1214 545 hic
1256 510 1355 545 non
1386 502 1463 547 est
1490 495 1601 563 ejus
1628 498 1690 547 “.
1722 497 1971 551 Procedit
2087 510 2207 548 cum
2246 492 2429 555 fuisse,
2469 502 2631 560 atque
2665 492 2717 544 in
2745 494 2827 545 his
2856 492 3090 545 maxime
3113 507 3233 560 quas
3257 502 3443 545 contra
3469 489 3655 561 D.Cy-

422 585 566 636 enim
624 597 691 636 ex
745 582 854 636 Deo
913 589 966 635 et
1022 572 1181 635 Patre
1235 582 1472 651 Spiritus
1528 597 1773 652 sanctus,
1827 588 1976 655 juxta
2083 585 2261 637 rillum
2304 582 2545 649 scripsit.
2579 579 2897 646 Huiusmodi
2931 586 3110 633 autem
3136 580 3352 648 scriptis
3377 584 3440 633 ad
3477 593 3657 637 astru-

426 670 722 724 Saluatoris
746 684 953 723 vocem.
981 670 1073 724 Est
1100 680 1276 725 autem
1309 687 1485 742 neque
1514 675 1721 730 alienus
1749 693 1774 729 a
1805 676 1976 743 Filio;
2081 676 2276 728 endam
2299 673 2542 725 veritatis
2589 671 2824 741 regulam
2851 672 2925 724 uti
2947 672 3167 724 minime
3192 674 3461 726 convenit.
3491 673 3660 726 Porro

423 763 605 814 omnia
641 762 784 813 cnim
822 762 913 816 ille
943 776 1065 816 cum
1098 761 1256 816 Patre
1288 764 1471 819 habet.
1508 785 1527 817 ι
2083 768 2127 819 si
2184 766 2307 833 quis
2363 778 2485 817 eum
2545 764 2884 831 postmodum
2935 763 3001 815 ab
3054 761 3293 816 Ecclesia
3345 776 3657 833 susceptum

500 853 573 904 Ex
603 851 685 903 his
714 852 877 918 igitur
902 852 1075 905 sancti
1100 852 1199 906 viri
1234 868 1385 908 mens
1412 856 1695 925 diligenter
1726 859 1978 913 intuenda
2084 872 2203 911 esse
2252 855 2391 925 (52)
2437 854 2787 921 prenitentem
2842 853 3006 915 dicat,
3060 854 3191 906 nihil
3244 856 3307 907 ad
3359 870 3494 909 rem.
3567 856 3656 910 Illa

423 953 528 1006 est,
557 951 723 1010 utque
756 942 847 995 ille
882 944 1145 1011 intellexit
1175 947 1452 1014 preprinm
1485 963 1603 1003 esse
1644 949 1766 1005 Filii
1810 949 1983 1020 Spiri-
2084 946 2248 1009 enim,
2275 948 2413 997 unde
2440 942 2752 997 Theodoriti
2782 944 2924 996 dicta
2960 943 3412 1011 proferuntur,ab
3446 946 3663 999 univer-

426 1045 540 1085 tum
601 1043 882 1098 sanctum;
938 1034 1062 1102 quis
1114 1037 1258 1090 enim
1309 1041 1645 1094 commodior
1701 1052 1754 1096 et
1810 1044 1984 1111 aptior
2086 1036 2292 1089 salibus
2322 1034 2819 1103 SYHOdiSdamnala
2852 1040 3000 1085 51""-

421 1125 710 1177 verborum
767 1138 989 1189 suorum
1028 1126 1294 1194 interpres
1320 1145 1438 1184 esse
1468 1133 1659 1200 possit,
1697 1148 1855 1203 quam
1896 1135 1984 1189 ille

2156 1123 2348 1191 Liquet
2389 1132 2567 1175 autem
2594 1131 2646 1176 et
2678 1123 2726 1174 id
2778 1122 2921 1189 quod
2951 1121 3160 1188 opinari
3198 1138 3368 1191 neque
3395 1139 3461 1179 ex
3501 1122 3658 1188 Filio,

421 1214 557 1277 ipse,
589 1213 682 1280 qui
723 1214 980 1281 scripsit?
1034 1214 1320 1284 Proprium
1365 1221 1536 1281 enim,
1595 1230 1653 1274 ut
1710 1225 1983 1290 propriam
2087 1227 2261 1282 neque
2280 1227 2373 1281 per
2401 1211 2590 1264 Filium
2622 1213 2883 1279 Spiritum
2911 1222 3157 1266 sanctum
3184 1214 3383 1267 habere
3406 1215 3663 1268 substan-

424 1299 545 1353 Filii
602 1304 880 1362 virtutem.
926 1304 1063 1359 dixit
1111 1304 1370 1373 Spiritum
1429 1318 1700 1374 sanctum,
1751 1328 1982 1382 eumque

423 1406 521 1458 per
551 1392 722 1459 ipsam
762 1402 1043 1461 operatum
1081 1412 1093 1447 :
1132 1405 1295 1464 atque
1344 1397 1467 1453 ideo
1490 1401 1854 1455 essentialiter
1886 1403 1987 1471 ipsi

425 1481 667 1533 innatum
694 1481 885 1546 fuisse,
914 1492 1079 1552 atque
1108 1499 1175 1537 ex
1209 1500 1274 1539 eo
1301 1502 1444 1551 esse,
1468 1490 1762 1558 omniaque
1788 1491 1991 1545 habere

429 1571 643 1634 Filium,
701 1589 822 1641 quze
856 1576 1015 1629 habet
1050 1575 1230 1646 Pater,
1282 1588 1478 1645 pra'ter
1529 1583 1726 1646 solum,
1777 1582 1988 1637 Patrem

425 1677 567 1716 esse.
600 1663 701 1715 Sed
735 1674 788 1718 et
820 1666 1088 1720 rationem
1122 1670 1353 1725 reddens
1399 1672 1523 1727 dicti
1558 1676 1664 1737 sui,
1697 1689 1816 1728 eunt
1847 1675 1993 1730 dice-

426 1762 530 1817 ret,
587 1752 846 1822 Spiritum
879 1766 1123 1812 sanctum
1181 1759 1301 1813 Filii
1350 1778 1489 1825 esse,
1526 1764 1665 1818 sicut
1710 1774 1764 1819 et
1796 1766 1991 1831 Patris,

429 1858 604 1911 neque
657 1847 798 1898 enim
859 1862 982 1901 esse
1041 1851 1109 1903 ab
1166 1866 1231 1903 eo
1284 1852 1541 1918 alienum,
1598 1857 1725 1923 quia
1784 1860 1997 1915 scilicet

427 1934 606 1989 Patris
635 1938 816 1991 omnia
853 1954 976 1992 cum
1021 1939 1181 1994 Patre
1230 1942 1495 1997 haberet:
1540 1947 1741 2015 quippe
1769 1958 1995 2002 natura-

427 2026 556 2077 lium
587 2027 681 2080 Dei
735 2040 790 2081 et
827 2027 1004 2083 Patris
1038 2031 1302 2085 bonorum
1350 2035 1520 2088 hmres
1554 2035 1723 2090 Filius
1751 2054 1873 2092 cum
1902 2041 1995 2103 sit,

432 2113 592 2167 habet
620 2124 673 2169 et
720 2117 1007 2186 Spiritum,
1070 2122 1522 2187 quemadmodum
1556 2134 1609 2179 et
1638 2127 1690 2179 in
1738 2128 1855 2195 ipso
1888 2129 1997 2183 Deo

426 2214 481 2257 et
517 2206 672 2259 Patre
708 2196 1048 2277 intelligitur,
1078 2220 1272 2279 prmter
1310 2215 1486 2268 solum
1514 2213 1725 2270 Patrem
1759 2234 1902 2283 esse,
1938 2229 1996 2273 ut

427 2295 537 2351 alio
566 2300 617 2350 in
651 2298 769 2352 loco
808 2301 904 2365 ait,
941 2304 1181 2356 ostendit
1211 2320 1270 2357 se
1304 2307 1477 2375 magis
1511 2322 1848 2373 asseverare,
1876 2326 1996 2379 quae

429 2386 658 2443 iu-uovo
706 2390 948 2458 capitulo
994 2393 1225 2456 dixerat,
1274 2411 1437 2463 quam
1475 2398 1761 2465 abnegare,
1821 2418 1997 2471 neque

430 2474 741 2532 Theodoriti
771 2480 1081 2547 opinionem
1109 2485 1334 2540 omnino
1359 2487 1657 2556 suscipere,
1683 2497 1740 2543 ut
1763 2491 1997 2545 maxime

429 2568 817 2635 perniciosam.

501 2658 595 2711 Est
626 2673 756 2726 ergo
791 2660 1069 2729 indignum
1104 2676 1237 2729 sane
1276 2674 1330 2718 et
1354 2665 1782 2735 iniquissimum,
1815 2672 1997 2726 Thr-o~

430 2749 594 2803 doriti
627 2750 871 2819 proferre
902 2755 1159 2822 capitula,
1194 2771 1313 2825 qua}
1358 2759 1618 2813 oblivioni
1646 2775 1921 2831 perpetuae
1946 2778 1999 2821 ct

434 2843 700 2897 oblationi
740 2844 997 2899 tradenda
1032 2853 1139 2900 tota
1183 2848 1427 2917 synodus
1458 2853 1657 2915 sanxit,
1708 2856 1901 2926 hisque
1931 2860 1999 2915 de

438 2935 578 2988 beati
608 2934 794 3005 Cyrilli
841 2949 1019 2991 mente
1048 2938 1314 2994 indicare.
1346 2942 1535 2998 Pctius
1562 2956 1741 3000 autem
1790 2964 1853 3003 ex
1889 2952 1995 3015 his,

2091 1302 2241 1366 tiam,
2273 1300 2456 1367 opinio
2489 1300 2720 1355 Nestorii
2761 1311 2883 1363 est;
2921 1302 3008 1354 cui
3043 1302 3406 1356 Theodoritns
3426 1320 3653 1357 consors

2090 1389 2213 1454 fuit,
2242 1398 2298 1443 ut
2328 1406 2414 1444 res
2445 1391 2570 1456 ipsae
2599 1400 2885 1443 testantur.
2922 1390 2991 1444 Et
3018 1391 3133 1459 ipse
3163 1403 3342 1446 autem
3377 1392 3658 1448 Nestorius

2092 1482 2145 1534 in
2166 1480 2411 1550 symbolo
2436 1480 2557 1544 Fidei
2588 1496 2698 1535 sua!
2718 1482 2788 1554 ita
2814 1482 3207 1549 pronuntiavit.
3247 1482 3398 1547 Quod
3433 1486 3476 1539 si
3504 1486 3664 1554 hujus

2092 1581 2252 1620 causa
2292 1577 2479 1633 aperte
2505 1582 2607 1623 non
2645 1551 3008 1633 insimulatur,
3043 1584 3147 1625 non
3181 1571 3392 1625 id'tunc
3429 1586 3546 1626 erat
3573 1590 3664 1643 sy-

2097 1660 2237 1713 nodo
2262 1661 2615 1727 propositum,
2640 1676 2813 1727 neque
2839 1662 2961 1715 inde
2988 1662 3206 1727 plurimi
3240 1663 3548 1716 scandalum
3575 1680 3667 1732 pa—

2100 1751 2393 1812 tiebantur,
2425 1765 2545 1803 cum
2580 1764 2609 1801 a
2642 1749 2889 1817 plurimis
2916 1766 2981 1804 ne
3002 1738 3386 1820 agnosceretur
3419 1754 3681 1821 quidem,

2096 1852 2272 1907 neque
2324 1838 2531 1894 idcirco
2567 1840 2807 1907 synodus
2861 1840 3089 1893 collecta
3139 1852 3303 1895 esset.
3354 1841 3468 1895 Etsi
3518 1844 3666 1895 enim

2096 1939 2212 1985 erat
2252 1938 2545 1997 peccatum
2572 1945 2635 1985 ac
2690 1931 3030 1986 mendacium
3079 1933 3324 1986 deterius
3365 1943 3421 1986 et
3470 1934 3670 2002 majus,

2095 2020 2240 2074 circa
2273 2020 2636 2083 divinitatem,
2669 2030 2833 2088 quam
2865 2023 3009 2075 circa
3055 2023 3407 2076 humanitatis
3453 2024 3674 2090 dispen-

2095 2110 2386 2169 satiOnem,
2422 2109 2763 2177 blasphemia:
2788 2110 2938 2163 frena
2961 2113 3143 2164 laxare
3167 2129 3182 2176 ;
3207 2115 3345 2167 ratio
3363 2124 3541 2167 tamen
3592 2115 3677 2168 in-

2099 2202 2463 2252 c.trn:tionem
2489 2208 2613 2253 tunc
2630 2201 2803 2267 magis
2823 2202 3066 2269 urgebat.
3092 2202 3504 2258 Periclitabatur
3527 2206 3670 2259 enim

2100 2299 2227 2343 tunc
2255 2289 2386 2343 ﬁdes
2413 2328 2427 2352 ,
2458 2306 2579 2345 cum
2634 2306 2806 2359 neque
2836 2289 3072 2347 Verbum
3103 2296 3410 2361 suscepisse
3432 2310 3671 2359 carnem,

2098 2396 2271 2449 neque
2301 2382 2465 2435 Deum
2500 2381 2773 2435 hominem
2800 2383 3002 2437 factum
3033 2386 3197 2440 fuisse
3221 2386 3435 2452 plurimi
3469 2403 3677 2442 assere-

2103 2482 2241 2536 rent.
2272 2485 2784 2543 sacramentumque
2812 2477 3248 2545 dispensationis,
3286 2478 3335 2530 in
3368 2494 3475 2546 quo
3518 2479 3674 2533 Clui-

2100 2565 2398 2619 stianorum
2428 2564 2572 2620 salus
2604 2572 2707 2631 est,
2735 2580 2930 2621 nomen
2968 2569 3171 2635 potius,
3226 2582 3388 2636 quam
3428 2584 3511 2623 res
3552 2584 3675 2623 esse

2103 2658 2401 2717 videretur,
2450 2673 2625 2726 neque
2651 2672 2785 2711 sane
2834 2669 3197 2728 Opportunum
3252 2670 3388 2719 erat,
3436 2661 3670 2725 omisso,

2104 2758 2323 2816 propter
2340 2748 2481 2815 quod
2508 2757 2896 2815 convenerant,
2921 2758 2975 2803 et
2996 2762 3214 2819 propter
3239 2753 3376 2819 quod
3406 2752 3675 2819 periclita-

2106 2844 2263 2895 batur
2301 2842 2566 2905 Ecclesia,
2591 2842 2657 2895 de
2694 2840 2780 2895 his
2812 2856 2930 2909 qua:
2978 2843 3110 2894 nihil
3176 2845 3439 2913 urgebant
3468 2883 3481 2908 ,
3514 2846 3674 2898 verba

2104 2948 2342 2999 movere,
2386 2949 2504 2987 cum
2552 2933 2869 3000 principalis
2914 2934 3144 3001 qu;estio
3196 2935 3363 2987 multo
3439 2944 3676 3001 tempore

435 3042 551 3091 qua:
600 3027 835 3095 seipsum
879 3044 1180 3098 exponens,
1244 3034 1342 3097 ait,
1402 3050 1633 3106 quaeque
1666 3040 1792 3094 alibi
1835 3044 2072 3110 plurigc
2108 3022 2401 3093 inultisqne
2434 3014 3669 3095 sermonibusfutenodariposset,indigeret:

439 3117 541 3169 mis
578 3117 629 3169 in
679 3117 816 3172 locis
870 3122 1112 3188 scripsit,
1162 3140 1315 3180 mens
1370 3129 1489 3196 ejus
1538 3132 1841 3202 colligenda
1897 3145 1999 3189 est.
2052 3176 2057 3177 ν

438 3205 511 3259 Ex
545 3208 749 3275 quibus
774 3211 1013 3277 profecto
1047 3214 1395 3271 manifestum
1426 3219 1733 3290 legentibus
1769 3226 1850 3288 lit,
1880 3242 2000 3283 cum

435 3314 651 3367 semper
696 3306 997 3370 preprium,
1049 3308 1193 3373 quod
1243 3308 1397 3374 dixit,
1461 3320 1554 3365 aut
1613 3329 1718 3367 nou
1767 3317 2001 3371 alienant

437 3405 559 3444 esse
614 3408 642 3444 a
676 3393 811 3446 Filio
864 3393 1148 3474 Spiritum,
1186 3414 1283 3466 pro
1319 3415 1384 3453 eo
1417 3406 1559 3469 quod
1616 3415 1720 3468 cst,
1767 3420 1828 3459 ex
1866 3406 2004 3463 Filio

436 3495 558 3534 esse
584 3481 867 3550 Spiritum.
900 3486 1265 3548 intellexisse:
1300 3491 1628 3547 siculetiam
1657 3512 1720 3548 cx
1754 3500 2002 3566 superio-

436 3571 589 3625 ribus
627 3575 907 3629 manifeste
934 3577 1371 3646 deprehenditur.
1396 3582 1663 3654 Quodque
1696 3588 2004 3645 mirabilius

433 3672 538 3723 est.
563 3676 685 3716 cum
712 3665 1073 3723 Theodoritus
1108 3683 1351 3725 sanctum
1375 3674 1641 3743 Cyrillum
1676 3681 2000 3745 quihusdam

435 3755 678 3821 epistolis
712 3758 1058 3821 lllSlmltlallS.
1098 3762 1302 3815 diceret
1338 3774 1587 3818 sanctum
1619 3769 1796 3823 virum
1840 3776 2004 3829 omis-

437 3844 535 3907 sis,
575 3862 697 3912 qua:
742 3856 932 3901 contra
968 3848 1275 3903 Nestorium
1312 3852 1521 3906 dixerat
1565 3870 1628 3909 ac
1685 3858 2001 3926 scripse-at,

436 3935 543 4002 ipsi
573 3935 908 3992 Theodorito
950 3940 1279 3992 concordem
1332 3942 1584 3997 etTectum
1634 3961 1773 4007 esse.
1802 3965 2006 4020 easque

434 4026 694 4094 epistolas
723 4027 967 4082 misisset
1001 4038 1066 4081 ad
1117 4031 1412 4098 plurimos;
1463 4034 1650 4105 illique
1702 4039 1843 4095 hanc
1890 4044 2004 4110 ejus

438 4118 797 4171 mutationem
866 4120 1197 4174 mirarentur
1267 4132 1428 4188 atque
1512 4128 2002 4201 obstupescerent;

432 4218 718 4276 comperta
777 4210 1087 4275 calumnia,
1144 4214 1331 4267 beatus
1392 4215 1631 4285 Cyrillus
1695 4225 2005 4280 rescribens

438 4301 573 4352 dixit
605 4317 619 4353 :
652 4318 668 4350 t
700 4299 945 4366 Domine,
976 4302 1140 4355 libera
1164 4307 1396 4358 animum
1433 4324 1601 4361 nteant
1645 4328 1676 4364 a
1724 4313 1878 4368 labiis
1904 4318 2005 4369 ini-

2112 3134 2177 3171 ne
2210 3117 2252 3171 si
2289 3118 2355 3170 ab
2378 3116 2643 3181 instituto,
2675 3131 2731 3170 rc
2757 3116 2975 3179 infecta,
3006 3117 3326 3178 resilissent,
3353 3120 3681 3173 cenrundere

2110 3207 2291 3262 omnia
2327 3222 2389 3260 ac
2446 3208 2677 3261 miscere
2714 3208 3047 3271 viderentur,
3083 3209 3345 3275 dumque,
3394 3212 3534 3275 quod
3564 3220 3684 3263 erat

2113 3300 2461 3365 inmanibus,
2494 3300 2765 3368 corrigere
2808 3301 3089 3365 deberent,
3152 3316 3323 3370 neque
3380 3301 3481 3355 hoc
3526 3302 3685 3369 digne

2116 3390 2378 3454 facerent,
2410 3405 2581 3460 neque
2601 3391 2749 3455 illud,
2779 3394 2922 3458 quod
2949 3393 3327 3459 intempestive
3347 3394 3681 3447 molirentur.

2084 3481 2440 3535 Necessariis
2480 3483 2659 3550 itaque
2703 3480 2917 3535 omissis
2939 3483 3172 3546 caeteris,
3212 3482 3313 3536 hoc
3332 3499 3513 3550 unum,
3544 3484 3684 3553 quod

2115 3573 2359 3641 urgebat,
2395 3586 2584 3625 curare
2616 3573 2989 3641 perstiterunt.

2184 3662 2316 3716 Nam
2352 3671 2405 3715 et
2445 3662 2807 3730 sapientiores
2846 3663 3042 3730 quique
3105 3661 3296 3737 medici
3346 3678 3466 3715 cum
3534 3663 3683 3717 inlir-

2115 3769 2256 3805 mum
2282 3753 2494 3822 gemino
2516 3753 2706 3807 morbo
2731 3756 2977 3807 laborare
2998 3755 3481 3809 animadverterint
3505 3759 3686 3811 adver-

2114 3860 2205 3897 sus
2246 3857 2368 3897 eum
2398 3844 2488 3912 qui
2536 3845 2818 3913 perturbat
2846 3846 3038 3914 magis.
3072 3857 3127 3900 et
3164 3848 3405 3900 sectione
3468 3847 3683 3913 indiget,

2114 3935 2217 3988 etsi
2269 3935 2319 3986 in
2375 3949 2473 3988 suo
2534 3950 2736 4003 genere
2796 3937 2976 3990 minor
3031 3952 3153 3991 esse
3207 3940 3490 4002 videatur,
3544 3939 3689 4004 prius

2114 4033 2414 4080 armantur.
2442 4026 2507 4080 Et
2551 4028 2764 4095 julices
2814 4044 3206 4097 saepenumero,
3257 4044 3409 4082 reum
3456 4031 3688 4097 aliquem

2118 4119 2257 4171 nacti
2294 4120 2542 4186 plurimis
2574 4119 2897 4173 criminibus
2955 4121 3270 4181 obnoxium,
3320 4121 3448 4174 illttd
3503 4137 3687 4185 unum,

2114 4212 2166 4263 in
2199 4225 2307 4278 quo
2341 4210 2713 4278 deprehensus
2743 4210 2925 4276 fuerit,
2955 4211 3173 4265 omissis
3196 4212 3413 4265 interim
3458 4214 3690 4277 caeteris,

2115 4301 2190 4354 illi
2224 4302 2459 4354 maxime
2486 4300 2775 4370 objiciunt.

436 4391 575 4458 quis,
610 4400 658 4443 et
692 4408 722 4443 a
754 4390 935 4459 lingua
963 4392 1146 4447 dolosa
1180 4395 1244 4448 ίὲ.
1286 4398 1507 4450 Invenio
1557 4403 1701 4454 enim
1736 4405 2000 4473 meipsum

2182 4393 2365 4459 Neque
2385 4408 2514 4448 sane
2535 4393 2868 4455 mirandum,
2902 4393 2942 4446 si
2968 4407 3027 4445 ea
3052 4391 3283 4446 Nestoril
3303 4393 3486 4460 Opinio
3514 4410 3542 4448 a
3567 4410 3695 4449 San-

442 4481 589 4533 lalsze
620 4482 905 4535 calumnia:
942 4480 1271 4551 expositum.
1306 4505 1324 4537 ι
1379 4488 1509 4555 lSta,
1556 4493 1649 4561 qui
1686 4494 2001 4549 Theodoriti

439 4575 742 4638 patrocinio
774 4575 1039 4639 nituntur,
1067 4576 1138 4629 ita
1179 4578 1480 4644 proferunt.
1510 4586 1664 4653 quasi
1705 4588 1847 4642 dicta
1895 4591 2004 4643 sint

444 4677 539 4728 pro
574 4663 888 4716 allirmanda
921 4662 1233 4718 Theodoriti
1264 4669 1563 4735 sententia;
1595 4675 1741 4741 quod
1781 4688 2004 4731 sanctus

434 4753 544 4811 vir,
598 4761 801 4804 mutata
836 4754 1125 4817 sentenﬁa,
1162 4770 1258 4822 per
1294 4756 1487 4811 Filium
1538 4768 1702 4830 atque
1747 4779 1815 4818 ex
1864 4766 2004 4821 Filio

437 4857 561 4896 rsse
588 4853 831 4897 sanctum
864 4843 1124 4909 Spiritum
1153 4856 1330 4914 neget.
1366 4846 1478 4903 lloc
1506 4861 1684 4905 autem
1716 4863 1794 4908 est
1830 4856 2002 4909 homi-

441 4948 572 4986 num
625 4944 814 4987 contra
850 4934 1006 4988 (idem
1063 4950 1269 4996 rerum,
1324 4950 1623 5008 contraque
1686 4955 1999 5000 sanctorum

441 5034 700 5088 mentem,
763 5024 1009 5092 improbe
1054 5026 1212 5081 nimis
1267 5014 1669 5086 mentientium.
1729 5033 1791 5087 lli
1830 5038 2001 5105 enim,

442 5126 502 5167 ut
555 5131 718 5183 supra
778 5116 1111 5172 declaratum
1177 5130 1294 5183 est,
1362 5137 1485 5175 cum
1557 5134 1745 5178 sanrto
1800 5127 2005 5198 Cyr-illo

438 5203 701 5271 Spiritum
738 5216 986 5260 sanctum
1028 5224 1124 5277 per
1156 5209 1354 5280 Filium
1400 5212 1761 5269 substantiam
1807 5219 2006 5276 habere

442 5308 717 5360 asserunt,
749 5309 910 5364 atque
934 5315 1055 5355 esse
1075 5316 1138 5355 ex
1166 5301 1322 5367 Filio,
1344 5305 1485 5372 quod
1506 5308 1801 5373 procedens
1824 5327 2004 5369 sermo

439 5388 681 5455 apertius
713 5390 943 5443 docebit.

514 5525 556 5554 "‘
590 5525 750 5579 Rom.
783 5542 901 5592 vui,
937 5528 990 5593 8,
1017 5529 1068 5585 9.
1188 5534 1231 5563 "
1263 5532 1405 5587 Psal.
1438 5549 1580 5599 αλιι,
1616 5536 1667 5590 2.

520 5646 631 5716 (52‘)
674 5647 729 5701 ln
757 5652 992 5707 concilio
1017 5652 1476 5708 Chalcedonensi.

2110 4489 2211 4542 etis
2242 4487 2491 4541 Patribus
2528 4497 2653 4539 tunc
2683 4488 2763 4539 vel
2795 4485 3123 4548 existimata,
3160 4486 3243 4538 vel
3274 4486 3547 4539 confutata
3586 4503 3690 4541 non

2113 4578 2298 4641 fuerit,
2324 4592 2443 4629 cum
2477 4587 2605 4629 ante
2631 4577 2780 4629 illum
2806 4574 3053 4635 etArius.
3073 4586 3127 4629 et
3152 4589 3360 4639 omnes,
3386 4576 3474 4645 qui
3500 4576 3693 4628 Filium

2116 4669 2579 4734 blasphemabant,
2616 4668 2668 4721 in
2727 4666 2985 4737 Spiritum
3029 4676 3273 4721 sanctum
3310 4680 3522 4735 quoque
3545 4668 3697 4719 delc-

2118 4758 2229 4811 rius
2254 4756 2550 4825 blasphemi
2583 4756 2803 4809 iuerint.
2827 4755 3038 4824 Quippe
3056 4765 3108 4809 et
3133 4763 3466 4822 assumptam
3492 4771 3519 4807 a
3541 4755 3697 4807 Chri-

2114 4858 2199 4902 sto
2232 4863 2354 4901 cnm
2384 4862 2548 4901 carne
2604 4848 2835 4900 animam
2887 4856 3010 4900 ante
3066 4847 3221 4901 Verbi
3269 4848 3693 4901 incarnationem

2114 4940 2516 5009 praeexstitisse,
2550 4939 2868 5008 cmlitusque
2894 4939 3042 4992 illam
3071 4939 3381 5001 advenisse,
3412 4940 3695 4991 Arius‘as-

2114 5032 2422 5087 severabal.
2452 5032 2769 5085 Animarum
2794 5032 2993 5085 etenim
3021 5032 3479 5101 praeexsistentias
3506 5039 3559 5082 et
3583 5030 3698 5097 ipse

2116 5126 2390 5187 credebat,
2419 5139 2519 5178 nec
2550 5135 2727 5177 tamen
2766 5124 2867 5178 hoc
2908 5124 2982 5177 illi
3037 5123 3244 5176 crimen
3278 5123 3547 5192 objecutm
3587 5129 3693 5183 est,

2116 5219 2397 5283 solumque
2426 5215 2568 5284 quod
2593 5214 2787 5269 Filium
2816 5226 3121 5270 creaturam
3154 5213 3380 5274 diceret,
3411 5211 3477 5264 ab
3506 5208 3696 5262 Eccle-

2112 5312 2190 5362 sia
2224 5310 2435 5379 fugatus
2465 5318 2519 5363 et
2544 5309 2747 5378 ejectus
2800 5318 2903 5370 est,
2974 5314 3291 5374 metereaque
3341 5301 3695 5368 blaSpbemize

2112 5402 2252 5455 illius
2286 5402 2336 5455 in
2368 5400 2625 5454 memoria
2656 5414 2758 5455 non
2779 5405 2923 5463 sunt,
2957 5410 3132 5465 neque
3160 5394 3372 5463 publice
3400 5391 3467 5446 de
3496 5391 3590 5445 illo
3616 5389 3697 5443 di-
