4010 6220
271 369 336 428 93
1337 355 1732 437 ADVERSUS
1755 353 2066 415 GRAECOS
2105 357 2250 416 LIB.
2290 357 2368 416 Π.

3440 339 3514 404 94

273 469 430 528 citur,
455 463 598 533 quod
625 465 882 532 Spiritum
917 477 1166 522 saucium
1192 467 1666 535 blasphemaverit,
1711 483 1835 522 cum
1870 469 1914 526 Δ
1939 485 2061 524 cutn
2093 470 2179 524 vix
2217 469 2403 538 paucis
2433 476 2558 520 tunc
2585 471 2732 520 canet
2765 457 3081 530 cognitum?
3117 470 3181 508 ar.
3203 465 3514 523 propterea,

274 566 420 609 certe
459 566 512 608 rt
541 556 717 609 sancti
741 555 978 624 Spiritus
1009 558 1180 612 hostis
1215 559 1560 612 nihilominus
1591 559 1773 612 fuerit.

343 644 495 712 Quod
526 645 570 698 si
603 646 724 712 quis
775 647 1046 713 epinetur,
1099 647 1349 702 debuisse
1405 659 1533 703 tunc
1582 650 1842 720 synodum

277 738 442 790 etiam
491 736 795 802 huiusmodi
850 737 1220 806 blasphemias
1271 740 1464 793 saltem
1495 741 1842 808 redarguere,

284 829 667 894 reprehensum
698 837 826 882 tunc
857 829 1181 897 generaliter
1203 830 1402 894 audiet,
1423 845 1545 884 cum
1568 831 1842 898 dicerent:

280 919 491 973 Nemini
541 919 697 972 iidem
740 922 966 975 alteram
1023 921 1288 988 proferre,
1347 934 1436 977 aut
1475 924 1846 988 conscribere,

280 1027 371 1064 seu
402 1026 736 1080 componere
765 1012 948 1078 liceat,
983 1023 1176 1084 praeter
1195 1031 1340 1081 eam,
1361 1031 1522 1083 quam
1547 1017 1720 1071 sancti
1744 1015 1848 1069 Pa-

283 1110 390 1154 tres
433 1103 799 1168 tradiderunt,
831 1103 904 1156 ita
931 1102 1000 1161 de
1035 1103 1126 1158 illa
1153 1113 1455 1160 statuentes
1484 1107 1846 1169 sentiendum,

281 1191 444 1244 sicuti
483 1191 787 1259 symbolum
809 1194 1068 1257 continet,
1091 1197 1386 1248 secundum
1416 1196 1669 1250 videlicet
1708 1197 1850 1250 beati

285 1279 474 1348 Cyrilli
509 1281 930 1348 expositionem,
964 1291 1018 1336 et
1069 1284 1372 1338 secundum
1407 1285 1686 1352 epistolas,
1715 1299 1851 1353 quas

283 1372 424 1423 idem
485 1371 568 1424 vir
605 1371 674 1425 ad
722 1371 1028 1427 Nestorium
1062 1377 1322 1443 scripsit:
1349 1377 1400 1428 in
1441 1376 1636 1442 quibus
1667 1387 1854 1446 aperte

287 1463 578 1516 conﬁtetur
610 1462 872 1530 Spiritum
910 1476 1157 1518 sanctum
1193 1481 1257 1519 ex
1292 1465 1446 1528 Filio,
1467 1477 1628 1536 atque
1654 1484 1749 1536 per
1768 1468 1855 1522 Fi-

290 1553 417 1604 lium
458 1552 660 1607 habere
701 1553 1081 1607 substantiam.
1105 1553 1214 1612 .Sin
1245 1570 1372 1608 vero
1401 1568 1710 1610 sanctorum
1739 1557 1857 1626 opl-

295 1643 504 1705 nioest,
537 1657 632 1710 per
668 1641 865 1696 Filium
915 1641 1177 1713 Spiritum
1233 1655 1478 1700 sanctum
1540 1648 1857 1702 naturaliter

296 1741 456 1800 atque
478 1733 847 1788 essentialiter
894 1745 947 1788 et
966 1744 1170 1789 aeterne
1220 1737 1536 1804 procedere,
1567 1741 1858 1805 procedere

1951 577 2122 632 neque
2160 558 2527 614 ecclesiastica
2553 570 2714 611 causa
2749 552 3016 608 inﬁrmior
3061 555 3225 609 esset,
3256 558 3430 612 neque
3463 541 3513 596 id

1950 652 2090 706 ullus
2139 659 2414 719 argueret.
2472 647 2789 714 Quanquam
2848 641 2952 696 dici
3001 648 3207 708 posset,
3266 643 3511 689 sanctam

1950 742 2210 812 synodum
2251 741 2356 792 alio
2401 739 2684 797 intentam,
2719 735 2784 786 ad
2831 731 3154 786 calumniam
3208 724 3516 794 huiusmodi

1953 835 2183 887 fortasse
2213 844 2315 883 non
2361 829 2494 884 satis
2525 829 2836 880 instructam
2861 836 2924 876 ac
2945 830 3183 890 paratam
3211 817 3518 875 advenisse,

1955 929 2068 982 sive
2099 927 2263 980 etiam
2297 932 2534 990 putasse,
2579 919 2859 973 eliminato
2889 917 2958 968 de
3005 910 3378 968 incarnatione
3408 906 3517 960 Do-

1956 1018 2106 1081 mini,
2144 1016 2235 1084 qui
2263 1020 2559 1069 emerserat
2579 1024 2790 1073 errore,
2823 1017 2875 1063 et
2896 1007 3039 1060 hunc
3071 1003 3234 1057 etiam
3264 1014 3369 1053 una
3402 1011 3528 1067 pro-

1952 1109 2276 1178 jiciendum.
2627 1154 2645 1170 ,

2030 1199 2180 1253 lianc
2209 1202 2387 1248 autem
2424 1191 2734 1260 opinionem
2769 1186 2939 1241 fuisse
2967 1182 3226 1247 Nestorii,
3275 1195 3338 1235 ex
3371 1187 3521 1233 veteo

1957 1290 2110 1345 ribus
2153 1288 2338 1354 liquet,
2388 1283 2584 1353 quibus
2614 1294 2743 1335 cura
2780 1277 2884 1331 fuit
2927 1275 3028 1328 ista
3057 1272 3251 1328 litteris
3285 1271 3523 1324 tradere.

1959 1380 2091 1434 Nam
2120 1395 2185 1432 ex
2222 1378 2344 1430 fidei
2378 1391 2491 1429 sua:
2516 1371 2772 1441 Symbolo
2803 1369 2890 1421 vix
2931 1373 3167 1426 constet,
3195 1363 3240 1416 si
3265 1361 3385 1428 quis
3411 1360 3526 1427 pie-

1961 1479 2070 1524 tate
2115 1476 2425 1529 contentus,
2480 1477 2600 1532 qua:
2643 1461 2734 1514 ille
2763 1458 2921 1520 dixit,
2970 1455 3054 1524 pie
3089 1453 3215 1505 velit
3258 1451 3524 1518 accipere.

1963 1563 2048 1617 Ait
2078 1562 2244 1623 enim,
2269 1575 2288 1608 ι
2323 1531 2584 1625 Spiritum
2606 1560 2854 1608 sanctum
2887 1563 2948 1601 ex
2977 1548 3084 1599 Deo
3107 1557 3229 1599 esse
3255 1531 3528 1610 putamus,

1963 1669 2068 1708 non
2115 1648 2403 1705 creationis
2447 1660 2632 1707 causa,
2691 1642 2789 1697 sed
2822 1656 2884 1694 ex
2935 1636 3120 1693 divina
3172 1632 3534 1694 essentia;et

1965 1759 2142 1812 neque
2174 1741 2364 1795 Filium
2400 1746 2672 1805 putamus,
2705 1747 2880 1800 neque
2906 1745 3002 1794 per
3029 1727 3224 1781 Filium
3257 1720 3538 1791 accepisse

297 1830 496 1882 autem,
514 1823 659 1890 quod
683 1823 997 1891 diciturper
1014 1841 1354 1893 processum,
1373 1827 1642 1896 significat
1667 1830 1867 1886 habere

1986 1834 2349 1890 substantiam.
2389 1849 2407 1882 ι
2444 1829 2640 1883 Dicens
2668 1839 2795 1892 ergo
2825 1838 2892 1876 ex
2927 1820 3018 1874 Dei
3070 1819 3295 1871 essentia
3323 1829 3455 1877 esse,
3483 1819 3538 1864 et

297 1913 686 1978 substantiam,
713 1915 858 1969 sicut
887 1927 942 1969 et
976 1919 1124 1971 nasci
1159 1933 1254 1986 per
1278 1921 1617 1975 nativitatem
1641 1939 1658 1978 :
1679 1923 1868 1980 beatus

300 2003 426 2058 item
456 2004 693 2074 Cyrillus
727 2022 824 2075 per
849 2023 1062 2062 omnem
1091 2009 1261 2065 ferme
1293 1985 1619 2080 scriptorum
1646 2030 1870 2070 suorum

300 2105 529 2160 textum,
561 2097 883 2150 naturaliter
937 2114 1032 2167 per
1074 2099 1270 2154 Filium
1306 2105 1622 2170 procedere.
1660 2117 1716 2160 ut
1743 2121 1872 2174 pro-

303 2189 474 2256 prium
500 2189 672 2255 ipsius
695 2187 980 2258 Spiritum,
998 2193 1383 2260 propriamque
1413 2195 1666 2248 virtutem
1693 2211 1874 2262 suam,

301 2293 463 2350 atque
515 2296 580 2334 ει
609 2283 729 2350 ipso
785 2297 927 2344 esse,
989 2284 1186 2338 divinis
1215 2285 1516 2340 rationibus
1573 2289 1789 2351 asserit.
1821 2299 1876 2344 et

303 2389 532 2441 qumque
588 2373 690 2425 alia
741 2373 995 2441 praedicta
1052 2383 1230 2429 sunt:
1266 2377 1535 2442 quomodo
1567 2392 1673 2432 non
1727 2379 1874 2434 illum

307 2465 581 2518 hominem
627 2466 806 2534 arguit
840 2467 1098 2536 synodus,
1129 2468 1219 2536 qui
1256 2466 1519 2537 Spiritum
1562 2484 1657 2538 per
1679 2468 1874 2525 Filium

308 2555 672 2608 substantiam
727 2555 924 2610 habere
979 2557 1232 2623 negabat,
1303 2557 1406 2611 etsi
1458 2557 1524 2610 de
1574 2558 1879 2625 huiusmodi

310 2644 585 2707 opinione,
615 2653 840 2713 propter
867 2659 931 2698 ea
963 2660 1084 2714 qua:
1112 2647 1372 2711 diximus,
1396 2645 1556 2700 latius
1578 2647 1711 2702 nihil
1732 2649 1881 2702 dixe-

313 2746 436 2789 runt
456 2736 482 2787 ?

380 2834 554 2893 Quam
582 2828 746 2895 igitur
777 2827 1067 2881 absurdum
1099 2839 1202 2891 est,
1232 2843 1328 2897 per
1358 2829 1666 2897 huiusmodi
1712 2831 1881 2888 silen-

315 2923 445 2973 tium
481 2930 680 2989 putare
734 2928 979 2972 sanctam
1034 2919 1297 2989 synodum
1360 2922 1596 2976 lueretici
1648 2923 1884 2978 hominis

317 3009 669 3078 biasphemiis
708 3009 1068 3078 acquievisse,
1103 3014 1245 3079 quod
1276 3012 1482 3066 scilicet
1509 3013 1744 3081 Spiritus
1776 3030 1881 3068 nou

1971 1941 2134 1992 neque
2170 1922 2370 1975 Filium
2400 1930 2668 1987 putamus,
2708 1912 2935 1980 intelligi
2971 1909 3089 1974 dat,
3120 1908 3246 1976 quia
3277 1904 3536 1972 Spiritum

1972 2018 2114 2072 hunc
2134 2025 2188 2068 et
2240 2028 2302 2068 ex
2344 2013 2450 2066 Deo
2501 2023 2641 2072 esse,
2672 2015 2726 2060 et
2755 2020 2821 2058 ex
2865 2001 3011 2056 illius
3058 1997 3294 2052 essentia
3343 1992 3540 2052 credit,

1973 2105 2115 2176 quod
2149 2113 2352 2168 autem,
2385 2117 2489 2156 non
2523 2095 2813 2154 creationis
2846 2107 3036 2155 causa,
3072 2089 3203 2144 dicit
3229 2126 3245 2151 ,
3289 2095 3339 2140 et
3368 2084 3539 2146 addit,

1987 2213 2007 2247 ι
2041 2209 2215 2263 neque
2261 2207 2356 2262 per
2398 2190 2592 2246 Filium
2627 2184 2991 2241 substantiam
3025 2177 3260 2244 cepisse,
3299 2192 3317 2223 ι
3355 2184 3544 2226 rursus

1974 2287 2382 2355 intelligendum
2409 2275 2575 2342 dedit,
2631 2279 2780 2348 quia,
2812 2291 2916 2327 non
2947 2272 3089 2326 sicut
3125 2277 3253 2322 sunt
3282 2272 3547 2320 creaturae

1975 2396 2041 2434 ex
2070 2379 2178 2433 Deo
2216 2392 2311 2445 per
2342 2374 2554 2434 Filium,
2589 2373 2660 2424 ita
2707 2379 2760 2422 et
2787 2365 3028 2434 Spiritus
3061 2369 3284 2414 sanctus
3313 2370 3378 2408 ex
3428 2351 3542 2420 Deo

1975 2487 2070 2541 per
2089 2469 2279 2523 Filium
2303 2463 2659 2521 substantiam
2685 2461 2875 2521 habet;
2903 2458 3003 2510 boc
3029 2461 3207 2508 autem
3235 2463 3416 2504 verum
3444 2453 3546 2500 est.

1980 2565 2045 2618 Et
2080 2561 2238 2616 sintut
2265 2561 2317 2613 id
2349 2565 2601 2619 couStat,
2666 2552 2790 2620 quia
2832 2549 2901 2603 de
2942 2560 3028 2610 eo,
3074 2544 3349 2613 quodnon
3389 2540 3460 2592 sit
3483 2553 3546 2591 ex

1979 2657 2114 2710 Filio
2154 2652 2412 2721 Spiritus,
2444 2647 2576 2702 nihil
2611 2646 2698 2698 hic
2741 2641 2896 2702 dixit,
2933 2633 3044 2691 sed
3086 2633 3228 2689 enim
3280 2630 3554 2700 quomodo

1981 2763 2084 2802 non
2119 2745 2284 2799 Filius
2319 2757 2439 2798 esse
2473 2745 2776 2808 putaretur,
2818 2732 2919 2785 nisi
2950 2745 3045 2799 per
3079 2725 3272 2781 Filium
3327 2723 3554 2775 haberet

1975 2835 2366 2918 substantiam.
2421 2831 2524 2884 hoc
2559 2838 2661 2890 est,
2699 2841 2794 2894 per
2825 2822 3018 2876 Filium
3067 2816 3399 2889 procederet.
3438 2812 3551 2867 ita-

1981 2939 2108 2994 que,
2137 2921 2398 2990 siquidem
2422 2917 2512 2985 hic
2539 2923 2796 2968 aeternam
2849 2927 2944 2979 per
2969 2907 3162 2962 Filium
3195 2898 3554 2959 substantiam

1985 3011 2496 3086 processionemque
2517 3009 2766 3071 denegat,
2791 3001 3061 3068 quomodo
3087 3013 3194 3052 non
3221 2995 3428 3048 sanctis
3457 2991 3558 3044 Pa-

316 3114 412 3166 per
446 3098 642 3192 Filium
674 3100 1032 3192 substantiam
1079 3101 1318 3166 haberet,
1352 3117 1474 3156 cum
1521 3104 1571 3156 id
1605 3103 1886 3159 manifeste
1914 3138 1953 3192 ο
1988 3085 2164 3160 tribus
2189 3112 2373 3171 aperte
2404 3094 2748 3166 refragatur?
2776 3093 2964 3146 Nonne
2986 3090 3098 3158 iam
3132 3085 3441 3141 necessario
3463 3097 3556 3134 eo—

316 3191 654 3244 enntrarium
709 3190 802 3255 sit,
851 3200 904 3242 et
953 3199 1268 3244 sanctorum
1323 3191 1542 3246 Patrum
1582 3195 1888 3262 praeceden-

315 3281 472 3336 tium.
504 3287 560 3334 et
591 3281 735 3334 beati
773 3279 958 3350 Cyrilli
985 3280 1228 3349 scriptis,
1267 3297 1386 3350 quae
1434 3285 1671 3354 synodus
1705 3279 1891 3354 secuta

318 3383 423 3435 est,
448 3378 505 3426 et
540 3371 810 3439 sequenda
853 3373 1061 3426 caneris
1103 3375 1316 3428 statuit.
1353 3371 1467 3430 Hoc
1495 3377 1636 3430 enim
1677 3387 1759 3432 est
1793 3377 1893 3432 Ec-

317 3464 498 3519 clesia:
530 3476 732 3519 saneta:
761 3465 1082 3519 calumniam
1131 3477 1366 3523 struere.

392 3551 663 3607 Praeterea
721 3552 1135 3606 stolidissimum
1193 3556 1419 3610 omnino
1469 3567 1572 3624 est,
1624 3560 1728 3625 his,
1774 3575 1894 3630 quae

318 3643 496 3698 sancti
527 3644 712 3699 Patres
744 3632 1128 3698 innumeri’s‘in
1153 3646 1286 3701 locis
1303 3650 1766 3715 conscripserunt,
1789 3631 1895 3705 n‘on

323 3738 698 3802 acquiescere,
733 3736 826 3789 sed
858 3735 936 3790 eis
973 3736 1236 3804 neglectis
1279 3753 1340 3792 ea
1374 3737 1496 3794 illos
1527 3741 1729 3796 dixisse
1764 3757 1897 3796 con-

318 3831 516 3896 iicere,
549 3846 670 3898 quze
719 3845 994 3895 nunquam
1027 3829 1303 3894 dixerunt,
1346 3842 1507 3900 atque
1540 3849 1602 3888 ex
1640 3834 1745 3896 his,
1781 3850 1898 3901 qua:

325 3919 401 3971 illi
442 3927 752 3982 tacuerunt,
787 3918 923 3972 velle
953 3931 1269 3986 argumenta
1305 3924 1546 3986 trahere,
1581 3925 1736 3990 quasi
1789 3927 1898 3978 dis-

324 4013 606 4079 [nutatione
655 4009 870 4063 sublata
909 4008 1082 4063 solum
1141 4009 1442 4078 silentium,
1493 4029 1613 4082 quae
1666 4016 1716 4068 in
1750 4003 1897 4084 quae-

323 4103 504 4157 stione
527 4112 680 4163 sunt,
700 4103 990 4168 explanare
1023 4101 1272 4168 subiciat,
1299 4119 1418 4158 cum
1446 4117 1592 4160 certe
1621 4107 1898 4176 Scriptura

328 4193 474 4245 dicat
504 4209 520 4243 :
555 4190 638 4244 Ea:
664 4191 831 4243 verbis
861 4193 959 4243 tuis
981 4191 1372 4259 iustiﬁcaberis,
1421 4204 1469 4247 et
1503 4210 1566 4247 ea:
1595 4198 1759 4250 verbis
1800 4199 1902 4251 tuis

328 4283 760 4336 condemnaberis
793 4281 839 4312 "
863 4298 894 4344 ;-
922 4291 1083 4350 atque
1132 4285 1199 4335 ita
1241 4283 1398 4336 facile
1429 4285 1493 4338 de
1527 4287 1687 4338 rebus
1718 4289 1903 4342 arduis

332 4376 467 4428 veiie
501 4373 850 4428 concludere.
884 4373 1042 4439 Atqui
1087 4375 1380 4432 secundum
1416 4389 1532 4428 eam
1567 4376 1900 4442 facilitatem,

1990 3209 2145 3266 getur
2201 3195 2396 3247 Filium
2445 3187 2716 3252 conliteri,
2765 3185 2930 3239 etiam
2994 3181 3256 3247 Spiritum
3311 3181 3556 3228 sanctum

1991 3291 2166 3357 ipsum
2200 3288 2318 3340 sine
2342 3283 2518 3336 medio
2547 3295 2612 3333 ex
2640 3277 2799 3331 Patre
2830 3288 2951 3328 esse
2977 3273 3226 3331 credens,
3257 3265 3558 3321 secundum

1991 3381 2199 3435 scilicet
2247 3376 2532 3444 praedictas
2582 3371 2911 3424 assertioues
2957 3361 3219 3417 Patrum?

2063 3471 2194 3524 Cum
2229 3467 2394 3538 igitur
2427 3463 2762 3530 simpliciter,
2803 3474 2866 3514 ac
2908 3461 2998 3527 pia
3045 3449 3397 3521 intelligentia
3434 3459 3562 3516 pos-

1995 3561 2066 3615 sit
2093 3560 2288 3626 accipi,
2321 3555 2461 3625 quod
2493 3555 2695 3607 dictum
2731 3559 2831 3612 est,
2884 3547 2986 3602 etsi
3021 3559 3121 3597 nos
3181 3558 3286 3596 non
3313 3557 3376 3594 ea
3413 3552 3563 3590 men-

1997 3661 2050 3704 te
2079 3650 2278 3703 dictum
2306 3645 2602 3707 fateamur;
2638 3651 2799 3706 atque
2825 3640 2944 3691 haec
2968 3634 3153 3703 Opinio
3207 3631 3430 3684 necdqu
3470 3643 3568 3696 pu-

1997 3743 2163 3804 blica,
2198 3753 2297 3792 nec
2331 3735 2540 3803 vulgata
2573 3741 2739 3792 esset,
2798 3744 2860 3781 ac
2890 3733 3176 3795 propterea
3211 3719 3343 3773 nihil
3378 3732 3443 3769 ex
3499 3730 3565 3768 eo

2001 3828 2188 3895 religio
2211 3823 2522 3880 Christiana
2553 3820 2862 3882 laederetur,
2898 3825 3164 3881 nemoque
3189 3809 3302 3864 fere
3338 3806 3568 3860 insimu-

1998 3920 2156 3985 laret,
2187 3916 2459 3992 verbaque
2487 3915 2602 3981 ipsa
2625 3910 2873 3965 subtilius
2897 3904 3223 3973 disquireret
3253 3901 3408 3954 rebus
3433 3912 3568 3964 prae-

2001 4022 2148 4067 terea
2209 3989 2444 4062 maxime
2477 4001 2808 4058 necessariis
2846 3995 3183 4067 urgentibus,
3245 4007 3310 4045 ne
3364 3989 3572 4044 scilicet

2002 4097 2397 4156 incarnationis
2449 4101 2856 4150 sacramentum
2909 4087 3075 4144 verba
3126 4083 3469 4153 simpliciter,
3507 4095 3571 4134 ac

2001 4191 2319 4262 praedicatio
2357 4189 2536 4241 inanis
2568 4185 2874 4238 videretur:
2897 4177 3217 4247 ambagibus
3247 4173 3464 4229 omissis
3503 4172 3568 4224 ad

2004 4285 2078 4345 id.
2103 4293 2321 4351 promer
2345 4279 2485 4348 quod
2507 4281 2894 4335 convenerant,
2915 4285 2974 4325 se
2997 4269 3362 4324 contulerunt.
3384 4263 3576 4331 Liquet

1974 4383 2208 4436 .autem,
2241 4372 2366 4440 quia
2396 4369 2487 4438 qui
2525 4367 2787 4434 Spiritum
2816 4377 2923 4418 non
2959 4362 3125 4417 etiam
3159 4374 3281 4413 esse
3329 4357 3458 4410 dicit
3505 4369 3568 4407 ex

333 4477 402 4516 ne
427 4463 767 4532 peruicosarn
793 4463 1060 4516 levitatem
1085 4463 1336 4525 dixerint,
1365 4463 1624 4530 Spiritum
1653 4479 1901 4521 sanetum
1939 4463 1979 4515 D
2011 4466 2164 4530 Filio,
2189 4465 2460 4518 Christum
2499 4475 2601 4513 non
2634 4457 2787 4526 quasi
2827 4454 3041 4523 propria
3078 4451 3300 4511 virtute,
3331 4449 3423 4502 sed
3461 4446 3574 4498 γει-

341 4554 504 4606 Deum
551 4567 742 4605 verum
794 4555 859 4606 de
913 4552 1023 4606 Deo
1061 4568 1190 4607 vero
1251 4555 1666 4622 appellabimus,
1729 4573 1904 4626 neque

339 4644 482 4696 Patri
512 4651 566 4696 et
597 4642 737 4696 Filio
789 4642 1307 4698 consubstantialem
1343 4640 1744 4713 conﬁtebimur,
1773 4663 1906 4717 quo-

341 4737 485 4788 niam
523 4735 577 4787 in
609 4732 866 4801 Symbolo
897 4734 1042 4796 fidei,
1077 4749 1182 4786 non
1216 4744 1276 4786 ut
1318 4737 1382 4788 de
1419 4735 1572 4796 Filio.
1623 4739 1694 4791 ita
1734 4749 1788 4793 et
1840 4743 1905 4794 de

345 4825 543 4894 Spiritu
583 4833 772 4879 sancto
806 4823 857 4876 id
894 4834 1141 4878 notatum
1175 4833 1256 4878 est
1279 4839 1300 4880 τ
1347 4825 1436 4880 hic
1470 4843 1660 4895 nempe
1689 4844 1752 4882 ex
1798 4830 1904 4889 bis.

341 4931 464 4983 qua
498 4916 714 4982 silentio
747 4926 1034 4982 suppressa
1077 4922 1225 4976 sunt,
1273 4915 1572 4968 volentibus
1625 4915 1904 4983 malignari

343 5011 586 5079 aperitur
621 5007 819 5060 aditus.
848 5005 978 5070 Quze
1011 5019 1137 5059 vero
1181 5010 1246 5059 de
1279 5004 1484 5071 Spiritu
1542 5007 1592 5058 in
1650 5005 1909 5077 Symbolo

343 5103 652 5170 conscripta
708 5109 853 5162 sunt,
914 5097 1054 5150 Patri
1111 5096 1358 5167 Filioque
1391 5097 1700 5152 communia
1759 5101 1910 5154 inve-

346 5195 589 5248 nituntur.

417 5286 566 5349 Quod
594 5283 638 5338 si
673 5283 841 5335 sancti
891 5281 1079 5332 Patres
1136 5293 1197 5333 ea
1238 5295 1462 5347 quorum
1509 5284 1678 5349 gratia
1715 5298 1912 5338 conve-

352 5388 560 5440 nerant,
593 5391 700 5432 non
728 5377 1168 5436 euuntiaverunt,
1202 5373 1254 5426 in
1293 5375 1528 5427 secunda
1565 5375 1772 5430 scilicet
1819 5391 1914 5443 ay-

355 5470 509 5530 nodo,
537 5468 746 5522 cett-lati
772 5467 892 5520 licet
928 5475 1093 5533 atque
1117 5464 1528 5532 sapientissimi,
1554 5467 1679 5533 quid
1709 5453 1918 5519 mirum.

347 5561 395 5616 si
424 5562 476 5615 id
501 5561 809 5616 omiserunt
841 5567 1062 5628 propter
1098 5555 1238 5624 quod
1269 5555 1493 5608 minime
1523 5568 1909 5621 convenerant,

419 5745 462 5773 “
494 5744 682 5798 Matth.
724 5760 814 5809 stt,
847 5744 932 5797 57.
1017 5742 1057 5772 ⁸⁸
1091 5740 1246 5795 Jnan.
1284 5759 1319 5806 ι,
1361 5742 1439 5795 Η.

2005 4565 2057 4608 ιιι
2098 4557 2271 4608 aliena
2332 4568 2487 4606 usum
2523 4549 2892 4604 confitebitur.
2928 4545 3092 4599 Porro
3138 4543 3189 4595 id
3229 4540 3586 4592 anathemate-

2007 4646 2288 4699 tnultzttum
2321 4652 2425 4694 est.

2078 4735 2205 4804 Sive
2243 4732 2423 4800 igitur,
2465 4729 2718 4796 quoniam
2769 4725 2946 4792 imago
2985 4721 3158 4774 Patris
3184 4719 3352 4773 Filius
3388 4727 3470 4770 est
3495 4717 3585 4769 in-

2008 4822 2429 4882 commutabilis,
2456 4820 2746 4886 outuinque
2772 4814 2952 4866 Patris
2986 4811 3171 4875 habet,
3202 4809 3460 4878 prieterid
3488 4822 3590 4860 εομι

2010 4916 2143 4977 lum,
2168 4913 2312 4983 quod
2333 4911 2495 4966 Pater
2517 4926 2623 4963 non
2645 4919 2728 4962 est
2746 4924 2763 4972 ;
2784 4906 2918 4983 sive,
2939 4904 3061 4972 quia
3079 4903 3330 4957 Christus
3354 4897 3590 4966 propria:

2011 5009 2230 5070 virtute,
2264 5019 2369 5056 non
2405 5003 2578 5055 aliena
2625 4980 2828 5068 Spiritu
2861 5005 3049 5051 sancto
3089 4994 3281 5055 tttitur,
3316 5003 3376 5044 ut
3423 5000 3477 5042 et
3528 4989 3596 5042 id

2009 5087 2284 5163 credatur‘,
2317 5096 2462 5166 quod
2497 5093 2724 5148 dicitur:
2761 5087 2983 5143 Verbum
3017 5102 3143 5140 caro
3175 5085 3374 5154 factum
3398 5091 3474 5134 est
3503 5080 3595 5146 “,.

2012 5211 2235 5250 necesse
2257 5199 2338 5245 est
2366 5190 2526 5244 etiam
2570 5202 2634 5240 ex
2687 5183 2820 5238 Filio
2848 5195 2966 5237 esse
3019 5178 3279 5251 Spiritum
3335 5184 3592 5228 sanctum.

2013 5287 2280 5342 confiteri.
2327 5282 2440 5338 Hoc
2483 5282 2626 5335 enim
2670 5278 2871 5331 ideirco
2921 5272 3210 5328 Nestorius.
3248 5266 3497 5334 negabat,
3522 5274 3588 5316 ut

2013 5389 2202 5433 contra
2222 5375 2668 5442 dispensationem
2687 5363 3070 5424 incarnationis
3097 5377 3153 5415 se
3170 5359 3404 5430 apertius
3425 5371 3589 5411 exse-

2021 5481 2182 5524 reret.
2243 5468 2514 5534 Scriptum
2565 5473 2646 5517 est
2701 5463 2826 5515 item
2905 5456 2958 5509 in
3010 5453 3338 5523 Evangelii):
3403 5447 3587 5503 Sciens

2017 5569 2192 5613 aettem
2236 5557 2370 5611 'esus
2406 5555 2572 5608 exisse
2599 5567 2663 5607 ca:
2716 5566 2770 5606 se
2799 5551 3043 5604 virtutem
3073 5546 3140 5600 ⁵⁷.
3170 5543 3245 5598 Ac
3277 5553 3490 5595 rursum
3529 5537 3580 5589 in

1556 5739 1597 5768 ιτ
1632 5737 1758 5791 Luc.
1801 5755 1871 5802 γι,
1923 5737 2002 5790 ιθ.
