4046 6204
430 315 500 378 9ς
1416 295 1419 299 ’
1685 312 2072 371 maxueus
2112 310 2410 370 CALECE
3595 308 3667 369 95

431 428 614 479 eodem
645 442 663 482 :
698 424 838 491 Quia
886 426 1045 477 virtus
1078 424 1137 476 de
1183 423 1272 475 illo
1317 421 1516 485 exibat,
1541 430 1588 474 et
1628 422 1850 475 sanabat
1881 437 1991 473 om-
2023 426 2063 479 Α
2095 436 2155 474 ex
2198 420 2379 473 divina
2424 413 2659 474 essentia
2703 418 2882 473 divina
2942 422 3149 473 ratione
3196 418 3432 487 proﬂuit,
3473 423 3562 488 qui
3596 436 3659 476 ex

431 534 518 571 nes
549 517 616 568 ⁸⁸.
648 515 897 585 Languor
925 529 1139 583 quoque
1163 513 1617 566 (laetitoniacorttm
1647 528 1711 566 ex
1745 513 1826 565 his
1858 528 1994 566 unus

431 617 567 669 erat,
594 622 729 673 quos
775 605 999 657 sanabat
1030 603 1209 657 Jesus.
1245 602 1495 654 Aiteuim
1533 601 1685 669 ipse:
1721 601 1778 654 Si
1820 615 1993 654 autent

430 700 484 749 in
518 696 717 763 Spiritu
762 696 855 748 Dei
900 696 1051 761 ejicio
1076 692 1416 746 dwmonia“.
1456 689 1608 744 Patet
1652 693 1836 760 igitur,
1869 695 1994 760 quia

432 801 657 837 manans
688 800 749 837 ex
782 798 845 836 eo
879 784 1073 845 virtus,
1105 790 1327 834 sanctus
1375 780 1613 847 Spiritus
1643 790 1779 834 erat.

501 894 613 947 lloc
644 903 821 949 autem
855 894 979 946 inde
1017 893 1180 946 etiam
1211 902 1443 955 constat,
1468 894 1612 960 quod
1648 892 1740 945 Dei
1777 890 1990 960 quidem

430 994 533 1047 est,
565 986 744 1036 omnia
773 968 979 1047 amare,
1012 983 1183 1035 virtus
1214 992 1389 1035 autem
1422 982 1509 1034 illa
1535 984 1760 1035 sanabat
1790 982 1990 1037 omnia.

431 1070 661 1125 Necesse
717 1080 800 1124 est
850 1086 978 1140 ergo
1027 1072 1188 1124 Deum
1241 1086 1363 1125 esse
1412 1071 1670 1140 Spiritum
1722 1081 1992 1133 sanctum,

430 1180 589 1229 quem
623 1165 782 1218 etiam
818 1175 1036 1219 sanctus
1081 1165 1311 1235 Cyrillus
1364 1167 1499 1219 dicit
1542 1180 1661 1220 esse
1716 1166 1992 1235 proprium

428 1254 571 1317 Filii,
609 1265 665 1307 ιιι
699 1255 952 1309 virtutem
997 1248 1133 1323 ejus,
1162 1258 1496 1309 naturaliter
1529 1272 1621 1321 per
1646 1272 1769 1309 eum
1805 1272 1993 1325 proce-

429 1344 664 1405 dentem,
692 1353 853 1409 atque
885 1343 1003 1397 ideo
1039 1358 1103 1397 ne
1138 1345 1368 1397 alienam
1408 1345 1618 1412 quidem
1661 1361 1799 1400 esse.

498 1456 775 1510 Inventum
804 1465 887 1510 est
910 1470 1037 1524 ergo
1060 1456 1109 1509 in
1163 1456 1468 1526 Evangelio,
1497 1458 1756 1525 Spiritum
1816 1472 1877 1513 ex
1905 1459 1994 1512 Fi-

382 1536 389 1541 ’
431 1550 501 1599 lio
534 1548 848 1615 procedere,
880 1550 1021 1616 quod
1058 1548 1145 1602 isti
1176 1559 1252 1601 tot
1293 1552 1685 1616 qttmstionibus
1714 1551 1990 1605 Ventilant.

430 1634 718 1698 Prmterea,
750 1636 889 1705 quod
922 1638 1118 1689 dicitur
1146 1653 1238 1703 per
1264 1635 1454 1689 Filium
1497 1640 1807 1706 procedere,
1845 1640 1989 1693 omni

430 1744 530 1782 nos
576 1728 883 1793 huiusmodi
939 1729 1150 1783 curiosa
1208 1730 1554 1796 inquisitione
1601 1742 1836 1785 coercet.
1890 1729 2066 1794 PerB

430 1818 598 1881 enim,
630 1826 682 1871 et
715 1834 802 1878 ex,
829 1821 1158 1872 tantumdem
1194 1821 1391 1885 valere,
1432 1821 1716 1874 doctorum
1764 1825 1993 1874 auctori-

433 1922 513 1962 tas
545 1910 746 1974 docuit,
784 1911 1136 1979 veritatisque
1180 1913 1317 1965 ratio
1352 1926 1471 1965 sese
1515 1913 1749 1981 undique
1800 1915 1991 1981 aperit.

430 1996 935 2059 Vernmenimvero.
994 2015 1113 2066 qum
1152 2016 1180 2054 a
1212 2001 1415 2055 sanctis
1478 1999 1731 2055 Patribus
1760 2002 1993 2057 lucidius

429 2106 644 2157 quoque
701 2093 767 2145 de
820 2092 921 2145 hac
954 2106 1012 2144 re
1067 2092 1267 2159 scripta
1322 2092 1647 2160 suut,juvat
1703 2108 1992 2162 apponere.

431 2182 662 2236 Sanetus
693 2182 835 2257 enim
887 2182 1123 2253 Cyrillus
1156 2185 1423 2250 quoddam
1456 2184 1746 2251 capitulum
1780 2202 1816 2239 ιι
1857 2186 1993 2239 The-

429 2288 703 2325 saurorum
727 2273 869 2337 libri,
900 2274 971 2327 ita
997 2274 1277 2327 inscribit:
1306 2274 1455 2338 Quod
1476 2291 1539 2329 ea:
1560 2275 1738 2329 Patris
1769 2274 1998 2346 Filiique

430 2364 725 2415 substantia
763 2373 974 2417 sanctus
1001 2362 1225 2428 Spiritus
1260 2375 1353 2417 est.
1388 2365 1539 2429 Quod
1569 2366 1611 2420 si
1648 2367 1746 2421 hoc
1770 2368 1850 2421 vir
1872 2383 1998 2421 san—

431 2462 551 2505 etus
571 2463 946 2521 proposuerat,
968 2454 1092 2523 quis
1117 2454 1378 2523 ambigat,
1409 2457 1739 2524 propositum
1764 2458 1998 2512 voluisse

430 2543 742 2597 coniicere?
772 2544 823 2597 In
864 2545 978 2612 ipso
1010 2546 1176 2612 igitur
1207 2545 1277 2597 ita
1316 2546 1577 2613 inscripto
1618 2547 1849 2614 capitulo
1889 2548 1995 2603 ait:

439 2656 456 2685 ι
495 2636 757 2700 Quoniam
792 2636 956 2701 igitur
1008 2635 1245 2703 Spiritus
1293 2649 1515 2691 sanctus
1568 2652 1690 2691 cum
1729 2638 1781 2690 in
1843 2639 1998 2691 nobis

434 2725 614 2787 fuerit,
662 2726 967 2781 coiil'ormes
995 2742 1093 2780 nos
1134 2728 1370 2783 ostendit
1415 2728 1521 2783 Deo
1560 2745 1573 2782 :
1613 2730 1856 2796 procedit
1902 2748 1997 2783 att-

435 2826 541 2868 tem
574 2831 640 2868 ex
686 2814 844 2870 Patre
891 2826 943 2869 et
981 2817 1140 2881 Filio,
1186 2829 1417 2883 constat,
1468 2821 1592 2887 quia
1640 2821 1837 2877 divinae
1870 2824 1999 2874 sub-

432 2906 645 2959 stantia:
665 2917 767 2970 est,
790 2908 1148 2961 essentialiter
1167 2912 1218 2962 in
1237 2910 1372 2976 ipsa,
1393 2922 1440 2963 et
1461 2926 1524 2965 ex
1547 2911 1659 2979 ipsa
1689 2913 1959 2979 prodiens.
1978 2932 1994 2963 ι

434 2981 645 3050 ίζιιὲςιιε
665 2998 715 3051 in
748 2999 932 3051 eodem
956 3016 968 3052 :
996 3017 1014 3050 ι
1039 3000 1299 3067 Proprias
1329 3010 1409 3055 est
1432 3011 1607 3055 autem
1628 3002 1847 3056 omnino
1877 3003 2002 3072 Spi-

434 3090 569 3143 ritus
594 3089 733 3154 Filii,
761 3103 934 3159 neque
967 3090 1302 3145 extrinsecus
1332 3092 1657 3147 subsistens.
1698 3112 1717 3144 ι

505 3200 561 3252 in
596 3198 700 3251 alio
741 3199 972 3252 iterum:
1008 3217 1026 3249 ι
1064 3198 1258 3270 Legem
1304 3201 1482 3271 itaque
1518 3205 1721 3258 ferente
1762 3204 1997 3270 Christo,

436 3290 667 3357 Sp‘ritus
699 3290 955 3357 ipsiusut
982 3291 1031 3343 in
1072 3292 1207 3357 ipso,
1241 3300 1401 3358 atque
1426 3306 1491 3346 ex
1515 3293 1649 3361 ipso,
1685 3294 2002 3347 naturaliter

433 3381 703 3434 exsis‘ens
741 3380 907 3446 legem
937 3381 1058 3433 l‘ert.
1107 3400 1124 3430 ι
1158 3382 1233 3433 Ac
1262 3396 1449 3436 rursus
1475 3382 1525 3434 in
1564 3383 1706 3436 alio:
1736 3402 1754 3435 ‹
1791 3383 1999 3438 Nullam

436 3470 595 3539 igitur
614 3471 758 3520 novit
783 3467 980 3522 Paulus
1013 3482 1217 3524 natura:
1238 3470 1355 3525 Filii
1380 3471 1721 3541 Spiritusque
1744 3472 1999 3527 dilieren-

437 3562 563 3613 tiam
591 3578 604 3624 ;
634 3560 824 3630 scd,_ut
849 3573 911 3612 ex
945 3560 1058 3627 ipso
1076 3562 1420 3615 exsisteutem
1452 3564 1798 3626 naturaliter,
1828 3563 2002 3616 domi-

436 3652 668 3704 nationis
696 3652 910 3704 nomine
941 3652 1191 3718 appellat.
1229 3671 1244 3702 ι
1271 3652 1333 3705 Et
1363 3654 1553 3706 ite-rum
1582 3655 1631 3706 in
1663 3654 1811 3708 alio:
1849 3672 1865 3704 ι
1896 3653 2003 3709 Ne-

434 3758 586 3795 t'essc
612 3752 693 3794 est
728 3741 879 3795 fateri
904 3741 1165 3809 Spiritum
1187 3759 1248 3793 es
1276 3743 1447 3810 ipsius
1472 3747 1703 3797 essentia
1724 3744 1848 3798 Filii
1880 3760 2001 3799 esse

434 3832 814 3885 substantiam.
849 3850 864 3880 ι
892 3830 1023 3883 Etin
1043 3832 1146 3883 alio
1169 3831 1364 3883 iterum
1394 3850 1405 3883 :
1443 3851 1460 3882 ι
1494 3834 1583 3885 Est
1608 3833 1770 3901 Igitur
1787 3849 1848 3887 ex
1881 3832 1997 3887 Filii

433 3924 671 3976 essentia
720 3922 1010 3989 Spiritus.»

504 4034 634 4086 item
672 4048 835 4100 super
862 4031 1147 4093 Joannem,
1179 4048 1340 4100 super
1378 4034 1509 4088 illud
1539 4052 1552 4088 :
1586 4034 1652 4088 Et
1707 4035 1845 4091 Deus
1885 4049 1999 4092 erat

435 4123 665 4184 verbum,
690 4142 708 4173 ι
750 4121 863 4175 Non
900 4139 1049 4189 ergo,
1077 4124 1268 4191 inquit,
1308 4125 1482 4177 minor
1505 4135 1607 4187 cst,
1629 4127 1719 4195 qui
1757 4132 2001 4183 eamdem

435 4229 464 4266 e
490 4230 554 4264 un
594 4214 830 4280 perfecto
858 4213 1018 4267 Patre
1042 4216 1203 4295 habet
1226 4215 1595 4281 operationem
1629 4218 2003 4289 genitorisqne

437 4304 693 4367 S,.irituin
746 4305 972 4371 preprize
1019 4314 1219 4379 natura:
1251 4306 1410 4358 habet
1462 4308 1680 4372 bonum,
1714 4309 2001 4379 vivumque

2096 508 2206 577 ipsa
2235 520 2338 564 est.
2382 529 2398 559 ι

2166 599 2305 653 Idem
2340 601 2390 653 in
2420 615 2466 651 Vl
2497 600 2565 651 ad
2609 599 2877 652 Ilermiam
2909 599 2984 650 ait
3015 616 3031 654 :
3077 616 3094 649 ι
3128 598 3216 661 Ει,
3263 598 3305 650 si
3345 598 3539 651 divina:
3570 614 3665 651 na-

2098 698 2229 741 tur.e
2260 700 2479 759 accepto
2502 688 2704 757 Spiritu
2739 690 3028 757 participes
3068 688 3355 751 efﬁcimur,
3393 689 3663 755 quomodo

2096 781 2367 834 secundus
2413 782 2516 836 erit
2560 799 2586 832 a
2622 781 2828 850 Spiritu
2868 780 3063 842 Filius,
3110 790 3203 833 aut
3246 781 3518 847 quomodo
3556 782 3662 833 erit

2097 868 2337 936 Spiritus
2395 871 2513 939 ipso
2548 871 2915 940 praestantior,
2970 881 3151 923 etnon
3191 871 3386 938 magis,
3431 879 3489 923 ut
3515 872 3658 939 ipse-

2097 975 2223 1027 que,
2253 972 2307 1015 et
2358 962 2427 1017 ab
2476 964 2603 1032 ipso
2643 962 2881 1030 Spiritus
2916 961 3034 1029 ejus
3068 972 3233 1013 totam
3291 962 3493 1014 habens
3544 963 3664 1030 ejus

2096 1052 2490 1122 operationem,
2518 1054 2796 1121 ipsiusque
2829 1052 3297 1120 participationem
3333 1052 3616 1105 tribuens?
3644 1072 3661 1104 ι

2166 1142 2309 1197 Idem
2344 1142 2395 1196 in
2426 1130 2599 1211 primo
2642 1142 2707 1195 de
2739 1142 3009 1209 spirituali
3035 1148 3203 1204 cultu,
3232 1156 3349 1195 cum
3375 1154 3668 1209 exponeret

2098 1232 2197 1287 tria
2238 1230 2377 1284 facta
2430 1248 2525 1299 per
2582 1230 2798 1302 Moysen
2838 1234 3013 1299 signa,
3047 1233 3098 1283 in
3146 1231 3249 1285 ﬁne
3281 1231 3347 1284 de
3389 1232 3670 1286 circumci-

2094 1325 2249 1378 sione
2299 1324 2389 1377 ﬁlii
2416 1325 2578 1394 Moysi
2620 1326 2890 1378 disserens
2924 1326 3035 1377 ait:
3070 1342 3087 1373 ι
3118 1323 3282 1388 Quem
3337 1337 3469 1378 sane
3502 1323 3667 1375 ﬁlium

2097 1416 2475 1471 intellectualis
2532 1416 2797 1484 Scpbora,
2840 1417 2945 1470 hoc
2994 1425 3075 1469 est
3132 1415 3394 1479 Ecclesia,
3426 1430 3543 1483 qua:
3605 1420 3689 1467 cx’

2093 1507 2305 1562 Madian
2339 1518 2499 1576 atque
2529 1524 2589 1561 ex
2628 1509 2876 1575 gentibus
2916 1519 3017 1573 est,
3051 1507 3391 1560 circumcidit
3439 1506 3667 1560 calculo.

2093 1598 2285 1668 Figura
2325 1607 2408 1651 est
2449 1600 2546 1651 ista
2575 1599 2742 1652 sancti
2784 1598 3035 1665 Spiritus,
3076 1608 3294 1666 propter
3381 1598 3668 1651 maximam

2094 1689 2211 1757 ejus
2265 1689 2654 1757 iniractamqne
2701 1691 3038 1756 potentiam;
3088 1690 3211 1758 quia
3269 1690 3429 1743 etiam
3485 1704 3548 1740 ex
3575 1703 3670 1755 pe-

2096 1786 2179 1831 tra
2209 1794 2224 1843 ;
2261 1779 2509 1833 Christus
2534 1780 2676 1833 enim
2708 1790 2790 1833 est
2811 1781 3067 1845 Spiritus,
3101 1790 3247 1848 petra
3284 1790 3459 1832 autem
3515 1778 3675 1831 Chri-

2094 1880 2233 1933 stus,
2259 1870 2401 1925 sicut
2430 1879 2482 1923 et
2517 1870 2709 1923 Paulus
2738 1881 2785 1924 et
2823 1870 3217 1936 sapientissime
3246 1869 3382 1923 dixit
3405 1870 3471 1922 “.
3500 1888 3517 1918 ι

2165 1983 2295 2037 item
2322 1983 2385 2034 ad
2424 1980 2718 2034 Palladium
2781 1982 3028 2035 scribens
3074 1982 3129 2036 in
3182 1982 3357 2051 primo
3378 1980 3587 2035 scilicet
3607 1982 3671 2036 de

2095 2071 2508 2141 Spiritalicultu:
2545 2089 2563 2122 ι
2592 2069 2904 2130 Variabilis,
2952 2072 3151 2139 inquit,
3198 2072 3438 2139 proiecto
3503 2072 3672 2141 Spiri-

2097 2170 2185 2216 tus
2242 2177 2346 2214 non
2382 2170 2513 2225 est;
2556 2170 2650 2214 aut
2691 2162 2733 2215 si
2800 2163 3115 2216 variationis
3176 2164 3417 2231 subjacet
3455 2163 3667 2219 morbo.

2098 2253 2161 2304 ad
2194 2252 2361 2317 ipsam
2398 2250 2636 2304 divinam
2674 2261 2917 2303 naturam
2944 2253 3174 2306 recurrit
3222 2253 3453 2307 macula.
3496 2254 3676 2318 Siqui-

2098 2343 2216 2396 dem
2256 2351 2336 2396 est
2372 2342 2483 2407 Dei,
2517 2350 2568 2397 et
2594 2342 2794 2403 Patris,
2822 2343 2913 2396 sed
2947 2354 2999 2398 et
3024 2343 3144 2397 Filii
3195 2342 3456 2413 Spiritus,
3484 2360 3672 2399 essen-

2100 2432 2298 2485 tialiler
2316 2445 2380 2486 ex
2405 2441 2652 2501 utroque,
2685 2446 2746 2485 cx
2772 2429 2930 2485 Patre
2958 2431 3159 2486 scilicet
3183 2446 3278 2500 per
3309 2430 3501 2484 Filium
3560 2446 3676 2483 nn:-

2100 2537 2255 2577 113118.
2294 2540 2311 2574 1

2171 2636 2313 2690 idem
2364 2636 2415 2689 in
2446 2636 2669 2703 epistola
2704 2636 2769 2690 ad
2804 2634 3108 2690 Nestorium
3146 2636 3328 2701 tertia,
3360 2635 3514 2703 cuj'us
3573 2637 3674 2689 ini-

2103 2730 2233 2781 tium
2256 2738 2342 2783 est
2376 2746 2391 2782 :
2433 2728 2535 2794 Qui
2558 2738 2701 2781 amat
2756 2737 2957 2795 patrem
2994 2738 3084 2780 aut
3128 2738 3343 2781 matrem
3374 2728 3489 2795 plus
3517 2745 3674 2797 quam

2103 2837 2200 2884 me,
2227 2836 2328 2872 non
2355 2830 2427 2873 est
2461 2836 2538 2872 me
2591 2819 2779 2888 dignus
2810 2822 2877 2882 ",
2912 2838 2931 2871 ι
2984 2819 3113 2884 Etsi,
3150 2818 3346 2886 inquit,
3375 2820 3425 2872 in
3457 2819 3673 2883 speciali

2104 2911 2401 2965 substantia
2424 2922 2503 2963 est
2524 2910 2757 2979 Spiritus
2775 2918 3013 2973 sanctus,
3036 2925 3097 2963 ac
3118 2910 3413 2964 secundum
3436 2912 3674 2977 seipsum

2106 3000 2440 3070 intelligitur,
2478 3002 2777 3056 secundum
2814 3001 2956 3070 quod
3004 3000 3237 3068 Spiritus
3287 3014 3387 3065 est,
3449 3009 3502 3055 et
3570 3016 3675 3054 non

2029 3067 2069 3122 C
2104 3067 2302 3159 Filius,—
2328 3109 2434 3147 non
2470 3103 2551 3148 est
2582 3102 2759 3147 tamen
2804 3067 2870 3147 ab
2896 3108 2961 3148 eo
2989 3094 3214 3146 alienus.
3253 3092 3485 3161 Spiritus
3533 3093 3673 3148 enim

2103 3184 2344 3239 veritatis
2379 3184 2686 3238 nominatus
2732 3194 2834 3247 est,
2864 3192 2917 3238 et
2944 3193 3027 3238 est
3057 3184 3303 3238 Christus
3357 3184 3575 3248 veritas,
3599 3196 3679 3237 at-

2102 3290 2204 3344 que
2235 3276 2300 3328 ab
2330 3291 2392 3330 eo
2423 3275 2658 3343 proﬂuit,
2684 3277 2841 3328 sicuti
2871 3253 2925 3329 et
2956 3291 2983 3328 a
3017 3275 3177 3329 Patre
3207 3276 3436 3330 scilicet.
3480 3295 3497 3328 ι

2174 3363 2316 3416 idem
2349 3380 2507 3432 super
2542 3362 2672 3428 loel,
2703 3379 2825 3418 cum
2854 3363 2982 3418 illud
3018 3374 3309 3433 exponeret
3338 3384 3352 3441 ξ
3393 3363 3677 3433 ΕΙῙαηάαιη

2101 3457 2164 3509 de
2194 3454 2396 3521 Spiritu
2433 3472 2542 3509 η.εο
2567 3456 2646 3520 ⁸³,
2686 3474 2703 3507 ι
2742 3454 3047 3510 Secundum
3068 3456 3208 3507 enim
3245 3457 3384 3523 quod
3411 3458 3547 3510 Deus
3598 3468 3680 3511 est

2104 3557 2265 3615 atque
2294 3563 2355 3600 ex
2392 3549 2497 3601 Deo
2524 3548 2818 3601 secundum
2857 3558 3099 3600 naturam
3120 3545 3289 3601 Filius
3314 3565 3328 3599 :
3356 3560 3512 3602 natus
3535 3548 3675 3601 enim

2104 3648 2188 3690 est
2217 3653 2280 3690 ex
2316 3636 2423 3690 Deo
2454 3646 2507 3688 et
2558 3634 2736 3697 Patre,
2767 3635 3019 3704 proprius
3071 3634 3261 3703 ipsius,
3293 3644 3345 3687 et
3368 3635 3419 3687 in
3454 3636 3592 3704 ipso,
3625 3644 3678 3687 et

2102 3742 2167 3781 ex
2189 3729 2305 3797 ipso
2336 3713 2417 3780 est
2440 3724 2699 3794 Spiritus,
2729 3743 2748 3778 ι
2783 3726 2924 3781 sicut
2958 3726 3209 3782 videlicet
3244 3740 3308 3777 ex
3340 3728 3454 3795 ipso
3485 3726 3592 3780 Deo
3623 3736 3677 3779 et

2104 3816 2263 3872 Patre
2295 3818 2632 3887 intelligitur.

2177 3928 2319 3984 idem
2340 3931 2388 3983 in
2421 3930 2666 3983 laudibus
2689 3928 2974 3983 Theodosii
3009 3928 3348 3997 imperatoris
3372 3930 3447 3981 ait
3474 3944 3488 3980 :
3528 3947 3546 3979 ‹
3581 3928 3681 3980 Ba-

2104 4024 2412 4094 ptizautem,
2438 4024 2632 4091 inquit,
2663 4022 2826 4092 igitur
2859 4022 2910 4075 in
2946 4021 3068 4090 igne
3091 4032 3143 4076 et
3186 4031 3377 4075 saneto
3433 4020 3678 4091 Spirim;

2103 4128 2208 4167 non
2240 4113 2473 4165 alienum
2509 4111 2791 4178 baptizatis
2844 4110 3158 4179 largicutcm
3217 4110 3475 4178 Spiritum
3498 4151 3512 4173 ,
3540 4110 3680 4164 servi

2104 4202 2309 4255 Srilieet
2369 4215 2432 4253 ac
2498 4199 2734 4252 ministri
2798 4199 2848 4253 in
2910 4213 3159 4252 morem:
3226 4201 3341 4260 sed,
3398 4206 3454 4251 ut
3514 4198 3680 4251 Delum

2104 4292 2401 4346 secundum
2450 4300 2719 4353 naturam,
2749 4303 2871 4342 eum
2921 4301 3170 4355 suprema
3219 4296 3487 4356 potestate
3525 4303 3681 4339 suum

436 4405 489 4445 et
514 4395 935 4448 substantialiter
970 4396 1210 4458 insitum,
1252 4398 1384 4451 sicut
1424 4398 1672 4453 videlicet
1696 4412 1749 4455 et
1782 4400 1991 4455 Pater.»

2105 4383 2400 4452 proprium,
2452 4390 2507 4437 et
2547 4381 2637 4448 qui
2681 4395 2744 4434 ex
2794 4382 2909 4448 ipso
2953 4390 3056 4432 est.
3110 4397 3129 4431 ι
3169 4380 3230 4431 Ει
3280 4388 3399 4446 post
3463 4394 3680 4446 pauca:

438 4487 578 4549 idem
616 4501 780 4553 super
806 4486 967 4540 illud:
1016 4486 1081 4539 Et
1114 4504 1204 4555 ego
1248 4490 1437 4557 rogabo
1474 4489 1704 4555 Patrem,
1742 4474 1805 4545 et
1834 4494 1996 4545 alium

437 4578 769 4633 Puracletum
799 4572 1112 4633 dabitvobis
1141 4583 1207 4644 ⁸ο,
1238 4601 1253 4631 ι
1300 4582 1388 4635 Dei
1420 4584 1583 4648 enim,
1606 4586 1798 4653 inquit,
1826 4596 1877 4639 ct
1904 4587 2001 4638 Pa-

438 4672 533 4722 tris
577 4672 902 4724 naturalium
944 4673 1202 4725 bouorum
1228 4688 1448 4731 consors
1471 4675 1833 4729 essentialiter
1856 4677 2001 4730 exsi-

436 4772 583 4815 steus
610 4761 799 4827 Filius,
834 4764 991 4816 habet
1016 4764 1278 4832 Spiritum
1301 4767 1594 4819 secundum
1618 4768 1862 4822 eumdem
1882 4786 1997 4824 mo-

438 4856 583 4911 dum,
618 4854 911 4907 secundum
942 4867 1098 4921 quem
1130 4865 1183 4907 et
1217 4855 1375 4908 Pater
1413 4858 1610 4911 habere
1645 4858 1998 4927 intelligitur:

439 4963 485 4999 ιιν
516 4964 545 4998 ιι
604 4947 966 5009 inductitiuzn,
1016 4962 1186 5015 neque
1217 4949 1552 5003 extrinsecus
1602 4950 1998 5004 advenientem.

440 5040 670 5091 Sultum
722 5041 918 5109 quippe
970 5050 1025 5093 et.
1085 5040 1331 5092 insanum
1367 5050 1469 5105 est,
1524 5040 1597 5094 ita
1636 5042 1863 5095 sentire.
1896 5041 2001 5097 Sed

436 5130 579 5182 sicut
612 5131 772 5183 etiam
815 5128 1185 5197 unusquisque
1243 5140 1485 5182 nostrum
1534 5130 1811 5199 proprium
1848 5130 1899 5183 in
1943 5145 2002 5184 se

435 5224 551 5288 ip-o
589 5224 833 5291 spiritum
867 5224 1128 5284 continet,
1160 5232 1211 5275 et
1262 5236 1325 5276 ex
1353 5222 1557 5277 intimis
1597 5222 1899 5275 visceribus
1939 5224 2005 5276 ad

433 5315 701 5366 mteriura
729 5314 1023 5381 profundit.
1058 5314 1266 5368 idcirco
1291 5314 1432 5367 enim
1466 5322 1518 5367 et
1546 5315 1902 5384 corporaliter
1924 5316 2004 5384 ip-

434 5421 551 5455 sum
587 5403 878 5456 insulllavit
917 5403 1189 5465 Christus,
1244 5417 1299 5457 ut
1338 5403 1663 5468 ostenderet,
1701 5406 1823 5471 quia
1863 5406 2005 5459 sicut

430 5510 492 5548 ex
530 5496 763 5546 humano
795 5510 891 5549 ore
927 5496 1281 5562 corporaliter
1339 5496 1579 5561 procedit
1630 5498 1893 5565 spiritus:
1928 5497 2001 5550 ita

501 5609 543 5636 "
587 5608 713 5661 Luc.
750 5625 818 5668 vt,
856 5613 937 5666 lt).
1020 5612 1060 5641 δί’
1097 5611 1281 5662 Matth.
1320 5610 1525 5669 xn,‘28.

430 5682 494 5711 "‘-
530 5681 545 5709 ⁸
574 5681 726 5733 JtMtt.
767 5697 851 5745 xx,
888 5684 976 5734 Ἠ.
1054 5682 1095 5711 ⁶⁰
1122 5679 1251 5731 Joan
1307 5695 1359 5731 ιιι
1414 5682 1499 5732 51.

1489 5905 1513 5928 ο

1603 5613 1647 5642 ⁸⁸
1680 5612 1834 5666 Joan.
1868 5630 1976 5673 xw,
2022 5613 2103 5665 iii.
2170 5614 2210 5644 ⁵¹
2250 5614 2268 5669 1
2304 5615 2424 5666 Cur.
2462 5631 2511 5672 χ,
2548 5615 2597 5666 «1.

2111 4494 2129 4525 ι
2162 4474 2388 4529 Peccato
2433 4471 2718 4526 absolvens
2755 4485 2897 4533 eum,
2922 4469 3011 4535 qui
3045 4469 3145 4522 sibi
3182 4468 3417 4522 cohaeret
3465 4470 3683 4538 proprio

2108 4567 2313 4635 iuungit
2344 4564 2571 4633 Spiritu,
2601 4578 2759 4633 quem
2794 4561 3037 4616 immittit
3069 4562 3185 4630 ipse
3220 4562 3462 4630 quidem,
3522 4574 3579 4615 ut
3616 4578 3680 4616 ex

2111 4659 2217 4711 Deo
2235 4656 2395 4710 Patre
2429 4655 2686 4718 Verbum,
2723 4663 2885 4722 atque
2922 4668 3003 4717 ex,
3026 4653 3238 4722 propria
3280 4655 3435 4707 nobis
3464 4652 3685 4719 profun-

2104 4748 2183 4801 dit
2206 4757 2418 4800 natura.
2448 4745 2799 4800 Communem
2832 4757 2982 4806 vero,
3022 4752 3275 4809 tanquam
3310 4756 3421 4795 rem
3464 4743 3681 4809 dispen-

2100 4839 2296 4893 sationi
2347 4837 2528 4892 carnis
2580 4835 2895 4904 adjungens,
2960 4844 3103 4887 etut
3154 4835 3313 4886 homo
3373 4832 3684 4886 insumabat

2101 4930 2474 4999 corporaliter.
2501 4926 2796 4981 insnmavit
2818 4925 2984 4988 enim,
3016 4936 3067 4979 et
3088 4926 3261 4979 dixit:
3301 4926 3528 4992 Accipite
3557 4923 3681 4989 Spi-

2101 5024 2258 5075 ritum
2305 5028 2543 5074 sanctum
2566 5020 2707 5070 "'".
2734 5015 2797 5069 Et
2840 5015 2996 5070 :Non
3013 5017 3080 5069 ad
3101 5033 3397 5069 mensuram
3422 5017 3516 5067 dat
3546 5015 3683 5067 Deus

2101 5113 2549 5182 Spiritum,juxta
2605 5109 2828 5165 Joannis
2853 5123 3034 5164 vocem
3055 5109 3138 5173 ‘°;
3173 5108 3263 5161 sed
3294 5108 3408 5176 ipse
3443 5107 3683 5160 immittit

2110 5219 2175 5258 ex
2214 5204 2411 5271 seipse,
2449 5198 2607 5254 sicuti
2643 5199 2891 5253 videlicet
2918 5211 2970 5252 et
2993 5197 3171 5250 Pater.
3206 5215 3225 5247 ι

2192 5317 2249 5371 in
2306 5315 2471 5385 gestis
2507 5316 2631 5369 item
2688 5314 2875 5383 prima:
2926 5313 2978 5366 in
3022 5311 3196 5367 Nicma
3249 5312 3462 5382 synodi,
3518 5311 3572 5366 in
3600 5311 3727 5373 his.

2109 5423 2228 5475 qua:
2286 5408 2537 5460 dixerunt
2564 5404 2756 5460 Patres
2784 5419 2879 5474 per
2906 5405 3216 5473 episcopum
3266 5402 3574 5466 Leontium,
3609 5401 3680 5454 ita

2110 5500 2376 5551 habetur:
2416 5517 2433 5549 ι
2466 5496 2721 5552 Inventus
2738 5508 2821 5550 est
2853 5496 3109 5565 Spiritus,
3136 5497 3432 5562 procedens
3460 5494 3679 5560 quidem

2674 5615 2717 5646 ⁸²
2742 5612 2929 5665 Matth.
2965 5629 3015 5671 ιι.
3054 5611 3141 5664 57.
3256 5610 3300 5641 ⁸³
3333 5606 3469 5663 Joel.
3504 5625 3560 5675 Ii,
3589 5610 3674 5667 ‘28.
