4046 6204
341 352 420 414 97
1466 338 1868 402 ADVERSUS
1905 334 2408 400 URA‘LL‘US'LIB.
2452 338 2532 398 ll.
3528 333 3597 395 98

339 480 405 516 es
424 461 608 520 Patre,
626 455 875 526 proprios
897 461 1075 506 autem
1095 448 1236 514 Filii,
1255 456 1415 519 atque
1433 462 1498 502 ex
1520 448 1640 515 ipso
1662 460 1939 499 manantes
1972 449 2023 505 Λ
2050 448 2266 517 pionem
2303 463 2317 499 :
2348 443 2499 499 'Unus
2546 445 2681 499 enim
2703 486 2718 512 ,
2748 444 2944 516 inquit,
2978 444 3175 512 Filius,
3202 462 3319 500 eum
3344 449 3412 501 sit
3433 449 3604 503 sive".

412 548 639 616 Magnus
678 558 895 612 quoque
944 540 1278 594 Athanasius
1316 536 1370 590 in
1406 536 1543 590 libro
1563 534 1637 587 De
1655 537 1927 599 dispensa-

344 645 490 691 tione
514 635 913 695 incarnationis,
946 631 1102 700 cujus
1152 629 1364 683 initium
1396 639 1480 682 est
1509 644 1523 680 :
1558 626 1661 692 Qui
1688 641 1930 697 perverse

344 729 555 779 diuinas
577 724 881 792 Seripturas
914 721 1088 773 uolunt
1112 718 1402 788 intelligere
1433 756 1447 780 ,
1489 735 1507 767 ι
1550 716 1692 786 Ipse,
1732 715 1927 783 inquit,

342 834 473 869 eum
520 829 752 882 superne
791 812 936 865 misit
984 812 1145 872 Deus,
1195 823 1247 863 et
1292 811 1406 877 ipse
1445 822 1565 861 eum
1603 806 1829 883 interius
1871 813 1931 858 ut

345 909 508 961 homo
543 904 802 971 suscepit.
854 901 929 954 Ex
965 904 1081 970 ipso
1110 902 1273 969 igitur
1298 890 1357 953 in
1409 913 1585 967 ipsum
1647 896 1929 951 descendit

343 1013 409 1049 es
442 997 645 1050 deitate
679 1000 731 1048 in
777 992 1173 1045 Inunanitateni
1225 989 1364 1058 ejus.
1396 1009 1415 1040 ι
1443 988 1679 1043 Sanctus
1708 1001 1929 1057 quoque

342 1087 787 1155 Chrysostmnus,
820 1084 874 1136 in
918 1096 1171 1135 sermone
1222 1082 1287 1135 de
1339 1080 1681 1135 humanitate
1713 1078 1929 1131 Domini

344 1175 521 1228 nostri
578 1172 737 1227 Jesns
781 1171 1008 1234 Christi,
1057 1167 1213 1237 cujus
1236 1168 1451 1222 initium
1504 1177 1633 1222 est:
1676 1165 1803 1219 Vere
1831 1181 1928 1234 ap-

340 1265 525 1333 paruit
575 1264 723 1316 nobis
782 1260 958 1331 gratia
1011 1259 1103 1313 Dei
1141 1298 1157 1323 ,
1204 1277 1223 1309 ι
1288 1256 1467 1322 Venit,
1514 1258 1705 1326 inquit,
1736 1258 1801 1309 ad
1830 1271 1928 1309 nos

345 1357 626 1420 Christus,
652 1353 803 1407 dedit
826 1351 984 1406 nobis
1007 1349 1269 1419 Spiritum
1291 1364 1355 1404 ex
1373 1362 1433 1403 se
1462 1357 1794 1405 manantem.
1829 1361 1926 1399 no-

346 1456 639 1514 strumque
669 1445 909 1511 suscepit
940 1454 1156 1509 corpus.
1205 1457 1225 1490 ›

416 1537 563 1589 Idem
615 1536 670 1588 in
715 1548 991 1595 sermone,
1035 1533 1129 1599 qui
1180 1529 1498 1585 inscribitur
1546 1527 1918 1598 Προφυὶακτι·

349 1627 444 1679 xcv
476 1639 584 1692 quo
617 1624 829 1678 scilicet
862 1623 1124 1675 adversus
1170 1622 1402 1675 [hereses
1464 1618 1645 1672 ﬁdeles
1679 1618 1930 1671 homines

347 1713 679 1787 praemunire
714 1712 935 1781 satagit,
958 1710 1111 1778 cujus
1138 1710 1359 1763 initium
1393 1721 1475 1763 est
1509 1726 1523 1762 :
1560 1709 1827 1773 Quoniam
1856 1710 1926 1760 ad

2051 537 2295 599 Verbum,
2339 551 2498 589 unam
2547 551 2659 589 esse
2711 546 2908 604 oportet
2948 537 3227 606 perfectam
3278 552 3341 591 ac
3373 538 3602 607 plena'nt,

2035 628 2455 695 sanctiﬁcantem
2494 635 2540 679 et
2587 626 2968 680 illuminantem
3001 626 3183 690 vitam,
3225 642 3341 695 quae
3369 630 3604 696 operatio

2035 720 2200 790 ipsius
2225 727 2271 771 et
2321 730 2511 769 manus
2572 725 2670 782 est,
2718 732 2834 785 qua:
2890 731 2955 769 ea:
2987 714 3154 789 Patre.
3194 720 3470 782 procedere
3523 717 3603 769 die

2034 813 2191 872 citur;
2256 807 2506 876 quoniam
2571 822 2603 859 a
2671 804 2834 871 Filio,
2877 808 2964 876 qui
3020 825 3084 862 ex
3133 808 3299 864 Patre
3320 826 3430 864 esse
3483 826 3607 865 con-

2034 901 2259 960 ceditur,
2330 899 2541 962 emicat,
2601 908 2646 948 et
2708 897 2957 963 mittitur,
3017 909 3065 951 et
3119 905 3302 955 datur.

2107 990 2243 1043 Item
2287 990 2337 1041 in
2395 988 2755 1043 confessione
2796 989 2918 1042 lidei
2973 1004 3107 1056 sua',
3167 992 3321 1059 cujus
3386 981 3601 1046 initium

2034 1090 2123 1133 est-
2158 1096 2171 1131 :
2211 1078 2521 1147 Quicunque
2550 1079 2654 1130 vult
2697 1082 2873 1131 saluus
2921 1095 3051 1143 esse,
3086 1089 3204 1132 ante
3244 1081 3422 1136 omnia
3474 1097 3604 1148 opus

2033 1180 2132 1232 est,
2181 1180 2234 1221 ut
2276 1178 2444 1221 teneat
2484 1166 2793 1220 catholicam
2838 1168 3021 1236 ﬁdem,
3061 1169 3177 1222 ait:
3212 1168 3442 1238 Spiritus
3475 1189 3604 1225 san-

2033 1268 2253 1313 ctus'ea:
2282 1256 2440 1311 Patre
2483 1268 2529 1311 et
2575 1255 2712 1309 Filio
2741 1269 2839 1326 est,
2885 1270 2986 1313 non
3020 1259 3218 1327 factus,
3260 1278 3364 1315 non
3393 1274 3602 1316 creatus

2036 1366 2126 1403 nec
2147 1351 2371 1419 genitus,
2402 1348 2491 1403 sed
2525 1348 2830 1416 procedens.

2112 1438 2344 1493 Sanctus
2370 1438 2724 1507 Epiphanius,
2752 1439 2806 1492 in
2842 1439 2982 1525 lihro
3004 1453 3124 1505 suo,
3147 1454 3308 1508 quem
3330 1442 3608 1511 inscripsit

2039 1531 2337 1585 Anchoram
2368 1547 2380 1582 :
2420 1528 2653 1597 Spiritus
2676 1568 2692 1592 ,
2756 1529 2870 1593 ait,
2928 1530 3110 1596 incom,
3136 1530 3459 1586 rehensibilis
3507 1544 3605 1596 est,

2039 1635 2141 1670 non
2184 1611 2394 1670 ‘alienus
2444 1635 2474 1669 a
2505 1617 2667 1672 Patre
2724 1628 2773 1679 et
2819 1617 2976 1681 Filio,
3027 1635 3188 1690 neque
3229 1622 3606 1690 conglutinatio

2029 1717 2104 1761 est
2150 1706 2329 1760 Patris
2382 1724 2443 1759 ac
2487 1706 2639 1761 Filii.
2678 1709 2739 1761 Et
2783 1719 2903 1778 post
2933 1725 3104 1777 pauca
3136 1726 3151 1765 :
3189 1708 3418 1779 Spiritus
3475 1729 3604 1765 san-

344 1810 540 1859 bonum
566 1802 730 1856 Deum
754 1806 1035 1866 tendimus,
1080 1819 1099 1851 ι
1139 1799 1521 1855 Observandus
1559 1809 1614 1853 et
1659 1799 1933 1852 cavendus
1965 1797 2007 1854 Β
2034 1805 2149 1847 ctus
2200 1810 2303 1847 non
2368 1794 2544 1847 l'atris
2601 1795 2809 1861 frater,
2872 1797 2962 1849 sed
2992 1812 3056 1851 ea:
3128 1800 3306 1852 eadem
3382 1805 3606 1853 essentia

347 1895 504 1949 nobis
533 1894 661 1948 boni
694 1893 1042 1961 adversarius
1074 1891 1343 1952 diabolus,
1381 1891 1477 1953 ait,
1509 1900 1562 1943 et
1606 1892 1677 1942 ita
1704 1904 1803 1943 nos
1832 1902 1955 1953 ουκ

346 1986 546 2040 stodiet
569 1983 808 2051 Spiritus
837 1997 867 2034 a
901 1981 1120 2035 Christo
1167 1994 1415 2043 manans,
1446 1980 1499 2033 in
1529 1979 1671 2033 diem
1734 1979 1928 2033 futura:

345 2074 758 2147 fechtlpllOIIlS.
793 2091 813 2124 ι
852 2122 861 2123 ,
1458 2058 1461 2059 ⁷

332 2186 345 2196 ’
420 2170 638 2224 Simeon
675 2182 889 2236 quoque
926 2162 1321 2233 MetapbraSIes
1378 2160 1736 2216 conscribens
1798 2173 1928 2229 pas-

348 2266 560 2316 sionem
586 2261 761 2315 sancti
798 2257 1036 2327 Dionysii
1069 2255 1429 2323 Areopagitae,
1489 2256 1562 2307 ita
1608 2251 1923 2306 inchoavit:

356 2365 375 2398 ι
436 2346 576 2401 Olim
611 2347 832 2414 quidem
856 2343 1045 2412 ﬁguris
1072 2351 1125 2395 et
1149 2341 1525 2410 aaniginatibus
1554 2340 1675 2394 ﬁdei
1726 2348 1925 2410 myste-

351 2435 434 2488 ria
495 2434 927 2499 involvebantur,
984 2443 1039 2485 et
1096 2431 1339 2484 veritatis
1388 2428 1565 2499 jnbar-
1611 2428 1924 2482 umbrarum

352 2526 499 2579 nube
527 2525 830 2593 tegebatur.
861 2521 1054 2577 Pustea
1119 2536 1243 2574 vero
1269 2536 1428 2589 quam
1454 2535 1706 2588 magnum
1732 2520 1925 2575 salutis

352 2624 751 2670 sacramentum
779 2616 933 2668 nobis
961 2622 1333 2682 comparatum
1366 2622 1466 2676 εει,
1492 2620 1546 2666 et
1572 2613 1617 2666 is
1637 2607 1731 2683 qui
1761 2612 1922 2667 corda

353 2719 538 2763 nostra
594 2706 948 2776 singulariter
998 2704 1174 2768 tinxit,
1231 2705 1449 2773 proprie
1475 2703 1618 2757 circa
1645 2717 1741 2757 nos
1770 2704 1924 2757 heni-

353 2798 580 2870 5nitatis
630 2796 985 2850 miseratione
1023 2796 1139 2848 sine
1184 2806 1408 2863 peccato
1442 2794 1616 2846 factus
1658 2801 1742 2846 est
1769 2793 1926 2846 sinti-

355 2889 420 2942 iis
470 2887 629 2941 nobis
659 2902 675 2953 ;
712 2887 922 2954 aliaque
947 2887 1136 2950 subiit,
1163 2900 1282 2954 qua:
1308 2889 1554 2938 humana:
1587 2884 1925 2937 infirmitatis

353 2987 500 3034 sunt,
533 2986 591 3028 ut
619 2992 720 3043 ego
745 2975 978 3043 ptimum
1010 2973 1265 3041 recipiam
1302 2972 1659 3033 nobilitatem,
1713 2985 1777 3025 ac
1809 2982 1927 3023 tati-

2031 1978 2189 2037 dixit.
2241 1987 2393 2045 atque
2447 1993 2510 2030 ea:
2555 1978 2716 2030 Patre
2768 1980 3197 2046 procedentem:

2036 1883 2213 1936 Patris
2241 1900 2301 1935 ac
2318 1881 2470 1937 Filii.
2498 1884 2619 1952 Ipse
2646 1887 2784 1938 enim
2814 1882 3116 1955 Unigenirus
3144 1886 3320 1941 Patris
3350 1886 3607 1957 Spiritum

3256 1989 3304 2032 et
3332 1982 3394 2032 de
3453 1996 3565 2032 meo
3585 2018 3601 2044 ,

2037 2067 2232 2135 inquit,
2291 2068 2549 2136 accipiet;
2597 2078 2685 2121 ‘ne
2730 2060 2962 2121 alieuuin
3004 2084 3035 2121 a
3074 2065 3253 2133 Patre,
3297 2070 3426 2122 vela
3463 2068 3603 2122 Filio

2037 2159 2323 2212 existimes.
2357 2157 2420 2210 Et
2455 2167 2574 2226 post
2612 2174 2778 2227 pauca
2814 2156 2936 2212 :Ea:
2969 2157 3127 2211 Patre
3151 2170 3200 2211 et
3230 2157 3392 2221 Filio,
3417 2163 3604 2212 tertius

2036 2248 2403 2314 appellatione.
2460 2247 2523 2302 Et
2559 2260 2679 2316 post
2732 2250 2901 2304 multa
2937 2264 2950 2302 :
2981 2250 3148 2302 Ambo
3198 2249 3255 2303 in
3285 2251 3493 2302 homine
3513 2250 3607 2319 ju-

2033 2348 2112 2392 sto
2163 2340 2481 2405 inhabitant,
2528 2324 2770 2394 Christus
2812 2350 2861 2394 et
2900 2339 3134 2408 Spiritus
3179 2343 3316 2411 ejus.
3344 2341 3401 2397 Si
3429 2344 3641 2398 autrm'

2033 2428 2268 2484 Christus
2297 2446 2360 2483 ea:
2392 2429 2554 2484 Patre
2583 2432 2814 2484 creditur
2855 2431 2993 2485 Deus
3032 2448 3095 2485 ea:
3117 2432 3247 2498 Deo,
3289 2444 3339 2486 et
3368 2432 3601 2502 Spiritus

2035 2536 2065 2572 a
2114 2518 2345 2587 Christo,
2398 2522 2506 2575 sive
2534 2521 2596 2574 ab
2644 2534 2886 2591 utroque,
2934 2532 2991 2575 ut
3035 2524 3111 2575 ait
3157 2524 3417 2586 Christus,
3453 2527 3604 2593 quia

2034 2605 2198 2661 Patre
2254 2612 2509 2676 procedit,
2561 2621 2611 2665 et
2667 2611 2749 2664 hic
2777 2613 2841 2665 de
2906 2629 3018 2666 meo
3067 2615 3310 2681 accipiet.
3368 2612 3435 2667 Et
3485 2624 3608 2683 post

2034 2715 2246 2758 ttauca:
2282 2700 2385 2756 Sed
2422 2706 2555 2756 dicet
2579 2704 2803 2773 aliquis:
2837 2701 2990 2774 Ergo
3015 2704 3152 2757 duos
3197 2720 3307 2758 esse
3346 2705 3489 2773 [ilius
3525 2708 3608 2759 ai-

2034 2795 2231 2854 cimus!
2262 2792 2331 2846 Et
2359 2797 2619 2864 quomodo
2669 2797 2768 2847 erit
2825 2793 3134 2863 Utttgettttus
3158 2795 3184 2849 .’
3222 2812 3240 2845 ι
3279 2793 3355 2847 Τιι
3382 2797 3496 2864 quis
3516 2812 3569 2850 es
3588 2837 3604 2860 ,

2035 2892 2124 2958 qui
2148 2889 2461 2959 respondeas
2488 2888 2592 2940 Deo
2613 2888 2704 2939 ⁸⁸2
2756 2904 2774 2936 i
2809 2886 2874 2941 Si
2904 2886 3042 2951 enim
3072 2884 3269 2939 Filium
3302 2898 3444 2941 vocat
3467 2903 3530 2941 ea:
3554 2904 3608 2940 se

2038 2979 2535 3048 natum,.Spiritum
2568 2989 2744 3032 autem
2794 2989 3053 3040 sanctum,
3111 2978 3202 3046 qui
3263 2977 3328 3029 ab
3386 2987 3607 3045 utroque

355 3068 480 3118 dein
508 3067 687 3119 crucis
713 3066 980 3134 supplicio
1011 3063 1232 3118 aﬂectus
1257 3074 1342 3119 est
1394 3071 1732 3132 mortemque
1762 3062 1931 3115 susti-

2038 3083 2110 3127 est
2144 3089 2157 3126 :
2190 3086 2307 3139 qua:
2364 3068 2533 3123 solum
2575 3070 2940 3138 intelliguntur
2971 3085 3002 3121 a
3036 3070 3258 3133 sanctis,
3288 3067 3488 3132 lucida,
3524 3066 3606 3119 lu-

356 3155 496 3207 nuit.
563 3155 629 3206 Et
667 3172 732 3207 ne
792 3154 1001 3223 singula
1026 3166 1371 3221 persequar:
1430 3151 1593 3204 multa
1646 3151 1791 3205 enim
1876 3153 1928 3205 in

360 3245 542 3297 medio
569 3244 788 3298 fuerunt
817 3245 959 3312 ejus_
995 3243 1417 3314 dispensationis
1448 3253 1792 3296 sacrainenta
1821 3257 1836 3306 ;
1867 3243 1931 3291 li-

2048 3168 2230 3238 ciﬂua,
2283 3168 2615 3235 lucidamque
2662 3166 2988 3234 efﬁcientium
3030 3167 3294 3218 habentia.
3351 3164 3428 3219 Ac
3485 3172 3610 3234 pust

2040 3274 2208 3328 pauca
2256 3277 2271 3312 :
2321 3256 2557 3325 Spiritus
2599 3265 2815 3309 sanctus
2874 3257 3093 3323 spiritus
3126 3257 3361 3312 veritatis
3393 3270 3492 3322 est,
3520 3259 3608 3310 lu-

326 3348 482 3390 ‘nem
506 3338 623 3404 ejus
652 3334 960 3405 corporalis
998 3335 1320 3388 inhabitatio
1352 3333 1628 3400 suscepit:
1663 3331 1930 3398 Spiritus-
2008 3350 2155 3403 οηιεη
2212 3349 2427 3403 “ru-um
2481 3364 2513 3399 α
2570 3346 2735 3401 pauc
2781 3356 2828 3400 ει
2872 3345 3036 3401 limo.
3100 3345 3166 3398 Ει
3200 3355 3319 3414 post
3379 3364 3549 3417 pauca
3588 3364 3601 3400 ε

357 3427 694 3497 queinchoat
723 3429 917 3497 gratia,
938 3433 993 3482 et
1020 3426 1073 3479 in
1096 3424 1260 3480 caelos
1281 3438 1435 3477 meus
1462 3421 1713 3477 Chrstus
1737 3422 1935 3489 fertur,

361 3530 417 3573 at
435 3534 526 3588 ,ue
577 3522 642 3572 ad
676 3528 965 3588 paternum
1021 3517 1215 3570 solium
1248 3516 1411 3579 redit,
1440 3515 1934 3588 procedenteinqne

356 3585 509 3665 esse
537 3585 800 3679 Spiritum
846 3624 946 3678 pro
991 3606 1351 3675 informandis
1398 3585 1707 3659 inﬁdelibus
1753 3605 1931 3673 genti-

358 3702 467 3754 bus
501 3701 773 3765 discipulis
800 3702 987 3753 mittit.
1036 3717 1055 3750 ι

434 3789 667 3845 Sanetus
704 3790 1032 3843 Anastasius
1079 3786 1453 3841 Antiochenus
1507 3783 1824 3855 patriarcha
1878 3783 1931 3838 in

361 3883 503 3935 libro
544 3880 633 3935 De.
670 3881 824 3934 rectis
877 3878 1121 3931 Ecclesia:
1145 3879 1494 3947 dogmatibus,
1526 3878 1603 3930 ait
1639 3892 1652 3928 :
1689 3875 1935 3943 Corporis

360 3990 484 4027 tero
512 3976 880 4041 proprietatem
930 3986 1025 4039 pro
1068 3971 1296 4036 exemplo
1355 3979 1615 4022 sumentes
1636 3967 1932 4019 diuinarum

359 4080 703 4132 personarum
764 4069 831 4115 ad
886 4060 1384 4126 inuicem,habitunt
1445 4073 1537 4127 per
1582 4042 1932 4109 membrorum

358 4157 751 4227 proportionem
772 4193 788 4221 ,
817 4170 877 4207 ac
929 4152 1338 4206 similitudinem
1389 4149 1753 4203 commendare
1782 4147 1938 4199 insti-

362 4250 582 4300 tuiiuus.
644 4244 748 4297 Hic
803 4246 993 4297 etenim
1037 4244 1254 4311 spiritus
1285 4256 1391 4294 om
1432 4240 1546 4308 ejus
1572 4239 1615 4269 “
1640 4279 1655 4305 ,
1699 4238 1934 4290 videlicet

365 4338 459 4391 Dei
490 4338 723 4405 Spiritus
775 4348 987 4388 sanctus
1029 4332 1387 4397 dicitur,.cum
1421 4347 1477 4383 os
1509 4329 1816 4400 Uuigenitus
1843 4329 1936 4394 sit;

2039 3434 2489 3499 Quemadmodum
2520 3434 2659 3486 enim
2684 3432 2895 3487 Patrem
2928 3449 3076 3488 nemo
3109 3436 3265 3497 novit,
3290 3437 3391 3490 nisi
3416 3435 3604 3499 Filius,

2039 3539 2198 3593 neque
2216 3522 2415 3576 Filium
2441 3524 2544 3577 nisi
2574 3522 2756 3579 Pater;
2784 3523 2861 3575 ita
2896 3525 3062 3575 audeo
3083 3523 3274 3589 dicere,
3302 3543 3462 3595 neque
3485 3527 3607 3594 Sp:-

2036 3618 2195 3671 ritum
2219 3626 2476 3677 sanctum,
2511 3613 2612 3667 nisi
2646 3612 2810 3665 Pater
2837 3622 2883 3667 et
2916 3610 3115 3673 Filius,
3144 3629 3176 3665 a
3199 3631 3300 3681 quo
3348 3596 3603 3682 procedit,

2042 3717 2090 3760 et
2143 3725 2176 3760 a
2228 3721 2330 3775 quo
2388 3704 2595 3771 accipit.
2650 3701 2719 3755 Et
2766 3715 2927 3769 neque
2996 3699 3215 3765 Filium,
3290 3714 3341 3757 et
3390 3704 3602 3761 Patrem

1990 3866 1995 3869 τ
2039 3799 2143 3851 nisi
2185 3797 2411 3865 Spit‘illtl
2462 3802 2699 3858 sanctus,
2764 3790 2854 3859 qui
2907 3791 3156 3843 ueraciter
3194 3791 3475 3862 gloriﬁra:,
3514 3798 3604 3865 qui

1996 3890 2189 3941 'doeet
2244 3886 2439 3947 omnia,
2494 3886 2583 3951 qui
2636 3898 2666 3933 a
2718 3878 2883 3932 Patre
2929 3889 2978 3933 et
3024 3877 3160 3933 l'ilio
3219 3891 3317 3934 est.

2107 3979 2173 4032 Et
2221 3978 2489 4045 aliquibus
2552 3971 2891 4040 interpositis
2941 3988 2955 4023 :
3000 3970 3186 4040 Itaque
3226 3985 3271 4025 et
3303 3972 3467 4027 Pater
3491 3987 3602 4028 erat

2034 4084 2255 4136 semper,
2280 4078 2324 4120 et
2383 4064 2552 4118 Filius
2586 4074 2697 4131 erat
2748 4077 2970 4131 semper,
3008 4073 3056 4115 et
3111 4059 3602 4131 Spiritussonctus

2035 4177 2100 4216 ex
2145 4160 2303 4213 Patre
2343 4159 2508 4225 spirat
2555 4167 2600 4209 et
2654 4154 2812 4207 Filio.
2872 4153 2936 4206 Et
3010 4167 3197 4208 rursus
3253 4155 3304 4208 in
3367 4160 3601 4214 eodem:

2045 4272 2064 4304 ι
2125 4250 2316 4305 Emitte
2347 4290 2363 4315 ,
2417 4249 2491 4301 ait
2541 4245 2708 4299 David
2738 4284 2753 4308 ,
2805 4243 2974 4297 lucem
3030 4252 3199 4307 luant,
3263 4255 3309 4299 et
3339 4258 3603 4300 ceritatem

2038 4351 2182 4396 tuam
2243 4342 2309 4395 “.
2378 4358 2397 4389 ι
2452 4336 2574 4406 Ipse
2605 4344 2678 4388 est
2734 4334 3012 4399 Dominus,
3077 4335 3166 4401 qui
3221 4336 3348 4389 dixit
3397 4352 3412 4388 :
3471 4353 3492 4385 ι
3537 4337 3604 4389 In

363 4441 411 4482 et
437 4429 667 4496 Spiritus
698 4441 911 4479 rursum
941 4440 1006 4477 ex
1036 4426 1147 4492 ipso
1175 4424 1457 4491 procedens
1477 4459 1492 4485 ,
1533 4430 1580 4472 et
1607 4422 1798 4471 missus
1830 4434 1930 4470 nou
1970 4431 2010 4484 ί)
2039 4434 2334 4489 ,ιυυίηεηιίε
2380 4430 2563 4483 diebus
2608 4426 2873 4494 e/[undam
2903 4428 2967 4480 de
3022 4425 3228 4494 Spititu
3288 4444 3397 4481 meo
3451 4445 3606 4495 super

365 4523 537 4572 solum
561 4535 595 4570 a
631 4516 818 4582 Patre,
868 4516 963 4568 sed
999 4517 1159 4567 etiam
1214 4530 1245 4565 a
1280 4509 1447 4564 Filio.
1473 4511 1548 4569 Et
1591 4526 1704 4578 pos.
1742 4524 1933 4577 pauca:

368 4611 603 4679 Apostoli
635 4611 773 4663 enim
808 4611 1170 4677 deprecantes,
1199 4615 1248 4658 et
1278 4615 1333 4657 ut
1382 4602 1601 4656 Domino
1644 4601 1939 4668 supplican-

370 4716 466 4769 tes,
495 4706 576 4756 Itis
623 4703 714 4771 qui
738 4701 881 4753 illius
933 4702 1158 4753 aduentu
1218 4697 1362 4766 digni
1421 4707 1630 4754 essent,
1682 4690 1939 4758 S,iiitum

372 4802 651 4855 sanctum,
714 4801 768 4842 ut
813 4791 887 4841 ita
934 4788 1199 4852 dixerim,
1253 4786 1577 4839 extrinsecus
1629 4781 1941 4849 inferebant.

372 4886 618 4941 Saluator
652 4893 830 4935 autem
857 4892 1056 4944 uoster,
1093 4894 1157 4933 eo:
1172 4880 1362 4947 seipse,
1401 4877 1556 4930 ueluti
1609 4868 1673 4928 ea:
1697 4878 1937 4928 thesauro

370 4981 622 5045 quodam,
647 4976 754 5037 his,
794 4976 881 5041 qui
914 4987 1010 5038 per
1064 4972 1182 5023 cita:
1233 4959 1546 5022 munditiam
1576 4967 1748 5020 idonei
1773 4976 1820 5019 et
1855 4967 1938 5018 di-

369 5070 457 5138 gni
504 5078 677 5130 erant,
707 5066 860 5117 iitum
907 5064 1193 5132 prwbebat.
1251 5063 1396 5116 Ideni
1448 5064 1499 5115 in
1535 5064 1720 5114 eodem
1754 5060 1932 5111 libio‘:

372 5159 597 5227 Spiritus
622 5172 863 5222 sanans,
897 5159 1093 5224 inquit,
1119 5156 1336 5223 spiritus
1359 5155 1462 5207 oris
1488 5153 1583 5206 Dei
1615 5152 1932 5220 appellatur.

376 5248 447 5303 οι
466 5252 600 5303 enim
640 5248 856 5310 Patris,
907 5245 1098 5299 Filius.
1143 5247 1355 5300 ltnrsus
1406 5246 1459 5297 in
1494 5247 1685 5296 eodeni
1718 5260 1731 5294 :
1766 5240 1935 5308 Spiri-

376 5347 459 5392 tus
503 5349 718 5393 sanctus
768 5339 1003 5391 ueritatis
1037 5343 1110 5388 est
1139 5335 1398 5401 spiritus:
1440 5333 1523 5387 hic
1566 5348 1598 5385 a
1629 5330 1794 5384 Patre
1823 5333 1943 5401 qui-

346 5430 486 5482 deus
504 5432 762 5498 procedit,
789 5428 984 5496 accipit
1013 5435 1187 5479 autent
1227 5441 1258 5477 a
1284 5422 1447 5480 Filio.

445 5521 662 5591 Magnus
718 5524 849 5574 item
890 5519 1243 5581 Athanasius,
1308 5520 1363 5569 in
1405 5516 1630 5585 epistola
1674 5515 1743 5570 ad
1775 5514 1939 5570 Scra-

477 5706 522 5738 ⁶¹
548 5709 691 5765 Psal.
724 5726 889 5775 xuii,
935 5713 987 5765 ti.
1064 5711 1107 5744 ⁸³
1140 5707 1301 5765 Rom.
1332 5723 1412 5774 ix,
1442 5706 1533 5763 20.

1632 5707 1677 5740 ⁸³
1712 5703 1855 5762 Psal.
1889 5723 2018 5771 λιιι,
2055 5709 2105 5763 5.

2036 4538 2238 4578 omnem
2294 4535 2522 4583 carnem,
2598 4530 2643 4570 et
2711 4517 3098 4586 prophetabuttt
3154 4516 3255 4584 [ilii
3317 4531 3602 4581 eorum,et

2026 4617 2243 4683 juvenes
2271 4625 2450 4664 eorum
2480 4610 2700 4663 visiones
2741 4610 2983 4675 uidebunt
3016 4608 3083 4661 “.

2108 4703 2175 4757 Et
2218 4719 2280 4757 ea
2325 4699 2560 4769 quidem,
2610 4714 2730 4767 quae
2774 4716 2802 4752 a
2837 4702 3037 4754 sanctis
3094 4700 3345 4752 dicuntur
3417 4700 3603 4770 hujus-

2039 4797 2201 4860 tnodi,
2250 4795 2321 4847 ita
2358 4803 2541 4861 aperta
2586 4802 2712 4847 sunt
2757 4807 2925 4860 pauca
2973 4806 3037 4845 ex
3072 4791 3600 4860 pluribuscollecta.

2043 4886 2307 4954 Quoniam
2357 4885 2517 4953 igitur
2562 4900 2783 4953 magnus
2832 4884 3094 4949 Basilius,
3147 4884 3199 4936 in
3249 4884 3475 4951 epistola
3536 4888 3602 4951 at

2045 4979 2351 5032 'l'erenttutn
2405 4975 2691 5039 comitem,
2726 4973 2856 5027 ait:
2903 4974 3074 5039 Quum
3138 4975 3389 5026 rationem
3452 4976 3603 5027 habet

2040 5077 2307 5116 commune
2345 5062 2411 5112 ad
2452 5074 2741 5129 proprtum,
2769 5060 2901 5114 hanc
2941 5063 3088 5113 habet
3128 5061 3352 5114 essentia
3382 5063 3450 5113 ad
3477 5063 3603 5114 sult-

2044 5154 2313 5206 stantiant.
2357 5150 2421 5203 Et
2459 5152 2599 5206 idem
2630 5166 2815 5206 rursus
2842 5152 2900 5204 in
2940 5152 3160 5221 epistola
3186 5153 3252 5205 ad
3282 5150 3602 5221 Gregorium

2046 5243 2265 5299 fratrem
2297 5243 2363 5298 de
2407 5242 2705 5297 diﬂe'rentia
2758 5246 3012 5297 essentia:
3063 5255 3223 5312 atque
3263 5244 3601 5310 substanttat,

2039 5336 2216 5403 inquit
2256 5351 2269 5387 :
2316 5331 2716 5388 Communitatis
2769 5334 2978 5402 quidem
3037 5336 3172 5388 ratio
3210 5337 3278 5388 ad
3326 5338 3601 5391 essentiam

2040 5425 2284 5493 refertur.
2341 5423 2654 5477 Substantia
2724 5441 2838 5477 vero
2891 5428 3164 5494 proprium
3219 5427 3468 5497 sidusque
3523 5430 3603 5481 si-

2039 5532 2197 5584 gnum
2232 5525 2328 5567 est.
2365 5516 2724 5570 Daniasccnns
2764 5531 2976 5585 quoque
3026 5520 3078 5572 iti
3127 5535 3241 5574 suis
3288 5520 3600 5589 theologitis

2226 5705 2266 5737 “
2294 5704 2408 5760 .loel
2444 5720 2503 5770 It,
2546 5706 2636 5761 £8.
