4046 6204
489 326 557 420 9t
672 380 675 381 ί
1737 342 2130 402 ΜΑΝΠΕΗΒ
2172 343 2472 403 esteat:

849 466 1156 522 Substantia
1204 475 1278 517 est
1324 478 1594 514 commune
1634 476 1749 511 cum
1795 459 2008 526 proprio
2037 496 2048 518 .
2080 462 2127 514 A
2155 464 2471 513 stantt'arum
2534 461 2797 529 intelligo,
2843 462 3126 531 perfectum
3189 461 3355 515 Deum
3407 464 3571 528 ipsam
3622 480 3731 518 esse

483 470 731 539 capitulis
784 487 796 522 :

486 575 707 625 constat,
744 563 899 630 quia,
938 559 1146 625 quando
1194 556 1472 622 conjuucte
1517 553 1735 605 dicimus
1774 550 2051 604 essentiam

490 651 638 713 Filii,
685 651 927 720 quoniam
973 646 1144 700 Filius
1213 662 1397 699 nomen
1435 660 1497 697 ex
1518 644 1741 713 prOpriis
1769 654 1867 705 est,
1910 658 2054 693 com-

489 762 642 797 mune
667 760 781 795 cum
808 742 1033 809 propriis
1067 740 1449 809 signiﬁcatttus.
1482 737 1588 791 Sed
1625 751 1905 789 commune
1934 750 2054 789 cum

484 837 701 903 proprio
747 832 1047 886 substantia
1098 843 1200 884 est.
1244 832 1320 884 ita
1346 832 1487 882 enim
1524 828 1887 881 Damascenus
1926 824 2059 878 deli-

489 925 585 977 uit.
652 924 841 992 Itaque
895 922 1146 990 quoniam
1179 937 1243 974 ex
1301 919 1536 973 essentia
1586 916 1703 970 Filii
1763 917 1935 970 dictus
1977 926 2058 969 est

489 1014 761 1079 Spiritus,
817 1029 878 1066 ex
934 1012 1232 1066 substantia
1282 1011 1399 1078 ejus
1434 1010 1609 1063 dictus
1659 1016 1739 1061 est
1783 1024 1796 1059 :
1838 1007 2054 1074 sicque,

488 1104 629 1168 quod
654 1103 1020 1170 quaerebatur,
1060 1101 1385 1154 invenimus.

557 1193 707 1257 Quod
737 1202 912 1245 autem
939 1191 989 1243 in
1012 1191 1208 1243 divinis
1229 1189 1523 1257 Scriptnris
1542 1188 1681 1241 idem
1701 1188 2057 1253 sil,qttanlum

487 1283 550 1334 ad
609 1298 742 1344 rem,
790 1281 1093 1350 proprietas
1141 1290 1301 1347 atque
1344 1279 1681 1341 substantia,
1737 1279 1849 1331 sive
1893 1277 2055 1328 etiam

488 1388 747 1441 persona,
792 1373 1134 1423 mattitestunt
1167 1380 1269 1424 est.
1308 1370 1598 1438 Gregorius
1628 1368 1767 1425 enim
1829 1366 2060 1420 Theolo-

488 1479 588 1531 gus
621 1464 672 1515 in
726 1475 983 1515 sermone
1013 1462 1078 1513 ad
1120 1461 1323 1514 lumina
1367 1461 1499 1511 dixit
1535 1478 1547 1514 :
1589 1458 1680 1510 Dei
1734 1467 1907 1510 autem
1943 1472 2057 1508 cum

486 1554 797 1613 dixero,uno
841 1552 1035 1603 lumine
1068 1569 1126 1605 ac
1149 1552 1309 1605 tribus
1335 1549 1673 1601 illustramiui
1701 1566 1714 1600 :
1745 1548 1909 1600 tribus
1940 1549 2057 1615 qui-

486 1642 624 1704 dem,
668 1642 951 1694 secundum
981 1643 1349 1707 proprietates.
1372 1642 1765 1707 Exponensque
1793 1639 1924 1707 quid
1979 1638 2060 1690 di-

491 1732 632 1785 xerit
668 1731 1051 1799 proprietates,
1102 1731 1372 1800 adjnngit,
1417 1731 1521 1782 sive
1566 1729 1909 1791 substantias,
1953 1728 2060 1781 sive

488 1840 737 1891 personas
794 1838 1003 1904 vocare.
1041 1822 1228 1889 piaret.
1288 1822 1420 1872 Item
1452 1821 1501 1871 in
1562 1820 1815 1873 laudibus
1885 1820 2057 1873 sancti

488 1913 789 1977 Athanasii,
839 1928 961 1965 cum
999 1914 1220 1965 dixisset
1267 1928 1279 1964 :
1323 1909 1438 1963 Una
1472 1913 1607 1963 enim
1633 1909 1897 1974 essentia,
1935 1918 2065 1963 tres-

486 2022 584 2073 que
622 2005 953 2067 substantiaz;
992 2019 1113 2057 cum
1150 2004 1398 2057 dicantur
1426 2002 1640 2070 quidem
1688 2015 1717 2053 a
1764 2002 1937 2063 nobis,
1980 1999 2066 2067 pie

488 2098 733 2165 protinus
782 2097 1026 2164 adiunxit
1083 2115 1095 2147 :
1144 2094 1305 2149 Aliud
1364 2094 1502 2146 enim
1551 2102 1796 2145 naturam
1824 2092 2059 2153 indicat;

491 2188 639 2240 aliud
683 2188 838 2239 trium
888 2186 1252 2254 proprietates.
1303 2184 1414 2236 lllic
1445 2197 1572 2248 ergo
1610 2192 1734 2235 cum
1762 2180 2062 2249 pr0prieta-

491 2287 569 2329 tes
603 2276 901 2342 posuisset,
942 2274 1274 2328 substantias
1303 2271 1585 2340 exposuit:
1621 2271 1704 2323 hic
1725 2278 1901 2323 autem
1932 2269 2061 2321 sub-

490 2366 758 2428 stantias,
811 2364 1188 2432 proprietates.
1238 2361 1314 2414 Ex
1364 2377 1469 2429 quo
1517 2375 1646 2419 sane
1703 2360 2056 2413 manifestum

493 2465 577 2509 est
606 2456 729 2522 quia
762 2455 1144 2524 proprietatem
1187 2464 1239 2506 et
1267 2434 1625 2505 substantiam
1666 2451 1807 2503 idem
1832 2449 2058 2516 intelligi

489 2546 639 2609 vult,
669 2545 938 2614 simulque
990 2553 1238 2597 naturam
1268 2556 1323 2595 et
1358 2542 1657 2596 essentiam
1689 2541 1742 2594 in
1775 2540 1883 2595 Deo
1912 2540 2061 2611 aesti~

491 2646 621 2699 mat;
652 2652 816 2690 unam
844 2637 988 2690 enim
1023 2634 1317 2689 essentiam
1350 2645 1595 2687 nat'tram
1619 2634 1885 2700 exposuit.
1911 2631 2058 2697 Quo-

491 2727 639 2779 niam
685 2728 849 2796 igitur
905 2742 1192 2780 commune
1240 2726 1290 2778 in
1324 2726 1430 2779 Deo
1471 2725 1716 2778 essentia:
1772 2734 1879 2778 tres
1932 2722 2061 2777 sub-

491 2819 706 2872 stantiae
756 2827 904 2882 sunt,
950 2831 1341 2885 communeque
1388 2817 1499 2869 haec
1534 2824 1615 2868 est
1661 2830 1777 2881 qua:
1831 2813 2059 2880 singulis

490 2917 573 2962 cst
604 2918 656 2961 et
694 2909 914 2977 propria
961 2908 1225 2971 essentia;
1263 2923 1368 2961 una
1418 2906 1621 2975 quippe
1669 2904 1934 2960 extribus
1973 2912 2058 2956 est

491 2999 671 3067 aliqua
715 3013 982 3067 persona;
1026 3000 1277 3066 quodque
1323 2997 1519 3064 cuique
1553 3003 1667 3059 est,
1702 2996 1800 3049 hoc
1831 2994 2056 3047 mirabi-

3630 349 3728 412 100

2168 553 2273 604 scio
2302 552 2687 620 perfectamque
2722 554 3235 607 essentiam.Dicitur
3274 561 3450 608 autem
3496 570 3562 607 ex
3595 554 3714 608 Filii

2158 645 2391 696 essentia
2443 659 2561 698 esse
2594 643 2829 712 Spiritus
2881 662 2895 698 :
2946 644 3290 699 manifestum
3322 653 3441 709 est,
3496 646 3617 714 quia
3648 661 3723 700 ex

2158 735 2459 787 subStantia
2495 736 2664 804 ipsius
2687 751 2805 789 esse
2827 736 3042 790 dicitur.
3075 736 3412 803 thuoniam
3451 737 3502 788 in
3524 736 3725 790 eisdem

2158 823 2231 875 ait
2268 842 2280 876 :
2316 824 2447 889 Quia
2487 827 2635 879 solus
2671 826 2839 880 Filius
2873 828 3087 895 genitus
3117 838 3198 880 est
3223 843 3236 890 ;
3262 843 3329 883 ex
3363 825 3538 879 Patris
3583 828 3726 879 enim

2158 917 2393 969 essentia
2445 918 2560 970 sine
2587 918 2853 986 principio
2879 927 2931 970 et
2979 917 3097 971 sine
3145 923 3389 985 tetttpore
3423 925 3505 968 cst
3530 926 3725 979 natus;

2158 1018 2213 1061 et
2261 1008 2407 1059 solus
2446 1007 2689 1075 Spiritus
2734 1017 2950 1062 sanctus
2998 1024 3065 1062 ex
3114 1006 3286 1061 Patris
3332 1008 3571 1061 essentia
3624 1023 3728 1058 non

2159 1100 2403 1170 genitus,
2459 1101 2551 1154 scd
2622 1103 2916 1168 procedens
2974 1110 3109 1153 est:
3157 1114 3221 1152 ex
3285 1098 3461 1153 Patris
3550 1109 3730 1150 autem

2158 1192 2395 1244 essentia
2415 1231 2430 1257 ,
2462 1204 2556 1257 pro
2582 1204 2643 1243 eo
2670 1229 2683 1251 ,
2714 1191 2853 1263 quod
2886 1200 2965 1244 est
2985 1232 2999 1254 ,
3030 1206 3094 1243 ex
3133 1189 3306 1243 Patris
3341 1188 3646 1242 substantia
3670 1195 3725 1240 et

2163 1279 2267 1334 iste
2308 1280 2470 1332 tradit
2505 1289 2557 1332 et
2580 1294 2771 1334 omnes
2794 1280 3162 1343 consentiunt,
3194 1281 3317 1347 quia
3351 1268 3581 1348 Spiritus
3604 1293 3732 1332 san-

2159 1380 2275 1424 ctus
2306 1380 2427 1424 cum
2484 1385 2550 1424 ex
2602 1370 2721 1424 Filii
2775 1371 3005 1423 essentia
3054 1384 3082 1423 a
3132 1369 3394 1437 theologis
3441 1369 3728 1431 asScritur,

2158 1473 2211 1515 et
2238 1463 2402 1529 ipsius
2436 1464 2736 1515 substantia
2782 1471 2905 1514 est:
2940 1460 3080 1514 idem
3114 1463 3257 1515 enim
3286 1462 3519 1516 essentia
3572 1470 3733 1529 atque

2161 1553 2459 1607 substantia
2489 1553 2538 1605 in
2566 1554 2670 1606 Deo
2698 1560 2781 1608 est
2811 1553 3106 1606 secundum
3143 1566 3279 1605 rem.

2230 1642 2396 1696 Porro
2429 1644 2471 1697 si
2508 1640 2628 1710 quis
2653 1644 2753 1697 ista
2786 1644 2942 1697 aliter
2970 1645 3245 1713 accipiens
3266 1643 3392 1696 velit
3418 1641 3561 1697 aliud
3610 1641 3728 1709 qui-

2163 1737 2279 1788 dem
2307 1735 2360 1788 in
2410 1735 2518 1789 Deo
2549 1737 2872 1801 essentiam,
2921 1736 3064 1790 aliud
3118 1735 3470 1789 substantiam
3524 1735 3732 1803 signiti-

2168 1840 2330 1889 care,
2387 1827 2695 1880 necessario
2745 1826 2899 1879 fateri
2951 1827 3239 1881 essentiam
3272 1827 3387 1879 sine
3422 1822 3731 1879 substantia

2168 1917 2627 1991 substantiamque
2672 1917 2789 1972 sine
2839 1919 3077 1973 essentia
3134 1927 3378 1985 cogetur.
3434 1916 3512 1969 Ad
3559 1931 3723 1983 quam

2167 2007 2557 2062 absurditatem
2610 2024 2834 2079 magnus
2885 2025 3098 2077 quoque
3131 2008 3367 2062 Basilius
3394 2009 3445 2061 in
3477 2007 3731 2077 praedicta

2166 2100 2233 2152 ad
2258 2098 2571 2153 Terentium
2605 2102 2856 2154 comitem
2901 2100 3127 2168 cpistola
3159 2101 3457 2154 orationem
3484 2111 3731 2151 necessa-

2168 2190 2247 2242 rio
2293 2189 2531 2244 deduxit.
2578 2189 2647 2243 Et
2706 2190 2960 2259 quoniam
3030 2190 3444 2244 indeterminate
3498 2186 3731 2255 theologi

2164 2280 2230 2337 de
2288 2280 2466 2334 divina
2512 2280 2633 2336 Filii
2690 2282 2973 2337 nativitate
3013 2282 3336 2336 disserentes
3389 2282 3561 2353 ipsum
3628 2281 3733 2332 ati-

2165 2370 2383 2437 quando
2413 2371 2632 2445 quidem
2671 2382 2734 2421 ex
2766 2369 2943 2423 Patris
2991 2371 3248 2435 essentia,
3281 2368 3572 2439 aliquando
3599 2382 3731 2421 vero

2169 2473 2231 2511 ex
2261 2458 2401 2511 illius
2431 2459 2734 2512 substantia
2768 2468 2948 2512 uatum
3002 2467 3284 2518 asserunt;
3312 2470 3399 2511 aut
3432 2460 3565 2512 duos
3586 2456 3732 2511 ﬁlios

2164 2558 2323 2604 natos
2387 2550 2735 2604 conﬁtebitur
2774 2590 2790 2614 ,
2826 2550 2987 2603 alium
3057 2551 3270 2618 quidem
3328 2565 3395 2603 ex
3454 2548 3728 2613 essentia,

2160 2638 2325 2701 alium
2358 2653 2484 2692 vero
2518 2653 2579 2692 ex
2614 2638 2915 2692 substantia
2937 2678 2950 2704 ,
2993 2649 3081 2692 aut
3102 2654 3204 2691 non
3225 2652 3346 2694 esse
3376 2635 3495 2689 Filii
3516 2637 3726 2689 unicam

2159 2744 2223 2782 ac
2256 2728 2551 2798 simplicem
2604 2731 2942 2783 nativitatem
2994 2732 3157 2783 dicet.
3187 2728 3331 2783 Idem
3385 2742 3514 2781 vero
3578 2736 3630 2783 et
3662 2728 3728 2779 de

2162 2818 2361 2889 Spiritu
2421 2828 2610 2874 sancto
2665 2820 2892 2873 dicetur.
2946 2818 3011 2870 Et
3036 2829 3181 2873 certe
3225 2820 3270 2873 si
3323 2818 3538 2885 quidem
3596 2825 3725 2868 sunt

2162 2921 2270 2965 tres
2316 2911 2627 2965 dili'ereutes
2682 2910 2935 2978 aliudque
2966 2909 3138 2964 Patris
3197 2907 3518 2978 proprietas,
3581 2905 3725 2959 aliud

2159 3000 2335 3056 Patris
2376 3017 2636 3071 persona,
2674 3001 2817 3054 aliud
2870 3011 3089 3069 paterna
3124 3000 3457 3063 substantia,
3494 3005 3547 3050 et
3581 2996 3722 3049 aliud

490 3088 615 3142 me"
645 3090 806 3142 etiam
839 3102 1122 3142 commune
1148 3097 1263 3154 θείς
1301 3104 1464 3141 unum
1504 3089 1646 3140 enim
1686 3088 1812 3147 "ia.
1864 3094 1919 3138 ει
1953 3085 2050 3136 ινὶει
2079 3087 2125 3145 C
2154 3090 2336 3155 Pater,
2385 3091 2639 3161 aliudque
2667 3106 2878 3144 rursum
2916 3092 3149 3145 essentia
3182 3091 3348 3152 illius;
3376 3089 3625 3154 idemque
3658 3086 3725 3140 de

490 3198 653 3236 unum
679 3192 837 3247 sunt;
866 3183 918 3235 in
949 3183 1145 3250 quibus
1167 3191 1248 3236 est
1278 3174 1472 3246 deitas,
1500 3181 1613 3236 sive
1654 3191 1710 3235 ut
1741 3179 2050 3247 diligentius

488 3275 741 3336 dixerim,
762 3288 882 3342 quae
900 3275 1069 3326 deitas
1093 3284 1173 3327 εει
1196 3275 1350 3341 juxta
1386 3272 1685 3339 theologum
1710 3270 2049 3338 Gregorium,

491 3364 838 3420 manifestum
890 3373 1011 3423 est,
1071 3365 1323 3430 quoniam
1388 3363 1525 3416 sicut
1588 3362 1746 3414 trium
1812 3359 2050 3414 essentia

491 3453 795 3508 substantia
828 3462 942 3518 est,
975 3453 1048 3505 ita
1082 3467 1307 3522 qumque
1349 3452 1773 3505 substantiarum
1816 3449 2052 3503 essentia

489 3553 546 3596 et
598 3543 902 3598 substantia
952 3552 1054 3595 est.
1090 3542 1193 3595 Sed
1226 3553 1334 3596 tres
1366 3542 1677 3596 substantiae
1698 3540 1860 3594 Pater
1888 3547 1970 3593 est
1997 3547 2051 3592 et

482 3634 656 3689 Filius
708 3644 761 3689 et
820 3634 1055 3702 Spiritus
1095 3645 1366 3698 sanctus;
1411 3634 1703 3688 secundum
1748 3630 1893 3684 enim
1937 3631 2051 3684 hac

486 3727 712 3780 relativa
747 3729 810 3779 ad
838 3725 1068 3778 invicem
1105 3725 1317 3791 proprie
1354 3725 1710 3788 accipiuntur.

561 3816 745 3882 Itaque
797 3827 981 3867 verum
1023 3810 1262 3878 proiecto
1298 3818 1379 3862 est
1434 3811 1575 3878 quod
1624 3809 1847 3875 dicitur,
1905 3810 2053 3878 quod

484 3908 705 3975 quando
755 3902 1043 3970 conjuncte
1102 3898 1221 3952 Filii
1274 3902 1563 3953 essentiam
1613 3901 1864 3965 dicimus,
1918 3899 2073 3954 διώ-ε

482 3993 741 4047 stantiam
801 3992 916 4059 ejus
968 3991 1085 4043 sive
1137 4004 1420 4056 personam
1480 3991 1878 4057 signiﬁcamus;
1928 4005 2047 4044 cum

490 4097 774 4138 commune
802 4082 1014 4147 quidem
1044 4079 1331 4142 essentiam
1364 4080 1589 4133 dicendo
1633 4080 1898 4155 signetur,
1926 4094 2050 4148 pro-

487 4175 603 4240 pria
638 4187 764 4225 vero
809 4171 1106 4225 substantia
1170 4184 1265 4238 per
1322 4170 1599 4223 relativum
1667 4185 1862 4224 nomen
1925 4169 2045 4223 Filii

489 4263 793 4315 insinuetur
849 4275 862 4313 :
915 4260 1210 4313 substantia
1239 4260 1434 4328 quippe
1456 4274 1742 4313 commune
1772 4274 1890 4313 cum
1926 4274 2047 4326 pro-

484 4353 607 4419 prio
651 4358 732 4403 est
764 4349 928 4403 dicta.
971 4349 1121 4414 Quod
1168 4364 1289 4401 cum
1321 4364 1384 4400 ex
1429 4348 1545 4401 Filii
1581 4348 1812 4403 essentia
1850 4348 2044 4401 dicitur

491 4442 726 4508 Spiritus
756 4450 996 4499 sanctus,
1032 4454 1095 4490 ex
1134 4436 1247 4502 ejus
1292 4438 1620 4491 substantia‘
1652 4438 1871 4492 dicitur.
1904 4437 2046 4491 Idem

484 4532 655 4594 enim,
726 4539 984 4598 quantum
1048 4529 1111 4580 ad
1149 4543 1304 4591 rem,
1370 4527 1600 4581 essentia
1650 4538 1703 4580 et
1750 4529 2049 4581 substantia

487 4632 592 4674 est.

561 4710 945 4763 Damasccnus-
977 4717 1231 4777 prmtcrea
1256 4707 1307 4760 in
1359 4706 1474 4759 suis
1509 4705 1824 4774 theologicis
1845 4706 2050 4774 capitu-

484 4800 574 4861 lis,
618 4799 827 4863 Deitas,
867 4800 1071 4866 inquit,
1115 4798 1361 4850 naturam
1435 4798 1711 4860 insinuat;
1756 4795 1916 4846 Pater
1950 4811 2046 4845 au—

480 4902 587 4945 tem
644 4892 781 4960 quod
823 4894 1017 4942 dicitur
1068 4890 1433 4953 substantiam,
1469 4889 1623 4940 sicnti
1655 4898 1701 4939 et
1746 4887 2047 4938 humanitas

482 4995 731 5035 naturam
799 4984 1158 5045 commendat,
1224 4981 1411 5033 Petrus
1486 4996 1606 5031 vero
1681 4978 2046 5029 substantiam.

482 5074 621 5138 Quia
685 5074 845 5141 igitur
905 5074 1355 5141 quemadmodum
1415 5069 1593 5124 Pater.
1662 5070 1730 5119 ita
1789 5076 1843 5119 et
1883 5064 2049 5117 Filius

485 5166 732 5221 similiter
812 5164 1204 5218 substantiam‘
1255 5160 1481 5224 indicnt;
1559 5158 1857 5212 substantia
1918 5169 2048 5207 vero

482 5270 768 5307 commune
802 5270 921 5307 cum
956 5254 1207 5321 preprio,
1246 5252 1384 5305 sicut
1420 5251 1534 5317 ipse
1581 5248 1825 5303 deliuivit
1854 5262 1868 5310 ;
1897 5261 2046 5298 com-

484 5364 645 5401 mune
690 5358 865 5400 antem
920 5347 1101 5399 Deitas
1139 5344 1222 5397 vel
1252 5355 1477 5405 natura,
1526 5343 1607 5394 vel
1652 5339 1884 5393 essentia
1943 5347 2044 5392 est.

487 5440 691 5492 Dicitur
749 5449 923 5491 autem
996 5451 1060 5488 ex
1138 5432 1261 5486 Filii
1307 5433 1540 5485 essentia
1594 5446 1713 5484 esse
1788 5429 2044 5499 Spiritum

480 5541 767 5591 Sanctum;
806 5526 1145 5579 tttattilcstunt
1181 5532 1297 5582 est,
1333 5523 1585 5590 quoniam
1633 5535 1695 5573 ex
1747 5520 2042 5574 substantia

479 5621 651 5688 ipsius
683 5630 786 5673 est.

552 5701 814 5773 Quoniam
842 5722 966 5763 vero
989 5706 1124 5761 idem
1146 5706 1196 5758 iu
1228 5705 1413 5760 iisdem
1440 5705 1513 5758 ait
1542 5720 1554 5754 :
1585 5701 1712 5755 Cum
1744 5718 1897 5753 uuam
1927 5704 2050 5753 sub-

2156 3182 2381 3249 reliquis
2414 3183 2734 3237 substantiis
2759 3182 3045 3236 dicendum
3079 3200 3092 3234 :
3128 3182 3322 3249 partim
3355 3179 3571 3249 quidem
3604 3175 3723 3229 Tri-

2153 3274 2296 3329 nitas
2341 3274 2497 3328 nobis
2538 3273 2839 3336 auferetur,
2880 3284 2933 3327 et
2966 3273 3215 3341 peribunt
3264 3270 3444 3324 omnia
3493 3282 3611 3343 qua:
3656 3267 3722 3319 de

2154 3363 2267 3433 ipsa
2322 3365 2407 3429 pie
2455 3363 2651 3419 tradita
2733 3364 3072 3430 suscepimus
3104 3379 3119 3416 ς
3152 3361 3343 3437 partim
3391 3357 3723 3428 compositus

2155 3455 2260 3509 erit
2307 3454 2466 3520 Deus,
2498 3469 2564 3508 ex
2613 3463 2722 3507 tam
2763 3454 3131 3508 dtﬂ'crentibtts
3164 3454 3227 3505 ad
3259 3452 3485 3505 invicem
3521 3464 3715 3505 secun-

2155 3547 2277 3600 dum
2322 3561 2434 3599 rem
2479 3555 2755 3600 constans.
2780 3546 2884 3600 Sed
2916 3546 3058 3600 enim
3095 3545 3193 3598 ista
3227 3543 3465 3597 absurda
3498 3553 3631 3596 sunt
3665 3549 3718 3595 et

2153 3635 2340 3705 impia.
2372 3635 2436 3687 Et
2466 3636 2594 3689 illud
2634 3636 2792 3703 igitur
2819 3637 3105 3689 absurdum
3146 3633 3358 3703 pen'tus
3391 3644 3443 3685 et
3470 3632 3715 3699 impimn,

2130 3740 2258 3794 ,quo
2293 3727 2467 3792 posito
2500 3727 2597 3779 ista
2634 3735 2952 3793 sequuntur.

2227 3813 2490 3882 Quoniam
2548 3815 2710 3885 igitur
2764 3814 3065 3868 substantia
3111 3812 3325 3882 quidem
3384 3819 3437 3865 et
3486 3824 3716 3879 persona

2157 3904 2297 3957 idem
2325 3914 2429 3965 est,
2469 3904 2769 3959 substantia
2800 3920 2929 3959 vero
2954 3916 3004 3959 et
3036 3905 3335 3973 proprietas
3368 3918 3518 3971 aeque
3569 3902 3711 3954 idem

2151 4004 2251 4063 est,
2286 3996 2589 4049 substantia
2638 4004 2818 4049 autem
2850 3997 3084 4049 essentia
3106 4004 3208 4060 est,
3300 4002 3357 4046 ut
3383 4007 3445 4046 ex
3485 3993 3568 4046 bis
3599 4007 3717 4060 qua:

2128 4102 2309 4156 sopra
2341 4080 2567 4140 diximus
2598 4094 2829 4150 constat,
2889 4086 3239 4140 manifestum
3290 4095 3369 4139 est
3395 4087 3506 4138 haec
3536 4084 3713 4134 omtda

2154 4178 2293 4231 idem
2344 4178 2395 4231 in
2453 4178 2558 4231 Deo
2609 4193 2731 4232 esse
2776 4180 3067 4233 secundum
3123 4192 3258 4230 rem.
3310 4175 3373 4227 Et
3409 4175 3536 4227 illud
3586 4174 3712 4226 item

2154 4266 2492 4320 manifestum
2549 4274 2632 4319 est
2660 4267 2823 4335 quod,
2854 4267 2897 4319 si
2922 4266 3063 4319 aliud
3086 4264 3343 4327 essentia,
3377 4264 3523 4316 aliud
3582 4262 3715 4314 sub-

2161 4358 2355 4410 Stantia
2393 4372 2419 4408 a
2452 4358 2657 4412 sanctis
2685 4357 2899 4421 dicitur;
2947 4359 3037 4408 sed
3068 4365 3240 4407 tamen
3270 4353 3566 4407 secundum
3599 4365 3711 4405 rem

2156 4447 2409 4500 dixerunt
2465 4461 2566 4500 neu
2608 4447 2749 4500 aliud
2792 4445 3108 4508 essentiam,
3144 4437 3287 4496 aliud
3318 4457 3434 4499 esse
3466 4443 3714 4495 subsun-

2154 4538 2305 4597 tiatn,
2325 4537 2414 4590 sed
2443 4538 2733 4589 secundum
2759 4536 2897 4603 quod
2924 4550 3025 4588 una
3051 4546 3210 4602 atque
3232 4530 3417 4587 eadem
3446 4548 3530 4587 res
3556 4532 3711 4585 aliter

2151 4627 2363 4691 quidem
2412 4625 2653 4693 signatur
2699 4639 2762 4677 ex
2797 4625 3008 4676 nomine
3031 4622 3282 4676 essentia:
3312 4637 3408 4675 seu
3461 4630 3669 4673 natura:
3692 4659 3707 4681 ,

2151 4714 2309 4767 aliter
2329 4728 2391 4766 ex
2428 4714 2641 4767 nomine
2676 4706 2987 4766 substantia:
3006 4713 3116 4765 sive
3136 4708 3539 4781 personaeJllud
3564 4708 3707 4761 enim

2151 4803 2505 4855 communiter
2554 4811 2607 4855 et
2656 4801 2934 4863 absolute,
2968 4803 3072 4853 hoc
3105 4808 3280 4852 autem
3330 4796 3543 4866 proprie
3600 4809 3712 4847 ma-

2153 4896 2251 4959 gis,
2286 4908 2403 4944 cum
2440 4907 2502 4945 eo
2534 4891 2744 4945 scilicet
2791 4890 2932 4957 quod
2968 4890 3033 4940 ad
3072 4887 3276 4961 aliquid
3315 4885 3707 4955 quodaminodo

2154 4986 2343 5035 habeat
2383 5000 2394 5033 :
2438 4983 2563 5050 quia
2617 4984 2759 5035 enim
2796 4981 3041 5034 absoluta
3074 4979 3140 5031 ab
3174 4978 3258 5030 his
3307 4992 3423 5045 quae
3450 4974 3704 5028 dicuntur

2150 5075 2213 5125 ad
2244 5073 2466 5140 aliquid,
2491 5072 2761 5137 dilIernnt;
2796 5085 2979 5125 eorum
3008 5084 3133 5123 vero
3159 5084 3274 5136 qua-
3301 5067 3351 5119 iu
3379 5065 3488 5118 Deo
3518 5064 3704 5117 dicun-

2155 5174 2269 5228 tur,
2306 5163 2654 5231 alia.quidcm
2708 5161 2951 5217 absoluta
3007 5168 3131 5213 sunt
3162 5159 3371 5211 nomina
3400 5172 3514 5224 qme
3542 5170 3702 5208 unum

2152 5255 2312 5307 Deum
2345 5255 2634 5307 indiscrete
2665 5254 2990 5320 signiﬁcant,
3047 5250 3149 5302 alia
3188 5263 3314 5301 vero
3364 5247 3582 5298 relative
3604 5246 3699 5295 bu-

2146 5347 2271 5398 bent
2304 5358 2421 5412 quas
2463 5343 2665 5397 anobis
2720 5342 3045 5395 Trinitatem
3102 5339 3494 5396 commendant,
3544 5346 3595 5389 et
3623 5348 3706 5387 se-

2145 5436 2375 5487 cundum
2419 5449 2479 5483 ea
2531 5433 2781 5499 quidem,
2829 5446 2948 5499 quae
2988 5430 3232 5483 absoluta
3289 5438 3343 5481 et
3393 5424 3701 5480 comumuia

2148 5534 2302 5585 sunt,
2351 5525 2496 5574 unita
2541 5521 2831 5589 'l‘heologia
2878 5529 3119 5580 constat,
3170 5516 3461 5570 secundum
3494 5528 3699 5568 veoca

2152 5629 2268 5679 qua!
2305 5614 2368 5664 ad
2390 5613 2616 5665 invicem
2648 5613 2867 5665 relativa
2902 5619 3026 5663 sunt
3050 5648 3065 5672 ,
3100 5620 3154 5662 et
3183 5608 3474 5661 secundum
3498 5621 3556 5658 ea
3584 5620 3701 5671 qua:

2162 5706 2224 5755 ad
2259 5705 2457 5771 aliquid
2504 5703 2722 5766 habent,
2777 5703 3009 5756 discreta
3056 5704 3359 5753 contexitur
3395 5696 3702 5761 theologia;
