4010 6220
331 340 425 404 nt

1401 335 2143 403 snvsnsuscnacos
2170 336 2312 398 LIB.
2358 341 2438 399 ll.
3192 380 3201 385 ι
3392 342 3393 345 ‘
3459 345 3566 413 με

326 458 504 510 υιιίιίο
555 469 685 508 vero
730 464 886 523 atque
921 451 1175 507 discretio
1224 465 1329 506 non
1377 450 1518 505 idem
1552 459 1668 512 est;
1725 463 1896 515 neque
1928 455 1968 510 Α
2000 448 2297 501 secundum
2342 446 2702 517 proprietates
2748 466 2869 520 qua:
2929 451 3265 509 substantias
3311 458 3561 511 ostende-

323 550 472 600 enim
514 546 793 599 relativum
826 555 882 599 et
931 544 1236 598 absolutum
1285 541 1425 596 idem
1458 536 1750 594 secundum
1791 539 1891 590 hoc

322 640 529 689 dictum
560 645 678 690 est:
704 635 947 703 sequitur
970 650 1076 687 non
1106 634 1244 688 idem
1275 646 1394 687 esse
1418 629 1707 685 essentiam
1732 638 1917 696 atque

327 727 709 795 substantiam.
740 725 1024 779 ‘Essentiaz
1068 723 1211 777 enim
1237 736 1431 775 nomen
1457 718 1708 789 quiddam
1735 717 1894 771 abso-

328 821 502 871 lutum
549 819 749 882 signat,
814 817 1115 870 substantia
1160 815 1271 885 (33)
1304 827 1431 866 vero
1480 811 1749 880 propriam
1794 825 1891 864 cu-

313 909 521 976 jusque
577 916 761 960 notam
837 911 1201 969 commendat,
1254 906 1550 961 secundum
1610 919 1766 973 quam
1823 906 1889 956 ad

318 997 488 1049 aliam
519 995 753 1051 refertur
780 1010 1088 1064 personam.
1676 1004 1679 1007 ’
1758 993 1767 1000 ’

394 1086 534 1139 Nam
558 1085 787 1154 exempli
818 1100 1006 1147 causa,
1038 1086 1225 1139 dexter
1260 1088 1422 1145 homo
1450 1086 1518 1138 ab
1553 1099 1618 1139 eo
1643 1085 1733 1153 ιιιιὶ
1759 1074 1904 1138 εἰηιέ

313 1176 540 1243 pliciter
591 1176 750 1228 homo
790 1185 874 1231 est
927 1177 1222 1231 secundum
1276 1177 1417 1245 quod
1468 1174 1785 1243 simpliciter
1837 1184 1890 1226 et

314 1267 507 1332 aliquo
532 1267 713 1330 modo,
734 1266 850 1321 sive
887 1268 1179 1320 secundmn
1213 1280 1497 1319 commune
1525 1275 1577 1318 et
1614 1264 1888 1335 proprium

312 1357 507 1411 diﬂ'ert
526 1398 542 1421 ,
596 1358 699 1412 etsi
726 1359 1016 1412 secundum
1068 1373 1181 1411 rem
1211 1357 1352 1411 idem
1381 1356 1450 1410 sit
1480 1357 1668 1410 dexter
1694 1358 1885 1418 homo;

312 1450 522 1516 quippe
571 1458 623 1501 et
645 1449 834 1509 Petrus
872 1448 1046 1504 homo
1089 1457 1169 1501 est
1201 1456 1254 1502 et
1287 1447 1425 1500 Iilius
1479 1445 1665 1513 Jonrc;
1713 1460 1888 1515 neque

314 1540 560 1590 alterum
608 1537 876 1605 signiﬁcat
932 1538 1021 1605 qui
1058 1540 1305 1590 eumdem
1344 1536 1559 1590 Petrum
1614 1537 1884 1589 ho:nincm

314 1629 478 1693 dicit;
508 1627 738 1680 alterum
764 1641 913 1690 vero,
949 1641 1067 1678 cum
1094 1627 1339 1681 eumdem
1373 1626 1538 1683 lilium
1564 1625 1710 1680 Jonas
1740 1628 1891 1679 duxe-

315 1721 412 1771 rit.
455 1716 770 1770 Sccuudntn
827 1731 987 1777 vero,
1041 1717 1182 1786 quod
1207 1715 1529 1781 simpliciter
1586 1726 1641 1769 et
1709 1717 1888 1786 aliquo

1996 545 2138 617 rent,
2169 536 2404 591 nolebat:
2456 537 2512 592 Si
2545 540 2663 607 quis
2688 542 2831 596 enim
2884 553 3161 612 paternam
3204 544 3558 599 substantiam

1997 626 2277 680 relativum
2303 627 2446 681 dicat
2468 666 2484 692 ,
2533 644 2755 687 necesse
2783 641 2887 696 est,
2926 642 2978 687 ct
3010 634 3075 688 ad
3111 636 3252 704 quod
3290 636 3557 701 refertur,

2004 716 2163 770 simul
2187 718 2452 771 conﬁteri.
2477 717 2788 789 llujnsmodi
2816 723 3014 791 quippe
3039 735 3230 777 natura
3255 735 3342 780 est
3370 741 3557 782 cassum

1997 824 2174 862 rerum
2211 823 2330 878 quas
2358 808 2425 861 ad
2470 810 2673 879 aliquid
2705 812 2979 870 dicuntur.
3032 814 3177 873 Idem
3227 829 3353 871 vero
3397 827 3449 871 et
3504 818 3559 871 in

1996 898 2298 951 substantia
2353 898 2531 967 genita
2567 910 2620 953 et
2666 900 2718 953 in
2773 902 3093 971 procedente
3127 904 3415 961 dicendum
3457 915 3560 961 est.

1999 987 2323 1041 Hocmutem
2355 987 2405 1040 in
2440 986 2547 1042 Deo
2575 990 2749 1058 posito
2771 1030 2786 1055 ,
2815 1007 3033 1049 necesse
3062 1002 3146 1050 est
3172 1006 3282 1051 tres
3315 976 3566 1055 substan—

1998 1078 2122 1142 tias,
2157 1092 2251 1131 seu
2278 1087 2389 1132 tres
2422 1094 2680 1147 personas
2725 1080 2886 1135 Deum
2942 1087 3236 1139 secundum
3274 1088 3391 1142 ﬁdei
3418 1091 3564 1157 posi-

1998 1168 2200 1222 tionem
2237 1184 2302 1222 ex
2355 1171 2729 1237 processibus,
2759 1171 2872 1226 sive
2908 1174 3267 1231 relationibus
3297 1193 3564 1246 apparen-

1997 1269 2077 1313 tes
2098 1258 2361 1324 conﬁteri,
2386 1258 2525 1328 quod
2550 1270 2662 1314 erat
2682 1264 3006 1318 contrarium
3026 1264 3244 1321 Sabellii
3267 1273 3559 1336 proposito.

2032 1345 2106 1399 De
2135 1346 2237 1401 hoc
2267 1348 2408 1414 quod
2444 1348 2778 1414 propositum
2825 1357 2928 1413 est.
2952 1359 3007 1405 et
3059 1367 3281 1420 magnus
3327 1353 3561 1409 Basilius

1997 1436 2049 1489 in
2085 1434 2383 1503 exemplari
2415 1434 2629 1489 dictatze
2656 1441 2722 1488 ab
2746 1452 2811 1493 eo
2842 1438 2985 1503 ﬁdei,
3012 1440 3167 1511 cujus
3199 1443 3405 1499 initiqu
3434 1454 3516 1499 est
3544 1463 3559 1497 :

1946 1562 1951 1563 ν
1998 1524 2100 1578 Eas
2134 1525 2220 1593 qui
2246 1527 2494 1593 prteventt'
2557 1533 2677 1577 sunt
2717 1528 2823 1579 alia
2855 1528 2978 1594 ﬁdei
3011 1530 3377 1595 confessione,
3430 1534 3499 1604 ait
3541 1549 3559 1585 :

1998 1615 2221 1678 Quidam
2256 1630 2373 1671 vero
2427 1614 2492 1667 ab
2529 1616 2794 1682 impietate
2849 1618 2971 1684 Afri
3016 1617 3237 1675 Sabellii
3279 1622 3558 1686 venientes,

1994 1706 2345 1759 substantiam
2380 1704 2732 1778 [hypostasin}
2761 1720 2914 1779 atque
2955 1713 3234 1765 essentiam
3264 1712 3399 1768 idem
3449 1730 3561 1770 esse

274 1808 485 1865 ,modo
510 1807 731 1872 dicitur,
761 1806 1121 1861 dili‘ei'entiam
1152 1816 1358 1881 tantum
1391 1807 1590 1860 indicat
1616 1823 1631 1873 ;
1664 1805 1890 1859 dicendo
1926 1786 1964 1838 Β
1990 1798 2265 1863 suspicati,
2292 1797 2411 1850 inde
2437 1799 2733 1852 occasiones
2763 1803 3140 1857 concinnandtc
3164 1820 3275 1859 suae
3298 1807 3555 1874 blasphe-

313 1898 469 1952 enim
535 1895 756 1950 Petrum
799 1896 1072 1950 hominem
1111 1896 1359 1951 absoluto
1381 1906 1435 1952 et
1494 1896 1764 1950 communi
1793 1911 1888 1946 no-

317 1991 471 2041 mine
501 1986 825 2052 snbjecmm,
884 1985 1133 2040 eumdem
1185 1999 1313 2038 vero
1338 1995 1390 2038 et
1416 1982 1569 2039 Jonas
1612 1984 1774 2039 ﬁlium
1806 1981 1890 2035 di-

318 2078 526 2135 rendo.
558 2078 780 2144 proprio
810 2086 863 2128 et
905 2075 1125 2128 relativo
1146 2085 1199 2126 et
1232 2073 1450 2128 deﬁnito
1478 2073 1716 2137 nomine,
1740 2087 1891 2126 eum-

320 2170 445 2220 dem
474 2178 528 2219 et
564 2167 730 2219 ﬁlium
766 2180 887 2219 esse
937 2179 1002 2218 ex
1039 2165 1256 2216 homine
1313 2160 1449 2216 Iona
1490 2162 1581 2231 qui
1635 2172 1785 2231 pater
1816 2161 1889 2213 illi

326 2257 450 2318 luit,
481 2258 706 2309 indicat.
757 2254 863 2307 Pt-r
917 2264 1204 2321 utrumque
1229 2268 1360 2321 ergo
1400 2267 1594 2306 nomen
1628 2252 1783 2306 aliter
1837 2258 1892 2305 et

321 2348 487 2400 aliter
538 2347 679 2399 idem
719 2346 1096 2415 signiﬁcatur,
1147 2326 1370 2398 relative
1428 2343 1892 2398 scilicetetahso-

325 2441 689 2494 tutezsotum
747 2446 926 2491 autem
987 2435 1303 2503 simpliciter
1365 2442 1420 2488 et
1481 2435 1667 2503 aliquo
1732 2434 1890 2487 modo

322 2528 530 2582 ditia-rt.
589 2526 747 2580 Aliud
785 2525 927 2579 enim
984 2526 1272 2577 essentiam
1322 2524 1441 2577 sine
1468 2523 1654 2577 habitu
1684 2522 1892 2589 signiﬁ-

326 2631 452 2684 rat;
512 2619 659 2672 aliud
713 2615 955 2670 eamdem
1016 2622 1069 2667 et
1117 2613 1182 2667 ad
1236 2612 1439 2682 aliquid
1496 2613 1891 2682 quodammodo

328 2715 636 2767 habentem.
1389 2776 1393 2778 ν

398 2809 708 2860 Attestatur
766 2814 945 2859 autem
1011 2803 1096 2859 his
1135 2816 1252 2871 qua:
1292 2803 1431 2857 dicta
1472 2807 1597 2855 sunt
1658 2798 1890 2867 primum

330 2898 550 2966 quidem
629 2910 853 2966 magnus
922 2894 1273 2960 Athanasius,
1314 2903 1497 2957 postea
1549 2905 1675 2944 vero
1728 2892 1891 2943 etiam

329 2997 556 3041 sanctus
603 2984 909 3050 Maximus,
969 2995 1134 3053 atque
1200 2983 1444 3037 amboin
1495 2981 1723 3051 dialogis
1775 2981 1892 3034 suis

329 3079 591 3130 adversus
628 3077 968 3130 Anommum.
1010 3076 1269 3128 Anommo
1303 3073 1445 3128 enim
1487 3073 1698 3126 dicente
1747 3069 1891 3123 aliud
1920 3099 1959 3155 ε

327 3167 646 3227 essentiam,
671 3166 812 3219 aliud
833 3178 952 3218 esse
973 3166 1354 3226 substantiam,
1378 3172 1597 3217 sanctus
1618 3161 1888 3215 Maximus

332 3256 625 3328 respondet
652 3274 674 3331 ,ε
719 3254 883 3307 Aliud
923 3262 972 3308 et
1021 3253 1167 3306 aliud
1225 3262 1527 3323 nonrquast‘
1554 3270 1694 3319 rem;
1724 3262 1887 3322 atque

330 3348 424 3402 illo
454 3348 726 3400 inferente
746 3361 760 3398 :
780 3342 923 3397 Num
952 3361 1071 3415 ergo
1091 3346 1387 3412 composith
1401 3346 1426 3399 .9
1440 3343 1673 3398 Sanctus
1694 3343 1890 3411 adjun-

331 3441 445 3509 git:
478 3440 641 3505 Aliud
665 3447 711 3491 et
736 3439 883 3490 aliud
913 3438 1043 3503 dixi,
1077 3454 1176 3491 non
1204 3442 1355 3507 quasi
1375 3453 1501 3501 rem,
1530 3439 1618 3489 sed
1658 3449 1712 3487 nt
1740 3437 1887 3487 aliud

330 3527 529 3599 aliquid
557 3531 805 3594 essentia,
850 3528 996 3581 aliud
1025 3529 1354 3598 signiﬁcante
1388 3528 1710 3582 substantia.
1740 3526 1886 3579 Sicut

332 3639 557 3691 granum
579 3622 741 3697 tritici
770 3622 964 3673 dicitur
988 3631 1035 3674 et
1094 3636 1262 3674 semen
1311 3630 1386 3673 est
1414 3630 1459 3673 et
1489 3621 1712 3688 fructus;
1743 3619 1889 3671 aliud

336 3722 508 3766 autem
541 3714 803 3780 quoddam
833 3712 1092 3780 signiﬁcat
1124 3726 1318 3774 semen,
1354 3709 1499 3762 aliud
1523 3709 1747 3776 fructus.

404 3804 721 3858 Concedens
758 3818 887 3871 ergo
949 3812 1170 3856 sanctus
1199 3802 1333 3863 illic,
1374 3799 1517 3853 aliud
1554 3814 1675 3853 esse
1703 3811 1890 3852 essen-

334 3893 486 3954 tiam,
524 3892 667 3946 aliud
706 3893 1090 3959 substantiam,
1121 3900 1426 3945 nontamen
1462 3890 1729 3958 genuinam
1769 3886 1884 3939 dei-

334 3985 496 4027 tatem
528 3974 756 4043 intelligi
791 3976 1049 4042 permittit
1091 3992 1105 4027 :
1145 3981 1427 4043 propterea
1484 3972 1692 4026 scilicet
1744 3970 1891 4039 quod

333 4080 436 4118 non
471 4066 615 4116 idem
653 4065 834 4117 itidem
877 4064 1140 4134 signiﬁcet
1172 4065 1342 4117 deitas
1362 4072 1415 4116 et
1446 4062 1770 4126 substantia,
1810 4066 1893 4118 vel

332 4154 571 4206 essentia
600 4161 654 4206 et
684 4153 1008 4206 substantia.
1035 4152 1183 4209 Licet
1214 4153 1377 4221 igitur
1408 4152 1546 4205 idem
1596 4151 1890 4205 essentiam

336 4257 399 4295 ac
436 4242 807 4307 substantiam
836 4243 1014 4296 dicere
1037 4244 1331 4297 secundum
1361 4256 1471 4295 rem
1510 4252 1574 4305 ,οι
1632 4241 1780 4296 aliud
1807 4257 1895 4296 es-

335 4333 751 4393 sentiam,alind
776 4334 1127 4386 substantiam
1188 4335 1477 4388 secundum
1539 4334 1895 4402 signiﬁcatita

1993 1890 2111 1943 miw
2136 1889 2381 1954 trahunt,
2415 1904 2479 1941 ετ
2509 1905 2569 1942 eo
2593 1929 2608 1954 ,
2639 1890 2776 1957 quod
2809 1894 2864 1944 in
2905 1891 3009 1960 ﬁde
3036 1894 3289 1959 scriptum
3319 1897 3387 1947 sit
3440 1914 3458 1949 :
3496 1896 3558 1949 Si

1991 1980 2105 2047 quis
2139 1987 2313 2033 autem
2349 1995 2412 2032 ea:
2460 1982 2566 2033 alia
2609 1982 2833 2037 essentia
2896 1983 3001 2036 sive
3032 1984 3326 2039 substantia
3353 1983 3557 2039 Filium

1991 2080 2099 2118 esse
2117 2065 2329 2128 dixerit,
2368 2065 2503 2120 hunc
2544 2067 2956 2120 anathematisat
2986 2069 3242 2123 catholica
3272 2080 3318 2124 et
3344 2081 3557 2137 aposto-

1999 2155 2101 2205 lica
2134 2153 2392 2208 Ecclesia.
2434 2152 2554 2207 Non
2588 2156 2723 2208 enim
2766 2156 2872 2210 illic
2909 2159 3044 2211 idem
3075 2158 3339 2222 dixerunt,
3382 2177 3556 2215 essen-

1994 2244 2120 2297 tiam
2158 2254 2312 2314 atque
2350 2246 2735 2300 substantiam.
2768 2245 2826 2304 Si
2854 2249 2989 2300 enim
3030 2265 3187 2303 unum
3230 2261 3382 2319 atque
3411 2267 3557 2305 eant-

1993 2334 2105 2386 dem
2140 2335 2539 2405 intelltgentiam
2574 2336 2904 2389 insinuarent
2955 2354 3136 2401 uoces,
3159 2340 3305 2407 .quid
3349 2357 3557 2396 necesse

1992 2435 2101 2478 erat
2135 2440 2377 2489 utrasque
2423 2430 2655 2491 ponere?
2705 2427 2925 2482 Constat
2977 2445 3092 2483 tero
3147 2424 3391 2498 quoniam
3435 2435 3556 2487 aliis

1992 2515 2200 2583 quidem
2247 2530 2310 2568 ea:
2363 2514 2541 2568 Patris
2583 2517 2731 2569 illum
2785 2519 3012 2571 essentia
3053 2532 3165 2598 esse
3199 2521 3504 2591 negantibus
3536 2522 3579 2583 ,“

1993 2604 2112 2656 aliis
2160 2621 2274 2657 vero
2300 2606 2607 2667 dicentibus,
2650 2607 2773 2674 quia
2807 2622 2967 2676 neque
3002 2623 3066 2660 ea:
3100 2612 3345 2671 essentia.
3392 2627 3554 2668 neque

1992 2714 2054 2750 er.
2091 2699 2379 2750 substantia
2405 2710 2559 2765 esset;
2585 2698 2658 2750 ita
2715 2713 2935 2765 utraque
2970 2709 3026 2752 ut
3057 2701 3228 2755 aliena
3279 2700 3343 2755 ab
3393 2703 3555 2755 eccle-

1993 2788 2209 2840 siast:ca
2250 2789 2599 2859 intelligentia
2636 2790 3042 2845 interdixerunt.
3093 2790 3197 2845 Ubi
3241 2793 3377 2843 enim
3427 2807 3552 2847 sen-

1994 2894 2110 2930 sum
2158 2896 2309 2933 suum
2353 2882 2737 2949 expresserunt,
2776 2896 2839 2935 ea:
2875 2880 3050 2937 Patris
3083 2883 3312 2935 essentia
3353 2881 3547 2937 Filium

1995 2968 2262 3031 dixerunt;
2300 2984 2401 3020 non
2416 2968 2533 3035 jam
2576 2968 2880 3037 adjicientes
2919 2980 2967 3022 et
2994 2986 3057 3025 ex
3084 2972 3401 3024 substantia.
3436 2969 3553 3024 Ita-

1994 3071 2091 3123 que
2141 3064 2189 3109 et
2242 3054 2375 3107 illud
2430 3054 2637 3124 quidem
2690 3073 2785 3125 pro
2841 3058 3120 3112 abolitione
3173 3062 3414 3126 pessima:
3464 3060 3551 3112 in-

1994 3146 2294 3215 telligentia:
2337 3137 2566 3214 positum
2608 3157 2708 3209 est,
2748 3148 2843 3200 hoc
2878 3156 3051 3203 autem
3086 3148 3327 3203 salutare
3359 3146 3549 3217 dogma

1987 3237 2318 3305 manifestat.

2058 3348 2175 3405 lloc
2206 3350 2259 3403 in
2289 3348 2405 3405 loco
2427 3361 2652 3417 magnus
2678 3346 2905 3405 Basilius
2927 3346 3232 3403 dicentibus
3257 3345 3550 3401 Patribus:

1991 3439 2047 3492 Si
2079 3438 2199 3508 quis
2225 3451 2353 3492 vero
2375 3436 2591 3501 dixerit,
2620 3450 2686 3493 ex
2716 3436 2819 3490 alia
2848 3437 3104 3500 essentia,
3137 3450 3232 3492 seu
3253 3435 3557 3490 substantia

1989 3527 2206 3590 Filium.
2236 3528 2379 3581 hunc
2408 3528 2830 3585 anathematizat
2865 3526 3130 3583 catholica
3175 3538 3229 3581 et
3259 3526 3554 3594 apostolica

1990 3618 2353 3683 Ecclesia,eus
2373 3618 2463 3686 qui
2502 3617 2627 3671 hinc
2654 3615 3032 3693 conﬁciebant,
3083 3615 3222 3668 idem
3272 3628 3393 3668 esse
3418 3614 3559 3667 sub-

1989 3709 2241 3765 stantiam
2318 3716 2478 3777 atque
2526 3707 2817 3761 essentiam
2849 3744 2865 3769 ,
2897 3705 3078 3771 culpat
3156 3712 3210 3757 et
3273 3705 3351 3759 ait
3388 3720 3402 3757 :
3437 3702 3555 3756 Non

1992 3804 2159 3867 enim,
2183 3802 2307 3871 quia
2342 3801 2747 3864 illicdixerunt,
2781 3814 2848 3854 ex
2882 3798 2988 3851 alia
3020 3797 3273 3856 essentia.
3299 3795 3412 3849 sive
3430 3796 3558 3849 sub—

1993 3896 2209 3954 stantia.
2258 3894 2383 3967 inde
2436 3893 2702 3961 colligitur
2748 3893 2918 3949 .idem
2977 3904 3096 3945 esse
3146 3888 3435 3943 essentiam
3477 3897 3560 3938 at-

1994 4000 2101 4056 que
2130 3983 2486 4038 substantiam
2518 4001 2532 4048 ;
2562 3984 2658 4037 sed
2699 3982 3055 4049 quorumdam
3091 3976 3372 4046 opiniones
3408 3974 3561 4027 lalla-

1995 4091 2085 4129 ccs
2105 4075 2172 4130 ab
2203 4074 2441 4130 Ecclesia
2469 4073 2808 4128 eliminantes
2834 4110 2850 4133 ,
2896 4070 3140 4137 utrisque
3169 4067 3288 4123 istis
3335 4065 3561 4121 vocibus

1998 4163 2075 4217 usi
2110 4172 2257 4218 sunt.
2292 4163 2349 4219 Si
2379 4164 2521 4219 enim
2556 4164 2697 4217 idem
2720 4162 2889 4215 amba:
2913 4159 3305 4227 signiﬁcarent,
3334 4168 3562 4211 necesse

1997 4254 2235 4322 profecto
2270 4270 2373 4307 non
2417 4261 2535 4307 erat
2569 4264 2824 4319 utrasque
2876 4263 3097 4318 ponere.
3146 4247 3252 4303 Sed
3303 4247 3562 4314 quoniam

1998 4341 2090 4394 alii
2139 4342 2354 4410 quidem
2416 4339 2683 4407 negabant
2741 4353 2804 4391 ex
2855 4335 3031 4390 Patris
3074 4336 3309 4393 essentia
3364 4333 3560 4403 Filium

340 4436 515 4475 rerum
549 4423 789 4476 nomina.
816 4422 879 4476 Et
913 4434 1200 4490 utrumque
1227 4434 1403 4478 tamen
1436 4440 1617 4479 verum
1650 4434 1749 4479 est.
1783 4423 1895 4478 Non
1933 4454 1976 4507 ο
2003 4445 2150 4497 esse,
2242 4428 2458 4497 quidam
2510 4442 2641 4482 vero
2683 4441 2856 4495 neque
2884 4440 2949 4479 ex
2988 4427 3246 4489 esst-utin,
3288 4438 3461 4491 neque
3491 4438 3560 4477 ex

341 4512 480 4565 enim
512 4512 811 4565 secundum
840 4513 982 4565 idem
1018 4514 1177 4566 etiam
1238 4514 1471 4566 amboin
1516 4521 1771 4581 quantum
1818 4529 1902 4567 es-

336 4604 507 4654 sentia
536 4600 754 4668 quidem
775 4599 1061 4656 co'mmune
1106 4600 1417 4673 signiﬁcat,
1470 4610 1525 4656 et
1575 4604 1715 4656 idem
1760 4603 1899 4671 quod

344 4704 454 4745 erat
488 4706 632 4745 esse.
675 4691 986 4746 Substantia
1010 4706 1136 4747 vero
1185 4692 1349 4756 idem,
1373 4693 1505 4746 etatl
1535 4693 1738 4762 aliquid
1762 4708 1900 4762 qun-

345 4780 631 4833 dammodo
679 4779 883 4835 habens
908 4782 992 4833 vel
1016 4781 1305 4850 gignentia,
1335 4782 1413 4837 vel
1442 4782 1628 4851 geniti,
1667 4785 1747 4836 vel
1775 4797 1900 4854 pto-

342 4876 586 4925 cedentis
640 4872 723 4924 vel
755 4871 998 4938 producti
1030 4873 1256 4925 ratione.

414 4962 627 5014 Dictum
660 4971 743 5016 est
771 4972 947 5015 autem
990 4977 1021 5015 a
1048 4963 1270 5017 sanctis.
1288 4979 1392 5019 non
1431 4963 1570 5019 idem
1610 4956 1898 5018 essentiim

345 5068 465 5105 esse
493 5058 663 5120 atque
691 5052 1066 5116 substantiam,
1097 5063 1315 5121 propter
1338 5052 1623 5107 Sabellium
1649 5043 1903 5110 maxime.

347 5144 444 5196 llic
491 5146 640 5197 enim
687 5158 849 5196 unam
893 5158 1175 5213 personam
1228 5145 1554 5201 Deum.esse
1602 5145 1903 5207 conﬁtens,

246 5292 255 5302 _
346 5236 480 5286 idem
517 5236 570 5285 in
607 5235 716 5286 Deo
742 5248 864 5288 esse
907 5236 1261 5289 substantiam
1307 5245 1361 5291 et
1397 5237 1690 5291 essentiam
1717 5252 1907 5292 secun-

347 5326 469 5377 dum
522 5339 662 5388 rens,
708 5333 764 5377 et
812 5325 1046 5379 libenter
1092 5325 1307 5394 quidem
1360 5312 1736 5382 conﬁtebatur.
1796 5327 1908 5381 lloc

347 5418 485 5469 enim
519 5416 594 5468 illi
630 5417 865 5469 maxime
893 5417 1042 5469 adid
1074 5416 1215 5483 quod
1261 5417 1607 5482 moliebatur,
1660 5404 1908 5473 ctinlere-

353 5509 520 5561 rebat.
546 5506 889 5562 Substantias
909 5520 1037 5561 vero
1059 5520 1154 5560 seu
1182 5520 1441 5576 personas
1461 5508 1746 5563 relativum
1768 5523 1907 5574 chc,

414 5689 531 5759 (33)
572 5690 780 5747 Accipit
818 5691 1178 5747 sitbstantiam
1212 5706 1309 5760 pro
1345 5692 1648 5762 hypostasi.

2002 4520 2304 4574 substantia
2357 4516 2533 4571 Patris
2595 4516 2740 4571 illum
2800 4528 2918 4569 esse
2974 4514 3302 4571 fatebantur,
3356 4512 3562 4572 ideirco

2003 4619 2229 4675 utraque
2258 4606 2677 4671 interdixerunt,
2713 4619 2809 4673 pro
2847 4602 3561 4670 deletionepessimaeintel-

2002 4696 2238 4763 ligentite
2288 4696 2619 4749 anathemati
2683 4694 3066 4761 subjicieutes,
3113 4692 3156 4744 si
3203 4690 3324 4757 quis
3363 4704 3430 4747 cx
3455 4689 3563 4741 alia

2005 4788 2238 4844 essentia
2265 4787 2378 4842 sive
2401 4788 2699 4842 substantia
2728 4786 2919 4841 Filium
2957 4783 3179 4839 dixerit.

2075 4879 2150 4932 Ex
2171 4877 2464 4949 quotliquet
2487 4888 2732 4932 sanctum
2766 4876 3108 4938 concludere,
3143 4886 3246 4926 non
3274 4870 3413 4926 idem
3440 4881 3565 4924 es~c

2008 4970 2298 5026 essentiam
2334 4979 2494 5036 atque
2542 4968 2922 5023 substantiam.
2977 4964 3127 5030 Quod
3163 4962 3381 5032 quidam
3420 4974 3564 5028 pra:-

2014 5071 2093 5115 ter
2121 5061 2295 5115 sancti
2326 5061 2425 5113 viri
2451 5059 2807 5113 intentionem
2866 5065 3268 5125 pervertentes,
3317 5052 3371 5104 in
3400 5052 3569 5120 pluri-

2014 5165 2131 5205 mas
2166 5150 2525 5206 absurditates
2557 5146 2824 5215 incidunt.
2881 5146 3067 5215 Neque
3099 5144 3241 5199 enim
3292 5142 3414 5201 illos
3447 5143 3567 5199 cul-

2014 5250 2127 5309 pat,
2177 5241 2317 5311 quod
2382 5240 2678 5295 secundum
2758 5252 2874 5293 rem
2933 5235 3073 5291 idem
3117 5247 3238 5297 esse
3282 5242 3569 5289 essentiam

2015 5338 2175 5398 atque
2204 5330 2555 5385 substantiam
2596 5327 2853 5391 dixerint;
2912 5326 3014 5380 hoc
3042 5327 3186 5378 enim
3234 5316 3418 5383 verum
3453 5339 3613 5381 esse.

2018 5421 2219 5473 veritas
2254 5428 2368 5489 ipsa
2400 5434 2518 5473 cum
2551 5418 2757 5473 sanctis
2794 5415 3046 5473 Patribus
3066 5415 3327 5486 loquitur,
3354 5414 3581 5484 ipseque

2020 5515 2071 5567 in
2105 5513 2327 5583 epistola
2360 5514 2423 5566 ad
2461 5511 2775 5583 Gregorium
2820 5510 3042 5566 fratrem
3110 5516 3402 5565 attestatur
3432 5523 3447 5572 ;
3482 5504 3583 5562 sed
