4046 6204
435 333 534 397 10]

1681 328 2069 386 ItiANUELIS
2109 325 2408 385 (ιΑωῑρΑε

3565 324 3671 389 itii

427 447 553 515 quia
616 443 907 498 secundum
959 445 1217 496 rationem
1246 480 1259 501 .
1310 440 1422 493 sive
1467 439 1740 492 nominum
1781 442 1896 505 sign
1926 438 1983 489 Ji-
2019 446 2061 497 Α
2162 436 2329 492 Porro
2353 440 2658 488 stsauctmn
2688 433 3516 503 153Ἆο(54)μΓυΙΘΓειιΙίίῖΘιιωΙΙΙ
3546 439 3683 491 :llle

431 538 735 599 cationem,
801 535 939 587 idem
995 531 1287 587 essentiam
1349 538 1403 582 et
1458 529 1816 582 substantiam
1878 543 1999 582 esse

432 630 735 697 putabant:
772 633 847 679 et-
882 638 983 675 non
1035 631 1090 674 nt
1126 622 1239 690 ipse
1286 620 1379 683 ait,
1436 618 1727 672 essentiam
1782 617 1999 687 quidem

436 719 501 772 ad
561 728 863 778 commune,
918 726 975 767 ut
1029 712 1348 780 simpliciter
1392 710 1661 764 ducebant
1698 726 1712 761 :
1749 711 2003 762 substan-

438 811 566 862 tiam
625 821 772 871 vero,
824 812 1003 858 notam
1056 801 1323 870 prepriam
1379 801 1429 854 in
1480 816 1564 866 eo,
1627 802 1763 868 quod
1821 802 2003 869 aliquo

438 898 597 951 modo
645 896 710 950 ad
754 896 894 948 aliud
942 892 1188 953 haberet,
1242 891 1590 953 definiebant,
1644 900 1695 944 et
1757 893 1822 944 ab
1855 904 2001 945 utro-

438 1001 541 1055 que
576 986 852 1037 nominum
888 998 1047 1034 unam
1093 981 1448 1049 eamdemque
1481 982 1766 1050 capiebant
1800 982 2001 1035 ἱιιιιιιιίς

436 1077 670 1145 gentiam
713 1089 805 1141 per
830 1087 992 1140 quam
1028 1087 1338 1145 processus,
1380 1072 1788 1141 relationesque,
1822 1074 2006 1128 simul-

432 1178 539 1233 que
570 1172 680 1216 tres
704 1176 982 1231 personas,
1013 1176 1132 1217 esse
1167 1164 1332 1216 Deum
1363 1161 1709 1217 anl‘erebant.

507 1252 692 1321 Itaque
751 1255 1079 1305 coniitentttr
1141 1252 1358 1320 quidem
1424 1250 1678 1307 Ecclesia:
1740 1254 2004 1321 magistri,

440 1343 578 1396 idem
608 1343 898 1396 essentiam
931 1351 985 1395 et
1025 1343 1386 1396 substantiam
1418 1356 1536 1396 esse
1571 1359 1584 1395 :
1620 1352 1671 1396 et
1702 1343 1860 1397 iidem
1888 1360 2005 1397 rur-

440 1446 530 1485 sus
554 1441 774 1500 negant,
803 1446 908 1486 non
934 1431 1074 1485 idem
1103 1446 1226 1486 esse
1252 1431 1609 1485 substantiam
1634 1441 1796 1501 atque
1819 1447 2008 1487 essen-

442 1522 570 1576 tiam
595 1522 838 1576 dicentes
860 1563 875 1587 ,
909 1537 1014 1577 non
1051 1524 1341 1578 secundum
1401 1523 1540 1576 idem
1581 1532 1633 1577 et
1664 1525 1842 1589 ambo,
1866 1528 2007 1579 sicut

439 1612 643 1665 dictum
684 1622 765 1665 est
796 1629 812 1680 ;
844 1614 1330 1667 contradictionem
1378 1616 1521 1667 enim
1557 1615 1611 1667 in
1640 1618 1829 1669 eodem
1866 1632 2008 1669 nun-

438 1716 599 1772 quam
643 1702 797 1755 simul
844 1718 1024 1756 veram
1059 1718 1181 1757 esse
1219 1719 1397 1771 posse.
1436 1704 1593 1760 Aliud
1628 1707 1771 1759 enim
1807 1722 2005 1762 secun-

443 1792 568 1843 dum
603 1804 737 1853 rem,
772 1789 913 1843 aliud
952 1790 1247 1843 secundum
1292 1806 1486 1844 nomen
1528 1792 1811 1867 accipitur.

516 1881 715 1934 Deinde
733 1879 933 1946 adjicit,
951 1882 1088 1947 quod
1124 1880 1209 1932 tibi
1240 1880 1396 1933 suum‘
1418 1879 1606 1935 Patres
1628 1896 1842 1937 sensum
1870 1882 2011 1937 indi-

439 1984 566 2025 care
604 1972 910 2034 voluerunt,
942 1972 1199 2025 dixerunt
1231 1986 1293 2023 ex
1334 1970 1507 2025 Patris
1537 1974 1770 2027 essentia
1792 1972 2011 2040 Filium,

442 2062 577 2115 satis
628 2077 748 2117 esse
797 2073 1119 2130 putaverunt
1171 2064 1238 2116 ad
1289 2064 1695 2131 insinuandum,
1737 2063 1853 2118 Filii
1888 2067 2013 2122 sub-

447 2150 705 2202 stantiam
760 2166 826 2205 ex
874 2150 1033 2207 Patre
1068 2166 1229 2206 esse:
1273 2166 1334 2205 ac
1366 2154 1629 2225 proxime,
1668 2154 1830 2208 veluti
1866 2156 1909 2209 si
1931 2154 2013 2208 di-

446 2252 681 2306 ceretur,
707 2256 827 2295 eum
860 2257 979 2297 esse
1001 2257 1064 2298 ex
1099 2252 1321 2313 paterna
1358 2247 1679 2301 substantia.
1715 2245 1830 2301 Hoc
1870 2249 2011 2301 enim

450 2332 940 2387 manifestationem
981 2335 1181 2389 habere
1213 2336 1467 2390 salutaris
1499 2337 1766 2407 dogmatis
1792 2353 2014 2394 asseve-

446 2433 586 2475 rant.
617 2422 867 2477 Salutare
894 2434 1073 2483 autem
1099 2425 1291 2492 dogma
1321 2434 1430 2491 est,
1480 2441 1546 2480 ex
1578 2428 1736 2482 Patre
1769 2430 2016 2484 substan-

450 2511 581 2564 tiam
617 2512 818 2567 babere
848 2512 1063 2576 Filium,
1114 2515 1411 2569 nativitatis
1465 2518 1669 2572 ratione
1718 2519 1963 2573 conﬁteri
1997 2538 2008 2571 :

446 2603 955 2657 consubstantialem
996 2604 1201 2659 scilicet
1232 2606 1303 2669 ei,
1341 2621 1404 2659 ex
1439 2620 1547 2674 quo
1578 2615 1683 2672 est,
1718 2608 1859 2676 quod
1886 2623 2029 2670 sane.

451 2690 641 2758 dogma
682 2691 905 2745 indicari
949 2692 1081 2747 dixit
1125 2710 1192 2749 ex
1235 2710 1319 2761 eo,
1352 2697 1507 2765 quod
1548 2698 1752 2752 dictum
1792 2709 1899 2763 est,
1948 2716 2015 2753 ea:

448 2776 628 2833 Patris
653 2772 879 2834 essentid
908 2780 1106 2837 Filium
1148 2802 1281 2842 esse.
1310 2787 1450 2855 Idem
1483 2804 1612 2859 ergo
1635 2801 1717 2844 est
1741 2806 1804 2844 ex
1837 2789 2014 2845 Patris

452 2871 713 2934 essentia,
768 2880 930 2941 atque
964 2888 1027 2927 ex
1073 2873 1250 2928 Patris
1280 2878 1579 2932 substantia
1627 2880 1828 2935 dicere.
1870 2882 2013 2935 Idem

452 2972 517 3010 ex
573 2961 805 3013 essentia
852 2971 1013 3031 atque
1064 2964 1364 3018 substantia
1411 2978 1513 3030 est,
1547 2970 1838 3022 secundum
1878 2984 2009 3023 rem.

453 3047 515 3100 Et
538 3050 768 3104 essentia
797 3050 973 3107 Patris
1003 3053 1301 3109 substantia
1336 3065 1418 3111 est
1456 3055 1650 3115 Patris.

526 3137 789 3203 Quoniam
837 3141 997 3210 igitur
1043 3154 1091 3197 et
1135 3143 1371 3213 Spiritus
1402 3157 1621 3202 sanctus
1664 3163 1728 3203 ex
1765 3148 1885 3204 Filii
1940 3167 2026 3207 es-

454 3228 625 3281 sentia
673 3232 958 3296 asseritur,
990 3231 1156 3301 liquet
1192 3235 1380 3299 etiam,
1423 3239 1564 3303 quod
1616 3253 1679 3292 ex
1728 3240 2024 3295 substantia

454 3318 594 3371 illius
614 3320 684 3373 sit
707 3334 722 3371 :
750 3334 919 3389 neque
940 3322 1081 3375 enim
1106 3336 1184 3377 eet
1205 3324 1285 3377 vel
1308 3327 1537 3379 essentia
1561 3327 1674 3381 sine
1699 3312 2023 3396 substantia,

456 3407 536 3461 vel
600 3408 894 3463 substantia
942 3412 1058 3465 sine
1117 3415 1371 3468 essentia.
1431 3414 1683 3480 Quamvis
1746 3426 1799 3474 et
1855 3422 2025 3489 prima

452 3494 693 3563 synodus
724 3497 777 3549 in
828 3499 950 3552 tidei
983 3498 1242 3569 Symbolo
1278 3502 1355 3556 sic
1388 3505 1625 3558 tradidit:
1661 3506 1932 3561 Credimus
1975 3522 2024 3563 et

452 3577 507 3639 in
556 3582 753 3641 Filium
800 3586 896 3643 Dei
951 3601 1128 3646 natum
1191 3607 1256 3648 ea;
1286 3591 1466 3662 Patre,
1498 3595 1818 3655 videlicetu:
1848 3598 2026 3655 Putris

453 3691 699 3733 essentia.

524 3766 747 3823 Constat
772 3771 931 3839 igitur
965 3788 1059 3841 per
1085 3778 1286 3836 omnia,
1310 3777 1451 3843 quod
1485 3776 1596 3831 sive
1612 3794 1674 3831 ex
1702 3779 1819 3833 Filii
1842 3796 2025 3834 essen-

456 3856 525 3909 tia
554 3858 784 3925 Spiritus
810 3864 1023 3925 dicitur,
1048 3865 1161 3915 sive
1190 3880 1253 3917 ex
1302 3864 1452 3930 Filio,
1488 3869 1601 3922 sive
1628 3884 1691 3922 ex
1724 3869 1842 3923 Filii
1893 3876 2023 3925 sub-

455 3953 673 4014 stantia,
696 3952 1019 4007 nihildiﬂ‘ert
1036 3955 1099 4007 ad
1122 3955 1236 4021 ejus
1252 3957 1603 4011 substantiam
1627 3961 2021 4016 insinuandam.

454 4040 911 4103 Quemadmodum
958 4047 1100 4097 enim
1128 4062 1191 4099 ex
1217 4061 1279 4100 eo
1309 4049 1448 4115 quod
1473 4051 1670 4103 dictum
1701 4064 1803 4117 est,
1828 4053 2021 4107 Filium

454 4146 578 4183 esse
606 4147 667 4184 ex
701 4133 876 4186 Patris
912 4137 1172 4198 essentia,
1209 4138 1509 4192 substantia
1550 4140 1690 4195 illius
1748 4144 1870 4197 inde
1905 4160 2023 4199 esse

457 4220 807 4289 intelligitur:
838 4225 908 4277 ita
931 4236 986 4278 et
1019 4228 1250 4292 Spiritus
1276 4240 1512 4291 sanctus,
1534 4233 1787 4299 quoniam
1815 4250 1878 4288 ex
1903 4235 2019 4289 Filii

454 4316 685 4367 essentia
723 4330 751 4366 a
785 4316 1043 4385 theologis
1093 4319 1339 4385 traditur,
1374 4320 1583 4389 ex’ipso
1612 4326 1774 4378 etiam
1822 4328 2019 4381 habere

2104 536 2250 591 pater
2274 536 2395 578 tuus
2418 539 2512 590 est,
2543 532 2589 578 et
2614 541 2676 578 ea:
2703 533 2893 578 natura
2927 534 3015 577 tua
3037 538 3115 578 est
3138 543 3157 591 ;
3183 535 3237 578 at
3262 526 3311 579 id
3340 527 3551 594 quidem
3577 530 3680 582 dici

2109 618 2186 671 fas
2206 629 2306 683 est,
2322 618 2374 670 in
2400 618 2594 685 quibus
2620 616 2794 669 nullus
2825 616 2957 670 ordo
2986 618 3335 685 conspicitur,
3356 618 3543 672 divisis
3565 621 3680 689 qui-

2106 696 2223 763 dem
2257 706 2552 763 secundum
2576 707 2881 767 materiam,
2917 707 3081 760 unitis
3121 718 3298 761 autem
3348 709 3684 765 solummodo

2109 802 2340 854 termino
2366 811 2570 853 naturae
2595 798 2858 862 mortalis,
2881 813 2975 867 per
3004 812 3162 866 quam
3198 799 3686 855 invicetn'consub-

2109 891 2390 945 stantiales
2443 890 2738 944 secundum
2772 890 3180 943 conversionem
3217 889 3282 941 ad
3331 888 3560 944 iiivicem
3600 893 3685 945 di-

2106 994 2323 1046 cuntur,
2348 991 2400 1035 et
2431 982 2721 1037 secundum
2749 995 2907 1049 quam
2954 980 3325 1050 unusquisque
3367 995 3429 1039 ex
3459 985 3685 1050 proximi

2109 1090 2321 1135 ua'ura,
2339 1073 2501 1125 veluti
2519 1086 2581 1125 ex
2605 1074 2836 1141 quodam
2853 1072 3116 1139 subjecto,
3141 1074 3190 1124 in
3210 1073 3424 1140 propria
3445 1075 3688 1127 substan-

2112 1165 2204 1225 tia,
2224 1178 2287 1216 ac
2309 1161 2468 1215 veluti
2488 1177 2550 1215 ex
2577 1170 2685 1214 toto
2712 1176 2839 1228 pars
2870 1161 3089 1214 abusive
3110 1161 3397 1217 diceretur.
3418 1164 3689 1217 Caeterum

2108 1254 2161 1304 iu
2182 1261 2363 1306 sancta
2384 1250 2669 1317 Trinitate,
2684 1266 2804 1304 cum
2821 1266 2923 1304 una
2939 1252 3081 1306 sitac
3096 1252 3490 1321 simplicissima
3511 1271 3692 1309 essen-

2116 1342 2209 1405 tia,
2235 1339 2651 1409 diﬂ'erentiaque
2694 1341 2811 1394 solo
2851 1354 3200 1409 personarum
3233 1344 3298 1395 ab
3327 1342 3554 1396 invicem
3602 1359 3689 1396 or-

2108 1431 2235 1483 dine
2283 1424 2636 1497 inspiciatur,
2690 1430 2984 1483 secundum
3048 1432 3249 1484 scilicet
3299 1433 3685 1487 substantiales

2112 1521 2321 1573 illarum
2377 1532 2692 1589 processus,
2754 1520 3203 1587 quemadmodum
3250 1520 3582 1589 impossibile
3606 1533 3689 1577 est

2108 1613 2321 1665 Patrem
2380 1628 2442 1664 ex
2477 1610 2614 1664 Filio
2644 1621 2693 1663 et
2726 1626 2789 1664 ex
2849 1609 2970 1663 Filii
3020 1611 3253 1664 essentia
3308 1612 3434 1675 dici,
3466 1622 3518 1665 et
3546 1622 3690 1665 certe

2111 1718 2233 1755 cum
2281 1716 2389 1754 una
2416 1702 2484 1755 sit
2510 1702 2809 1768 eademque
2848 1700 3087 1754 essentia
3123 1700 3294 1754 Patris
3321 1716 3382 1754 ac
3430 1701 3570 1762 Filii,
3619 1703 3690 1754 ita

2114 1790 2369 1857 possibile
2399 1804 2502 1842 nou
2528 1797 2608 1844 est
2636 1788 2830 1841 Filium
2859 1804 2921 1843 ex
2956 1788 3186 1857 Spiritus
3211 1789 3320 1843 sive
3365 1790 3428 1843 de
3457 1788 3693 1858 Spiritus

2113 1880 2414 1933 substantia
2452 1895 2686 1948 unquam
2740 1880 2843 1932 dici
2883 1888 3096 1948 propter
3126 1878 3330 1932 ordinis
3373 1881 3687 1943 terminum,

2112 1971 2410 2025 secundum
2446 1986 2606 2040 quem
2639 1984 2703 2023 ex
2733 1969 2893 2024 Patre
2923 1984 3019 2037 per
3050 1969 3243 2022 Filiutn
3290 1970 3548 2037 procedit.

2183 2061 2641 2126 Quemadmodum
2691 2061 2877 2114 eadem
2921 2059 3128 2113 ratione
3187 2059 3381 2113 Filium
3416 2075 3480 2113 ex
3535 2059 3692 2114 Patre

2114 2168 2208 2221 per
2280 2152 2543 2221 Spiritutn
2622 2150 2767 2219 gigni
2842 2165 3149 2205 asseverare
3207 2167 3311 2203 non
3383 2167 3687 2219 possumus.

2113 2244 2375 2311 Quocirca
2398 2242 2495 2295 rite
2518 2242 2719 2294 dictum
2740 2250 2821 2294 est
2847 2240 3044 2295 :Filius
3067 2241 3239 2296 sancti
3266 2240 3498 2309 Spiritus
3522 2256 3693 2307 neque

2114 2343 2216 2397 cst,
2254 2348 2425 2401 neque
2457 2318 2673 2401 dicitur,
2726 2345 2898 2399 neque
2951 2334 3286 2386 convertitur
3338 2332 3548 2386 habitus
3591 2332 3690 2385 ista

2115 2425 2522 2491 consequentia.

2185 2516 2406 2571 Constat
2440 2526 2615 2569 autem
2647 2531 2717 2572 ex
2751 2515 2833 2568 his
2876 2529 2995 2583 quae
3026 2515 3170 2567 dicta
3220 2524 3381 2580 sunt,
3438 2522 3491 2569 et
3542 2515 3685 2584 quod

2117 2622 2338 2677 magnus
2362 2607 2688 2660 Athanasius
2726 2606 2930 2659 idcirco
2958 2605 3032 2657 ait
3058 2621 3073 2658 :
3106 2603 3185 2657 Ex
3228 2604 3386 2658 Patre
3414 2609 3693 2671 procedere

2115 2679 2308 2761 dicitur
2329 2736 2344 2762 ,
2367 2696 2613 2765 quoniam
2638 2712 2668 2747 a
2696 2692 2862 2747 Verbo
2878 2695 3088 2755 emicat,
3110 2703 3159 2746 et
3187 2693 3433 2759 mittitur,
3447 2704 3493 2747 et
3513 2696 3690 2747 datur.

2116 2786 2301 2855 Itaque
2330 2787 2431 2839 nisi
2462 2800 2554 2853 per
2595 2784 2828 2839 Verbum
2875 2785 3022 2837 illum
3061 2781 3220 2837 Pater
3268 2785 3558 2849 emitteret,
3602 2800 3693 2836 ne-

2117 2894 2384 2946 quaquam
2414 2885 2556 2931 esset
2581 2890 2645 2930 ex
2670 2875 2826 2929 Patre
2857 2876 3157 2943 procedens
3182 2912 3194 2925 .
3223 2871 3528 2939 Proprietas
3549 2873 3691 2925 enim

2118 2968 2375 3036 Spiritus,
2404 2979 2461 3021 ut
2486 2969 2746 3032 diximus,
2773 2978 2854 3021 est
2886 2982 2949 3021 ex
2980 2965 3135 3019 Patre
3163 2979 3258 3033 per
3280 2962 3473 3016 Filiutn
3504 2977 3695 3031 proce-

2039 3084 2082 3140 ο
2116 3060 2264 3123 dere,
2301 3060 2414 3112 sive
2452 3074 2515 3112 ex
2564 3059 2736 3125 primo
2782 3072 2874 3126 per
2913 3056 3142 3110 mediutn
3175 3069 3314 3118 esse,
3366 3067 3566 3122 perque
3595 3053 3696 3105 btt-

2123 3152 2356 3221 jusmodi
2386 3163 2694 3219 processum
2717 3150 3012 3217 procedens
3040 3154 3140 3200 est.
3165 3145 3343 3220 Filius
3362 3146 3503 3199 enim
3528 3155 3692 3208 esset,

2129 3245 2173 3297 si
2209 3258 2274 3295 ex
2305 3242 2465 3295 Patre
2488 3241 2604 3295 sine
2637 3240 2811 3292 medio
2841 3239 3177 3306 procederet.
3225 3235 3377 3299 Nam,
3426 3248 3489 3287 ex
3534 3232 3697 3287 Patre

2127 3348 2246 3386 esse
2276 3332 2393 3386 sine
2444 3330 2640 3393 medio,
2673 3330 2975 3399 proprietas
3034 3325 3151 3380 Filii
3192 3336 3294 3389 est,
3353 3325 3489 3379 sicut
3536 3325 3695 3377 etiam

2129 3439 2289 3492 supra
2330 3421 2646 3475 docuimus.
2699 3418 2974 3485 Quomodo
3027 3432 3155 3487 ergo
3181 3432 3286 3470 non
3333 3428 3513 3471 essea
3561 3414 3699 3468 Filio

2128 3491 2357 3576 dicatur,
2418 3513 2507 3581 qui
2568 3512 2768 3564 idcirco
2817 3510 3016 3563 dicitur
3042 3524 3108 3563 ex
3166 3507 3322 3560 Patre
3372 3506 3687 3573 procedere,

2128 3605 2253 3675 quia
2290 3614 2339 3661 et
2369 3620 2396 3659 τι
2456 3600 2592 3659 Filio
2626 3614 2679 3659 ct
2706 3616 2800 3675 per
2832 3601 3025 3658 Filium
3064 3599 3190 3656 est?
3222 3598 3286 3653 Et
3340 3597 3468 3653 illud
3507 3597 3691 3655 itidem

2126 3707 2375 3763 constat,
2430 3705 2554 3766 quia
2615 3698 2888 3762 procedere
2960 3703 3015 3748 et
3087 3694 3314 3747 emicare
3377 3693 3515 3745 idem
3582 3704 3700 3742 esse

2126 3789 2418 3839 arbitratur
2456 3786 2804 3840 Athanasius.
2848 3768 3052 3837 Idcirco
3077 3785 3222 3836 enim
3247 3786 3322 3835 ait
3365 3798 3378 3834 :
3408 3780 3698 3833 Procedrre

2126 3892 2158 3927 a
2199 3873 2355 3927 Patro
2390 3876 2601 3939 dicitur,
2628 3874 2875 3944 quoniam
2917 3890 2946 3923 a
2982 3870 3144 3924 Verbo
3169 3872 3382 3934 critical,
3427 3869 3579 3938 quasi
3618 3869 3702 3920 die

2126 3977 2312 4029 ceret,
2364 3966 2487 4019 Ideo
2543 3967 2840 4034 procedens
2887 3976 2989 4027 05!,
3045 3964 3169 4030 quia
3194 3978 3257 4017 ex
3294 3961 3452 4015 Patre
3485 3976 3578 4029 per
3607 3960 3702 4013 Fi-

2128 4057 2254 4110 lium
2297 4059 2569 4125 procedit;
2596 4058 2697 4109 nisi
2736 4058 2877 4109 enim
2910 4070 3003 4123 per
3038 4054 3230 4106 FtiiUIIl
3255 4096 3270 4118 ,
3310 4067 3579 4122 nunquam
3614 4051 3699 4105 di-

2124 4156 2336 4198 ceretur
2377 4162 2438 4198 es
2479 4145 2635 4198 Patre
2667 4144 2974 4211 prece-lere,
3017 4142 3112 4195 sed
3151 4141 3324 4194 nasci.

2204 4235 2259 4288 Si
2290 4236 2456 4298 enim,
2492 4247 2545 4286 nt
2583 4234 2797 4301 quidam
2830 4232 3035 4295 volunt,
3074 4232 3307 4309 emicare
3337 4231 3478 4299 quod
3501 4230 3596 4293 ait,
3638 4231 3703 4282 de

2126 4325 2441 4393 temporali,
2480 4338 2637 4393 quem
2699 4324 2771 4376 illi
2830 4321 3190 4380 introducunt,
3227 4334 3479 4387 processu
3538 4321 3699 4373 intelo

457 4403 809 4457 substantiam
858 4407 1185 4472 insinuatur,
1219 4412 1511 4464 secundum
1558 4429 1715 4482 quam
1755 4433 1817 4471 ex
1872 4421 2027 4473 Patre
2062 4407 2100 4460 Β
2135 4418 2220 4485 ligi
2279 4416 2486 4477 voluit,
2550 4430 2711 4481 quam
2763 4414 3021 4466 rationem
3078 4410 3370 4474 habuisset,
3423 4409 3584 4462 simul
3627 4411 3699 4463 ita

457 4509 550 4561 per
589 4494 780 4550 Filium
819 4500 1083 4565 procedit,
1142 4513 1191 4553 et
1241 4507 1532 4558 secundum
1597 4523 1754 4573 quam
1811 4510 1877 4565 ab
1919 4512 2032 4578 ipso

458 4584 655 4640 habere
702 4602 822 4642 esse
862 4590 1078 4643 dicitur.
1116 4592 1192 4645 Ac
1233 4595 1370 4646 sicut
1412 4596 1778 4652 indifferenter
1805 4620 1832 4653 a
1887 4603 2037 4655 theo~

459 4677 614 4743 logis,
652 4680 792 4731 sive
846 4696 908 4732 ex
948 4679 1121 4734 Patris
1176 4690 1431 4750 essenta,
1467 4689 1588 4741 sive
1636 4707 1700 4743 ex
1747 4693 1861 4760 ejus
1910 4694 2037 4747 sub—

457 4768 656 4819 stantia
688 4767 853 4823 Filius
887 4772 1099 4833 dicitur,
1133 4775 1197 4825 ad
1228 4776 1602 4831 insinuandam
1659 4780 1772 4850 ejus
1824 4797 1886 4835 ex
1935 4784 2025 4836 ilro

457 4856 851 4913 subStantiatn:
887 4860 957 4912 ita
1007 4872 1058 4914 et
1092 4861 1348 4930 Spiritum
1376 4882 1439 4919 ex
1470 4866 1625 4932 Filio,
1658 4870 1770 4923 sive
1820 4887 1885 4925 ex
1911 4873 2025 4939 ejus

454 4947 707 5007 essentia,
738 4948 849 5001 sive
888 4964 951 5001 ex
1002 4953 1295 5005 substantia
1325 4955 1500 5009 dicere
1524 4957 1885 5012 indiﬂercnter
1904 4975 2025 5026 pus-

454 5045 641 5088 sumus
711 5036 776 5088 ad
832 5040 1257 5105 ostendendum,
1298 5029 1467 5097 'illnm
1523 5060 1584 5098 ex
1643 5045 1777 5101 Filio
1832 5050 2025 5106 habere

456 5136 615 5189 esse;
643 5125 742 5178 nisi
772 5127 891 5191 quis
926 5128 989 5181 ad
1017 5133 1195 5183 omnia
1231 5133 1506 5201 impudens
1528 5150 1644 5187 esse
1676 5136 1817 5188 velit.

533 5215 587 5266 Si
617 5219 735 5281 quis
760 5227 935 5271 autem
970 5231 1023 5272 et
1047 5222 1131 5274 hic
1160 5237 1254 5290 per
1282 5226 1381 5277 hoc
1416 5226 1637 5279 indicari
1671 5229 2021 5280 consubstan-

458 5304 736 5360 tialitatem
788 5310 952 5376 dicat,
994 5312 1159 5367 Filius
1206 5327 1349 5369 certe
1404 5317 1470 5370 de
1514 5319 1744 5386 Spiritus
1788 5312 2020 5372 essentia

459 5410 565 5447 non
594 5394 812 5463 dicitur,
854 5414 1027 5468 neque
1080 5405 1409 5459 convertitur
1453 5406 1663 5460 habitus
1707 5408 1805 5460 ista
1835 5424 2021 5461 consc-

452 5489 696 5554 quentia.

2128 4518 2449 4562 connectere
2472 4507 2492 4559 ?
2522 4503 2592 4558 Ut
2616 4505 2761 4559 enim
2788 4504 2932 4557 hunc
2956 4502 3121 4571 etiam
3155 4516 3277 4555 esse
3321 4499 3698 4564 concedamus,

2134 4598 2440 4667 temporalis
2475 4598 2561 4649 illa
2595 4595 2870 4665 processio
2914 4593 3040 4662 quid
3086 4593 3151 4645 ad
3202 4606 3319 4646 eam
3350 4590 3703 4659 conl‘ert,quae

2132 4691 2248 4743 sine
2300 4700 2541 4757 tempore
2574 4686 2701 4741 est?
2751 4686 2995 4750 Quanam
3046 4697 3174 4737 vero
3226 4682 3432 4735 ratione
3482 4690 3703 4749 poneret

2136 4782 2272 4832 hanc
2326 4780 2670 4847 sempiternae
2705 4778 2850 4832 illius
2900 4775 3264 4847 processionis
3290 4788 3409 4826 esse
3445 4771 3703 4825 causam?

2134 4870 2333 4921 (bnncs
2370 4870 2566 4937 quippe
2612 4866 2903 4931 novimus,
2953 4866 3201 4934 quoniam
3253 4864 3521 4939 causalem
3579 4876 3703 4913 con-

2129 4960 2466 5024 junctionem
2506 4974 2603 5026 pro
2639 4971 2801 5011 causa
2833 4957 3026 5025 accipi.
3061 4955 3177 5008 Non
3224 4954 3389 5016 enim,
3444 4952 3701 5019 quoniam

2134 5066 2162 5101 a
2222 5048 2358 5102 Filio
2417 5048 2789 5115 temporaliter
2847 5047 3063 5111 emicat,
3123 5045 3242 5098 ideo
3293 5059 3321 5094 a
3384 5045 3540 5096 Patre
3588 5043 3701 5094 sive

2133 5147 2375 5207 tempore
2430 5141 2687 5207 procedit.
2728 5140 2849 5193 ldoo
2884 5150 3056 5191 tamen
3115 5152 3179 5189 cu
3229 5134 3390 5187 verbo
3424 5149 3554 5187 usus
3594 5142 3697 5192 est.

2130 5242 2187 5284 ut
2220 5236 2473 5299 emicare,
2517 5248 2612 5301 pro
2646 5249 2728 5299 co,
2761 5233 2901 5302 quod
2965 5242 3045 5286 est
3114 5231 3409 5297 procedere,
3462 5229 3699 5288 ὤθει-εις

2131 5324 2381 5390 quoniam
2417 5326 2678 5392 Spiritum
2730 5326 3145 5386 illutninantetn,
3197 5324 3355 5374 vitam
3385 5319 3696 5387 appellavit,

2128 5416 2434 5469 alternatim
2480 5418 2685 5472 scilicet
2738 5418 3091 5472 conversione
3160 5413 3413 5469 dictionis
3471 5421 3627 5463 utens
3682 5422 3694 5456 :

2128 5520 2434 5575 quanquam
2474 5518 2525 5562 et
2575 5509 2955 5577 magistrorum
3012 5505 3223 5574 plurimi
3283 5503 3502 5583 emicare
3556 5499 3700 5568 quod

526 5672 637 5740 (34)
710 5672 859 5727 Isaac
915 5673 1417 5745 Ercn1itarn,«-nju.-;
1477 5687 1688 5731 exstant
1747 5676 2002 5745 opusciila
2045 5682 2298 5741 ascetica.
