4010 6220
268 361 366 428 105

1313 341 1722 412 ADVERSUS
1764 345 2080 406 GR/ECOS
2120 345 2266 407 LIB.
2308 347 2392 408 ΙΙ.

3378 325 3509 407 tos

265 473 458 530 dicitur
496 470 554 522 in
601 463 940 522 substantiali
990 473 1346 530 personarum
1399 475 1654 532 processu
1702 473 1825 528 pro—
1854 462 1896 517 Α
1928 457 1979 511 in
2009 458 2204 513 divinis
2228 458 2491 528 personis,
2526 467 2584 512 ut
2608 473 2766 529 supra
2803 458 3126 514 declaratum
3156 465 3258 522 est,
3310 458 3376 510 ab
3404 459 3512 511 aiio

264 567 388 635 prin:
415 559 731 616 substantiae
779 554 1166 625 praetulerunt;
1193 553 1332 607 sicut
1380 561 1464 607 est
1499 551 1653 617 illud,
1689 550 1831 618 quod

264 655 506 712 canitur:
535 649 842 719 Unigettittts
873 646 1062 708 Filius,
1081 646 1172 714 qui
1192 660 1258 698 ea:
1289 643 1448 698 Patre
1472 643 1580 696 sine
1606 653 1833 711 tempore

262 745 488 818 egebit;
517 742 612 796 sed
639 740 806 794 etiam
838 735 1216 806 procedentem
1251 748 1315 787 ex
1363 732 1521 786 Patre
1573 731 1831 801 Spiritum

262 827 432 889 vitari
466 845 586 886 esse
628 822 860 882 viventis
929 821 1089 877 Verbi
1150 822 1300 877 dixit.
1359 820 1415 874 Si
1484 829 1662 874 autem
1715 820 1825 872 vita

257 939 316 978 ex
368 923 608 982 virente.
656 930 931 986 nunquam
975 923 1121 969 certe
1171 912 1272 967 erit
1323 914 1442 967 sine
1498 911 1700 980 Spiritu
1746 910 1835 964 Fi-

260 1016 392 1069 lius:
444 1013 598 1067 Sicut
645 1011 789 1064 enim
819 1011 986 1062 Pater
1039 1007 1191 1059 habet
1239 1005 1400 1058 vitam
1436 1007 1490 1057 in
1537 1004 1832 1071 semetipso,

256 1107 321 1160 sic
370 1106 521 1159 dedit
551 1115 603 1157 et
631 1101 772 1155 Filio
812 1101 972 1153 vitam
1005 1097 1194 1152 habere
1224 1098 1278 1151 iu
1308 1099 1582 1163 semetipso
1614 1097 1681 1148 ⁸⁸.
1713 1096 1832 1149 Vita

258 1207 437 1252 autem
468 1195 705 1266 Spiritus
751 1201 972 1248 sanctus
1001 1199 1106 1252 est,
1148 1203 1306 1258 quem
1351 1205 1456 1243 una
1488 1204 1612 1243 cum
1649 1187 1828 1241 Patris

256 1289 487 1344 essentia
525 1302 594 1341 ex
628 1286 794 1339 Patre
829 1295 1062 1350 nascens
1113 1280 1295 1334 trahit.
1328 1277 1513 1349 Neque
1559 1279 1705 1336 enim
1753 1285 1838 1331 est

252 1382 359 1436 sine
387 1380 527 1442 vita,
559 1379 649 1448 qui
682 1386 839 1431 natus
871 1384 973 1431 est.
1009 1375 1064 1429 id
1115 1376 1311 1446 quippe
1358 1384 1553 1443 praeter
1587 1372 1834 1440 impieta-

250 1483 346 1529 tem
393 1473 566 1528 etiam
603 1471 1008 1526 stolidissimum
1041 1483 1138 1536 est,
1173 1480 1230 1525 ut
1284 1469 1359 1522 ait
1395 1467 1833 1537 Chrysostomus,

252 1580 363 1620 cum
420 1562 555 1616 illud
605 1571 942 1631 exponeret:
993 1562 1144 1615 Dedit
1192 1562 1351 1614 vitam
1383 1600 1396 1613 .

312 1654 630 1717 Enimvero,
664 1653 946 1722 (ιυοηίωηὲ
959 1654 1197 1722 operatio
1222 1651 1346 1705 Filii
1371 1650 1600 1720 Spiritus
1619 1654 1838 1702 sanctus

253 1757 366 1797 esse
407 1742 592 1795 dictus
623 1716 709 1794 est
752 1716 1055 1796 subsistens
1083 1751 1136 1794 et
1175 1716 1602 1794 substantialiter
1650 1735 1834 1796 insita,

255 1843 476 1888 constat
502 1835 631 1907 quia
669 1847 767 1900 per
799 1831 1058 1902 Spiritum
1110 1841 1365 1899 operatur
1391 1869 1403 1882 .
1430 1829 1540 1885 Hoc
1573 1838 1750 1883 autem
1784 1836 1837 1880 et

249 1925 551 1978 communis
591 1923 841 1978 Ecclesia:
873 1924 1055 1993 opinio
1108 1933 1210 1990 est,
1244 1923 1476 1975 maxime
1525 1936 1643 1974 cum
1673 1919 1835 1973 etiam

249 2015 517 2070 Dominus
585 2016 820 2068 dixerit:
895 2012 954 2068 Si
1019 2024 1191 2065 autem
1273 2028 1364 2081 ego
1413 2013 1466 2063 in
1531 2010 1696 2078 digito
1743 2007 1840 2060 Dei

247 2106 400 2169 eiicia
447 2107 732 2169 daemonia,
763 2122 883 2175 ergo
916 2107 1142 2175 pervenit
1181 2105 1234 2157 iu
1267 2115 1351 2156 vos
1399 2119 1612 2172 regnum
1654 2100 1746 2152 Dei
1769 2100 1834 2152 “.

247 2198 402 2262 Quod
453 2197 594 2250 alius
650 2197 979 2268 evangelista
1016 2209 1290 2263 exponens
1321 2195 1397 2247 ait
1427 2213 1442 2247 :
1468 2193 1536 2247 Si
1576 2201 1750 2244 autem
1782 2192 1834 2243 in

250 2286 453 2354 Spiritu
523 2286 623 2340 Dei
664 2288 818 2357 ejicio
863 2287 1121 2341 dwmonia
1156 2285 1226 2339 °".
1256 2283 1423 2338 Filius
1485 2285 1669 2352 itaque
1732 2298 1832 2350 per

245 2379 517 2448 Spiritum
551 2377 669 2443 Dei,
701 2378 790 2448 qui
827 2380 992 2433 etiam
1031 2380 1162 2431 Suus
1207 2387 1289 2431 est
1339 2375 1594 2444 Spiritus,
1645 2390 1836 2444 opera-

251 2482 354 2524 tur.
409 2468 556 2524 Illud
621 2479 822 2535 autem,
873 2482 972 2537 per
1027 2471 1170 2538 quod
1223 2467 1502 2536 quisquam
1557 2476 1832 2532 Operatur,

251 2562 363 2616 sive
397 2561 561 2630 quasi
614 2575 838 2615 movens
867 2547 972 2624 est:
998 2570 1057 2613 ut
1104 2576 1220 2622 rex,
1248 2574 1342 2628 per
1385 2573 1543 2628 quem
1599 2558 1836 2613 civitatis

247 2651 594 2719 dispensator
624 2649 960 2705 administrat
1008 2665 1070 2705 ac
1096 2651 1233 2720 gerit
1259 2650 1476 2716 omnia;
1513 2650 1648 2714 sive,
1681 2659 1836 2718 quasi

247 2742 490 2811 speciale
528 2751 583 2796 et
614 2741 685 2796 ab
733 2751 848 2795 arte
895 2743 1149 2808 veniens;
1181 2751 1239 2794 ut
1266 2741 1459 2797 artifex
1519 2756 1614 2809 per
1662 2753 1832 2794 artem

250 2843 553 2904 operatur;
585 2833 698 2887 sive
729 2847 826 2900 per
870 2847 1088 2886 causam
1119 2833 1383 2886 naturalis
1431 2832 1645 2886 virtutis
1697 2847 1826 2886 suat.

309 2924 438 2979 Non
469 2940 604 2992 ergo
620 2925 789 2979 virtus
810 2925 1081 2994 operantis
1105 2939 1267 2979 causa
1293 2935 1398 2989 est,
1426 2925 1582 2979 sicuti
1606 2934 1656 2979 et
1681 2941 1835 2980 meus

249 3031 339 3084 per
378 3017 614 3069 verbum
655 3030 889 3084 operans
931 3017 1082 3085 quasi
1115 3032 1209 3082 per
1262 3018 1366 3070 vim
1408 3031 1559 3071 suam
1608 3026 1830 3071 natura-

1936 564 2054 604 esse
2081 550 2369 619 significat.
2400 549 2506 604 Per
2551 564 2706 619 quem
2760 549 3111 604 nihilominus
3164 563 3408 614 causam,
3453 559 3512 602 et

1935 641 2074 708 quod
2104 655 2167 694 ex
2194 655 2354 695 causa
2387 649 2494 706 est,
2531 640 2756 711 intelligi
2802 641 2988 696 voluit.
3020 639 3220 711 Nempe
3251 642 3392 696 enim
3443 642 3509 693 ab

1934 743 1999 784 eo
2027 745 2298 798 nunquam
2328 731 2546 786 daretur
2575 731 2678 784 nisi
2705 724 2870 785 etiam
2922 733 2988 784 ab
3017 745 3082 786 eo
3130 740 3277 786 esset
3306 749 3320 786 :
3353 733 3510 786 aliter

1936 822 2077 875 enim
2114 822 2346 878 ministri
2392 823 2704 892 fungeretur
2735 825 2870 878 vice.
2914 825 2958 878 Α
2988 839 3094 894 quo
3138 834 3312 879 autem
3361 825 3506 878 illum

1935 917 2052 970 dari
2087 918 2388 985 oportebat,
2422 925 2479 971 ut
2505 917 2619 985 ipse
2650 917 3096 984 aitAthanasius,
3146 917 3247 971 nisi
3299 917 3366 969 ab
3416 933 3505 979 eo,

1917 1009 2090 1077 cujus
2121 1009 2247 1061 est?
2275 1008 2384 1063 Hoc
2414 1017 2592 1061 autem
2625 1025 2730 1063 non
2759 1009 3021 1078 itafessct,
3053 1009 3153 1062 nisi
3181 1018 3234 1063 et
3261 1011 3326 1062 ad
3357 1009 3502 1062 illum

1938 1102 2252 1153 referretur.
2285 1100 2493 1154 Relatio
2522 1112 2699 1156 autem
2732 1117 2974 1164 causam,
3010 1113 3063 1155 et
3109 1102 3328 1156 causalc
3361 1117 3521 1163 com—,

1947 1194 2185 1247 mendat.
2219 1193 2389 1247 Filius
2418 1209 2546 1263 ergo
2574 1208 2735 1248 causa
2767 1195 2939 1248 sancti
2971 1193 3202 1264 Spiritus
3235 1205 3339 1249 est.
3382 1194 3505 1262 Spi-

1939 1285 2077 1340 ritus
2129 1287 2271 1339 enim
2328 1295 2548 1340 sanctus
2622 1301 2716 1354 per
2789 1287 2980 1340 Filium
3031 1302 3135 1340 non
3208 1295 3505 1353 operatur;

1939 1388 2205 1442 causaque
2276 1374 2361 1428 illa
2416 1384 2540 1438 est,
2603 1376 2726 1444 quia
2802 1375 2972 1428 Filius
3046 1390 3110 1429 ex
3184 1375 3343 1430 Patre
3413 1391 3501 1444 pet

1941 1463 2199 1534 Spiritum
2258 1479 2362 1518 non
2420 1465 2679 1532 gignitur,
2744 1465 2975 1534 Spiritus
3039 1476 3214 1520 autem
3245 1481 3307 1520 ex
3349 1466 3508 1520 Patre

1939 1572 2033 1626 per
2065 1555 2260 1609 Filium
2315 1557 2577 1623 procedit.
2612 1555 2913 1612 Secundum
2951 1570 3110 1625 quam
3165 1570 3296 1609 sane
3340 1555 3506 1608 ratio-

1939 1663 2084 1711 nem,
2117 1661 2213 1700 nec
2256 1646 2421 1700 Filius
2466 1647 2698 1716 operatio
2749 1657 2796 1697 et
2846 1648 3008 1698 virtus
3058 1643 3291 1713 Spiritus
3333 1645 3506 1699 sancti

1939 1740 2113 1794 dictus
2143 1749 2241 1793 est.

2009 1830 2200 1894 Porro,
2237 1831 2281 1884 si
2321 1831 2441 1898 quis
2488 1830 2726 1897 ejusdem
2759 1829 3054 1883 beatissimi
3082 1828 3181 1881 viri
3211 1828 3409 1880 dictum
3449 1827 3502 1879 in

1936 1923 2056 1976 fidei
2093 1922 2258 1991 ipsius
2275 1921 2618 1976 confessione
2647 1923 2756 1989 (55)
2781 1921 3216 1989 prmexpositum,
3249 1934 3356 1988 quo
3384 1919 3456 1972 ait
3485 1935 3501 1972 :

1935 2019 2161 2089 Spiritus
2204 2029 2439 2084 sanctus,
2474 2034 2538 2071 ea:
2574 2017 2734 2071 Patre
2765 2027 2815 2070 et
2862 2016 3004 2070 Filio
3037 2032 3139 2069 non
3183 2015 3376 2084 factus,
3410 2029 3502 2065 nec

1934 2123 2160 2177 creatus,
2182 2129 2272 2166 nec
2300 2113 2526 2181 genitus,
2556 2115 2644 2164 sed
2670 2109 2967 2176 procedens,
2998 2108 3304 2176 ambiguum
3323 2113 3502 2173 putat,

1934 2213 1986 2256 et
2020 2203 2168 2271 quasi
2221 2201 2576 2256 adulteralum
2631 2200 2987 2254 calumniatur
3034 2216 3048 2251 :
3101 2195 3334 2264 prinmm
3382 2195 3502 2261 qui-

1935 2293 2053 2346 dem
2087 2293 2136 2346 id
2175 2306 2359 2345 verum
2412 2305 2551 2356 esse,
2583 2289 2707 2343 inde
2746 2288 3087 2342 manifestum
3137 2294 3242 2352 est,
3272 2286 3395 2354 quia
3449 2294 3503 2339 et

1937 2382 2220 2452 theologus
2258 2382 2553 2450 Gregorius
2603 2381 2658 2434 in
2710 2379 2984 2433 Athanasii
3036 2379 3280 2431 laudibus
3322 2376 3502 2445 ‘ipsius

1936 2473 2180 2529 meminit
2210 2475 2433 2528 dicens:
2466 2471 2620 2526 Solus
2670 2472 2757 2525 ille
2813 2470 2887 2524 vel
2919 2485 3035 2522 cum
3090 2469 3269 2536 paucis
3315 2466 3500 2519 admo-

1934 2565 2076 2626 dum,
2106 2579 2264 2616 ausus
2296 2574 2372 2617 est
2401 2565 2659 2616 ceritatem
2693 2563 2744 2614 in
2770 2561 2976 2630 scriptis
2997 2559 3230 2627 conﬁteri
3256 2573 3274 2621 ,°
3303 2565 3351 2603 et
3383 2570 3500 2628 quae

1935 2656 2046 2709 illic
2074 2657 2424 2725 addit:quam
2457 2665 2582 2709 tunc
2618 2655 2870 2722 temporis
2891 2651 3263 2720 conscriptam
3301 2649 3367 2702 ad
3408 2647 3502 2700 Ju-

1933 2746 2062 2799 lium
2101 2746 2400 2802 Romanum
2437 2746 2744 2815 pontificem
2793 2744 2960 2808 misit,
2993 2757 3113 2796 cum
3161 2740 3503 2795 insimulare-

1935 2850 2023 2893 tur
2053 2853 2155 2892 non
2199 2847 2357 2892 rectae
2387 2852 2506 2892 esse
2544 2836 2684 2890 fidei.
2715 2835 2938 2900 Deinde,
2971 2841 3024 2886 et
3054 2847 3117 2886 ex
3147 2847 3210 2887 eo
3263 2839 3496 2892 constat,

1937 2929 2103 2998 ipsius
2132 2944 2309 2983 veram
2331 2943 2451 2984 esse.
2471 2967 2487 2991 ,
2508 2928 2648 2997 quod
2671 2941 2766 2995 per
2784 2940 2975 2980 omnes
2999 2923 3310 2978 Occidentis
3333 2923 3503 2977 eet-le-

1935 3024 2046 3077 sias
2083 3021 2382 3076 Dominicis
2410 3036 2625 3090 semper
2659 3019 2846 3073 diebus
2876 3017 3145 3088 psallitur.
3173 3026 3334 3084 atque
3361 3013 3500 3068 adeo

253 3108 348 3160 lem
401 3117 460 3161 et
515 3107 856 3188 elﬁcientiam
887 3147 903 3170 ,
950 3123 1114 3165 causa
1168 3119 1248 3164 est
1295 3111 1469 3173 verbi,
1503 3112 1593 3165 sed
1645 3125 1750 3166 non
1798 3126 1826 3165 e

1934 3116 2158 3174 celebris
2197 3124 2278 3170 est
2307 3126 2510 3180 auctor,
2545 3123 2603 3169 ut
2643 3127 2708 3168 ne
2748 3127 2776 3167 a
2812 3111 2994 3184 pueris
3025 3110 3238 3182 quidem
3283 3110 3502 3179 ignore-

249 3207 481 3250 mntra:
517 3199 722 3266 quippe
753 3199 930 3252 omnis
973 3202 1076 3264 vis,
1107 3209 1165 3254 et
1199 3203 1342 3255 actio
1386 3201 1706 3257 naturaliter
1736 3218 1830 3270 per

249 3289 488 3357 aliquem
540 3289 817 3356 prodiens,
870 3289 1032 3343 etiam
1069 3306 1135 3345 ex
1182 3291 1270 3344 illo
1301 3300 1405 3346 est.
1458 3292 1527 3344 At
1576 3300 1831 3359 operatur

220 3379 477 3444 .quidem
539 3391 637 3446 per
696 3377 950 3444 Verbum,
1008 3389 1160 3448 quasi
1205 3397 1300 3449 per
1331 3397 1480 3436 suam
1533 3383 1827 3437 naturalem

253 3469 382 3522 vim.
415 3467 690 3538 Operatur
723 3478 901 3525 autem
930 3470 1095 3526 Filius
1115 3485 1212 3541 per
1232 3474 1513 3542 Spiritum,
1540 3478 1692 3544 quasi
1727 3490 1828 3543 per

252 3560 562 3614 naturalem
613 3571 778 3629 atque
826 3561 1044 3618 insitam
1095 3565 1523 3619 substantialiter
1573 3569 1827 3622 virtutem

251 3652 595 3718 snadeeo,
612 3659 668 3708 et
697 3668 918 3721 magnus
948 3654 1174 3710 Basilius
1191 3656 1242 3709 in
1268 3672 1320 3710 tv
1340 3657 1697 3724 Quaestionum
1721 3661 1822 3714 ait:

253 3744 444 3813 Neque
473 3747 586 3798 sine
627 3744 771 3798 Filio
815 3746 941 3812 facit
977 3747 1239 3829 quippiam
1288 3748 1466 3812 Pater,
1503 3767 1663 3818 neque
1717 3753 1828 3804 sine

254 3835 462 3902 Spiritu
513 3835 706 3891 Filius.
736 3837 865 3891 Filii
898 3849 1071 3892 autem
1088 3839 1327 3904 Verbum,
1361 3840 1588 3910 Spiritus
1610 3857 1628 3894 :
1655 3862 1672 3893 ‹
1697 3842 1832 3897 Por-

255 3937 398 3986 tans,
427 3927 803 3991 inquit,omnia
836 3934 980 3981 verba
1011 3932 1216 3985 uirtutis
1247 3949 1412 3996 suat,»

326 4018 408 4070 Ex
445 4019 647 4084 quibus
678 4021 917 4086 profecto
951 4023 1202 4076 omnibus
1240 4032 1295 4077 et
1323 4026 1456 4078 ordo
1488 4029 1553 4079 ad
1601 4029 1830 4083 invicem

255 4107 569 4162 divinarum
615 4122 987 4176 personarum,
1017 4121 1068 4165 et
1123 4123 1180 4166 ut
1205 4128 1264 4167 se
1311 4114 1538 4170 invicem
1593 4128 1830 4182 teneant,

255 4216 471 4271 unaque
535 4203 836 4273 cogitentur
877 4215 932 4260 et
985 4205 1354 4276 intelligantur
1398 4212 1655 4267 constitit.
1692 4217 1834 4282 Quo-

259 4293 404 4345 niam
445 4293 616 4361 igitur
662 4295 899 4363 Spiritus
927 4309 1147 4352 sanctus
1196 4301 1392 4355 donum
1428 4302 1574 4367 Filii,
1626 4315 1678 4357 et
1707 4319 1832 4374 ope-

261 4384 401 4440 ratio
419 4385 596 4455 ipsins
624 4397 705 4440 est
729 4405 746 4453 ;
776 4388 1018 4454 operatio
1041 4401 1168 4444 vero
1195 4389 1263 4442 ab
1291 4401 1568 4460 operante,
1603 4394 1826 4449 donum-

1935 3223 2050 3274 tur;
2077 3225 2140 3266 ex
2194 3209 2298 3264 illis
2345 3207 2558 3277 quidem
2606 3205 2936 3275 temporibus
2975 3204 3169 3272 ubique
3200 3200 3499 3262 diffusum-

1931 3324 2035 3378 qtte
2082 3314 2267 3361 contra
2303 3302 2637 3356 lArianorum
2683 3298 2938 3360 hmrcsin,
2967 3306 3265 3363 contraque
3309 3309 3501 3350 omnes

1933 3412 2093 3454 rectae
2122 3398 2242 3452 fidei
2277 3394 2637 3458 adversarios,
2667 3391 2719 3446 in
2751 3389 2961 3448 cunctis
3000 3389 3242 3445 ecclesiis
3287 3387 3499 3457 publice

1931 3492 2052 3545 cani
2086 3499 2349 3557 praecepta
2362 3526 2375 3540 .

2003 3583 2111 3635 Aut
2138 3581 2304 3649 igitur
2327 3579 2486 3632 aliam
2542 3577 2778 3644 aliquam
2804 3573 3204 3628 confessionem
3234 3573 3370 3626 tanti
3398 3572 3496 3624 viri

1934 3675 2234 3739 proferant,
2266 3671 2418 3742 cujus
2442 3680 2496 3724 et
2525 3666 2831 3736 Tltcologus
2878 3663 3140 3725 uteminit,
3165 3673 3219 3716 et
3267 3661 3350 3714 cui
3386 3670 3492 3713 tra-

1933 3767 2064 3820 ditio
2103 3763 2355 3819 Ecclesia:
2385 3767 2704 3815 attestatur:
2743 3766 2836 3810 aut
2871 3760 2915 3810 si
2949 3756 3053 3811 hoc
3096 3769 3200 3807 non
3252 3763 3495 3821 possunt,

1934 3858 2090 3912 istam
2152 3870 2275 3908 cum
2329 3867 2492 3920 supra
2533 3850 2782 3918 exposito
2819 3849 2963 3902 dicto
3001 3846 3314 3914 suscipiant.
3363 3845 3497 3900 Tes-t

1934 3956 2115 4002 tantur
2147 3953 2324 3998 autem
2352 3945 2488 3997 hanc
2516 3941 2684 4009 ipsam
2728 3941 2846 3993 fidei
2899 3937 3292 3994 confessionem
3321 3938 3494 3991 sancti

1934 4038 2032 4091 viri
2063 4051 2202 4100 esse,
2235 4045 2394 4104 atque
2428 4034 2480 4087 id
2515 4035 2714 4086 dictum
2743 4032 2812 4084 ita
2842 4045 2901 4085 sc
2930 4031 3150 4092 habere,
3179 4031 3268 4097 qui
3309 4036 3498 4084 contra

1933 4129 2152 4183 Latinos
2187 4127 2352 4180 multo
2394 4137 2523 4179 ante
2560 4125 2896 4191 scripsentnt
2937 4135 3118 4187 :quam
3151 4120 3251 4175 sibi
3311 4129 3367 4171 ut
3407 4123 3500 4174 ad.

1934 4234 2184 4282 versam,
2244 4217 2441 4271 frustra
2499 4215 2824 4268 labefactare
2884 4215 3148 4268 nituntur.
3205 4213 3500 4281 Atque,ut

1937 4309 2158 4378 intelligi
2183 4309 2359 4370 datur,
2395 4316 2532 4369 tunc
2545 4305 2760 4377 quidem
2788 4306 2962 4358 adhuc
2984 4304 3319 4367 servabatur,
3347 4313 3498 4372 post-

1931 4400 2152 4454 modum
2185 4411 2310 4452 vero
2340 4394 2726 4463 pertinaciores
2755 4393 2820 4445 ad
2843 4391 3318 4446 contradicendnm
3347 4391 3493 4455 facti,

262 4489 368 4542 que
397 4493 426 4528 ³
467 4479 719 4532 mittente
750 4478 988 4548 effulget.
1033 4489 1084 4535 et
1126 4481 1382 4546 mittitur,
1419 4493 1473 4536 et
1519 4485 1682 4538 datur
1710 4505 1722 4539 :
1759 4486 1824 4539 li-
1858 4455 1902 4510 θ
1926 4493 2144 4563 omnino
2165 4488 2306 4542 illam
2325 4455 2540 4540 auferre
2567 4484 2868 4537 voluerunt.
2893 4482 3014 4550 Etsi
3044 4483 3200 4536 modo
3230 4483 3501 4536 nihilom'-

262 4575 413 4634 quet,
444 4567 571 4636 quia
631 4568 696 4622 ex
734 4567 870 4622 Filio
919 4579 1002 4624 est
1033 4567 1266 4637 Spiritus
1315 4581 1550 4630 sanctus.
1585 4572 1650 4627 Ut
1680 4574 1825 4628 enim

265 4656 430 4711 Filius
460 4671 559 4726 per
585 4671 744 4724 quem
773 4659 932 4713 Pater
953 4672 1226 4728 Operatur,
1249 4652 1312 4715 ex
1342 4661 1501 4718 Patre
1525 4673 1606 4718 est
1635 4681 1649 4726 ;
1673 4653 1745 4718 ita
1774 4673 1829 4719 et

266 4747 332 4798 de
375 4757 569 4802 sancto
618 4747 818 4816 Spiritu
865 4751 1172 4817 dicendum,
1221 4767 1318 4823 per
1367 4769 1524 4822 quem
1574 4767 1827 4824 operatur

268 4833 451 4891 Filius.
482 4835 673 4906 Neque
700 4839 839 4893 enim
873 4840 1013 4895 sicut
1044 4843 1116 4907 id,
1148 4847 1292 4907 quod
1333 4854 1537 4905 monet.
1569 4855 1661 4899 aut
1685 4850 1825 4902 sicut

267 4927 582 4994 artiﬁcialis,
606 4937 768 4998 atque
795 4933 1117 5000 exemplaris
1144 4949 1326 4998 causa,
1358 4942 1498 5004 quad
1529 4954 1619 5005 per
1651 4954 1826 5009 quem,

265 5019 482 5083 dicitur,
523 5022 609 5074 hic
654 5020 826 5074 locum
871 5023 1053 5077 habet.
1091 5025 1294 5092 Donum
1327 5037 1504 5082 autem
1534 5028 1689 5096 dixit,
1719 5031 1826 5097 vel,

266 5107 386 5174 quia
441 5109 775 5177 alternatim,
802 5119 858 5164 et
911 5113 1092 5167 hocin
1145 5113 1264 5168 loco
1313 5118 1666 5173 conversione
1717 5121 1830 5172 dic-

273 5197 430 5253 tionis
475 5215 608 5255 usus
671 5213 770 5257 est.
823 5205 1032 5257 Donum
1085 5207 1228 5260 enim
1288 5206 1354 5259 ad
1385 5205 1524 5272 dari,
1552 5223 1614 5262 ac
1662 5209 1821 5271 mitti,

269 5288 410 5352 quod
437 5291 664 5355 dicitur,
693 5294 968 5361 proprium
990 5302 1096 5348 est.
1135 5292 1232 5348 Vel
1261 5295 1388 5362 quia
1421 5295 1558 5367 dari,
1587 5311 1648 5352 ac
1689 5300 1827 5354 mitti

349 5495 392 5524 "
422 5492 570 5550 Joan.
600 5510 655 5562 v,
683 5494 776 5550 ‘26.
853 5497 896 5528 “
933 5497 1064 5552 an.
1102 5512 1180 5558 XI,
1202 5495 1295 5553 20.

1407 5495 1449 5526 "
1485 5496 1672 5553 Matth.
1706 5513 1800 5562 ιιι,
1828 5495 1918 5552 28.

1928 4597 2029 4637 nus
2062 4581 2274 4636 curiose
2295 4577 2688 4645 inquirentibus
2722 4588 2847 4627 raro
2882 4573 3005 4627 licet
3033 4574 3085 4626 in
3115 4573 3498 4629 vetustissima

1928 4665 2202 4720 codicibus
2247 4663 2317 4714 ita
2365 4662 2564 4714 habere
2610 4658 2902 4714 invenitur.
2937 4655 2992 4709 Si
3019 4656 3138 4723 quis
3174 4663 3350 4709 tamen
3379 4657 3499 4709 dil:-

1929 4757 2138 4828 gentius
2183 4753 2456 4823 inspiciat,
2486 4751 2619 4804 nihil
2668 4751 2753 4804 hic
2786 4764 2984 4804 novum
3033 4750 3232 4805 dixisse
3256 4757 3496 4806 sanctum

1928 4848 2104 4900 virum
2161 4841 2475 4910 comperict.
2526 4838 2776 4893 Plurimis
2820 4839 2963 4893 enim
3016 4838 3068 4894 in
3106 4838 3236 4893 locis
3280 4853 3375 4906 per
3405 4838 3492 4892 Fi-

1935 4939 2065 4991 lium
2105 4936 2252 4989 illum
2280 4948 2401 4988 esse
2427 4932 2520 4995 ait,
2547 4941 2600 4986 et
2630 4945 2658 4984 a
2690 4930 2827 4986 Filio
2861 4931 3120 4998 accipere,
3154 4939 3208 4984 et
3257 4929 3324 4982 ab
3383 4931 3498 4999 ipso

1930 5015 2140 5084 scilicet
2196 5027 2461 5095 accipere,
2493 5027 2635 5095 quod
2698 5023 2912 5094 accipit.
2943 5023 3000 5079 Id
3034 5035 3214 5079 autem
3251 5033 3336 5078 est
3385 5025 3501 5092 ejus

1929 5135 2068 5185 esse,
2097 5121 2346 5191 quodque
2372 5119 2530 5190 paulo
2558 5128 2682 5174 ante
2729 5119 2960 5180 dicebat,
2989 5133 3015 5171 a
3044 5116 3180 5172 Filio
3225 5115 3500 5186 effulgere,

1931 5211 2184 5283 quocirca
2209 5227 2368 5282 quam
2399 5227 2428 5265 a
2461 5211 2620 5266 Patre
2651 5210 3029 5280 procedentem
3055 5209 3310 5263 virtutem
3341 5209 3499 5277 dixit,

1936 5301 2195 5373 Spiritum
2243 5312 2491 5359 sanctum
2547 5318 2576 5357 a
2634 5302 2798 5358 Patre
2842 5301 3220 5374 procedentem
3273 5299 3502 5373 intelligi

349 5675 458 5756 (S5)
511 5674 826 5745 Symbolum
889 5675 1342 5732 Athanasianum.
1425 5677 1500 5738 De
1552 5678 1654 5732 hoc
1712 5665 1976 5750 Sytnbolo'
2038 5680 2158 5737 vide
2224 5679 2496 5736 eruditam
2578 5681 2998 5753 disputationem
3098 5679 3308 5740 Nicolai
3401 5681 3504 5737 Se-

282 5750 428 5799 rarii.

560 5838 822 5899 ΡΑτιυι..
873 5840 988 5900 Gtt.
1033 5840 1182 5899 CLII
1197 5883 1210 5898 .

3078 5835 3114 5897 ιι
