4046 6204
468 391 579 452 107

1734 374 2137 438 MANUELIS
2176 374 2485 436 εΑιΕρΛς

3554 366 3557 367 ί
3618 378 3720 443 tos

478 506 643 561 voluit
669 524 682 557 :
712 470 813 559 hoc
835 512 1010 557 autem
1024 512 1093 555 ex
1112 500 1271 554 Patre
1294 509 1393 565 per
1409 495 1603 550 Filium
1628 506 1751 550 esse
1788 504 1851 548 ac
1866 506 2059 564 praeco
2091 502 2132 555 Α
2163 489 2324 542 tionis
2359 489 2515 553 inest,
2543 490 2681 560 quod
2711 489 2882 543 lumen
2919 490 3151 560 genitum
3186 486 3360 544 Filius
3394 491 3460 545 sit
3493 508 3556 547 eu
3582 492 3724 564 iuge-

479 604 626 653 dere.
656 598 826 650 Porro
855 593 1098 655 ista'his,
1126 606 1245 661 quae
1288 589 1341 643 in
1384 587 1510 642 lidei
1536 585 1897 656 expositione
1952 599 2050 656 po-

479 687 768 754 suit,valde
798 698 1031 739 consona
1066 690 1212 736 sunt.

550 782 787 849 Apparet
815 776 974 832 simul
1002 790 1066 828 ex
1097 771 1485 841 superioribus,
1512 770 1640 841 quin
1672 776 1725 827 et
1753 769 1979 838 prodire,
1999 774 2053 823 et

481 872 744 940 profundi,
764 881 817 922 et
838 867 1113 939 proﬂuere,
1136 864 1483 924 etinundare,
1509 871 1561 917 et
1585 874 1873 924 nianare,et
1897 860 2051 928 efful-

482 976 618 1030 gere,
649 970 703 1014 ct
724 973 947 1028 qumque
975 955 1192 1018 similia,
1211 956 1454 1008 eamdem
1476 954 1708 1024 Spiritus
1729 953 1899 1007 sancti
1932 953 2055 1007 sub-

483 1053 735 1135 Statilium
765 1052 995 1120 signare,
1016 1064 1184 1117 quam
1213 1048 1376 1115 ipsam
1401 1047 1563 1101 etiam
1590 1046 1866 1116 procedere
1891 1044 2055 1115 signi-

488 1150 646 1210 ticat;
679 1159 787 1197 non
847 1142 1044 1202 solum,
1090 1140 1238 1208 quia.
1267 1148 1325 1192 ut
1378 1139 1577 1191 dictum
1625 1147 1729 1199 est,
1777 1138 1885 1192 duo
1930 1151 2053 1206 pro-

486 1250 668 1289 cessus
699 1232 870 1286 Sancti
925 1231 1160 1300 Spiritus
1194 1242 1296 1281 n0u
1333 1234 1480 1289 sunt,
1515 1236 1573 1281 ut
1600 1228 1819 1296 quidam
1839 1227 2052 1291 volunt,

485 1335 537 1380 et
568 1325 768 1379 idcirco
799 1324 898 1375 ista
952 1321 1152 1385 omnia,
1189 1321 1253 1372 ad
1296 1318 1702 1373 suhstantialem
1747 1331 2053 1385 processuum

486 1418 605 1488 ejus
661 1414 964 1471 reducenda
1013 1421 1170 1476 sunt;
1201 1425 1321 1464 cum
1373 1424 1468 1463 eos
1514 1409 1602 1477 qui
1652 1408 1899 1477 gcminos
1924 1407 2055 1461 istos

469 1521 776 1577 processus
817 1510 1044 1574 ponunt,
1094 1501 1259 1555 multa
1315 1501 1619 1553 necessario
1656 1497 2053 1551 absurdissima

487 1606 781 1668 sequantur
808 1614 820 1651 :
856 1612 1036 1649 verum
1070 1595 1196 1661 quia
1224 1601 1279 1645 et
1306 1591 1541 1656 theologi
1577 1606 1640 1642 ex
1669 1588 1828 1643 Patre
1868 1604 2057 1657 proce-

488 1697 636 1758 dere,
675 1700 727 1745 et
770 1688 1041 1759 profundi.
1073 1699 1125 1741 et
1172 1683 1457 1755 proﬂuere,
1490 1695 1545 1735 et
1586 1683 1758 1736 emitti
1793 1674 2055 1752 Spiritum

489 1796 731 1839 sanctum
784 1781 1124 1837 concorditer
1182 1786 1454 1841 asserunt,
1497 1776 1584 1831 ubi
1637 1776 1818 1830 dicere
1846 1775 2050 1839 volunt,

2156 583 2262 635 nilo
2294 580 2490 635 lumine
2520 581 2791 651 effulgens.

2224 670 2456 727 Sanctus
2511 682 2689 727 autem
2721 674 2950 742 Cyrillus
2981 674 3037 730 in
3067 690 3173 730 uno
3197 676 3556 745 capitulorum
3586 693 3716 734 suo.

2154 776 2273 817 rum
2302 763 2365 815 de
2394 763 2695 817 aeternitate
2729 761 2849 818 Filii
2874 765 2955 818 sic
2982 766 3057 819 ait
3085 782 3101 819 :
3135 765 3270 819 Erat
3304 767 3466 836 igitur
3489 769 3723 837 gignenti

2156 846 2314 903 Patri
2332 858 2617 903 corelernus
2644 848 2840 916 Filius,
2859 851 3012 905 veluti
3034 870 3063 905 a
3089 852 3230 921 fonte
3249 855 3476 923 quodam
3493 866 3726 925 paternae

2155 940 2466 995 substantia
2503 957 2747 998 manans.
2781 942 2844 994 Et
2874 943 2925 995 in
2952 942 3058 997 alio
3081 959 3099 996 :
3134 944 3238 1010 Qui
3265 947 3401 999 enim
3427 963 3463 999 tr
3505 957 3728 1016 paterna

2154 1035 2403 1104 processit
2433 1037 2680 1101 ruentia,
2711 1048 2910 1105 patrem
2952 1039 3193 1105 protinus
3224 1039 3450 1092 ostendit
3470 1054 3610 1106 eum,
3638 1043 3728 1107 qui

2155 1143 2208 1180 se
2229 1137 2496 1197 genuerat.
2532 1128 2596 1183 Et
2630 1130 2680 1181 in
2714 1129 2859 1183 alio:
2886 1128 3038 1194 Quod
3071 1146 3135 1183 ex
3169 1129 3343 1183 Patris
3368 1132 3589 1185 essentia
3610 1149 3732 1198 pro-

2156 1222 2312 1274 cessit
2349 1219 2597 1274 Verbum.
2645 1223 2819 1289 Atque
2870 1222 2923 1273 in
2959 1221 3125 1275 ~alio:
3157 1219 3316 1274 Pater
3368 1223 3614 1290 produxit
3666 1237 3730 1275 ea:

2155 1311 2322 1378 seipso
2356 1307 2551 1362 Filium
2600 1308 3022 1375 inseparabiliter
3052 1322 3205 1377 atque
3236 1311 3624 1364 incunctanter.
3661 1310 3727 1365 Et

2159 1403 2211 1456 in
2233 1401 2369 1455 alio:
2399 1401 2583 1454 Totum
2610 1417 2720 1454 esse
2742 1400 2872 1454 Fit‘ii
2898 1414 2961 1453 ea:
3011 1399 3189 1454 Patris
3228 1403 3450 1455 essentia
3475 1402 3726 1468 procedit.

2159 1487 2213 1544 In
2264 1489 2369 1543 alio
2410 1503 2623 1558 quoque
2652 1503 2671 1542 :
2702 1488 2955 1554 Quaanam
3007 1490 3141 1543 enim
3194 1490 3370 1557 passio
3395 1491 3510 1557 fieri
3541 1492 3595 1543 iu
3618 1494 3727 1547 sole

2160 1585 2409 1644 cernitur,
2432 1583 2640 1653 quando
2661 1584 2823 1650 gignit
2846 1583 3006 1635 lucem
3021 1582 3046 1634 .9
3064 1597 3307 1651 quamam
3324 1582 3567 1648 contingit
3593 1584 3728 1652 ignis

2158 1673 2442 1739 separatio,
2465 1675 2723 1740 quomodo
2742 1672 2931 1723 emittit
2959 1684 3024 1723 ex
3039 1685 3092 1723 se
3115 1670 3224 1736 ipso
3250 1669 3549 1737 fulgorem?
3570 1670 3724 1736 Quod

2160 1764 2204 1816 si
2238 1765 2457 1833 gignunt
2491 1763 2594 1816 ista
2638 1751 3079 1831 inseparabilitei,
3110 1764 3450 1829 emittunth
3478 1761 3723 1830 impasci-

492 1883 662 1948 ipsum
695 1893 757 1932 ex
791 1877 948 1930 Putre
983 1875 1290 1943 procedere.
1318 1867 1541 1936 Magnus
1587 1865 1782 1934 quippe
1821 1864 2052 1918 Basilius
2085 1844 2127 1907 Β
2156 1854 2348 1948 bilmr.
2383 1869 2499 1948 qua
2551 1868 2615 1948 fx
2672 1853 2737 1905 iis
2788 1859 2913 1948 sunt
2939 1867 2959 1915 ;
2986 1866 3155 1905 ηοητιι
3203 1850 3353 1920 longe
3414 1852 3620 1948 dignius
3682 1862 3733 1904 ιι

490 1964 609 2023 ait:
648 1967 786 2032 Quia
831 1979 932 2018 non
980 1965 1149 2032 prodit
1181 1964 1235 2014 in
1291 1969 1535 2029 tempore,
1577 1960 1720 2027 quod
1771 1960 1943 2027 prodit
1992 1973 2057 2013 es:

488 2062 617 2125 Deo,
650 2061 810 2113 etiam
842 2058 889 2110 si
916 2059 965 2109 in
1014 2066 1237 2117 tempore
1289 2056 1386 2123 fiat
1421 2052 1532 2119 ejus
1590 2053 1752 2114 actio,
1782 2060 1831 2103 et
1865 2059 2057 2105 wterne

488 2154 637 2205 habet
671 2149 867 2213 omnia,
899 2158 953 2200 ut
980 2148 1073 2201 Dei
1100 2146 1346 2214 Spiritus,
1376 2156 1532 2217 atque
1557 2163 1620 2201 ea:
1650 2148 1762 2216 ipso
1810 2160 2054 2197 manans.

478 2246 555 2299 'Et
596 2244 757 2299 illud:
789 2242 969 2309 Neque
996 2242 1131 2294 enim
1166 2241 1334 2293 minus
1362 2239 1560 2309 aliquid
1593 2254 1801 2293 eramus
1829 2237 2058 2290 habituri

482 2338 559 2389 “ad
589 2335 1001 2404 cognoscendum
1022 2330 1272 2399 Spiritum
1290 2344 1355 2383 ex
1379 2329 1485 2384 Deo
1514 2346 1647 2393 esse,
1680 2328 1930 2397 Spiritum
1955 2327 2059 2379 oris

486 2429 603 2497 ejus
654 2428 799 2480 illum
855 2424 1148 2487 audientes,
1174 2423 1264 2476 sed
1314 2421 1553 2476 idoneum
1588 2428 1638 2474 et
1687 2419 1828 2474 istud
1875 2433 2059 2472 nomen

492 2525 608 2571 erat
641 2507 827 2583 'ipsius
858 2529 921 2567 ex
972 2511 1077 2565 Deo
1141 2512 1407 2565 insinuare
1459 2510 1851 2564 substantiam:
1896 2509 2062 2564 verbo

494 2626 623 2667 esse.
657 2623 752 2676 pro
776 2622 862 2667 eo,
897 2606 1037 2673 quod
1075 2615 1177 2669 est,
1207 2604 1482 2671 procedere
1516 2618 1645 2657 usus
1677 2610 1778 2655 est.

566 2702 794 2754 Sanctus
820 2713 1036 2767 quoque
1063 2695 1366 2750 Maximus:
1398 2694 1630 2757 Emittit,
1668 2695 1862 2761 inquit,
1899 2692 2065 2746 Pater

490 2791 775 2859 Spiritum,
798 2788 898 2842 hoc
928 2797 1024 2849 est,
1055 2789 1244 2841 emisit.
1270 2788 1339 2841 Et
1377 2788 1489 2854 ipse
1544 2787 1610 2840 de
1648 2800 1902 2854 processu
1949 2785 2066 2854 ejus

497 2887 788 2951 disserens,
848 2895 907 2937 ut
974 2884 1220 2950 superius
1271 2882 1546 2942 constitit,
1580 2894 1702 2934 cum
1755 2886 2064 2932 sanctorum

482 2978 719 3032 Patrum
757 2976 1083 3030 auctoritate
1113 2975 1520 3028 ostenderemus
1549 3012 1562 3035 ,
1590 2972 1779 3033 emitti,
1811 2984 1875 3023 ac
1906 2970 2067 3032 mitti,

497 3070 635 3138 apud
684 3083 798 3129 eos,
843 3082 941 3136 pro
973 3080 1060 3133 eo,
1106 3067 1247 3135 quod
1302 3073 1404 3130 est,
1450 3063 1623 3126 nasci,
1665 3072 1719 3117 et
1770 3062 2067 3132 procedere

498 3161 674 3216 solere
711 3160 901 3229 accipi.

572 3277 807 3328 Sanctus
837 3272 962 3325 item
984 3269 1211 3340 Lyrillus
1244 3268 1353 3323 ait:
1384 3268 1568 3322 Prodit
1593 3277 1766 3321 autem
1793 3282 1856 3319 ex
1880 3265 2065 3331 Patre,

488 3375 548 3419 et
591 3364 732 3417 Filio
762 3373 846 3425 ;et
882 3368 1105 3419 constat,
1135 3360 1256 3428 quia
1286 3359 1459 3411 divina
1491 3367 1563 3411 est
1593 3356 1813 3409 essentia
1840 3356 1895 3408 in
1929 3355 2063 3421 ipsa,

502 3470 657 3525 atque
692 3470 755 3507 ex
803 3455 913 3521 ipsa
978 3452 1353 3519 protliens:ac
1408 3447 1747 3517 profunditur
1807 3462 1840 3499 a
1901 3443 2065 3509 Filio,

499 3551 633 3602 sicut
659 3548 814 3600 etiam
852 3561 914 3597 ex
946 3544 1050 3596 Deo
1081 3538 1126 3595 et
1164 3541 1345 3595 Patre.
1382 3538 1485 3594 Sed
1516 3547 1569 3593 et
1611 3540 1664 3592 in
1697 3552 1945 3591 sermone
1970 3550 2068 3589 suo

502 3642 567 3694 ad
605 3640 917 3700 monachos,
949 3648 1109 3702 atque
1136 3634 1189 3686 in
1224 3632 1569 3699 Expositione
1600 3630 1764 3683 divini
1791 3626 2029 3699 Symboli
2050 3667 2064 3692 ,

497 3734 579 3786 sic
615 3733 686 3783 ait
707 3745 722 3781 .'
742 3728 967 3795 Spiritus
993 3726 1355 3794 profunditur,
1371 3723 1603 3777 uidelicet
1633 3723 1885 3789 procedit,
1911 3718 2069 3772 veluti

499 3835 566 3877 (tt
597 3822 759 3889 fonte,
789 3836 850 3873 ex
886 3820 989 3871 Deo
1017 3806 1077 3871 et.
1094 3816 1274 3870 Patre.
1307 3813 1371 3866 Et
1410 3828 1620 3866 rursum
1656 3814 1722 3864 ad
1750 3809 2061 3863 Hermiam:

507 3913 671 3977 Nam,
698 3914 886 3979 inquit,
922 3906 1363 3967 animadvertisti,
1388 3906 1633 3972 quoniam
1660 3900 1918 3969 Spiritum
1950 3902 2068 3968 qui-

503 4011 621 4058 dem
672 4004 931 4057 ueritatis
966 4000 1247 4052 nominauit
1282 3994 1618 4050 Puracletum
1658 3994 1907 4047 Dominus
1931 3992 1957 4045 7
1982 3992 2072 4046 Ait

504 4094 735 4161 denique
759 4110 772 4145 :
792 4090 1052 4156 Quoniam
1077 4086 1305 4157 procedit
1322 4101 1386 4139 ea:
1405 4085 1586 4149 Patre,
1614 4100 1711 4137 sua
1747 4086 1920 4138 omnia
1945 4098 2070 4150 pro-

487 4186 616 4251 .prie
648 4185 946 4245 ostendens,
995 4194 1112 4249 qua:
1158 4176 1335 4231 Patris
1383 4187 1524 4231 sunt.
1554 4175 1632 4230 At:
1681 4189 1863 4229 rursus
1905 4175 1955 4227 in
1982 4188 2072 4227 eo-

505 4280 626 4329 dem
660 4293 672 4327 :
705 4273 1050 4341 Intelliglsne,
1086 4270 1364 4338 quomodo,
1394 4280 1450 4321 ut
1498 4269 1767 4336 proprium
1822 4281 1878 4319 se
1919 4265 2065 4317 nobis

491 4370 788 4421 missurum
820 4365 1095 4433 pollicetur
1125 4358 1400 4429 Spiritum,
1425 4360 1515 4428 qui
1539 4360 1769 4423 procedit
1790 4372 1855 4411 ex
1875 4356 2075 4410 Patre?

503 4459 575 4520 Et
608 4456 864 4526 Spiritum
886 4455 1089 4523 quidem
1117 4452 1347 4505 ueritatis
1375 4459 1561 4503 uocat:
1603 4447 1853 4517 profundi
1899 4456 2071 4501 tamen

486 4569 569 4606 γεω
601 4553 709 4620 ipso
737 4547 898 4601 Putre
926 4547 1181 4609 deﬁnivit.

580 4667 684 4720 Sed
716 4675 770 4718 et
796 4678 1020 4733 magnus
1072 4659 1419 4725 Athanasius,
1449 4660 1501 4713 in
1546 4675 1606 4715 ea
1646 4675 1808 4729 quam
1857 4659 2074 4726 scripsit

511 4756 873 4825 disputatione
908 4752 1202 4809 Orthodoxi
1227 4765 1280 4806 ct
1330 4750 1719 4817 Macedoniani,
1755 4752 1828 4803 ait
1858 4768 1871 4804 :
1906 4749 2075 4818 Spiri-

510 4854 592 4897 tus
665 4854 853 4896 natura
924 4851 1186 4906 sanctus,
1245 4852 1437 4894 natura
1507 4839 1959 4908 incorruptibilis,
2019 4849 2072 4892 ut

509 4938 742 5008 Spiritus
773 4936 891 5001 Dei,
926 4945 974 4988 et
1003 4952 1068 4989 ex
1094 4936 1205 4999 ipso
1238 4951 1480 4997 manans,
1507 4936 1609 4988 sive
1632 4940 1934 4999 procedens.

583 5031 719 5095 Quin
751 5030 912 5082 etiam
967 5028 1021 5081 in
1049 5026 1165 5082 Filii
1195 5042 1261 5081 ex
1290 5025 1444 5079 Patre
1468 5028 1767 5080 substantia
1799 5025 2077 5079 insinuan-

515 5123 605 5185 da,
625 5121 895 5187 prtedictis
925 5121 1104 5174 verbis
1134 5119 1212 5172 usi
1243 5128 1397 5173 sunt.
1429 5118 1650 5188 Magnus
1676 5119 1817 5169 enim
1856 5116 2078 5170 Basilius

516 5218 566 5266 in
592 5213 656 5265 III
675 5213 961 5282 qua‘stione
977 5211 1049 5264 ait
1074 5228 1090 5266 :
1121 5209 1300 5264 Patris
1317 5212 1520 5281 quidem
1544 5226 1606 5278 op
1631 5210 1739 5273 imi,
1760 5212 2079 5277 optimusque

519 5305 725 5363 Filius,
778 5320 840 5356 ex
896 5305 1090 5355 lumine
1147 5313 1315 5356 autent
1383 5304 1609 5371 ingenito
1665 5301 1837 5352 lumen
1882 5299 2077 5367 effulsit

515 5405 889 5460 sempiternum
912 5434 927 5457 ,
954 5399 1119 5464 atque
1145 5411 1206 5447 ea
1242 5411 1362 5446 vera
1399 5393 1506 5446 vita
1538 5393 1803 5452 vivi/iratis
1830 5392 2079 5459 processit

520 5491 656 5557 fons,
690 5497 841 5549 atque
871 5504 932 5539 ex
964 5489 1076 5555 ipsa
1113 5488 1298 5540 virtute
1336 5484 1432 5539 Dei
1461 5488 1621 5539 virtus
1651 5485 1867 5553 effulsit.
1896 5484 1998 5538 Sed
2029 5493 2082 5537 et

518 5581 682 5635 verho
714 5580 905 5647 effulsit
946 5584 998 5633 in
1030 5581 1258 5648 quadam
1289 5581 1510 5647 tnystiCa
1550 5579 1801 5631 sacrificii
1832 5577 2080 5629 oratione

518 5675 570 5725 in
611 5670 814 5738 Spiritu
874 5683 1062 5725 sancto
1094 5686 1220 5723 usus
1252 5682 1352 5734 cst,
1383 5669 1449 5723 de
1481 5668 1616 5723 Filio
1652 5670 1873 5722 dicens:
1903 5668 1943 5717 Α
1981 5682 2079 5735 quo

516 5763 746 5831 Spiritus
783 5781 993 5818 saueius
1027 5763 1241 5833 effu'sit.
1282 5764 1358 5817 Ac
1407 5779 1593 5816 rursus
1617 5764 1755 5816 idem
1804 5762 1854 5813 in
1881 5763 2078 5813 eisdem

519 5858 595 5911 ait
628 5870 645 5911 ε
678 5854 982 5911 Communis
1027 5859 1360 5925 pia’sumptio
1418 5856 1651 5908 omnibus
1684 5853 1839 5907 simul
1902 5851 2084 5907 Claris-

2158 1943 2491 1996 exeellentius
2545 1942 2729 1995 horum
2762 1942 3001 1995 conditor
3032 1951 3243 1995 natura
3267 1956 3379 1996 sua
3404 1943 3728 2009 splendorem

2168 2034 2386 2088 emittit?
2434 2032 2717 2087 Psallimus
2736 2032 2864 2086 item
2884 2033 2935 2085 in
2953 2032 3178 2087 canticis
3198 2032 3424 2097 Spiritus
3445 2032 3730 2100 confessor,

2158 2136 2207 2178 et
2235 2126 2514 2195 conformis
2535 2139 2600 2179 ex
2657 2123 2821 2177 Patre
2840 2123 2997 2177 simul
3047 2124 3265 2193 effulsit.
3318 2125 3384 2179 Et
3449 2125 3616 2180 item:
3654 2123 3732 2179 Tu

2160 2216 2258 2270 Dei
2284 2230 2447 2270 mater
2472 2217 2836 2270 incunctanter
2881 2214 3025 2285 farta
3053 2231 3106 2270 es
3132 2214 3268 2285 ejus,
3297 2218 3387 2286 qui
3413 2231 3479 2272 ea:
3518 2219 3732 2271 intueor.

2162 2310 2263 2363 tali
2293 2309 2475 2363 Patre.

2234 2401 2292 2455 Si
2325 2400 2487 2469 igitur
2526 2415 2641 2465 eos,
2668 2401 2756 2470 qui
2785 2400 2942 2455 binos
2969 2402 3137 2455 sancti
3183 2399 3423 2470 Spiritus
3446 2415 3735 2470 processus

2163 2504 2388 2563 ponunt,
2422 2494 2654 2547 absurda
2688 2492 2915 2562 plurima
2949 2502 3248 2561 sequuntur
3279 2508 3295 2547 :
3326 2492 3503 2547 verbis
3526 2502 3727 2560 autem,

2163 2588 2359 2653 quibus
2391 2585 2510 2640 Filii
2543 2601 2607 2641 es
2666 2587 2827 2641 Patro
2879 2585 3262 2643 substantiam.
3285 2600 3349 2639 ac
3384 2602 3568 2640 rursus
3598 2586 3733 2641 sub-

2165 2677 2469 2732 stantialem
2550 2677 2787 2747 Spiritus
2840 2691 2909 2731 ex
2967 2675 3125 2732 Patre
3196 2692 3506 2746 processum
3562 2680 3735 2732 sancti

2165 2769 2471 2839 significare
2530 2770 2796 2831 volentes,
2858 2767 3103 2836 ejusdem
3161 2770 3243 2822 usi
3313 2778 3439 2823 sunt
3486 2771 3536 2823 in
3578 2770 3737 2834 Filio,

2174 2870 2333 2929 atque
2368 2860 2420 2912 in
2452 2858 2652 2927 Spiritu
2698 2857 3011 2921 indiscrete,
3043 2868 3097 2914 et
3153 2859 3358 2928 absque
3408 2861 3514 2914 ulla
3562 2862 3739 2917 deter-

2172 2951 2515 3005 minatione:
2545 2951 2815 3019 quomodo
2846 2966 2950 3005 non
2975 2960 3029 3005 et
3059 2951 3146 3006 hic
3173 2966 3268 3020 per
3298 2952 3348 3003 id
3378 2956 3517 3017 quod
3541 2955 3738 3007 dicitur

2167 3042 2507 3109 profundi.et
2528 3042 2814 3105 inundare,
2844 3048 2898 3095 et
2922 3040 3197 3108 proﬂuere,
3218 3056 3312 3109 per
3341 3039 3553 3104 Filium,
3573 3052 3739 3110 atque

2172 3147 2203 3186 a
2236 3131 2374 3185 Filio
2405 3132 2508 3186 dici
2561 3131 2823 3200 Spiritum
2861 3141 3128 3195 sanctum,
3155 3145 3378 3186 necesse
3424 3132 3493 3185 sit
3540 3133 3739 3187 intelli-

2096 3232 2138 3290 ο
2172 3236 2297 3291 gere
2344 3221 2461 3289 ejus
2520 3234 2584 3275 es
2634 3221 2769 3276 Filio
2812 3220 3193 3283 snhstantism,
3230 3221 3523 3275 secundum
3572 3237 3733 3290 quali

2181 3327 2246 3366 ex
2272 3311 2431 3366 Patre
2462 3326 2556 3381 per
2582 3311 2776 3364 Filium
2810 3313 3090 3379 procedit:
3121 3311 3372 3375 maxime,
3393 3327 3516 3367 cum
3548 3314 3738 3367 beatus

2168 3397 2406 3468 Cyrillus
2431 3436 2448 3463 ,
2485 3398 2774 3466 profundi,
2814 3414 2912 3468 pro
2937 3414 3002 3454 eo
3026 3400 3217 3469 ,.Quod
3270 3411 3390 3467 est,
3434 3402 3769 3471 proeedere,.

2168 3491 2516 3560 apertissime
2543 3490 2852 3546 tradiderit.

2238 3582 2372 3647 Quia
2404 3583 2546 3635 enim
2586 3582 2720 3637 duas
2761 3598 2825 3637 ex
2860 3581 2968 3639 Deo
3006 3597 3263 3653 personas
3300 3584 3613 3653 procedere,
3642 3600 3730 3641 se.

2170 3678 2399 3727 cundum
2430 3673 2636 3729 scilicet
2663 3675 2928 3742 geminum
2957 3689 3263 3744 processum
3302 3675 3434 3731 fides
3468 3677 3690 3732 tradidit
3718 3693 3734 3732 :

2176 3766 2341 3820 aliam
2365 3766 2609 3833 quidem,
2650 3765 2945 3842 secundum
2988 3767 3322 3821 nativitatem
3350 3783 3367 3832 ;
3402 3768 3560 3821 aliam
3589 3784 3735 3831 vero,

2170 3859 2463 3911 secundum
2500 3857 2900 3926 processionem
2932 3876 2945 3913 :
2980 3867 3138 3927 atque
3159 3858 3297 3912 allus
3333 3859 3549 3928 quidem
3577 3859 3733 3925 Filio,

2171 3949 2308 4003 alius
2343 3964 2472 4004 vero
2502 3949 2725 4017 Spiritui
2757 3950 3027 4016 convenit,
3048 3961 3277 4015 constat,
3304 3951 3739 4021 quandoquidem

2172 4039 2232 4094 Fi
2262 4041 2345 4094 ius
2406 4055 2473 4094 ex
2501 4039 2660 4095 Patre
2711 4042 3041 4110 procedere,
3079 4042 3359 4104 inundare,
3387 4054 3443 4097 et
3490 4042 3657 4097 ﬂuere
3707 4056 3738 4095 a

2170 4130 2437 4199 theologis
2486 4130 2747 4184 asseritur
2779 4147 2792 4184 :
2819 4132 2917 4183 ista
2952 4168 2969 4190 .
3028 4145 3125 4199 pro
3171 4145 3237 4184 eo
3265 4131 3409 4198 quod
3458 4130 3739 4196 est,naoci,

2176 4222 2258 4275 vel
2288 4222 2434 4291 gigni
2498 4221 2865 4290 intelligenda.
2900 4220 3035 4275 Cum
3081 4236 3207 4276 vero
3238 4222 3469 4292 Spiritus
3522 4231 3740 4277 sanctus

2177 4314 2294 4368 sive
2326 4330 2355 4368 a
2401 4312 2583 4378 Patre,
2621 4315 2736 4368 sive
2764 4328 2794 4367 a
2844 4313 2984 4368 Filio
3035 4314 3304 4383 profundi.
3332 4324 3388 4367 et
3421 4314 3657 4382 prodire,
3680 4324 3737 4369 et

2178 4402 2448 4473 proﬂuere
2473 4404 2671 4458 dicitur
2700 4421 2715 4458 :
2752 4405 2885 4467 haec,
2928 4418 3024 4473 pro
3050 4418 3115 4459 eo
3143 4405 3288 4471 quod
3320 4412 3403 4458 est
3428 4404 3741 4471 procedam.

2180 4492 2530 4562 accipienda;
2558 4492 2737 4547 verbis
2766 4492 2884 4545 istis
2916 4491 3165 4546 omnibus
3197 4504 3511 4557 processum
3556 4490 3745 4558 cujus-

2105 4583 2303 4639 Dhbet
2359 4599 2425 4639 ex
2483 4583 2660 4651 aliquo
2720 4582 3137 4648 insinuantibus,
3172 4592 3225 4637 et
3278 4580 3477 4649 ubique
3524 4582 3744 4648 quidem

2176 4673 2348 4741 aptari
2404 4672 2752 4742 peculiarius‘
2791 4672 3126 4736 valentibus,
3157 4680 3320 4740 atque
3366 4672 3419 4724 in
3465 4670 3568 4725 hoc
3618 4670 3743 4726 loco

2178 4764 2444 4834 propriam
2476 4766 2687 4833 utrique
2720 4780 2961 4833 persona:
2990 4763 3348 4819 substantiam
3379 4761 3582 4817 aﬂatim
3614 4765 3740 4817 red-

2176 4856 2338 4907 dere:
2372 4854 2519 4907 alteri
2547 4856 2761 4924 quidem
2798 4854 3097 4920 nascendi;
3140 4854 3292 4907 alteri
3342 4868 3495 4917 vero,
3556 4867 3748 4922 proce-

2181 4944 2341 4998 dendi
2398 4945 2647 5010 ratione;
2686 4960 2807 4999 cum
2864 4945 2964 4998 alia
3020 4943 3240 5013 quidem
3289 4944 3358 4997 sit
3409 4944 3749 4998 continenter

2176 5050 2241 5088 ex
2299 5035 2471 5105 prima
2496 5076 2510 5099 .
2546 5036 2689 5101 alia,
2724 5051 2818 5103 per
2836 5050 2954 5090 eam
3001 5050 3120 5104 quae
3154 5047 3240 5091 est
3286 5035 3624 5111 continenter
3674 5048 3748 5089 ex

2180 5127 2390 5195 prima:
2438 5128 2634 5197 quippe
2685 5126 2777 5180 isti
2827 5126 3092 5182 ambobus
3135 5135 3265 5182 sunt
3316 5126 3743 5180 substantiarum

2182 5219 2418 5274 termini.

2259 5307 2475 5374 Verum,
2511 5311 2759 5378 quoniam
2792 5312 2862 5367 ab
2890 5310 3140 5366 omnibus
3171 5309 3482 5366 doctoribus
3511 5306 3749 5378 Spiritus

2178 5409 2401 5454 sanctus
2448 5404 2514 5455 ex
2564 5399 2699 5455 Filio
2753 5401 3046 5469 procedere
3098 5400 3586 5468 asseritur,liquet
3624 5414 3750 5469 pro-

2181 5493 2342 5553 iecto,
2379 5492 2502 5560 quia
2553 5494 2847 5549 secundum
2898 5505 3141 5549 naturam
3193 5503 3296 5555 est,
3334 5494 3413 5545 vel
3457 5490 3746 5546 secundum

2181 5581 2448 5635 accidens.
2472 5582 2522 5636 Id
2544 5583 2740 5652 quippe
2767 5594 3136 5637 creaturarum
3161 5594 3289 5636 esta
3320 5581 3427 5636 Deo
3456 5597 3565 5635 non
3589 5591 3747 5633 natu-

2184 5673 2366 5726 raliter
2401 5678 2707 5743 procedere.
2745 5675 2798 5729 Si
2830 5675 3009 5745 igitur,
3041 5677 3337 5729 secundum
3378 5685 3629 5727 naturam
3675 5685 3743 5723 ex

2185 5762 2320 5817 Filio
2360 5765 2599 5832 procedit
2644 5766 2900 5834 Spiritus,
2936 5768 3039 5821 hoc
3089 5776 3267 5819 autem
3307 5765 3516 5817 duobus
3575 5762 3753 5817 modis

2184 5856 2284 5912 lit:
2319 5857 2399 5913 vel
2437 5856 2727 5913 secundum
2768 5859 3131 5927 nativitatem,
3167 5858 3250 5915 vel
3282 5849 3757 5924 secundumer
