4046 6204
348 362 458 427 ωε»

1403 359 1801 421 ADVERSUS
1831 354 2155 417 ‘GRXECUS
2200 353 2344 416 LIB.
2384 355 2463 414 li.

3480 345 3584 410 110

339 476 647 530 cessionem
680 491 695 539 ;
731 480 925 542 prater
974 471 1073 526 ista
1126 470 1268 526 enim
1308 470 1491 526 nullus
1525 470 1660 524 alius
1716 466 1916 525 divinis
1945 469 1989 528 Α
2019 464 2305 536 signiﬁcat.
2341 465 2530 534 itaque
2560 464 2734 520 dictus
2768 469 2851 520 est
2881 462 3093 532 quidem
3130 457 3363 532 Spiritus
3386 456 3583 518 Patris.

344 565 591 636 personis
616 563 909 617 secundum
944 575 1202 618 naturam
1233 576 1519 631 processus
1549 570 1633 618 est
1664 579 1679 628 ;
1708 575 1904 615 secun-

343 660 473 711 dum
538 656 872 710 nativitatem
927 660 1074 721 vero,
1105 669 1388 724 processus
1426 654 1479 710 in
1540 653 1743 722 Spiritu
1796 666 1917 707 esse

348 762 455 802 non
513 752 726 815 potest,
762 745 833 799 ita
889 746 1031 800 enim
1088 756 1235 802 esset
1275 744 1508 814 Spiritus
1539 744 1703 800 Filius
1754 744 1912 799 Filii:

346 838 689 895 mandestum
721 847 804 894 est
834 836 1071 908 Spiritus
1092 853 1156 892 ea
1186 836 1323 892 Filio
1346 850 1678 906 processum.
1710 845 1767 890 ut
1796 849 1921 905 pro-
2021 833 2334 889 communia
2407 833 2549 887 Patri
2580 874 2595 899 ,
2660 843 2713 889 et

348 932 590 986 cedentis
619 944 741 985 esse
762 946 784 987 :
819 931 1085 999 simulque
1113 938 1407 984 constatex
1438 928 1542 992 his,
1570 927 1836 997 eiulgere,
1862 933 1918 981 et

340 1023 689 1091 profundi,et
713 1022 1136 1091 proﬂuere,quod
1159 1022 1374 1085 dicitur,
1403 1036 1429 1073 a
1458 1020 1592 1075 Filio
1621 1021 1914 1090 Spiritum:

346 1115 522 1183 ipsum
574 1129 643 1168 ex
696 1114 858 1167 Patre
916 1114 1332 1183 procedentem,
1383 1112 1601 1167 unicum
1660 1111 1916 1180 Spiritum

345 1213 620 1268 sanetum,
650 1218 758 1257 non
789 1203 988 1258 donum
1016 1202 1229 1271 aliquod
1266 1202 1384 1255 sine
1413 1200 1717 1257 substantia
1748 1201 1918 1270 signi-

346 1297 539 1360 fucare,
569 1303 627 1348 ut
660 1293 880 1363 quidam
934 1294 1154 1361 volunt;
1191 1295 1331 1348 sicut
1384 1294 1527 1347 enim
1588 1295 1699 1348 sive
1725 1293 1918 1357 Filius,

340 1388 466 1442 sive
534 1387 769 1456 Spiritus
831 1385 1124 1456 eﬂulgere,
1176 1394 1229 1439 et
1290 1385 1556 1455 proﬂuere
1631 1400 1694 1442 es
1764 1387 1921 1442 Patre

347 1481 568 1543 dicitur,
603 1477 1004 1546 ipste'personae
1047 1477 1245 1530 divina:
1294 1476 1579 1543 signantur
1628 1478 1925 1545 proceden-

352 1582 469 1627 tes:
504 1573 577 1625 ita
609 1581 667 1624 et
710 1569 943 1638 Spiritus
988 1584 1019 1623 a
1071 1568 1208 1622 Filio
1261 1567 1532 1637 profundi,
1564 1577 1620 1623 et
1664 1569 1921 1639 effulgere

349 1676 473 1716 cum
503 1661 722 1721 dicitur,
755 1673 808 1714 et
840 1660 1076 1715 maxime
1123 1673 1246 1717 cum
1288 1658 1365 1712 sic
1394 1659 1682 1727 conjuncta
1735 1672 1922 1728 proce—

2024 558 2118 611 sed
2143 566 2198 613 et
2229 557 2459 626 Spiritus
2498 558 2740 613 veritatis
2776 565 2878 610 est.

2094 648 2161 701 Et
2196 644 2428 703 mittitur
2462 649 2678 721 quidem
2711 664 2739 702 a
2772 649 2951 717 Patre,
2985 649 3217 704 mittitur
3252 656 3428 702 autem
3468 655 3522 701 et
3555 659 3584 696 a

2025 739 2202 804 Filio;
2264 742 2459 811 quippe
2517 743 2820 813 aqualiter,
2859 758 2923 797 ac
2977 748 3095 797 sine
3128 741 3234 795 ulla
3284 739 3587 795 diEereutia

2796 833 2934 889 Filio
2995 842 3120 888 sunt
3194 846 3313 901 qua:
3366 830 3590 898 singulis

2026 936 2053 975 a
2095 924 2360 993 theologia
2395 924 2764 993 assignantur.
2795 924 2971 992 Atque
3028 921 3239 991 proﬂuit
3289 922 3503 990 quidem
3548 938 3585 971 ρ

2024 1011 2205 1077 Putre,
2261 1015 2533 1084 proprium
2588 1020 2768 1067 autem
2805 1014 2929 1069 Filii
2983 1024 3087 1078 est,
3136 1021 3195 1067 ut
3246 1022 3300 1067 et
3353 1013 3419 1064 ab
3468 1011 3587 1080 ipso

2025 1115 2259 1159 emanet.
2317 1105 2461 1158 Fons
2514 1106 2656 1159 enim
2705 1107 2876 1181 sancti
2914 1107 3147 1174 Spiritus
3202 1115 3255 1160 et
3290 1103 3461 1159 Filius
3522 1103 3590 1158 ait

2026 1196 2281 1252 Ecclesia:
2344 1198 2616 1264 magistris
2666 1201 2952 1253 asseritur.
3008 1197 3075 1252 Et
3145 1198 3309 1253 habet
3373 1198 3586 1267 quidem

2024 1287 2342 1345 substantia
2396 1304 2613 1345 causam
2662 1304 2734 1343 ex
2792 1290 3065 1357 primitirn
3114 1291 3337 1354 lumine;
3374 1288 3588 1357 elfulget

2025 1393 2155 1432 vero
2188 1394 2284 1446 per
2313 1380 2668 1449 unigenitum,
2693 1380 2948 1449 quoniam
2979 1395 3072 1446 per
3090 1382 3274 1443 ipsum
3298 1390 3399 1438 est.
3427 1388 3589 1446 atqu

2026 1484 2123 1535 per
2148 1468 2350 1525 Filium
2385 1471 2527 1540 quod
2564 1472 2781 1538 dicitur,
2822 1481 2876 1526 et
2910 1471 3022 1539 ipse
3058 1469 3228 1525 Filius
3262 1472 3327 1524 ad
3368 1470 3584 1527 Patrct'u

2028 1562 2377 1617 reducuntur.

2099 1649 2159 1702 Et
2191 1650 2364 1704 dictus
2391 1651 2736 1720 estquidem,
2777 1666 2805 1704 a
2857 1651 3011 1705 Patre
3044 1652 3356 1717 procedere,
3398 1664 3588 1717 proce-
3662 1722 3663 1725 η

347 1755 484 1808 dens
539 1767 606 1807 ex
661 1751 821 1806 Patre
860 1767 955 1819 per
999 1751 1191 1806 Filium
1216 1749 1485 1819 profundi,
1518 1764 1582 1805 ac
1634 1753 1922 1818 procedere
1958 1813 1989 1819 _
2029 1741 2104 1793 dit
2131 1755 2257 1795 vero
2283 1755 2378 1807 per
2399 1740 2613 1799 Filium.
2647 1742 2889 1811 Namque
2915 1758 2976 1795 ea
3007 1741 3168 1799 Patre
3196 1743 3335 1809 quod
3368 1742 3588 1804 dicitur,

350 1846 602 1910 δεωιιπ,
640 1845 753 1913 ipsa
789 1813 971 1897 dm“,
1025 1813 1257 1913 ρει-,οηά
1310 1842 1544 1911 spira“,
1592 1813 1916 1896 ίτζείηυκηιι,
1948 1813 1990 1869 C
2018 1829 2167 1897 juxta
2206 1829 2423 1885 Patrum
2459 1834 2803 1897 sententiam,
2836 1833 2996 1887 etiam
3054 1848 3151 1901 per
3190 1832 3382 1888 Filium
3411 1835 3592 1905 sequi-

351 1932 744 1991 Procedentem
798 1933 942 1987 enim
971 1946 1035 1986 ex
1078 1932 1235 1986 Patre
1286 1931 1578 1999 Spiritum,
1610 1946 1770 1986 nemo
1807 1932 1926 1986 sine

352 2026 658 2080 substantia
705 2026 886 2080 dicere
914 2024 1214 2095 praesumit,
1249 2024 1355 2081 nisi
1394 2025 1517 2097 quis
1551 2025 1925 2094 blasphemaro

354 2118 505 2173 velit.

432 2226 565 2280 illud
596 2236 801 2289 autem,
829 2227 971 2296 quod
1007 2227 1224 2297 quidam
1258 2228 1432 2294 aiunt,
1460 2236 1678 2283 sanctos
1721 2227 1925 2303 dicere,

354 2317 619 2387 Spiritum
668 2328 921 2373 sanctum
972 2319 1263 2386 procedere
1298 2320 1516 2387 quidem
1557 2335 1623 2374 ex
1662 2320 1841 2383 Patre,
1894 2333 1923 2373 a

355 2413 500 2469 Filio
549 2422 730 2467 autem
768 2411 1140 2481 profundi;et
1198 2428 1438 2478 rursum,
1481 2416 1773 2484 procedere
1803 2416 1926 2484 qui-

357 2506 479 2558 dem
510 2520 573 2559 ex
604 2504 786 2569 Patre,
819 2506 888 2560 ab
916 2519 981 2559 eo
1004 2514 1185 2559 autem
1223 2504 1500 2575 eﬂulgere,
1522 2507 1607 2561 vel
1650 2507 1925 2576 proprium

358 2596 531 2663 ipsius
581 2610 726 2659 esse,
761 2596 847 2651 vel
907 2610 1015 2651 non
1055 2596 1310 2661 alienum,
1344 2607 1398 2651 et
1446 2612 1564 2666 qute
1605 2598 1730 2652 talia
1766 2618 1778 2652 :
1833 2613 1928 2668 per

360 2690 462 2743 bas
511 2687 924 2755 conjunctiones
970 2688 1322 2753 connexivas,
1358 2690 1764 2745 substantialem
1809 2691 1928 2761 Spi-

365 2782 506 2835 ritus
544 2793 862 2847 processum
922 2778 1060 2833 Filio
1093 2779 1367 2842 tollentes,
1425 2781 1678 2850 Patrique
1725 2782 1931 2836 solum-

360 2873 524 2925 modo
566 2872 718 2926 hunc
754 2872 1133 2937 attribuentes,
1179 2873 1400 2925 outniuo
1448 2872 1776 2928 imbecillum
1825 2884 1927 2929 est.

363 2966 685 3037 Huiusmodi
751 2968 949 3037 quippe
1020 2968 1229 3023 illorum
1298 2983 1449 3023 meus
1517 2979 1600 3023 est
1675 2970 1927 3036 quoniam

363 3064 564 3117 dicitur
600 3062 817 3133 quidem
858 3061 1091 3132 Spiritus
1131 3078 1196 3117 ex
1235 3061 1396 3118 Patre
1427 3063 1739 3131 procedere,
1790 3063 1931 3117 unde

2028 1928 2110 1973 tur
2137 1936 2153 1987 ;
2197 1922 2354 1975 aliter
2381 1923 2580 1989 quippe
2613 1925 2909 1990 procedens
2941 1937 3044 1979 non
3069 1934 3230 1981 esset.
3256 1924 3441 1993 Itaque
3461 1941 3592 1983 con»

2029 2021 2251 2067 nectunt
2283 2013 2451 2081 magis
2484 2013 2652 2079 Patri,
2695 2014 2886 2070 Filium
2928 2018 3221 2072 secundum
3251 2033 3584 2085 processum,

2029 2117 2126 2157 seu
2181 2105 2580 2171 processionem
2629 2107 2800 2162 sancti
2837 2109 3088 2176 Spiritus,
3124 2126 3285 2179 quam
3349 2111 3589 2168 diuidunt

2028 2193 2333 2262 linjustnodi
2366 2195 2798 2263 coniunctiones.

2098 2286 2299 2341 Eorum
2351 2297 2554 2354 autem,
2614 2288 2703 2357 qui
2744 2289 3104 2347 dili‘erentiatn
3132 2294 3383 2350 essentiae
3410 2295 3589 2351 Patris

2032 2391 2098 2431 ac
2144 2376 2269 2432 Filii
2322 2389 2549 2449 pergunt
2609 2391 2872 2447 astruere,
2918 2382 3131 2438 dirisim
3183 2400 3246 2439 ac
3280 2385 3591 2444 daill‘erenter

2029 2467 2133 2522 ista
2185 2470 2410 2525 reddere
2448 2481 2563 2539 est;
2616 2474 2829 2543 quippe,
2876 2476 2946 2528 ita
2994 2476 3590 2541 diridentes.essentiaa

2032 2574 2250 2628 quoque
2316 2562 2617 2617 differentia
2688 2566 2997 2621 necessario
3050 2581 3327 2637 sequetur.
3386 2570 3590 2641 Nempe

2029 2652 2174 2706 enim
2212 2662 2263 2707 et
2312 2654 2587 2725 theologus
2616 2655 2907 2727 Gregorius
2936 2660 2989 2713 in
3029 2662 3145 2717 suis
3195 2663 3261 2719 de
3310 2665 3591 2720 divinitate

2033 2746 2393 2811 sermonibus,
2425 2746 2476 2800 in
2503 2748 2766 2805 orationis
2796 2755 2971 2818 parte,
3015 2751 3251 2819 Patrem,
3272 2752 3339 2810 ~et
3370 2754 3592 2823 Filium,

2034 2845 2085 2889 ct
2124 2835 2387 2911 Spiritum
2419 2849 2666 2897 sanetum
2707 2842 2981 2906 invocans,
3024 2853 3185 2913 atque
3229 2849 3591 2915 subiuferens,

2033 2928 2199 2981 alium
2229 2930 2436 2995 quidem
2470 2933 2594 2984 bene
2638 2933 2987 3001 complacare,
3022 2937 3185 2990 alium
3245 2955 3362 2992 vero
3410 2956 3595 3008 coope-

2034 3020 2166 3078 rari.
2207 3020 2372 3077 alium
2408 3032 2581 3075 autem
2615 3024 2921 3091 inspirare;
2965 3042 3085 3081 non:
3106 3044 3240 3084 sane
3287 3044 3382 3097 per
3412 3032 3595 3098 hujus-

362 3111 658 3209 secunduin
693 3111 982 3210 essentiam
1029 3154 1099 3209 illi
1134 3111 1534 3226 peculiarisrest
1566 3171 1579 3206 :
1613 3123 1924 3221 nontamen
1951 3136 1996 3196 θ
2037 3111 3243 3226 Ι-ῗῖῃωηξῗῗῃῗίῗῖῗὟηφιωωπ
3274 3122 3595 3226 Ῠίνθ..ἰιῖ⁸ξῇ’

359 3260 441 3301 est
499 3248 713 3302 alienus
762 3261 790 3298 a
850 3246 1010 3310 Filio,
1063 3244 1303 3318 Spiritus
1344 3245 1487 3299 enim
1535 3243 1658 3298 Filii
1706 3244 1925 3309 dicitur,

360 3340 514 3406 juxta
548 3339 690 3405 quod
734 3336 835 3392 sibi
869 3337 1031 3390 etiam
1069 3336 1356 3403 peculiaris
1390 3344 1494 3391 est.
1532 3335 1660 3391 Ideo
1689 3344 1742 3391 et
1768 3336 1835 3389 ab
1860 3354 1928 3393 eo

263 3450 275 3459 ν
360 3431 731 3498 profunditur,
757 3428 1207 3499 quemadmodum
1235 3444 1298 3483 ex
1333 3427 1442 3484 Deo
1469 3436 1523 3482 et
1548 3428 1727 3495 Patre,
1756 3430 1928 3487 lieres

358 3522 509 3577 enim
556 3529 909 3588 paternorum
946 3518 1207 3572 bonorum
1241 3526 1348 3578 est,
1385 3527 1440 3573 et
1470 3519 1722 3588 proprius
1756 3518 1927 3588 ipsius

364 3618 472 3671 est,
510 3618 691 3677 utpote
745 3622 841 3675 per
885 3607 1059 3675 ipsum
1115 3608 1432 3661 naturaliter
1460 3608 1737 3675 prodiens,
1779 3618 1832 3664 et
1861 3624 1925 3669 ex

369 3701 494 3765 ipso
542 3701 833 3755 exsistens.
894 3696 1080 3767 Igitur,
1118 3697 1224 3752 etsi
1274 3700 1518 3766 procedit
1547 3715 1611 3754 ex
1653 3694 1835 3765 Patre,
1876 3710 1931 3755 at

362 3803 545 3857 sreque
580 3804 610 3842 a
650 3787 788 3842 Filio
819 3787 1053 3841 alienum
1090 3794 1303 3856 oportet
1330 3788 1599 3845 aestimare
1631 3791 1925 3845 secundum

363 3900 489 3938 eum
542 3897 701 3950 quem
751 3882 1094 3951 praediximus
1132 3878 1371 3934 modum.
1425 3878 1678 3936 Procedit
1734 3882 1931 3953 quippe

364 3990 462 4045 per
494 3970 717 4030 Filium.
747 3970 1051 4027 Procedere
1102 3981 1280 4025 autem
1315 3971 1458 4039 quod
1504 3973 1722 4037 dicitur,
1766 3974 1926 4027 etiam

362 4082 462 4134 per
497 4064 689 4119 Filium
723 4064 1090 4133 consequitur.
1141 4063 1312 4117 Aliter
1340 4063 1481 4117 enim
1512 4078 1617 4117 non
1660 4065 1929 4121 diceretur

360 4173 428 4210 ex
469 4157 631 4214 Patre
665 4158 974 4228 procedere.

437 4291 741 4347 Lassatur
786 4297 841 4345 et
875 4290 957 4345 bis
1004 4305 1231 4359 magnus
1274 4291 1524 4354 Basilius,
1571 4305 1693 4348 cum
1746 4291 1927 4348 dicit:

2032 3204 2338 3266 rationem,
2408 3206 2522 3260 sive
2578 3209 3015 3275 cooperationetn
3080 3213 3322 3279 personis
3378 3214 3592 3281 divisit;

2038 3308 2209 3362 neque
2260 3296 2402 3348 enim
2460 3296 2667 3365 singula
2726 3298 2915 3352 horum
2971 3301 3196 3368 singulis
3241 3319 3592 3373 personarum

2037 3386 2207 3454 magis
2262 3388 2478 3457 proprie
2534 3393 3031 3457 accommodantur,
3085 3411 3247 3463 quam
3302 3399 3523 3469 reliquis
3575 3417 3590 3455 :

2030 3491 2240 3540 verum,
2295 3480 2474 3559 omnia
2526 3484 2859 3537 conveniunt
2918 3486 3164 3556 singulis,
3220 3489 3328 3543 imo
3379 3503 3433 3545 et
3483 3501 3591 3547 tota

2038 3562 2392 3634 Trinitas,ut
2422 3586 2561 3626 unus
2592 3572 2734 3627 Deus
2765 3574 3013 3641 inspirat,
3038 3586 3092 3630 et
3135 3579 3233 3632 sibi
3270 3581 3405 3635 bene
3446 3598 3594 3635 cotu-

2039 3658 2213 3727 placet
2259 3658 2310 3713 in
2339 3659 2518 3723 bonis,
2553 3674 2607 3716 et
2638 3664 2996 3731 quodcunque
3029 3666 3409 3724 inchoantibus
3444 3673 3595 3739 adju-

2037 3748 2141 3804 trix
2199 3758 2301 3803 est.
2358 3749 2533 3817 Atque
2583 3751 2778 3819 ubique
2832 3754 3049 3821 penitus
3082 3770 3308 3824 quaeque
3342 3763 3596 3827 personis

2040 3840 2390 3909 assignantur
2437 3850 2495 3894 ut
2528 3843 2771 3911 propria,
2802 3844 2922 3898 sine
2968 3846 3074 3900 ulla
3107 3848 3371 3904 varietate
3395 3865 3597 3907 conue-

2041 3929 2192 3994 nient
2245 3945 2261 3985 :
2311 3930 2401 3985 ubi
2461 3947 2567 3985 non
2634 3934 2931 4001 opponitur
2994 3936 3277 3992 relationis
3342 3940 3594 4008 obiectio,

2038 4022 2487 4091 quemadmodum
2518 4026 2796 4092 processio
2850 4026 3104 4094 Spiritus,
3133 4029 3253 4084 Filii
3290 4032 3354 4088 ad
3382 4033 3593 4088 Patrem

2034 4112 2283 4169 relationi
2334 4115 2464 4168 nihil
2514 4114 2716 4182 obstat,
2749 4125 2806 4171 ut
2856 4119 2905 4172 in
2959 4116 3313 4190 sequentibus
3362 4126 3599 4182 lucidius

2038 4204 2448 4263 monstrabitur.

2111 4294 2262 4361 Quod
2304 4294 2348 4349 si
2390 4297 2681 4365 procedere
2713 4299 2881 4370 ipsam
2916 4302 3227 4372 dictionem,
3253 4321 3373 4376 qua;
3411 4309 3600 4366 Grteee

366 4379 534 4435 Illius
557 4381 767 4447 quidem
791 4382 861 4433 ad
897 4379 1107 4435 Patrem
1131 4382 1505 4449 proprietatem
1532 4381 1768 4451 intelligo
1796 4397 1929 4451 σιω·
1958 4438 2010 4468 ﬁ
2035 4387 2432 4457 ἐκπορεύεσθαι
2485 4389 2702 4455 dicitur,
2741 4393 2794 4446 in
2830 4393 2964 4451 Filio
2988 4396 3267 4465 inquirunt
3307 4415 3321 4452 :
3364 4403 3597 4468 primum

358 4473 516 4525 ariam
548 4471 779 4539 procedit
811 4486 876 4524 ea:
914 4468 1112 4535 Patre;
1160 4473 1228 4525 ad
1266 4471 1465 4526 Filium
1504 4488 1642 4534 vero,
1685 4449 1933 4538 quoniam
1958 4449 2012 4511 Β
2037 4449 2254 4548 quidem
2315 4476 2556 4547 pluribus
2606 4449 2768 4550 supra
2824 4449 3597 4558 rationibus

358 4560 598 4615 audiui:
631 4577 651 4611 ι
682 4558 745 4616 Si
774 4560 889 4625 quis
918 4558 1177 4630 Spiritum
1225 4560 1422 4617 Christi
1451 4577 1557 4619 non
1608 4562 1786 4626 habet,
1834 4578 1936 4617 non
2037 4570 2182 4640 quod
2225 4570 2327 4623 alia
2384 4586 2598 4640 quoque
2639 4574 2799 4628 verba
2863 4576 2965 4631 bac
3021 4578 3195 4645 ipsum
3251 4580 3601 4641 nihilominus

362 4660 446 4707 est
475 4650 591 4717 ejus
619 4650 685 4704 “.
718 4668 737 4702 ι
788 4649 853 4743 Et
882 4649 1013 4743 illud
1054 4666 1071 4707 :
1101 4649 1282 4720 Neque
1327 4651 1489 4743 enim;
1506 4651 1678 4709 minus
1736 4652 1934 4718 aliquid
2035 4662 2361 4731 significant.
2402 4662 2626 4730 Deinde,
2664 4665 2792 4734 quia
2821 4676 2874 4719 et
2897 4683 2925 4719 a
2956 4669 3160 4723 sanctis
3185 4685 3399 4740 quoque
3421 4676 3596 4743 posita

366 4758 591 4834 eramus
625 4742 858 4834 itabituri
889 4742 959 4834 od
995 4744 1425 4834 cognoscendum.
1452 4740 1709 4810 Spiritum
1740 4760 1804 4797 lx
1829 4744 1934 4801 0ιο
2032 4764 2131 4809 est
2172 4753 2481 4821 huiusmodi
2543 4754 2727 4809 dictio.
2783 4755 2889 4809 Sed
2927 4766 2979 4811 et
3042 4759 3242 4827 ipsum,
3296 4740 3440 4831 quod
3505 4780 3599 4834 per

364 4849 502 4896 esse,
544 4832 801 4897 Spiritum
836 4833 943 4885 oris
970 4830 1082 4898 ejus
1109 4832 1378 4885 audientes
1408 4847 1560 4896 eum;
1590 4834 1682 4891 sed
1718 4834 1924 4915 sumere

2038 4845 2230 4900 Filium
2273 4844 2565 4913 procedere
2592 4844 2811 4910 dicitur,
2846 4861 2875 4899 a
2920 4846 3178 4905 Patribus
3219 4830 3600 4908 commendare

361 4926 459 4979 bat
506 4932 558 4979 et
594 4925 689 4980 hoc
716 4939 904 4979 nomen
963 4923 1035 4979 ad
1085 4923 1485 4989 insinuandstm,
1528 4924 1696 4993 ipsius
1727 4940 1792 4978 ea:
1830 4923 1924 4977 Dec

2042 4936 2256 5001 sullicit,
2307 4935 2448 5004 quod
2488 4938 2649 4991 etiam
2703 4940 2949 5009 procedit
2977 4955 3045 4996 ex
3086 4942 3248 4999 Filio.
3280 4944 3594 5013 Quanquam

361 5034 477 5074 esse
504 5016 880 5071 substantiam.

430 5132 608 5185 Porro
641 5128 820 5183 Patris
871 5144 936 5182 os
985 5127 1153 5183 Filius
1200 5138 1305 5191 est,
1364 5138 1424 5182 ut
1480 5128 1672 5183 Patres
1725 5127 1933 5185 volunt.

358 5219 601 5273 Prorsus
633 5235 787 5284 vero,
816 5220 959 5288 quod
991 5228 1178 5274 sancto
1210 5218 1439 5287 Spiritui
1485 5219 1549 5271 ad
1582 5216 1800 5272 Patrem
1830 5226 1932 5283 est,

356 5328 430 5363 ex
478 5309 641 5364 Patre
664 5310 968 5375 procedere,
1010 5307 1294 5379 Patrisque
1331 5309 1591 5378 Spiritum
1620 5308 1769 5363 dicit:
1802 5308 1928 5373 boe,

361 5409 421 5453 et
474 5400 544 5452 ad
574 5399 793 5461 Filium,
823 5401 892 5453 ab
943 5399 1062 5468 ipso
1094 5401 1359 5467 accipere,
1392 5409 1450 5454 et
1499 5400 1709 5465 audire,
1740 5409 1795 5453 et
1829 5414 1932 5452 cae—

358 5502 508 5555 sera,
542 5506 664 5559 qua
695 5491 814 5545 Filii
843 5492 1101 5558 Spiritum
1128 5507 1249 5547 esse
1278 5494 1680 5546 commendant.
1717 5490 1848 5545 Nam
1881 5498 1935 5545 et

357 5597 398 5632 at
447 5579 609 5633 Patre
641 5582 932 5647 procedere
960 5581 1103 5651 quod
1153 5582 1351 5638 dicitur
1393 5597 1423 5635 a
1472 5581 1636 5638 Patre
1688 5583 1932 5650 accipere

487 5760 536 5791 ”
571 5759 729 5811 llom.
762 5775 880 5824 νηί,
915 5759 970 5813 9.

2042 5030 2239 5097 quibus
2280 5044 2394 5084 non
2452 5029 2707 5095 sufileiat,
2743 5033 2884 5101 quod
2930 5048 2993 5086 ex
3040 5033 3181 5088 Filio
3217 5034 3454 5104 Spiritus
3473 5052 3600 5091 esse

2044 5132 2264 5178 sanctus
2307 5124 2547 5179 dicitur?
2591 5140 2713 5179 eum
2762 5128 2935 5181 sancti
2970 5127 3074 5182 hoc
3097 5129 3351 5197 plurimis
3384 5131 3434 5185 in
3468 5132 3602 5187 locis

2043 5215 2294 5282 dixerint,
2342 5232 2465 5269 cum
2514 5217 2579 5271 de
2628 5206 3006 5285 persunaiibus
3055 5221 3370 5278 substantiis
3420 5222 3598 5278 disse»

2037 5318 2273 5362 rerent:
2331 5310 2661 5377 uerbumque
2693 5325 2827 5375 esse,
2882 5312 3274 5366 substantivum
3322 5326 3445 5367 cum
3504 5316 3598 5381 sit,

2032 5402 2214 5470 magis
2272 5402 2435 5455 etiam
2492 5400 2789 5471 cuiuspiam
2865 5419 2930 5458 ex
2994 5404 3178 5473 aliquo
3242 5406 3598 5465 substantiam

2040 5493 2346 5561 exprimere
2377 5491 2563 5561 possit,
2608 5492 2762 5561 juxta
2815 5494 3024 5551 scilicet
3075 5498 3279 5568 proprii
3305 5512 3601 5570 processu;

2044 5582 2341 5637 terminum.
3563 5594 3598 5605 -Α
