4046 6204
416 336 419 337 ⁷
478 343 591 407 "ill

1746 342 1961 403 MANU
1975 345 2138 403 ELIS
2166 346 2246 406 CA
2261 348 2469 409 LEC

3624 355 3725 419 ΗΞ

563 455 828 508 Prmterea
866 462 1078 507 constat
1116 466 1178 505 ex
1218 450 1605 521 superioribus,
1632 451 1771 519 quod
1819 452 2047 504 dicimus
2076 456 2119 512 Α
2155 457 2278 509 tima
2355 462 2608 534 (actione)
2690 464 3175 521 eminentissimum
3243 466 3500 522 Ecclesia:
3526 470 3731 539 'magic

495 550 546 599 in
589 546 725 599 Filio
783 559 1006 598 manere
1044 544 1323 611 Spiritum,
1363 543 1503 611 quod
1547 542 1764 610 quidam
1798 542 1887 596 his
1914 542 2050 610 obji-

488 643 647 693 ciunt
671 679 686 702 ,
710 638 799 706 qui
830 637 991 689 etiam
1014 650 1077 688 cx
1111 634 1247 687 Filio
1278 633 1577 701 proferunt,
1607 634 1737 688 nihil
1763 649 1856 688 eos
1880 634 2050 701 juvat.

494 733 594 798 Qui
646 730 785 783 enim
820 735 874 780 et
928 741 994 780 ex
1040 724 1174 778 Filio
1213 724 1472 791 Spiritum
1510 726 1713 786 dicunt,
1745 736 1795 780 et
1830 726 1879 779 in
1916 725 2054 778 Filio

494 826 650 891 longe
675 821 822 890 prius
844 818 1166 873 confitentur
1188 834 1203 881 ;
1222 832 1449 885 namque
1478 825 1530 870 et
1552 818 1743 878 sancti,
1763 826 1817 871 ct
1842 820 1892 869 in
1917 817 2054 870 Filio

492 919 703 979 dicunt;
759 924 811 966 ct
866 927 961 980 per
1027 911 1225 977 ipsum,
1283 918 1336 963 et
1373 924 1437 961 ex
1494 910 1607 976 ipso
1645 926 1773 973 esse,
1828 911 2049 963 addunt.

492 1006 675 1073 Neque
710 1005 808 1057 hoc
839 1003 1032 1063 solum,
1057 1000 1148 1054 sed
1177 1008 1231 1053 et
1260 1000 1309 1051 in
1340 1000 1517 1063 Patre,
1549 1008 1602 1053 et
1634 1001 1683 1052 in
1714 1000 1849 1053 Filio
1878 999 2052 1067 Spiri-

494 1110 602 1151 ttun
646 1107 889 1151 sanctum
945 1108 1188 1147 manere.
1244 1092 1397 1145 Sicut
1434 1103 1613 1146 autem
1666 1094 1715 1145 in
1754 1092 1913 1146 Patre
1941 1109 2055 1146 ma—

490 1204 643 1252 nens,
685 1189 845 1239 etiam
884 1199 948 1238 ex
1008 1185 1126 1253 ipso
1172 1194 1273 1245 est,
1321 1183 1400 1236 sic
1434 1191 1487 1235 ct
1530 1183 1582 1236 in
1624 1182 1757 1236 Filio
1804 1196 2050 1245 manens,

486 1283 648 1335 etiam
685 1296 748 1333 ex
804 1279 921 1345 ipso
972 1286 1074 1329 est.
1127 1273 1243 1328 Non
1298 1273 1441 1327 enim
1492 1272 1739 1342 preteeto
1788 1273 2051 1342 quispiam

488 1372 869 1439 blasphemare
900 1366 1135 1429 audebit,
1162 1368 1230 1419 ita
1264 1365 1317 1417 iu
1356 1363 1491 1416 Filio
1524 1378 1739 1417 manere
1770 1362 2050 1431 Spiritum,

486 1468 628 1520 sicut
678 1465 730 1516 iu
767 1460 1007 1529 quolibet
1042 1467 1374 1518 sanctorum,
1430 1454 1713 1523 inquibus
1762 1456 2054 1523 requiescit

489 1558 727 1626 quidem,
755 1562 810 1607 et
840 1558 1042 1615 manet,
1077 1548 1169 1603 sed
1198 1562 1293 1616 per
1327 1546 1576 1617 gratiam,
1626 1560 1727 1599 non
1762 1561 1859 1615 per
1890 1558 2052 1602 natu-

481 1667 629 1704 Tilllt.

561 1730 821 1793 rma-ea
878 1751 1025 1797 vero,
1077 1732 1217 1801 quod
1268 1733 1528 1801 procedit,
1586 1733 1638 1786 in
1678 1747 1762 1795 eo,
1822 1742 1885 1785 ex
1946 1744 2051 1798 quo

2165 558 2360 615 strum,
2393 567 2456 606 ac
2483 563 2729 611 sanctum
2762 559 3142 625 prtedicarnnt.

2240 641 2342 696 Sed
2390 651 2444 697 et
2470 645 2536 699 dc
2570 650 2959 715 pramominato
3002 656 3192 703 sancto
3230 648 3514 703 Anastasio
3537 647 3728 701 Antio-

2164 735 2337 791 ebeno
2366 738 2691 805 patriarcha,
2715 750 2864 793 sexta
2889 742 3142 808 synodus,
3167 740 3245 792 sic
3264 741 3333 791 ait
3358 756 3372 792 :
3404 738 3728 802 Suscipimus

2162 837 2403 880 sanctum
2465 829 2804 881 Anastasium
2865 842 3005 881 recta
3062 830 3163 896 ﬁde
3211 830 3601 895 respondentem
3631 844 3726 895 pro

2163 927 2302 969 torno
2329 920 2515 981 sancti,
2543 937 2605 972 ac
2632 922 2935 973 uenerabilis
2953 913 3124 989 Papae
3152 922 3359 975 Leonis.
3393 924 3466 976 Ac
3491 938 3680 976 rursus
3708 942 3721 976 :

2164 1008 2418 1063 Sanctum
2453 1013 2691 1064 nominat
2725 1012 2912 1065 Oriens
2963 1023 3100 1064 totus
3139 1014 3275 1065 hunc
3303 1023 3498 1068 sancta:
3533 1032 3727 1067 memo-

2160 1100 2255 1152 rite
2318 1102 2680 1162 Anastasium,
2725 1104 2818 1167 qui
2873 1103 2973 1170 fuit
3039 1104 3332 1156 Antiochia:
3383 1106 3725 1169 archiepisco-

2160 1208 2277 1259 pus,
2328 1202 2376 1245 et
2415 1195 2505 1261 qui
2559 1210 2675 1247 eum
2729 1212 2832 1247 non
2889 1196 3131 1262 suscipit,
3182 1195 3320 1248 Deus
3372 1199 3721 1250 anathemati-

2161 1290 2261 1336 ιρι.

2235 1374 2467 1429 Sanctus
2498 1375 2690 1451 igitur
2747 1375 3006 1440 Hilarius,
3047 1378 3297 1444 antiquus
3346 1377 3526 1442 Pater,
3562 1389 3722 1446 atque

2160 1465 2512 1531 venerabilis,
2528 1478 2595 1520 'et
2619 1466 2833 1520 dicendi
2872 1468 2942 1531 vi,
2977 1478 3030 1521 et
3056 1467 3408 1537 philosophia)
3431 1471 3640 1532 studiis,
3667 1482 3723 1522 ct

2162 1553 2447 1623 theologia:
2479 1555 2836 1621 sublimitate,
2866 1566 2919 1610 et
2944 1558 3063 1610 vitae
3095 1559 3378 1621 munditia,
3402 1570 3453 1612 et
3486 1560 3721 1611 miracu-

2162 1642 2333 1697 lorum
2367 1646 2674 1700 ostensione
2729 1648 2965 1711 maxime
3010 1648 3210 1711 clarus,
3274 1650 3367 1714 ita,
3424 1660 3481 1702 ut
3534 1650 3721 1703 beatus

2158 1736 2489 1806 Augustinus
2528 1739 2592 1791 de
2642 1739 2732 1791 illo
2779 1739 2926 1792 dicat
2973 1758 2984 1792 :
3032 1737 3228 1792 Mirum
3291 1757 3439 1802 sane,
3499 1743 3545 1793 si
3598 1743 3719 1808 quis

486 1832 752 1901 procedit,
804 1829 952 1897 prius
978 1824 1276 1879 substiterit
1304 1838 1524 1878 necesse
1555 1830 1655 1875 est.
1693 1822 1874 1891 Neque
1904 1822 2045 1875 enirn
2082 1807 2123 1864 Β
2154 1826 2423 1880 Hilarium
2479 1829 2649 1896 legem
2700 1846 2802 1881 non
2856 1831 3153 1883 admiratur
3200 1848 3316 1884 cum
3370 1832 3448 1885 his
3527 1834 3617 1900 qui
3664 1835 3719 1885 in

484 1939 548 1976 ex
592 1922 684 1972 illo
716 1920 873 1971 aliter
898 1917 1234 1985 procederet.
1270 1911 1323 1964 in
1355 1912 1549 1966 divinis
1574 1921 1753 1965 autem
1778 1910 2046 1980 personis,
2098 1956 2107 1991 ζ

476 2016 644 2072 simul
693 2024 748 2068 et
807 2013 858 2065 in
894 2012 1029 2079 ipso,
1077 2014 1129 2060 et
1178 2021 1272 2074 per
1319 2007 1511 2075 ipsum,
1558 2013 1612 2057 et
1657 2019 1723 2059 ex
1778 2004 1895 2071 ipso
1943 2010 2047 2063 cst,

486 2104 709 2179 propter
743 2104 1120 2165 aeternitatem,
1160 2109 1215 2153 et
1247 2099 1387 2168 quod
1440 2097 1550 2151 illic
1587 2096 1839 2165 tempori;
1868 2095 2049 2148 nullus

492 2213 639 2252 locus
668 2198 757 2249 sit.
792 2194 943 2264 Sicut
991 2206 1119 2260 ergo
1157 2190 1327 2253 Filius
1362 2190 1413 2241 in
1468 2186 1630 2240 Patre
1660 2187 1931 2241 exsistens
1983 2201 2047 2238 ex

489 2305 604 2357 ipso
628 2298 732 2351 est,
766 2297 817 2341 et
844 2285 1078 2353 Spiritus
1101 2291 1323 2335 sanctus
1350 2278 1627 2341 similiter;
1658 2278 1772 2345 pari
1805 2276 2049 2346 prolccto

486 2382 720 2442 ratione,
756 2385 808 2429 ct
844 2376 909 2430 de
961 2372 1241 2427 mansione
1284 2369 1459 2425 sancti
1511 2368 1749 2437 Spiritus
1802 2367 1853 2420 in
1908 2366 2047 2420 Filio

487 2472 793 2526 dicendum.

556 2564 619 2616 Et
656 2569 739 2615 cst
777 2559 994 2627 quidem
1025 2556 1076 2609 id
1126 2570 1334 2619 verum,
1368 2554 1507 2621 quod
1552 2552 1627 2605 ait
1658 2551 1811 2604 divus
1843 2547 2045 2617 Diony-

486 2656 627 2717 sius,
670 2651 813 2721 quod
850 2650 1045 2703 divina:
1100 2647 1410 2701 substantia:
1440 2645 1491 2698 in
1532 2644 1758 2697 invicem
1819 2642 2049 2696 circnm-

464 2756 639 2808 .eunt,
675 2746 768 2799 sed
818 2758 922 2795 non
987 2741 1188 2793 idcirco
1244 2736 1490 2791 confusio
1537 2744 1639 2797 est,
1700 2747 1873 2802 neque
1921 2733 2047 2786 hinc

488 2837 785 2893 immobilis
814 2833 947 2887 ordo
972 2829 1298 2899 pervertitur
1327 2845 1340 2879 :
1387 2822 1566 2893 Neque
1609 2840 1811 2877 necesse
1845 2822 2046 2875 Filium

464 2935 544 2984 -in
569 2928 770 2998 Spiritu
812 2940 926 2977 cum
960 2924 1207 2983 dicimus,
1236 2919 1393 2972 etiam
1429 2933 1493 2970 ea:
1534 2915 1736 2983 Spiritu
1786 2931 1895 2968 esse
1925 2931 2050 2967 con-

464 3022 644 3090 pleri,
686 3028 744 3072 ut
779 3015 1069 3083 Gregorius
1104 3012 1373 3080 Nyssenus
1408 3010 1525 3061 ait:
1571 3007 1693 3071 Sed,
1732 3015 1807 3059 est
1838 3006 2044 3074 quidem

464 3114 651 3166 ~Filius
688 3113 741 3163 in
779 3109 972 3168 Patre,
1006 3106 1138 3156 sicut
1181 3100 1513 3171 pulchritudo
1546 3099 1786 3166 imaginis
1838 3100 1892 3151 in
1930 3098 2046 3167 pri-
2076 3134 2119 3194 ε

483 3206 665 3257 milira
698 3202 867 3269 forma
919 3199 971 3249 in
1006 3195 1221 3265 prapria
1256 3192 1501 3261 imagine.
1538 3190 1681 3244 Idem
1736 3204 1862 3244 vero
1894 3201 1945 3244 ct
1992 3191 2042 3243 in

474 3295 639 3354 Filio,
676 3304 727 3345 ct
763 3289 965 3352 Spiritu
1000 3284 1307 3339 dicendum.

552 3386 820 3451 Quoniam
848 3382 1008 3449 igitur
1042 3380 1108 3433 ab
1137 3377 1431 3433 Orientalis
1466 3376 1717 3431 Ecclesia}
1754 3378 2040 3447 magistris,

476 3492 545 3528 ex
607 3472 744 3526 Filio
796 3485 949 3533 esse,
1010 3484 1073 3522 ac
1128 3469 1423 3535 procedere
1482 3467 1738 3536 Spiritum
1794 3480 2041 3523 sanctum

484 3564 743 3617 traditum
781 3560 1043 3622 constitit,
1079 3558 1203 3612 licet
1249 3557 1478 3625 plurima
1518 3559 1713 3611 omissa
1759 3560 1887 3623 sint,
1926 3574 2045 3630 quae

483 3654 663 3709 alicrri
697 3661 945 3720 poterant
976 3651 1040 3702 ad
1075 3650 1177 3702 hoc
1208 3644 1380 3717 ipsum
1426 3650 1874 3717 asseverantium;
1904 3667 2045 3708 nunc

475 3747 587 3812 jam
615 3754 668 3799 et
698 3743 765 3796 ab
795 3740 839 3796 0
872 3739 1155 3796 cidentalis
1181 3737 1434 3792 Ecclesia:
1463 3739 1791 3803 doctoribus,
1821 3751 1876 3792 ut
1906 3742 2042 3795 idem

481 3851 723 3894 astruere
750 3837 1013 3897 nitamur,
1045 3832 1396 3883 admonemur
1428 3847 1442 3882 :
1476 3838 1530 3881 ut
1568 3829 1668 3892 his,
1700 3832 1788 3896 qui
1828 3843 2045 3884 contra-

476 3932 663 3982 dicere
695 3929 959 3986 nituntur,
986 3922 1131 3974 nulla
1157 3920 1266 3986 jam
1303 3920 1580 3973 excusatio
1611 3901 1813 3989 reliqua
1843 3922 1932 3977 sit.
1970 3927 2043 3978 Ac

458 4023 654 4087 .primo
712 4018 950 4084 quidem,
1004 4010 1404 4079 quantam'illis
1466 4010 1796 4065 universales
1855 4014 2041 4082 synodi

456 4109 837 4163 reverentiam
907 4104 1392 4168 auctoritatemque
1442 4101 1821 4167 praistiterint,
1853 4113 1906 4156 et
1939 4118 2042 4171 qua

485 4200 585 4254 tide
652 4199 859 4253 illorum
916 4195 1057 4247 dicta
1115 4190 1311 4259 suscipi
1380 4191 1698 4258 conveniat,
1769 4192 2046 4247 insinuan-

457 4301 605 4349 ~dttttt
616 4331 629 4345 .
1786 4344 1801 4351 ,

553 4386 749 4438 Sancta
787 4381 971 4451 igitur,
1022 4385 1184 4444 atque
1230 4375 1551 4430 universalis
1591 4376 1776 4444 quinta
1807 4378 2043 4447 synodus

2153 1916 2339 1971 Nicaea
2394 1928 2763 1973 convenerunt.
2825 1920 2929 1973 Pro
2990 1921 3248 1989 Unigeniti
3311 1923 3473 1991 gloria
3535 1934 3719 1977 contra
3785 1984 3789 1988 _

2150 2010 2336 2062 Arium
2369 2027 2628 2078 pugnans,
2673 2012 2747 2064 ait
2790 2010 2842 2064 in
2885 2014 3122 2064 secundo
3160 2011 3234 2064 De
3272 2011 3530 2067 Trinitate
3553 2013 3718 2079 libro,

2150 2114 2309 2167 quem
2388 2110 2576 2153 contra
2628 2100 2816 2151 Arium
2879 2108 2931 2151 et
2993 2100 3285 2153 Sabellium
3344 2103 3716 2170 conscripsit:

2150 2189 2424 2244 Credimus
2475 2201 2710 2243 sanctam
2757 2188 3091 2257 Trinitatem,
3138 2192 3234 2246 hoc
3279 2203 3351 2245 est
3399 2191 3634 2255 Patrem,
3669 2203 3717 2246 et

2152 2278 2374 2357 Filium,
2411 2282 2460 2332 el
2503 2278 2751 2347 Spiritum
2789 2293 3051 2342 sanctum,
3082 2298 3242 2335 unum
3284 2282 3446 2335 Deum
3484 2284 3720 2350 omnipo-

2149 2379 2357 2432 tentem,
2418 2372 2571 2423 unius
2635 2373 2893 2433 cssentiw,
2956 2373 3110 2425 unius
3170 2371 3500 2438 substantiis,
3561 2377 3717 2428 unius

2148 2462 2413 2529 potentia’,
2448 2474 2736 2515 creatorem
2793 2465 3020 2516 omnium
3069 2476 3427 2518 creaturarum
3462 2482 3572 2529 ;ex
3616 2483 3717 2534 quo

2149 2554 2347 2616 omnia,
2382 2569 2475 2621 per
2495 2570 2642 2620 quem
2674 2555 2874 2618 omnia,
2906 2555 2957 2606 in
2996 2571 3097 2622 quo
3126 2556 3322 2608 omnia.
3363 2555 3579 2609 Patrem
3613 2575 3717 2611 non

2150 2645 2212 2696 ab
2274 2645 2401 2709 alio,
2441 2644 2637 2698 Filium
2678 2662 2739 2698 cx
2771 2644 2928 2699 Patre
2960 2648 3211 2714 genitum,
3251 2649 3409 2702 Deum
3453 2667 3623 2703 rerum
3654 2652 3717 2703 de

2153 2734 2254 2788 Deo
2285 2751 2422 2799 vero,
2456 2736 2627 2788 lumen
2664 2753 2855 2801 verum,
2898 2754 2961 2790 ea:
2992 2739 3183 2790 lumine
3212 2756 3350 2804 vero,
3392 2756 3493 2794 non
3541 2752 3715 2796 tamen

2148 2828 2251 2879 duo
2280 2827 2503 2889 lumina,
2541 2829 2631 2880 sed
2663 2844 2819 2878 unum
2863 2827 3076 2881 lumen:
3122 2829 3380 2895 Spiritum
3410 2839 3649 2883 sanctum
3679 2849 3710 2883 a

2150 2918 2332 2981 Patre,
2368 2929 2415 2971 et
2448 2918 2578 2973 Filio
2614 2920 2887 2985 aequaliter
2937 2923 3315 2988 procedentem.
3374 2925 3717 2976 consubstan-

2151 3008 2325 3059 tialem
2356 3017 2403 3059 et
2448 3019 2761 3061 cowternum
2800 3008 2950 3061 Patri
2978 3019 3025 3060 et
3070 3008 3229 3073 Filio,
3272 3009 3431 3063 Pater
3459 3013 3511 3063 in
3545 3014 3711 3078 seipso

2149 3099 2332 3164 plenus
2368 3097 2528 3161 Deus,
2582 3096 2753 3151 Filius
2802 3098 2985 3166 plenus
3018 3097 3154 3151 Deus
3187 3116 3249 3151 ea:
3294 3098 3451 3153 Patre
3481 3104 3711 3170 genitus,

2154 3188 2382 3255 Spiritus
2414 3203 2622 3241 sanctus
2656 3187 2836 3255 plenus
2858 3204 2921 3241 ex
2959 3187 3142 3255 Patre,
3168 3200 3216 3242 et
3246 3189 3379 3245 Filio
3405 3194 3710 3260 procedens.

2154 3279 2275 3333 Non
2311 3289 2482 3333 tamen
2517 3288 2619 3333 tres
2677 3280 2799 3333 deos
2853 3281 3099 3339 dicimus.
3159 3284 3249 3336 sed
3302 3298 3459 3336 unum
3523 3282 3708 3337 Deum.

2151 3369 2295 3423 Idem
2340 3370 2391 3423 in
2426 3370 2844 3424 Commentariis
2875 3371 2927 3425 in
2980 3373 3316 3441 Apostolum,
3361 3375 3426 3429 de
3456 3377 3615 3430 Patre
3646 3394 3712 3431 ac

2152 3459 2290 3515 Filio
2319 3461 2610 3525 disserens,
2632 3461 2709 3514 ait
2749 3477 2764 3513 :
2795 3459 2945 3514 Nihil
2984 3464 3034 3516 in
3074 3475 3258 3517 sancto
3289 3464 3492 3533 Spiritu
3520 3466 3712 3535 duplex

2154 3552 2392 3621 intelligi,
2422 3553 2546 3620 quin
2599 3550 2762 3605 Pater
2812 3562 2860 3605 et
2916 3553 3082 3606 Filius
3113 3555 3196 3607 illi
3230 3571 3339 3609 esse
3367 3558 3710 3623 pra’buerint.

2156 3644 2301 3700 Unde
2328 3646 2479 3698 ambo
2510 3660 2669 3696 unum
2697 3645 3007 3713 principium
3043 3650 3213 3700 sancti
3251 3645 3477 3715 Spiritus
3525 3649 3712 3701 dicun-

2152 3751 2257 3794 tur.
2396 3748 2401 3751 ’

2225 3830 2459 3883 Sanctus
2495 3828 2620 3882 item
2660 3825 3025 3896 Hieronymus
3072 3828 3304 3893 quodam
3339 3834 3389 3882 In
3425 3830 3540 3885 loco
3579 3850 3709 3903 opu-

2152 3922 2424 3979 sculorum
2484 3933 2727 3981 suorum,
2791 3919 2867 3971 ait
2912 3936 2923 3970 :
2975 3916 3203 3986 Spiritus
3242 3931 3449 3973 sanctus
3482 3939 3514 3975 a
3548 3921 3706 3979 Patre

2147 4030 2215 4083 pc
2281 4011 2422 4064 Filio
2482 4009 2786 4077 procedens,
2855 4024 2946 4069 per
3015 4008 3189 4060 omnia
3254 4008 3402 4063 Patri
3448 4024 3494 4065 et
3567 4012 3710 4069 Filio

2151 4104 2429 4173 eoaqualis
2456 4113 2500 4156 et
2531 4115 2815 4156 cowternus
2846 4111 2943 4154 est.

2223 4194 2458 4248 Sanctus
2505 4206 2719 4261 quoque
2764 4192 3084 4245 Ambrosius
3132 4190 3550 4249 Mediolanensis
3596 4196 3712 4264 epi-

2149 4299 2343 4353 sc0pus
2375 4284 2426 4336 in
2456 4283 2594 4336 libro
2626 4296 2722 4334 suo
2746 4280 2824 4333 De
2860 4264 3113 4335 Trinitate
3148 4283 3222 4337 ait
3255 4303 3269 4338 :
3320 4285 3440 4338 Non
3468 4288 3619 4354 quasi
3647 4304 3713 4341 ex

2151 4378 2263 4429 loco
2294 4376 2521 4428 mittitur
2555 4372 2801 4440 Spiritus,
2847 4387 3006 4438 neque
3036 4375 3187 4439 quasi
3219 4374 3283 4426 de
3316 4375 3430 4427 loco
3476 4379 3712 4441 procedit

404 4520 421 4535 ,
478 4480 532 4529 iu
566 4476 728 4546 gestis
757 4474 869 4527 suis
904 4473 975 4524 ita
1020 4474 1188 4523 h-rnne
1237 4469 1302 4521 ad
1332 4468 1576 4531 verbum,
1622 4467 1738 4520 ait:
1768 4466 2045 4535 Sequimur
2076 4475 2119 4529 ι)
2151 4487 2181 4521 a
2234 4466 2373 4519 Filio
2429 4467 2732 4533 procedens.
2795 4463 2937 4515 Idem
2999 4462 3052 4515 in
3110 4466 3346 4516 secundo
3397 4466 3461 4519 de
3521 4478 3710 4522 sancto

465 4572 535 4621 ain
572 4567 808 4620 omnibus
848 4576 1058 4616 sanctos
1114 4560 1323 4623 Patres,
1360 4575 1422 4612 ac
1455 4558 1693 4612 doctores
1723 4570 1916 4612 sanctae
1950 4559 2042 4611 Dei

478 4659 755 4718 .lfcclesicc,
793 4654 1163 4715 Athanasium,
1200 4649 1490 4711 Hilarium,
1525 4648 1807 4713 Basiliam,
1849 4647 2041 4716 Grego-

472 4753 620 4799 rium
650 4740 1313 4813 Theologum,‘Cregarium
1340 4738 1657 4806 Ngssenum,
1685 4738 2041 4801 Ambrosium,

484 4838 855 4907 Augustinum,
903 4834 1265 4900 Tamphilum,
1298 4830 1579 4899 Cyrillum,
1604 4830 1862 4883 Joannem
1902 4828 2042 4883 Con-

477 4928 1029 4994 stantinOpolitanum,
1056 4924 1300 4987 Leonem,
1330 4922 1594 4979 Proclum.
1627 4930 1674 4973 et
1704 4921 1898 4978 omnia.
1928 4936 2045 4988 qua:

481 5027 543 5076 ub
577 5023 651 5075 eis
680 5022 741 5073 de
769 5020 873 5088 [ide
906 5028 1070 5074 recta.
1116 5030 1161 5069 et
1200 5018 1268 5068 ad
1306 5014 1793 5067 condemnationem
1837 5012 2017 5065 ha'reti

464 5124 663 5164 acorum
697 5109 992 5176 conscripta
1018 5117 1160 5171 sunt,
1185 5107 1521 5172 suscipimus.
1559 5105 1691 5169 lino,
1721 5115 1771 5156 et
1802 5104 1854 5156 in
1887 5118 2037 5172 syno-

480 5203 622 5266 dico,
673 5203 813 5267 quod
872 5200 1087 5262 dicitur,
1169 5199 1515 5252 anathemate
1568 5198 1895 5263 plectuntur,
1953 5199 2042 5263 qui

476 5294 765 5359 praedictos
798 5291 1051 5343 doctores
1089 5305 1195 5343 non
1252 5291 1581 5356 suscipiunt,
1636 5303 1806 5355 neque
1863 5290 2041 5340 outnia

482 5398 605 5451 qum
663 5383 727 5434 ab
766 5382 858 5433 (eis
914 5382 1114 5447 scripta
1173 5392 1318 5442 situt,
1360 5380 1707 5433 confitentur.
1774 5378 2044 5446 Praecipue

484 5490 614 5528 vero
658 5473 1015 5539 Augustinum
1047 5484 1250 5528 sancta:
1281 5471 1611 5526 universales
1656 5471 1865 5541 synodi,
1902 5481 1959 5522 ut
1990 5477 2041 5523 tu

478 5582 668 5621 earnm
706 5568 868 5635 gestis
898 5578 1128 5633 constat,
1166 5566 1319 5620 tertia
1355 5566 1580 5630 scilicet,
1618 5572 1767 5617 sexta
1829 5572 1879 5615 et
1924 5578 2042 5629 sep-

1714 5739 1739 5749 ο

448 5812 457 5817 τ
524 5741 571 5774 ⁶⁹
602 5740 757 5797 Joan.
790 5758 879 5806 xx,
919 5739 1009 5793 ‘21.

2150 4561 2350 4628 Spiritu
2385 4557 2543 4621 libro,
2569 4557 2679 4608 ait:
2717 4554 2867 4618 Quod
2894 4570 2959 4606 ex
2987 4554 3161 4622 aliqua
3193 4565 3287 4618 est,
3318 4567 3407 4607 aut
3436 4552 3501 4610 eoi
3533 4574 3706 4611 essen-

2152 4654 2224 4704 tia
2250 4650 2480 4719 quidem,
2516 4649 2676 4701 celuti
2705 4664 2820 4699 cum
2855 4643 3028 4698 Filius
3061 4661 3125 4699 ea:
3162 4644 3341 4711 Patre,
3365 4648 3446 4701 vel
3477 4648 3709 4717 Spiritus

2151 4752 2363 4795 sanctus
2393 4756 2459 4793 ea:
2492 4739 2653 4792 Patre
2682 4749 2729 4791 et
2763 4738 2919 4791 Filio.
2954 4736 3037 4790 Ex
3068 4748 3321 4805 potestate
3351 4749 3523 4792 autent
3552 4743 3711 4794 sicuti

2147 4849 2211 4885 ex
2248 4832 2354 4885 Deo
2387 4831 2583 4884 omnia.

2223 4921 2455 4976 Sanetus
2494 4917 2828 4983 Augustinus
2862 4926 3039 4971 autem
3072 4919 3124 4970 in
3150 4917 3242 4971 lib.
3279 4934 3333 4971 tv
3360 4920 3424 4972 de
3450 4918 3710 4975 Trinitate
3790 4924 3795 4927 “

2147 5012 2271 5064 ait:
2321 5008 2431 5063 Nec
2473 5024 2750 5076 possumus
2799 5008 2991 5070 dicere,
3040 5008 3178 5077 quod
3212 5008 3439 5077 Spiritus
3486 5027 3517 5064 a
3565 5010 3709 5065 Filio

2150 5119 2252 5154 non
2292 5101 2562 5169 procedat.
2606 5098 2787 5166 Neque
2810 5100 2948 5150 enim
2982 5100 3181 5168 [rustra
3216 5101 3348 5153 idem
3380 5099 3634 5166 Spiritus,
3661 5114 3707 5153 et

2146 5196 2348 5259 Patris,
2403 5204 2448 5246 et
2504 5189 2637 5243 Filii
2687 5190 2922 5255 Spiritus
2966 5190 3188 5243 dicitur.
3245 5191 3355 5243 Nec
3390 5188 3747 5260 video,quid'

2148 5286 2294 5340 aliud
2351 5282 2650 5351 signiﬁcare
2710 5281 2955 5345 uoluerit,
3010 5297 3130 5332 cum
3174 5281 3385 5350 sufﬂans
3432 5282 3487 5334 in
3519 5284 3709 5348 [aciem

2148 5375 2547 5440 discipularum,
2577 5374 2693 5425 ait:
2725 5390 2743 5421 ‹
2772 5372 2999 5437 Accipite
3031 5370 3287 5440 Spiritum
3318 5382 3560 5426 sanctum
3585 5374 3651 5427 ".
3682 5393 3701 5425 s

2152 5468 2332 5535 Neque
2382 5466 2516 5518 enim
2553 5465 2712 5530 ﬂatus
2757 5465 2845 5516 ille
2875 5479 3155 5530 corporeus
3184 5480 3300 5516 cum
3336 5480 3488 5517 sensu
3522 5480 3707 5532 carpo-

2150 5561 2334 5613 raliter
2381 5557 2627 5624 tangendi
2686 5555 2968 5624 procedens
3026 5570 3091 5608 ea:
3142 5570 3378 5622 corpore,
3413 5556 3709 5610 substantia
