4046 6204
299 339 408 404 113

1367 340 1770 404 ADVERSUS
1812 340 2140 401 GRAECOS
2174 337 2317 399 LIB.
2357 338 2439 397 Ῑῐ.

3345 395 3370 403 -
3450 338 3586 403 Ili.“

300 449 540 518 Spiritus
562 448 734 502 sancti
759 448 902 518 fuit;
935 450 1026 502 sed
1047 451 1448 520 demonstratio,
1473 469 1563 522 per
1583 469 1869 522 congruam
1899 454 1945 512 Α
1973 451 2124 511 tiam,
2163 457 2210 500 et
2243 447 2447 516 inspira
2492 445 2638 509 mihi,
2669 453 2716 499 et
2745 444 2870 499 doce
2897 460 2980 499 me
3005 425 3095 513 per
3121 447 3351 516 gratiam
3383 458 3549 511 tuam,
3584 494 3604 503 ,

299 541 760 609 signiﬁcationem,
803 558 912 594 non
948 552 1152 596 tantum
1187 559 1218 596 a
1269 543 1449 608 Patre,
1487 547 1576 598 sed
1604 554 1652 598 et
1685 561 1715 596 a
1744 543 1878 597 Filio

301 634 583 700 procedere
608 633 871 702 Spiritum
898 647 1160 688 sanctum.
1195 637 1327 702 Quis
1357 638 1498 691 enim
1544 635 1879 690 dementissi-

289 743 422 779 πίω
453 725 669 789 dixerit,
719 727 889 780 alium
920 727 1082 796 fuisse
1129 727 1389 795 Spiritum
1429 739 1693 792 sanctum,
1726 744 1876 796 quem

303 817 519 886 suﬁlans
567 817 738 879 dedit,
788 828 837 870 et
892 817 1096 883 alium,
1143 834 1294 888 quem
1356 828 1471 886 post
1523 821 1878 872 ascensionem

304 923 453 960 suam
486 907 676 961 misit?
728 905 877 962 Unus
921 909 1058 962 enim
1098 907 1326 976 Spiritus
1359 917 1433 962 est
1471 907 1701 975 Spiritus
1757 905 1875 974 Dei,

303 996 530 1066 Spiritus
565 998 766 1065 Patris,
801 1011 848 1052 et
879 998 1011 1054 Filii
1060 999 1292 1068 Spiritus
1327 1002 1520 1065 sancti,
1566 1001 1656 1070 qui
1685 1015 1875 1068 opera-

301 1099 390 1142 tur
414 1091 595 1143 omnia
629 1092 684 1144 in
712 1091 974 1145 omnibus.
1376 1095 1389 1107 '
1589 1088 1592 1095 ’

374 1181 522 1236 Idem
583 1184 638 1236 in
687 1183 782 1238 lib.
837 1198 906 1236 ιν
961 1182 1037 1236 De
1079 1183 1387 1238 Trinitate:
1449 1183 1516 1236 Et
1551 1194 1724 1236 tamen
1772 1199 1876 1237 non

300 1276 506 1344 {rustra
553 1277 608 1330 in
656 1277 754 1328 hac
807 1275 1069 1330 Trinitate
1109 1292 1206 1330 non
1259 1277 1456 1330 dicit’ur
1495 1275 1716 1328 Verbum
1755 1275 1871 1340 Dei,

301 1367 403 1418 nisi
443 1364 638 1427 Filius,
669 1381 762 1417 nec
805 1364 999 1418 donum
1036 1365 1151 1429 Dei,
1193 1365 1298 1419 nisi
1344 1365 1578 1434 Spiritus
1623 1373 1871 1424 sanctus;

296 1474 386 1512 nec
416 1460 481 1511 de
511 1475 616 1526 quo
645 1458 874 1527 genitum
901 1467 980 1511 est
1023 1456 1270 1522 Verbum,
1308 1468 1356 1510 et
1403 1459 1467 1512 de
1505 1475 1606 1527 quo
1638 1458 1871 1524 procedit

295 1551 670 1618 principaliter
700 1548 951 1618 Spiritus,
986 1550 1090 1603 nisi
1124 1549 1259 1604 Deus
1291 1549 1472 1603 Pater.
1523 1549 1647 1602 Ideo
1697 1555 1870 1600 autem

299 1643 486 1696 addidi
512 1643 901 1711 principaliter,
924 1644 1048 1711 quia
1078 1653 1123 1696 et
1149 1641 1212 1696 de
1241 1641 1382 1696 Filio
1405 1641 1633 1711 Spiritus
1656 1652 1869 1695 sanctus

294 1743 575 1804 procedere
604 1738 884 1804 reperitur.
921 1735 1026 1791 Sed
1058 1738 1154 1788 hoc
1180 1751 1381 1804 quoque
1418 1735 1502 1788 illi
1537 1731 1695 1787 Pater
1727 1733 1868 1786 dedit

296 1845 400 1881 non
425 1829 545 1897 jam
571 1828 866 1890 exsistenti,
885 1837 934 1880 et
965 1829 1198 1880 nondum
1223 1825 1470 1888 habenti;
1497 1826 1588 1880 sed
1614 1824 1869 1892 quidquid

295 1919 563 1988 unigenito
638 1915 800 1970 Verbo
852 1916 1016 1980 dedit,
1072 1915 1328 1986 gignendo
1384 1911 1694 1967 dedit.’Sic
1747 1929 1869 1980 ergo

293 2027 410 2063 eum
466 2010 689 2080 genuit,
740 2020 795 2062 ut
849 2009 1011 2062 etiam
1064 2009 1128 2061 de
1183 2007 1278 2060 illo
1343 2009 1540 2060 donum
1599 2021 1872 2060 commune

291 2103 616 2170 procederet,
648 2111 695 2155 et
735 2100 969 2169 Spiritus
997 2107 1206 2152 sanctus
1231 2107 1362 2153 esset
1387 2100 1684 2151 amborum.

370 2195 516 2249 Idem
541 2194 595 2247 in
632 2193 724 2249 lib.
751 2207 781 2244 ν
812 2192 888 2246 De
926 2191 1181 2246 Trinitate
1203 2206 1222 2244 :
1245 2189 1696 2256 Quemadmodum
1731 2189 1870 2243 Filio

293 2286 650 2341 sul-stantiam
717 2294 934 2353 prastat
1010 2285 1124 2338 sine
1191 2284 1347 2338 initio
1409 2285 1696 2352 temporis,
1759 2285 1872 2338 sine

296 2378 655 2432 mutabilitate
723 2385 934 2430 natura:
997 2391 1061 2428 ea:
1122 2373 1288 2429 Patre
1350 2377 1618 2442 nativitas,
1680 2375 1758 2428 ita
1820 2383 1870 2427 et

299 2471 533 2540 Spiritui
564 2480 751 2524 sancto
789 2486 901 2524 esse
933 2477 1146 2538 praestat
1169 2469 1284 2523 sine
1313 2468 1574 2537 principio
1603 2467 1868 2535 temporis,
1911 2463 1915 2467 ’

291 2563 411 2616 sine
443 2561 794 2615 mutabilitate
843 2572 1067 2624 naturae,
1101 2561 1213 2624 ipsa
1243 2575 1306 2613 ea:
1337 2568 1557 2629 utroque
1580 2561 1867 2625 processio.

369 2652 512 2706 Idem
560 2668 723 2720 super
753 2650 909 2706 Ioan.
947 2669 958 2704 :
987 2650 1297 2720 Corporalis
1330 2652 1422 2705 illa
1451 2652 1731 2721 insumatio
1767 2668 1869 2705 non

293 2746 534 2812 Spiritus
593 2745 765 2797 sancti
811 2744 1108 2798 substantia
1165 2743 1289 2812 fuit,
1347 2744 1437 2798 sed
1495 2744 1869 2797 demonstratio

290 2854 388 2906 per
423 2853 712 2905 congruam
749 2836 1213 2906 signiﬁcationem,
1240 2851 1343 2889 non
1373 2845 1578 2888 tantum
1622 2851 1654 2886 a
1686 2832 1866 2898 Patre,

292 2930 388 2983 sed
425 2930 590 2982 etiam
626 2946 657 2982 a
682 2928 818 2983 Filio
842 2929 1120 2996 procedere
1151 2927 1412 2997 Spiritum
1445 2935 1686 2979 sanctum
1708 2943 1726 2990 ;
1751 2927 1868 2996 quis

289 3022 429 3074 enim
465 3021 542 3073 ita
576 3020 784 3074 demens
832 3021 924 3085 sit,
958 3028 1014 3072 ut
1047 3021 1212 3085 dicat,
1264 3019 1428 3072 alium
1469 3033 1578 3072 esse
1611 3016 1867 3086 Spiritum

289 3123 560 3174 sanciunt,
617 3127 771 3182 quem
835 3112 1108 3181 insuﬂlans
1177 3112 1322 3164 dedit
1373 3127 1392 3164 :
1451 3111 1642 3175 alium,
1715 3125 1866 3179 quem

286 3218 571 3275 postquam
601 3214 899 3272 assumptus
927 3214 1025 3268 est,
1058 3202 1247 3258 misit?

365 3299 516 3353 Idem
551 3298 617 3351 ad
661 3297 879 3351 Petrum
932 3295 1242 3364 quemdam,
1289 3295 1656 3364 postulantem
1710 3303 1869 3350 rectae

293 3389 422 3443 ﬁdei
455 3389 724 3443 conscribi
760 3389 1023 3458 regulam,
1052 3388 1406 3458 quadraginta
1442 3387 1584 3442 illam
1615 3387 1870 3457 capitulis

291 3480 576 3546 distinxit;
629 3494 860 3548 quorum
897 3479 1130 3547 singula,
1167 3478 1364 3545 dogma
1405 3477 1684 3532 continent
1724 3476 1868 3532 Salu-

291 3574 417 3636 hre,
454 3581 618 3640 atque
668 3571 734 3624 ad
783 3569 943 3623 ﬁdem
995 3570 1384 3623 necessarium.
1441 3568 1530 3622 Ait
1586 3567 1752 3636 igitur
1815 3568 1868 3624 in

289 3677 424 3730 cap.
467 3662 550 3716 8:
610 3659 941 3715 Firmissime
994 3670 1128 3721 tene,
1190 3668 1240 3712 et
1293 3659 1593 3713 nullatenus
1642 3659 1869 3723 dubites,

289 3756 472 3821 ipsum
505 3751 757 3820 Spiritum
790 3761 1060 3825 sanctum,
1087 3755 1178 3819 q‘ui
1218 3749 1426 3817 Patris,
1463 3767 1523 3803 ac
1561 3748 1690 3804 Filii
1735 3767 1870 3804 unus

290 3846 533 3911 Spiritus
571 3855 668 3910 est,
719 3862 750 3898 a
786 3843 965 3907 Patre,
997 3852 1043 3896 et
1077 3843 1216 3898 Filio
1250 3844 1549 3913 procedere.
1599 3843 1684 3897 Ait
1731 3844 1871 3897 enim

295 3939 528 4000 Filius;
564 3955 583 3988 ι
627 3936 758 3992 Cum
799 3938 999 3991 uenerit
1035 3935 1367 4000 Paracletus,
1405 3936 1638 4003 Spiritus
1679 3937 1872 3990 verita-

288 4035 382 4093 tis,
415 4032 507 4100 qui
538 4049 567 4083 a
601 4029 759 4084 Patre
787 4031 1018 4098 procedit
1045 4031 1089 4061 το
1119 4047 1190 4096 ς.»
1225 4047 1326 4100 quo
1354 4031 1406 4082 in
1438 4031 1551 4083 loco
1577 4045 1729 4084 suum
1762 4046 1872 4083 esse

290 4126 478 4178 docuit
513 4122 773 4190 Spiritum
803 4133 1066 4176 sanctum.
1123 4121 1246 4191 Ipse
1287 4123 1472 4190 quippe
1523 4132 1595 4174 est
1643 4121 1869 4175 Veritas.

297 4217 372 4270 Et
405 4233 473 4270 ex
498 4214 642 4269 Filio
674 4216 955 4284 procedere
985 4214 1240 4280 Spiritum
1263 4223 1537 4292 sanctum,
1571 4226 1616 4268 et
1653 4215 1872 4282 prophe-

291 4314 404 4363 tica
435 4310 607 4373 nobis,
643 4319 692 4361 et
719 4307 1005 4375 apostolica
1035 4307 1276 4360 doctrina
1313 4308 1666 4360 commendat.
1694 4307 1871 4361 Isaias

293 4406 438 4456 enim
473 4401 538 4454 de
575 4397 718 4452 Filio
766 4399 893 4451 dicit
928 4413 947 4450 :
981 4417 1000 4449 ι
1039 4396 1302 4452 Percutiet
1347 4409 1540 4451 terram
1573 4400 1716 4468 virga
1759 4401 1868 4452 oris

1978 545 2238 610 quomodo
2271 540 2327 591 in
2363 548 2410 591 te
2443 538 2836 606 inculpabiliter
2863 548 3101 606 oporteat
3137 540 3367 602 credere,
3408 550 3466 594 ut
3495 533 3554 593 ἰθ

1981 632 2168 695 Deum,
2217 647 2400 694 unum,
2427 641 2683 684 a'ternunt
2711 632 2949 691 sentiam,
2984 641 3032 684 et
3061 632 3543 699 incomprehensibi-

1979 726 2101 777 liter
2137 726 2336 775 trinum
2373 725 2424 776 in
2456 723 2693 791 personis
2729 726 2963 785 credam,
3003 723 3211 776 Patrem
3238 725 3553 794 ingenitum,

1980 813 2028 867 F
2031 817 2179 867 ilium
2201 831 2265 868 ex
2286 815 2441 867 Patre
2464 816 2808 884 unigenitum,
2843 817 3201 880 procedentem
3229 819 3292 868 ex
3316 817 3556 885 utrisque

1975 914 2363 976 permanentem
2400 905 2657 971 Spiritum
2685 917 2948 959 sanctum.

2047 996 2190 1050 Idem
2226 997 2278 1050 in
2312 997 2500 1050 eodem
2525 997 2662 1050 libro
2689 1015 2701 1050 :
2729 997 2880 1051 Hanc
2918 999 3074 1067 ﬁdem
3105 1017 3196 1068 per
3224 1011 3290 1066 te,
3319 1012 3366 1055 et
3398 1018 3460 1055 ex
3483 1012 3548 1066 te,

1974 1098 2024 1142 et
2055 1091 2108 1142 in
2144 1098 2193 1142 te
2228 1088 2500 1156 con/iteor,
2531 1105 2561 1142 ο
2608 1089 2782 1153 beata,
2811 1099 2862 1143 et
2897 1092 3190 1155 benedicta,
3239 1103 3289 1146 et
3317 1093 3565 1163 gloriosa

1979 1177 2236 1243 Trinitas,
2263 1194 2293 1230 ο
2322 1194 2462 1242 t'era,
2491 1188 2543 1230 et
2573 1195 2800 1242 summa,
2826 1191 2872 1233 et
2901 1193 3097 1237 (eterna
3132 1186 3332 1248 unitas,
3367 1185 3548 1247 Pater,

1974 1280 2021 1324 et
2053 1269 2243 1335 Filius,
2293 1282 2342 1322 et
2398 1269 2628 1338 Spiritus
2674 1283 2913 1339 sanctas,
2976 1276 3136 1340 Deus,
3194 1289 3240 1330 et
3291 1277 3547 1330 Dominus

1976 1358 2316 1426 Paracletus,
2350 1361 2608 1427 charitas,
2639 1366 2834 1433 gratia,
2871 1367 3016 1429 unio,
3054 1383 3174 1420 vera
3227 1369 3338 1429 lux,
3375 1387 3548 1421 rerum

1974 1453 2149 1505 lumen
2192 1468 2255 1505 ea:
2290 1469 2410 1506 vero
2441 1455 2659 1518 lumine,
2696 1472 2812 1509 vera
2842 1457 3185 1522 illuminatio,
3223 1461 3389 1522 vivens
3423 1463 3546 1519 ritu,

1976 1545 2085 1598 vita
2119 1559 2183 1597 ex
2212 1545 2434 1608 vivente,
2467 1534 2745 1599 viventium
2796 1549 3106 1616 vivi/icatio,
3152 1549 3287 1618 fons,
3332 1552 3547 1618 ﬂttt'itts‘,

1974 1635 2138 1698 rivus,
2173 1651 2307 1688 unus
2338 1652 2403 1690 ex
2450 1637 2615 1701 nullo,
2649 1654 2782 1690 unus
2814 1639 2878 1691 ab
2913 1655 3038 1701 uno,
3083 1656 3218 1693 unus
3264 1657 3327 1692 ex
3363 1644 3545 1694 ambo-

1974 1724 2088 1777 bus.
2141 1723 2216 1776 Ab
2268 1741 2371 1778 uno
2420 1727 2619 1790 omnia,
2665 1728 2839 1779 omnia
2887 1745 2978 1793 per
3013 1745 3172 1780 unum
3211 1731 3261 1781 in
3299 1747 3418 1783 uno.
3465 1733 3547 1782 Ea;

1974 1817 2118 1869 nullo
2149 1816 2326 1880 Pater,
2358 1835 2421 1872 ea:
2451 1819 2636 1883 altera,
2661 1820 2823 1874 Patre
2853 1822 3065 1886 scilicet,
3096 1820 3304 1885 Filius;
3344 1839 3406 1876 ex
3437 1841 3547 1874 ant-

1970 1907 2128 1960 bobus
2161 1907 2390 1976 Spiritus
2419 1921 2660 1976 sanctus,
2710 1913 2806 1963 hoc
2855 1923 2953 1977 est,
2986 1929 3050 1966 ex
3091 1913 3252 1967 Patre
3296 1924 3343 1966 et
3381 1913 3544 1967 Filio.

1981 2001 2142 2055 Verus
2183 2005 2409 2072 genitor,
2451 2007 2673 2069 veritas,
2711 2008 2933 2074 genitus,
2970 2005 3244 2057 amborum
3289 2007 3543 2064 charitas,

1971 2092 2202 2159 Spiritus
2227 2107 2466 2152 sanctus.
2495 2095 2686 2150 Unitas
2713 2113 2840 2162 una,
2861 2114 3012 2167 (aqua
3036 2097 3308 2166 majestas,
3329 2099 3546 2168 (L’qualis

1970 2186 2162 2256 gloria,
2195 2205 2298 2241 una
2341 2188 2622 2258 eademque
2654 2191 2901 2254 essentia.

2046 2277 2283 2334 Sanctus
2333 2295 2554 2349 quoque
2601 2279 2710 2336 Leo
2745 2297 2904 2350 papa,
2949 2282 3050 2336 sub
3097 2298 3204 2351 quo
3247 2284 3546 2338 Chalcedo-

1973 2383 2142 2425 nense
2167 2370 2459 2424 concilium
2493 2370 2785 2426 conﬂatum
2818 2383 2936 2440 est;
2985 2374 3143 2442 cujus
3178 2374 3244 2428 de
3272 2374 3374 2428 [ide
3400 2374 3548 2428 litte-

1970 2477 2086 2529 ras;
2161 2475 2326 2520 rectas
2409 2466 2529 2521 Iidei
2613 2467 2919 2522 columnam
2986 2469 3238 2522 universa
3312 2469 3548 2541 synodus

1972 2557 2228 2626 appellat,
2273 2557 2328 2613 in
2375 2559 2662 2614 canonicis
2691 2559 3067 2615 sanctionibus
3102 2569 3289 2614 contra
3326 2575 3420 2614 eos
3454 2561 3546 2626 qui

1973 2649 2215 2717 pecunias
2249 2650 2446 2719 gratia,
2499 2666 2699 2705 munus
2754 2652 3117 2719 imponerent,
3172 2652 3245 2704 ait
3285 2669 3298 2704 :
3333 2650 3544 2715 Gratia,

1969 2757 2088 2810 qua:
2114 2743 2280 2810 gratis
2311 2759 2412 2796 non
2456 2745 2635 2808 datur,
2679 2754 2728 2796 et
2765 2745 3048 2812 accipitur,
3083 2745 3259 2813 gratia
3305 2761 3407 2796 non
3447 2753 3544 2798 est.

1971 2836 2042 2888 At
2069 2832 2360 2889 Simoniaci
2391 2851 2493 2888 non
2511 2837 2672 2905 gratis
2692 2837 2992 2905 accipiunt;
3023 2854 3124 2889 non
3148 2853 3268 2904 ergo
3296 2839 3543 2904 gratiam,

1971 2945 2086 2995 qua:
2134 2929 2188 2980 in
2237 2923 2614 2982 ecclesiasticis
2666 2929 2943 2982 ordinibus
2996 2931 3226 2982 maxime
3273 2939 3546 2998 operatur,

1970 3021 2260 3088 accipiunt.
2313 3023 2374 3075 Si
2427 3030 2600 3075 autem
2652 3037 2753 3073 non
2834 3021 3120 3087 accipiunt,
3178 3037 3280 3074 non
3333 3021 3547 3086 habent,

1895 3127 1942 3192 ρ
1976 3129 2136 3179 neque
2158 3116 2346 3185 gratis,
2373 3131 2534 3185 neque
2563 3130 2679 3168 cum
2705 3115 2922 3183 pecunia
2952 3113 3083 3166 dare
3112 3114 3274 3166 alicui
3307 3126 3543 3180 possunt.

1973 3205 2114 3269 Quid
2193 3207 2351 3275 igitur
2413 3208 2592 3260 dant?
2659 3205 2920 3273 Spiritum
2989 3206 3252 3258 mendacii
3321 3207 3543 3261 scilicet.

1974 3296 2247 3359 Quomodo
2266 3300 2291 3352 f’
2310 3299 2376 3351 Id
2403 3305 2754 3351 ostendemus.
2780 3295 2837 3349 Si
2865 3297 3000 3348 enim
3031 3294 3260 3362 Spiritus
3290 3301 3544 3362 veritatis,

1982 3387 2212 3441 Veritate
2246 3390 2361 3452 ipsa
2397 3399 2641 3452 testante,
2661 3405 2724 3443 ea:
2751 3407 2853 3458 qua
2877 3389 3134 3457 procedit,
3161 3391 3328 3455 gratis
3361 3391 3548 3455 datur;

1971 3480 2154 3550 procul
2204 3481 2361 3533 dubio
2393 3484 2610 3549 spiritus
2668 3483 2931 3534 mendacii
2961 3497 3074 3535 esse
3120 3482 3546 3548 deprehenditur,

1971 3573 2060 3642 qui
2095 3589 2196 3624 non
2244 3573 2409 3640 gratis
2442 3573 2621 3624 datur.

2049 3663 2286 3716 Sanctus
2333 3661 2464 3715 item
2528 3663 2823 3729 Gregorius
2873 3665 3148 3721 Romanus
3198 3669 3457 3736 pontifcs,
3496 3671 3547 3722 in

1974 3756 2159 3810 Itomtl.
2215 3769 2377 3823 super
2407 3755 2535 3808 illud
2565 3753 2744 3808 lnam.
2810 3755 2939 3809 Cum
2964 3775 3080 3810 sero
3123 3771 3253 3812 esset
3313 3761 3401 3812 die
3452 3763 3543 3813 il’o

1973 3865 2079 3902 una
2111 3846 2470 3902 Sabbatorum
2497 3848 2564 3910 ⁷⁸,
2592 3849 2666 3901 ait
2693 3865 2706 3900 :
2747 3866 2766 3898 ς
2802 3847 2948 3903 Sicut
2993 3852 3132 3903 misit
3176 3869 3257 3904 me
3289 3851 3468 3914 Pater,
3499 3866 3546 3907 et

1973 3958 2064 4011 ego
2094 3941 2244 3992 mitto
2281 3955 2368 3992 vos
2405 3953 2423 3991 :
2465 3959 2483 3991 ι
2525 3941 2619 3993 hoc
2665 3952 2765 4002 est,
2808 3958 2869 3995 ea
2919 3943 3179 3998 charitate
3233 3961 3319 3998 vos
3365 3947 3546 4015 diligo,

1975 4048 2095 4086 cum
2153 4033 2291 4085 inter
2337 4032 2589 4086 scandala
2639 4042 3029 4100 persecutornm
3082 4037 3255 4095 mitto,
3292 4048 3396 4090 etc.
3433 4054 3592 4106 qumr

1975 4137 2135 4192 supra
2171 4124 2498 4177 notavimus.
2529 4123 2670 4176 Idem
2706 4137 2827 4176 cum
2862 4136 3160 4192 exponeret
3188 4126 3314 4179 illud
3341 4128 3551 4181 Cautiei

1976 4215 2334 4277 canticorum,
2360 4214 2570 4268 scilicet
2617 4231 2634 4268 :
2693 4215 2838 4268 Odor
2879 4229 3267 4284 unguentorum
3314 4228 3547 4282 tuorum,

1973 4320 2128 4374 super
2179 4307 2358 4359 omnia
2419 4317 2659 4359 aromata
2710 4307 2773 4362 ⁷⁸.
2821 4298 2896 4359 ait
2925 4289 3302 4376 {Unguentum
3336 4309 3552 4363 Domini

1981 4396 2212 4466 Spiritus
2235 4406 2450 4450 sanctus
2481 4411 2612 4461 erat,
2637 4383 2699 4450 de
2722 4415 2822 4466 quo
2851 4397 3113 4466 Propheta
3139 4403 3208 4453 ad
3235 4417 3348 4453 eum
3374 4402 3508 4455 dixit
3533 4418 3552 4456 :

297 4494 406 4553 sui,
469 4503 516 4545 et
583 4490 787 4560 Spiritu
844 4490 1104 4542 labiorum
1159 4506 1374 4543 suorunt
1430 4466 1703 4560 inter/Sciet
1771 4481 1867 4547 im-
1894 4466 1948 4527 D
1987 4508 2005 4541 ι
2047 4488 2210 4542 Unxit
2248 4501 2295 4542 te
2330 4489 2487 4553 Deus,
2527 4489 2662 4542 Deus
2710 4499 2851 4550 tuus,
2883 4491 2995 4542 oleo
3029 4492 3402 4544 exsultationis
3441 4509 3552 4560 pra:

296 4585 447 4650 pium
469 4581 536 4634 ".
568 4599 587 4632 ι
638 4580 711 4634 De
743 4595 847 4646 quo
873 4589 923 4633 et
946 4581 1226 4647 Apostolus
1258 4581 1393 4634 ait;
1432 4599 1451 4633 ‹
1488 4581 1653 4647 Quem
1686 4583 1872 4638 Domi-

299 4686 400 4723 nus
433 4669 592 4723 Jesus
624 4670 902 4736 iuter/iciet
951 4668 1153 4738 Spiritu
1187 4670 1290 4724 oris
1335 4672 1419 4725 sui
1446 4673 1513 4726 ".
1556 4691 1574 4725 ι
1628 4673 1793 4737 Quem
1824 4683 1872 4728 et

295 4763 408 4827 ipse
443 4763 744 4830 unigenitus
794 4759 970 4816 Filius
1018 4759 1134 4826 Dei,
1183 4763 1292 4816 oris
1335 4763 1420 4816 sui
1453 4762 1716 4832 Spiritum
1763 4783 1874 4820 esse

295 4856 571 4923 signanter
633 4857 948 4918 ostendens,
1014 4865 1131 4923 post
1207 4857 1640 4912 resurrectionem
1717 4875 1868 4912 suam

295 4948 570 5014 discipulis
606 4951 723 5002 suis
767 4950 1034 5020 insuﬁlans
1077 4950 1260 5003 dixit:
1298 4968 1316 5000 ι
1344 4951 1577 5020 Accipite
1608 4950 1867 5018 Spiritum

293 5053 537 5095 sanctum
555 5043 621 5104 ’³,
648 5059 665 5090 ι
700 5049 747 5094 et
782 5042 943 5094 Joan.
973 5043 1028 5096 in
1060 5042 1243 5112 Apoc.,
1270 5059 1334 5097 ea:
1363 5060 1450 5095 ore
1475 5043 1640 5112 ipsius
1663 5042 1871 5097 Domini

294 5131 425 5184 Iesu
470 5133 705 5201 gladium
751 5134 828 5186 bis
871 5144 1085 5187 acutum
1114 5136 1392 5200 procedere
1425 5135 1559 5189 dixit
1585 5136 1657 5190 ⁷⁵.
1691 5155 1709 5188 ι
1753 5136 1872 5202 Ipse

297 5239 429 5292 ergo
469 5224 711 5293 Spiritus
756 5227 897 5296 ejus,
955 5226 1070 5296 ipse
1119 5234 1175 5280 et
1229 5227 1440 5296 gladius
1489 5241 1554 5281 ex
1605 5241 1699 5282 ore
1753 5227 1873 5297 ejus

296 5318 617 5386 procedens.

370 5407 509 5461 Idem
542 5410 596 5460 in
632 5407 726 5460 lib.
764 5407 839 5460 De
877 5407 985 5475 fide
1027 5408 1289 5460 catholica
1333 5423 1349 5463 :
1405 5406 1640 5472 Pra'sta,
1675 5408 1870 5476 inquit,

298 5499 453 5564 mihi,
503 5501 554 5552 in
589 5503 692 5552 hac
738 5501 846 5565 cia,
881 5517 1059 5569 quam,
1099 5511 1144 5554 te
1191 5501 1342 5567 duce,
1393 5502 1623 5567 ambulo,
1662 5503 1866 5569 sapien-

360 5705 408 5736 '°
437 5705 600 5760 Joan.
629 5721 723 5767 xv,
759 5705 852 5760 26.

305 5777 393 5831 I9.
471 5777 519 5808 ⁷⁸
548 5777 712 5832 Cant.
755 5793 827 5842 tv,
862 5779 942 5833 l0.
1021 5779 1063 5809 ⁷⁷
1091 5777 1231 5834 l’sal.
1270 5793 1414 5844 thv,
1447 5777 1499 5832 8.

930 5706 974 5738 "
1009 5705 1118 5760 lsa.
1151 5709 1350 5766 xu“.
1395 5706 1437 5737 τ’
1474 5706 1510 5759 ll
1538 5703 1732 5763 Thess.
1762 5721 1822 5771 II,
1858 5705 1910 5759 8.

1977 4582 2322 4654 participibus
2351 4581 2453 4633 tuis
2481 4582 2549 4632 ⁷⁷.
2586 4599 2604 4632 s
2657 4579 2764 4637 llos
2806 4581 2941 4643 oleo,
2986 4584 3196 4648 quando
3243 4583 3556 4636 incarnatus

1977 4686 2075 4739 est,
2109 4682 2293 4726 unctus
2325 4681 2401 4724 est
2426 4687 2444 4724 :
2481 4669 2599 4724 Non
2630 4672 2767 4724 enim
2799 4674 3025 4739 primum
3059 4671 3211 4724 homo
3242 4672 3416 4740 {actus
3444 4684 3546 4739 est,

1978 4775 2159 4836 postea
2207 4762 2464 4832 Spiritum
2517 4773 2758 4816 sanctum
2803 4764 3000 4828 accepit
3045 4763 3212 4827 :‘sed,
3241 4767 3450 4831 quando
3486 4767 3549 4818 de

1979 4856 2179 4927 Spiritu
2230 4866 2413 4909 sancto
2443 4855 2751 4906 incarnatus
2793 4865 2888 4918 est,
2924 4853 3083 4906 simul
3120 4865 3171 4907 et
3216 4857 3544 4914 incarnatus.

1976 4957 2246 5006 erunctus
2287 4957 2386 5000 est.
2437 4945 2582 5000 Odor
2625 4946 2763 4998 enim
2813 4956 3196 5014 unguentorum
3247 4948 3548 5016 fragrantia

1977 5041 2144 5094 sancti
2181 5038 2409 5106 Spiritus
2441 5046 2537 5106 est,
2563 5039 2652 5104 qui
2706 5048 2753 5088 et
2783 5038 2848 5089 ab
2872 5039 2984 5104 ipso
3007 5040 3262 5104 procedit,
3286 5050 3333 5091 et
3357 5039 3410 5091 in
3434 5041 3550 5109 ipso

1978 5141 2267 5204 permanet.
2309 5131 2453 5184 Idem
2491 5130 2542 5182 in
2578 5130 2618 5182 ll
2659 5127 2846 5184 Moral'.
2901 5129 3133 5198 Spiritus
3160 5138 3372 5185 sancttis
3410 5149 3548 5185 nun-

1981 5243 2138 5297 quam
2171 5225 2398 5278 deseruit
2425 5222 2805 5276 humanitatem
2829 5221 3049 5286 Christi,
3075 5225 3227 5292 cujus
3254 5240 3318 5276 ωε
3345 5225 3552 5280 Deitate

1980 5319 2238 5389 procedit.
2890 5375 2898 5383 ,
3487 5315 3496 5324 ’

2050 5411 2156 5463 lsla
2193 5408 2406 5476 quidem
2441 5423 2468 5460 τι
2517 5406 2721 5460 Latinis
2773 5407 3084 5462 doctoribus
3114 5418 3344 5476 sumpta,
3379 5425 3549 5477 pauca

1985 5505 2050 5560 de
2085 5503 2572 5556 innumerabilibus
2631 5502 2950 5568 posuimus:
3014 5515 3108 5568 per
3171 5517 3292 5571 qutc
3347 5501 3553 5556 Graecis

1976 5704 2022 5737 ⁷³
2049 5704 2203 5760 Joau.
2242 5719 2332 5766 xx,
2368 5702 2458 5756 Ἦ.
2563 5703 2604 5732 ⁷³
2634 5701 2803 5773 Apoc.
2839 5718 2853 5756 ι
2887 5713 2938 5758 et
2970 5718 3079 5755 χιι.
3188 5703 3232 5733 ⁷³
3262 5700 3420 5755 Joau.
3453 5716 3554 5765 xx,
