4046 6204
462 270 573 341 M5

1714 296 2113 362 MANUELIS
2154 301 2463 370 CALECE

3606 331 3709 400 Ῑέϐ

457 392 800 449 consentiunt
828 411 845 460 ;
879 394 974 451 Dei
1019 398 1226 455 scilicet
1256 398 1458 470 Spiritu
1490 416 1604 467 eos,
1659 414 1818 463 terra:
1879 409 2027 477 licet,
2056 411 2104 471 Α
2134 420 2351 487 quidem
2380 424 2657 481 -houorem
2689 426 3045 498 habebimus;
3082 386 3176 505 (ἑοῖ
3200 449 3329 492 vero
3374 439 3481 496 Illi;
3538 442 3711 502 οιιοιι..

459 500 523 538 ac
560 487 722 541 maris
805 488 1206 560 intercapedine
1282 493 1588 561 disparatos
1647 498 2028 571 conjungente,

459 579 510 629 'm
542 592 646 631 una
672 578 955 634 catholica
982 582 1127 646 fidei,
1158 582 1481 655 pietatisque
1509 574 1819 650 concordia.
1846 592 2029 663 Neque

452 667 599 721 enim
629 664 890 736 proiecto,
915 672 1334 742 benignissimus
1359 692 1480 732 cum
1515 679 1607 745 sit,
1636 697 1773 751 quos
1790 683 2025 740 Verbum

458 758 583 812 vita:
610 763 913 829 continere,
941 773 992 818 et
1021 767 1276 821 humano.
1304 771 1490 838 generi
1545 774 1882 842 exposituros
1912 776 2027 832 elo-

458 849 710 914 quiorum
741 867 961 907 suorum
993 870 1224 922 privasse
1279 861 1468 925 voluit,
1509 878 1605 931 per
1655 880 1791 935 quos
1825 876 2031 921 morta-

455 940 585 995 lium
612 943 866 999 misertus
895 963 1130 1013 errores,
1161 952 1225 1005 ad
1276 954 1607 1020 agnitionem
1658 958 1739 1011 sui
1786 960 2024 1015 errantia

458 1035 618 1088 corda
645 1044 1004 1105 converteret,
1038 1040 1121 1095 vel
1151 1044 1215 1096 de
1242 1046 1465 1100 veritate
1488 1047 1777 1104 dissentire
1829 1051 1895 1106 ab
1946 1052 2027 1106 in-

461 1125 653 1190 vicem,
687 1136 782 1182 aut
809 1128 931 1184 ﬁdei
961 1132 1146 1193 duces,
1176 1134 1433 1192 Ecclesiae
1461 1138 1693 1194 decretis
1729 1150 1848 1209 post
1900 1144 2028 1198 bea-

456 1224 539 1270 tos
563 1219 834 1284 apostolos
861 1224 1063 1276 assumi
1086 1226 1436 1293 permisisset,
1456 1231 1549 1298 qui
1581 1234 2025 1303 gubernatorum,

454 1318 517 1356 ac
552 1306 933 1375 magistrorum
988 1313 1103 1366 vice
1154 1317 1597 1384 praccipitatores,
1646 1332 1701 1376 et
1749 1338 2027 1381 eversores

456 1396 811 1453 ecclesiastici
839 1403 1020 1471 gregis
1042 1402 1205 1458 futuri
1233 1420 1434 1463 essent.
1461 1409 1643 1480 Neque
1701 1422 1845 1468 tanta
1892 1430 2026 1470 con-

456 1487 582 1541 cilia
612 1503 796 1543 errare
831 1496 1190 1564 permisisset,
1225 1513 1365 1566 qme,
1388 1503 1470 1557 sic
1505 1503 1572 1557 de
1600 1504 1705 1559 illis
1734 1506 1864 1561 viris
1918 1519 2027 1561 sta-

457 1585 692 1641 tuerunt,
722 1589 779 1634 ut
803 1580 1055 1649 juberent
1081 1600 1295 1653 omnes,
1320 1592 1409 1659 qui
1449 1607 1478 1645 a
1531 1593 1746 1649 Christo
1794 1595 2027 1652 Christi-

458 1667 543 1720 ani
576 1668 903 1738 dicerentur,
929 1689 1022 1729 eos
1052 1680 1287 1732 revereri
1338 1682 1390 1734 in
1453 1687 1731 1750 omnibus,
1791 1689 2028 1759 nihilque

458 1756 669 1812 illorum
705 1761 864 1819 dictis
895 1770 1167 1824 contraire
1198 1787 1213 1835 ;
1252 1787 1426 1842 neque
1456 1786 1700 1841 pastores
1747 1793 1840 1834 eos
1886 1753 2025 1846 esse,
2059 1753 2101 1808 Β

459 1860 525 1899 ne
556 1849 621 1902 ad
648 1862 943 1922 prterupta,
978 1867 1032 1911 et
1069 1861 1384 1930 praecipitia,
1439 1880 1654 1937 gregem
1713 1869 1813 1923 sibi
1854 1872 2029 1926 credi-

457 1948 567 1989 tum
596 1944 991 2007 pertraherent.
1022 1948 1129 2004 Sed
1162 1966 1261 2007 nec
1282 1954 1454 2009 sancti
1481 1955 1591 2025 jam
1642 1970 1847 2026 essent,
1899 1977 2029 2016 nos-

458 2043 561 2097 que
590 2034 718 2089 caeci
747 2049 918 2093 caecos
973 2054 1362 2112 sequeremur,
1422 2046 1740 2118 ignorantiae
1795 2054 2030 2108 tcuehris

458 2124 666 2195 caecati,
716 2141 813 2181 nec
872 2132 1153 2186 veritatem
1220 2146 1599 2205 agnoscentes.
1659 2139 1879 2207 Verum,
1927 2145 2031 2199 hoc

458 2213 700 2280 proiecto
726 2229 836 2283 est,
890 2222 1106 2288 oblique
1163 2229 1216 2279 in
1298 2226 1463 2281 Deum
1530 2232 1746 2293 ,erroris
1818 2234 2027 2302 culpam

460 2308 808 2377 intorquere;
849 2314 1024 2381 idque,
1054 2331 1174 2370 cum
1222 2319 1469 2374 Salvator
1498 2333 1687 2377 noster
1739 2338 1912 2395 usque
1962 2328 2029 2382 ad

459 2405 984 2459 consummationem
1012 2409 1195 2463 saeculi
1238 2412 1517 2467 nobiseum
1569 2429 1626 2469 se
1656 2419 1772 2470 l‘ore
1828 2420 2030 2487 promi-

461 2488 616 2556 serit,
651 2505 751 2560 pro
779 2494 977 2564 quibus
1000 2499 1347 2567 redimendis,
1377 2504 1556 2561 omnis
1605 2506 1857 2563 illi-cura
1899 2508 2026 2578 fuit,

457 2582 747 2654 omniaque
770 2586 1009 2656 implevit
1050 2604 1411 2649 sacramenta.

528 2672 816 2742 Caeterum,
864 2678 911 2733 si
972 2681 1062 2749 qui
1124 2682 1337 2738 beatum
1402 2688 1757 2758 Augustinum
1814 2700 2031 2749 senten-

457 2764 588 2819 tiam
622 2768 765 2822 illam
796 2771 863 2825 de
886 2782 1073 2829 sancto
1101 2774 1329 2843 Spiritu,

2129 511 2303 577 diunt,
2356 513 2638 571 haereticos
2687 519 3150 578 existimabimus.
3209 526 3339 589 Sed.
3394 529 3497 585 ista
3544 534 3705 603 plane

2130 603 2305 673 inepta
2340 614 2465 660 sunt
2486 616 2542 662 et
2575 608 2987 668 absurdissima.
3017 613 3152 668 Nam
3182 618 3325 686 quod
3364 622 3551 678 beatus
3592 626 3705 680 Αυ-

2129 696 2378 764 gustinus
2415 697 2469 751 in
2500 698 2615 753 suis
2646 699 2711 755 de
2752 710 2941 756 saneto
2992 702 3200 772 Spiritu
3264 711 3574 778 sententiis,
3638 729 3710 770 ne

2132 784 2419 853 vestigium
2466 787 2681 856 quidem
2724 790 3092 858 ambiguitatis
3123 797 3444 862 ostenderit.
3506 816 3573 855 ex
3624 804 3710 858 di-

2130 872 2233 926 ctis
2260 875 2373 929 suis
2398 886 2643 932 constat:
2676 877 2796 933 Non
2828 882 2965 934 enim
3019 896 3319 951 possumus,
3359 890 3552 960 inquit,
3622 899 3709 949 di-

2129 978 2265 1025 cere,
2295 967 2434 1034 quod
2460 967 2693 1035 Spiritus
2723 980 2934 1026 sanctus
2959 989 2991 1027 a
3040 973 3171 1029 Filio
3203 993 3305 1032 non
3343 984 3608 1048 procedat.
3644 988 3710 1040 Et

2129 1055 2219 1122 qui
2253 1056 2409 1110 aliter
2461 1058 2721 1121 sentiunt,
2783 1076 2878 1116 eos
2935 1063 3377 1123 dementissimos
3431 1075 3709 1141 appellat;

2131 1144 2297 1215 Atque
2324 1148 2458 1201 hanc
2485 1148 2638 1217 ﬁdem
2675 1151 2744 1204 ad
2772 1151 2960 1221 Deum,
2996 1156 3093 1217 ait,
3136 1167 3314 1224 aperte
3361 1164 3621 1230 conﬁteri,
3649 1169 3706 1220 in

2128 1254 2250 1307 qua.
2285 1254 2349 1292 ea:
2374 1238 2515 1293 Filio
2540 1244 2816 1311 procedere
2832 1243 3089 1312 Spiritum
3115 1260 3358 1305 sanctum
3389 1256 3703 1325 continetur,

2128 1330 2261 1383 etab
2298 1331 2422 1395 ipsis
2461 1330 2751 1388 Saluatoris
2812 1338 2983 1390 verbis
3034 1338 3089 1390 id
3138 1343 3340 1395 ostendi
3400 1362 3707 1416 asseverat;

2128 1420 2394 1490 additque,
2463 1422 2632 1489 ipsum
2672 1425 3049 1492 prOplteticam,
3115 1439 3273 1498 atque
3360 1438 3705 1504 apostolicam

2129 1509 2449 1574 doctrinam,
2494 1529 2560 1566 ea:
2609 1510 2750 1567 Filio
2805 1516 3083 1585 procedere
3130 1518 3387 1589 Spiritum
3437 1533 3704 1592 sanctum,

2129 1605 2535 1669 commendare”

2200 1694 2327 1749 Htec
2362 1707 2542 1752 autem
2583 1699 2825 1766 proiecto
2877 1705 3197 1776 ambigentis
3250 1723 3357 1764 non
3415 1719 3582 1764 sunt:
3644 1717 3704 1763 et

2129 1783 2345 1841 Petrum
2381 1787 2690 1845 firmissime
2713 1800 2918 1860 tenere,
2962 1811 3026 1849 ac
3057 1797 3206 1851 nullo
3255 1799 3418 1854 modo
3456 1801 3708 1854 dubitare

2129 1876 2197 1928 de
2256 1880 2529 1949 processu:
2570 1882 2742 1936 sancti
2791 1882 3024 1951 Spiritus
3089 1903 3155 1942 ex
3218 1888 3352 1944 Filio
3418 1892 3698 1946 admonet.

2128 1970 2301 2039 Atque
2330 1972 2383 2026 in
2447 1972 2553 2028 i‘me
2605 1976 2957 2047 quadraginta
3006 1980 3396 2048 capitulorum.
3461 2000 3582 2053 quas
3634 1985 3705 2041 ad

2128 2075 2249 2115 eum
2281 2063 2519 2134 scripsit,
2553 2066 2705 2133 quasi
2748 2068 3100 2133 concludens,
3132 2072 3249 2126 ait:
3286 2072 3529 2142 Singula,
3565 2090 3692 2144 qua

2128 2154 2240 2209 illic
2266 2156 2406 2209 dicta
2441 2168 2630 2219 essent.
2662 2168 2867 2213 tantum
2920 2162 3126 2217 roboris
3173 2164 3243 2217 ad
3268 2166 3427 2233 ﬁdem
3488 2166 3701 2232 habere,

2127 2255 2185 2300 ut
2216 2248 2306 2317 qui
2332 2248 2410 2302 vel
2457 2266 2615 2304 unum
2669 2266 2735 2307 ex
2795 2253 2904 2307 illis
2960 2256 3165 2309 abolere
3218 2257 3496 2322 niteret-tr,
3541 2257 3696 2327 quasi

2128 2342 2400 2410 manifeste
2439 2344 2631 2407 impius
2679 2348 3071 2416 communisque
3119 2349 3281 2416 pestis
3313 2351 3691 2414 exsecranda,

2127 2441 2287 2501 atque
2311 2433 2589 2504 fugiendus
2614 2446 2746 2490 esset
2772 2453 2790 2499 ;
2821 2448 2870 2491 et
2899 2456 3061 2506 neque
3103 2441 3159 2492 in
3189 2458 3367 2496 menso
3394 2444 3497 2507 illi,
3532 2459 3695 2513 neque

2127 2522 2184 2575 in‘
2211 2524 2319 2577 alio
2374 2526 2601 2593 quolibet
2644 2529 3159 2593 communicandum,
3213 2546 3375 2601 neque
3438 2533 3689 2587 salutan-

2127 2617 2273 2681 dum,
2311 2633 2473 2688 neque
2501 2619 2595 2673 sub
2625 2629 2817 2674 tectum
2848 2622 3133 2681 vocandum
3183 2624 3281 2677 ait.

2197 2708 2423 2789 Constat
2452 2691 2636 2781 igitui‘,
2662 2712 2813 2781 quia,
2844 2728 2965 2781 qua:
2988 2712 3056 2768 de
3107 2714 3209 2768 tlde
3266 2716 3599 2781 crediderat,
3632 2732 3696 2772 ea

1362 2795 1468 2833 που
1521 2784 1672 2851 (limi
1697 2783 1887 2854 αοεωα
1921 2787 2027 2841 ίιη·
2124 2811 2181 2856 et
2207 2783 2503 2869 scribebat,
2530 2804 2718 2873 eisque
2742 2817 2930 2859 omnes
2958 2804 3203 2871 credere,
3225 2814 3280 2860 et
3305 2807 3700 2874 obtemperare,

461 2859 658 2914 mobile
720 2862 1012 2931 protulisse
1068 2868 1437 2935 arbitrantur.
1512 2889 1686 2944 neque
1743 2878 1816 2931 ita
1878 2879 2027 2935 illum
2124 2909 2179 2957 α
2235 2859 2511 2963 mana)“;
2553 2859 2889 2954 et.orabat,
2937 2901 2996 2948 ut
3050 2859 3203 2962 quam
3238 2907 3417 2952 essent
3469 2859 3705 2952 maxime

458 2952 716 3019 sensisse,
770 2966 826 3010 et
877 2956 999 3013 aliis
1058 2967 1386 3027 persoadere
1437 2966 1709 3035 voluisse,
1769 2973 2023 3039 quoniam

2124 2991 2361 3048 salubria
2399 2998 2453 3045 et
2473 3002 2617 3043 vera.
2647 2984 2977 3055 Desipuisset
3034 2985 3177 3041 enim
3228 2986 3473 3056 profecto
3520 2988 3705 3058 Augu-

461 3052 641 3122 aliquo
696 3055 753 3111 in
803 3058 945 3127 loco,
1000 3061 1324 3131 scriptorum
1379 3076 1598 3117 suorum
1648 3062 1841 3117 dixerit
1875 3062 2025 3132 (36):
2058 3088 2104 3149 ο
2134 3085 2331 3147 sum”,
2383 3083 2451 3145 si,
2504 3094 2603 3150 ριιο
2652 3052 2873 3133 incertis
2941 3076 3124 3143 rebus,
3187 3052 3387 3134 tantam
3442 3079 3703 3134 ultionem

465 3143 607 3198 Solis
640 3150 929 3203 canonicis.
957 3149 1266 3218 Scripturis,
1301 3154 1491 3209 divinis
1541 3154 1736 3208 scilicet
1785 3154 2027 3224 eloquiis,

462 3236 681 3291 lectores
701 3238 1065 3295 incunctanter
1085 3258 1144 3296 ac
1162 3245 1272 3297 sine
1294 3245 1401 3297 ulla
1445 3246 1765 3299 hesitatione
1802 3245 2032 3313 credere,

461 3336 614 3396 atque
637 3320 1354 3403 assentit'i'debere;scriptis
1386 3352 1500 3389 vero
1555 3337 1689 3401 suis,
1741 3352 1843 3389 non
1912 3344 2033 3389 tan—

462 3434 572 3476 tum
603 3426 816 3478 honoris
867 3426 1186 3494 impendere,
1239 3430 1350 3493 sed,
1401 3430 1446 3482 si
1514 3429 1721 3494 quidem
1770 3429 2033 3483 canonicis

464 3514 757 3584 Scripturis
786 3518 1128 3581 concordant,
1175 3521 1476 3587 suscipere;
1510 3536 1565 3574 se
1594 3536 1710 3574 vero
1736 3522 1783 3574 si
1810 3536 2032 3590 usquam

464 3625 497 3660 η
533 3610 749 3662 veritate
774 3608 1089 3673 aberrasset,
1114 3612 1482 3664 correctionem
1530 3622 1682 3680 atque
1706 3611 2034 3665 emendatio.

464 3716 579 3753 nent
609 3716 713 3753 non
744 3700 914 3754 solum
950 3718 1052 3755 non
1089 3717 1320 3766 renuere,
1367 3718 1541 3755 verum
1571 3715 1615 3754 et
1667 3702 1883 3757 libenter
1925 3717 2039 3754 am-

376 3793 385 3799 ’
460 3797 776 3867 ptecti;qui
802 3812 933 3867 ergo
964 3798 1088 3851 talia
1143 3796 1445 3867 proferunt,
1501 3797 1661 3851 etiam
1712 3796 2035 3865 Apostolum

464 3890 690 3943 Paulum
728 3889 1040 3958 Apostolico
1071 3891 1239 3951 choro
1288 3888 1573 3943 detrudere
1601 3897 1902 3957 coguntur;
1941 3903 2037 3943 ne-

463 3996 570 4050 que
589 3981 736 4033 illum
757 3980 1005 4035 veritatis
1026 3979 1466 4047 praedicationem
1500 3980 1670 4035 scisse
1704 3979 2037 4037 fatebuntur.

535 4071 763 4126 Beatum
797 4071 922 4124 item
985 4068 1299 4140 Dionysium
1356 4070 1582 4124 veritate
1628 4070 1913 4136 excidisse,
1971 4086 2035 4126 ex

465 4162 647 4218 verbis
680 4162 821 4218 illius
874 4161 1215 4218 occasionem
1279 4161 1445 4225 nacti,
1496 4161 1689 4216 dicturi
1734 4171 1881 4216 sunt.
1946 4162 2038 4217 Ille

465 4258 608 4310 enim
645 4256 756 4310 ait:
785 4252 1046 4320 Quoniam
1075 4270 1177 4308 non
1210 4271 1323 4308 sunt
1350 4255 1537 4323 dignus
1594 4257 1769 4309 vocari
1826 4268 2037 4324 apostoc

465 4347 627 4411 talus,
651 4356 699 4400 et
728 4347 957 4400 nondum
1005 4347 1238 4400 arbitror
1271 4356 1373 4400 me’
1403 4342 1893 4415 comprehendisse:
1933 4349 2037 4404 [ste

466 4454 591 4493 vero
622 4438 678 4493 in
732 4437 837 4491 line
898 4437 1021 4491 libri
1094 4437 1169 4492 De
1226 4439 1416 4492 divinis
1465 4440 1779 4504 nominibus,
1834 4444 2035 4495 veniam

460 4531 600 4598 petiit
621 4530 666 4583 si
688 4530 812 4599 quid
838 4529 1047 4583 omnino
1077 4530 1154 4583 vel
1185 4530 1238 4581 in
1267 4538 1433 4600 parte,
1458 4546 1489 4582 a
1520 4532 1734 4585 veritate
1757 4532 2034 4587 aberravit.

468 4622 562 4675 Sin
592 4633 797 4687 autem,
827 4637 945 4691 qua:
976 4636 1006 4675 a
1051 4622 1280 4676 summis
1336 4623 1489 4685 viris,
1558 4636 1654 4690 per
1708 4623 2032 4678 modestiam

466 4714 521 4769 et
583 4705 945 4769 humilitatem
1003 4716 1147 4769 dicta
1221 4726 1369 4782 sunt,
1419 4731 1522 4768 non
1577 4726 1789 4783 oportet
1840 4705 2030 4771 contra

468 4808 613 4872 illos,
645 4808 801 4877 quasi
830 4806 1025 4863 abillis
1079 4807 1443 4860 testimonium
1512 4820 1727 4860 sumere
1757 4825 1773 4871 ;
1809 4822 2028 4876 prorsus

463 4911 518 4955 et
546 4915 606 4954 ea
647 4913 827 4969 quina
880 4898 1039 4953 beato
1093 4897 1398 4967 Augustino
1452 4897 1847 4952 modestissime
1903 4906 2031 4952 sunt

464 4995 857 5056 dicta,coutra
900 4990 1046 5043 illum
1090 4989 1329 5059 proferre
1387 4988 1439 5043 in
1495 4989 1882 5054 testimonium,
1923 4992 2031 5045 imo

467 5095 656 5137 contra
680 5083 980 5148 veritatem,
1010 5082 1093 5136 ras
1122 5096 1227 5134 non
1275 5089 1376 5136 est.
1428 5080 1576 5135 Alias
1640 5082 1782 5135 enim
1820 5091 2033 5135 saneto-

467 5191 585 5228 rum
636 5176 904 5229 maximas
959 5178 1188 5229 virtutes
1248 5183 1577 5237 evertemus,
1630 5173 2033 5244 catholicosque

466 5269 714 5321 doctores
789 5267 1177 5321 arbitrabimur
1219 5266 1365 5320 circa
1444 5264 1601 5320 [idem
1654 5266 2031 5334 naufragasse,

466 5356 693 5424 aliisque
726 5372 945 5424 parasse
974 5358 1349 5428 naufragium;
1381 5356 1732 5427 eosdemque,
1786 5369 1839 5412 et
1869 5373 2026 5413 sanco

470 5457 551 5501 tos
597 5444 755 5501 simul
795 5458 848 5503 et
880 5462 1138 5505 nocentes
1186 5449 1594 5520 appellabimus,
1666 5459 1719 5503 et
1761 5450 2034 5520 magistris

2300 3175 2452 3228 isset.

2303 3185 2308 3186 ,
2412 3185 2452 3228 ι.

2134 3185 2549 3334 ex{,leitliltslsftrtem
2583 3266 2777 3321 dicturi
2805 3273 2935 3322 sunt
2965 3265 3033 3321 de
3075 3264 3393 3320 doctoribus
3433 3263 3656 3332 reliquis
3680 3262 3707 3317 2

2136 3358 2474 3427 nequeenim
2500 3371 2691 3412 omnes
2725 3358 3006 3426 ambiguos
3032 3356 3213 3410 dicent
3242 3374 3254 3409 :
3286 3354 3515 3422 Quidam
3544 3367 3697 3419 vero,

2134 3452 2190 3497 et
2238 3444 2407 3509 illum,
2449 3451 2505 3496 et
2566 3459 2687 3498 cum
2755 3443 2857 3497 illo‘
2913 3443 3048 3498 alios
3105 3442 3368 3511 plurimos
3420 3443 3701 3496 doctorum

2135 3550 2348 3591 errasse
2379 3535 2447 3590 de
2472 3545 2660 3593 sancto
2700 3535 2927 3605 Spiritu,
2975 3535 3108 3589 nihil
3137 3536 3332 3589 mirum
3376 3548 3496 3589 esse
3552 3548 3703 3587 asse-

2136 3636 2357 3682 verant:
2390 3625 2639 3681 llontines
2668 3628 2854 3696 quippe
2890 3626 3073 3695 fuisse,
3126 3636 3174 3679 et
3200 3641 3400 3690 errare,
3434 3626 3701 3679 hominum

2136 3733 2265 3771 esse.
2290 3716 2394 3769 Sed
2432 3716 2531 3769 ista
2591 3715 2830 3787 profecto
2886 3715 3251 3784 improborum
3313 3714 3471 3768 nimis
3528 3714 3704 3767 homi-

2138 3823 2263 3861 num
2296 3818 2441 3871 sunt,
2470 3815 2525 3861 et
2568 3822 2752 3862 eorum
2807 3807 2898 3876 qui
2956 3806 3206 3861 doctores
3269 3820 3373 3858 una
3422 3805 3703 3859 destruere

2139 3902 2406 3957 nituntur.
2430 3898 2569 3967 Quid
2593 3901 2739 3954 enim
2772 3899 3029 3969 prohibet
3071 3899 3256 3953 eadem
3290 3897 3520 3958 ratione,
3581 3911 3701 3950 om-

2138 3998 2235 4047 nes
2268 3992 2471 4062 pariter
2500 3990 2895 4060 esploderent‘l
2946 3989 3204 4044 Homines
3231 3989 3372 4042 enim
3411 3983 3701 4042 fueruntet

2138 4087 2261 4155 ipsi,
2298 4102 2361 4142 ac
2386 4088 2549 4141 veluti
2576 4088 2627 4141 in
2660 4086 2938 4155 profunda:
2970 4085 3144 4140 noctis
3184 4085 3385 4140 versati
3438 4080 3700 4138 tenebris.

2140 4176 2254 4233 Hoc
2305 4178 2451 4233 enim
2502 4191 2790 4243 concesso,
2863 4190 3049 4231 omnes
3107 4175 3496 4230 arbitrabimur
3560 4172 3702 4225 circa

2140 4271 2297 4328 tidem
2366 4269 2775 4328 cunctabunda
2818 4277 2873 4324 et
2923 4268 3114 4322 dubios
3166 4269 3393 4329 herere,
3447 4264 3705 4331 nulloque

2144 4364 2331 4419 horum
2374 4361 2581 4431 judicio
2631 4368 2845 4415 utemur
2891 4359 2958 4413 ad
3028 4368 3337 4413 sanctarum
3401 4352 3701 4407 litterarum

2145 4452 2576 4521 intelligentiam.
2617 4449 2696 4505 Ne
2761 4448 2851 4504 isti
2904 4449 3141 4518 quidem,
3190 4447 3281 4512 qui
3330 4445 3443 4499 hate
3491 4443 3703 4506 dicunt,

2144 4544 2436 4606 habebunt,
2492 4542 2636 4597 unde
2679 4556 2777 4597 sua
2833 4540 3051 4594 ﬁrmare
3098 4537 3329 4608 possint,
3387 4531 3705 4589 nutantibus

2141 4635 2415 4691 omnibus.
2468 4632 2674 4699 Quibus
2722 4632 2863 4688 enim
2921 4629 3248 4695 rationibus,
3301 4642 3440 4697 quos
3494 4626 3703 4688 volunt,

2141 4726 2432 4793 magistros
2504 4733 2759 4793 arguunt,
2827 4722 3027 4777 eisdem
3080 4732 3135 4775 et
3194 4719 3297 4787 ipsi
3360 4726 3676 4785 arguantur.

2137 4815 2335 4884 Nempe
2360 4816 2500 4871 enim
2522 4830 2626 4869 non
2649 4816 2892 4869 omnium
2917 4814 3179 4868 sedebant
3196 4812 3407 4881 judices
3434 4806 3531 4876 (a),
3553 4821 3705 4861 com-

2142 4921 2333 4961 munes
2386 4908 2601 4975 quidem
2674 4905 2928 4958 Ecclesiae
3005 4905 3311 4974 magistros,
3395 4901 3492 4965 ipsi
3555 4913 3704 4963 vero,

2139 4999 2305 5054 veluti
2357 4999 2636 5067 sapientia:
2693 5012 2757 5051 ac
2796 4995 3035 5050 scientias
3099 4996 3382 5048 thesauros
3438 5004 3604 5060 penes
3649 5002 3708 5043 se

2143 5092 2391 5146 cenditos
2418 5090 2702 5155 habentes,
2744 5104 2943 5159 eosque
2973 5103 3132 5158 supra
3201 5087 3492 5139 humanam
3559 5090 3709 5134 natu-

2086 5239 2106 5244 _
2145 5200 2257 5238 ram
2290 5184 2459 5240 fuisse
2510 5183 2825 5253 gloriantes,
2877 5196 2997 5250 quae
3056 5179 3158 5248 ipsi
3218 5175 3533 5246 proferunt,
3592 5172 3708 5226 sola

2140 5276 2402 5341 obtinere,
2436 5289 2499 5328 ac
2533 5284 2645 5327 rata
2674 5287 2817 5337 esse,
2859 5288 2921 5325 ac
2966 5270 3275 5324 firmissima
3325 5267 3507 5319 dicere
3537 5264 3706 5316 audc-

2140 5365 2293 5422 hunt.
2328 5366 2524 5434 Atque,
2561 5372 2620 5419 ut
2679 5366 2837 5417 datur
2900 5360 3147 5429 intelligi,
3195 5372 3288 5413 eos
3335 5354 3553 5424 quidem
3613 5351 3707 5420 qui

2140 5459 2381 5512 omnium
2458 5472 2745 5524 consensu,
2788 5453 3051 5533 sapientia
3078 5489 3095 5517 ,
3140 5460 3197 5505 et
3284 5448 3565 5502 sanctitate
3612 5442 3711 5496 llo-

540 5563 650 5629 (56)
690 5565 750 5618 S.
781 5565 1115 5633 Augustinus
1166 5564 1217 5619 in
1267 5565 1429 5635 epist.
1488 5578 1600 5619 nx.
1641 5563 1753 5619 lloc
1799 5563 2005 5622 dictum
2033 5568 2269 5627 haeretici
2304 5573 2559 5643 perpetim
2594 5574 2647 5627 in
2679 5584 2773 5626 ore
2803 5570 3003 5625 habent
3037 5576 3225 5625 contra
3279 5566 3501 5618 Patrum
3573 5574 3707 5615 auc-

469 5636 797 5691 etoritatem.

536 5728 605 5792 (α)
630 5729 786 5779 Deest
810 5729 1010 5794 aliquid.
