  <div class='ocr_page' id='page_1' title='image "/cluster/home/n/w/nwhite01/storage/ocr_20150623/152/hvd.32044073502635/070.png"; bbox 0 0 4046 6204; ppageno 0'>
   <div class='ocr_carea' id='block_1_1' title="bbox 290 290 434 373">
    <p class='ocr_par' dir='ltr' id='par_1_1' title="bbox 290 290 434 373">
     <span class='ocr_line' id='line_1_1' title="bbox 290 290 434 373; baseline -0.014 0"><span class='ocrx_word' id='word_1_1' title='bbox 290 290 434 373; x_wconf 86' lang='lat' dir='ltr'><strong>m‘</strong></span> 
     </span>
    </p>
   </div>
   <div class='ocr_carea' id='block_1_2' title="bbox 1350 313 2432 377">
    <p class='ocr_par' dir='ltr' id='par_1_2' title="bbox 1350 313 2432 377">
     <span class='ocr_line' id='line_1_2' title="bbox 1350 313 2432 377; baseline 0.001 -3"><span class='ocrx_word' id='word_1_2' title='bbox 1350 315 1753 377; x_wconf 75' lang='lat' dir='ltr'><strong>ADVERSUS</strong></span> <span class='ocrx_word' id='word_1_3' title='bbox 1786 313 2107 375; x_wconf 56' lang='lat' dir='ltr'><strong>GRAECOS</strong></span> <span class='ocrx_word' id='word_1_4' title='bbox 2153 314 2297 377; x_wconf 83' lang='lat' dir='ltr'><strong>LIB.</strong></span> <span class='ocrx_word' id='word_1_5' title='bbox 2348 314 2432 375; x_wconf 81' lang='lat' dir='ltr'><strong>Il.</strong></span> 
     </span>
    </p>
   </div>
   <div class='ocr_carea' id='block_1_3' title="bbox 3452 310 3549 372">
    <p class='ocr_par' dir='ltr' id='par_1_3' title="bbox 3452 310 3549 372">
     <span class='ocr_line' id='line_1_3' title="bbox 3452 310 3549 372; baseline 0.021 -2"><span class='ocrx_word' id='word_1_6' title='bbox 3452 310 3549 372; x_wconf 59' lang='lat' dir='ltr'><strong>iiii</strong></span> 
     </span>
    </p>
   </div>
   <div class='ocr_carea' id='block_1_4' title="bbox 284 425 3639 506">
    <p class='ocr_par' dir='ltr' id='par_1_4' title="bbox 284 425 3639 506">
     <span class='ocr_line' id='line_1_4' title="bbox 284 425 3639 506; baseline -0.002 -23"><span class='ocrx_word' id='word_1_7' title='bbox 284 446 361 483; x_wconf 89' lang='lat' dir='ltr'><strong>ru-</strong></span> <span class='ocrx_word' id='word_1_8' title='bbox 389 438 539 490; x_wconf 90' lang='lat' dir='ltr'><strong>runt,</strong></span> <span class='ocrx_word' id='word_1_9' title='bbox 575 426 868 497; x_wconf 72' lang='lat' dir='ltr'><strong>fragilitate</strong></span> <span class='ocrx_word' id='word_1_10' title='bbox 900 429 1231 491; x_wconf 68' lang='lat' dir='ltr'><strong>conditionis</strong></span> <span class='ocrx_word' id='word_1_11' title='bbox 1251 429 1503 484; x_wconf 62' lang='lat' dir='ltr'><strong>humanm</strong></span> <span class='ocrx_word' id='word_1_12' title='bbox 1534 430 1585 484; x_wconf 89' lang='lat' dir='ltr'><strong>in</strong></span> <span class='ocrx_word' id='word_1_13' title='bbox 1622 444 1865 486; x_wconf 87' lang='lat' dir='ltr'><strong>errorem</strong></span> <span class='ocrx_word' id='word_1_14' title='bbox 1892 438 1940 491; x_wconf 75' lang='grc' dir='ltr'><strong>Α</strong></span> <span class='ocrx_word' id='word_1_15' title='bbox 1971 434 2118 484; x_wconf 90' lang='lat' dir='ltr'><strong>nium</strong></span> <span class='ocrx_word' id='word_1_16' title='bbox 2154 429 2479 484; x_wconf 76' lang='lat' dir='ltr'><strong>naturalium</strong></span> <span class='ocrx_word' id='word_1_17' title='bbox 2508 429 2797 495; x_wconf 89' lang='lat' dir='ltr'><strong>bonorum,</strong></span> <span class='ocrx_word' id='word_1_18' title='bbox 2834 427 3122 498; x_wconf 78' lang='lat' dir='ltr'><strong>Patrisque</strong></span> <span class='ocrx_word' id='word_1_19' title='bbox 3143 428 3286 481; x_wconf 88' lang='lat' dir='ltr'><strong>bona</strong></span> <span class='ocrx_word' id='word_1_20' title='bbox 3347 425 3554 478; x_wconf 78' lang='lat' dir='ltr'><strong>italicat</strong></span> <span class='ocrx_word' id='word_1_21' title='bbox 3621 484 3639 506; x_wconf 47' lang='lat'><em>&#39;</em></span> 
     </span>
    </p>
   </div>
   <div class='ocr_carea' id='block_1_5' title="bbox 285 520 1867 591">
    <p class='ocr_par' dir='ltr' id='par_1_5' title="bbox 285 520 1867 591">
     <span class='ocr_line' id='line_1_5' title="bbox 285 520 1867 591; baseline 0.002 -18"><span class='ocrx_word' id='word_1_22' title='bbox 285 524 469 590; x_wconf 85' lang='lat' dir='ltr'><strong>lapsos</strong></span> <span class='ocrx_word' id='word_1_23' title='bbox 490 520 694 587; x_wconf 84' lang='lat' dir='ltr'><strong>dicent,</strong></span> <span class='ocrx_word' id='word_1_24' title='bbox 729 521 832 575; x_wconf 82' lang='lat' dir='ltr'><strong>sibi</strong></span> <span class='ocrx_word' id='word_1_25' title='bbox 863 532 1042 591; x_wconf 84' lang='lat' dir='ltr'><strong>autem</strong></span> <span class='ocrx_word' id='word_1_26' title='bbox 1089 522 1190 591; x_wconf 89' lang='lat' dir='ltr'><strong>ipsi</strong></span> <span class='ocrx_word' id='word_1_27' title='bbox 1251 524 1628 577; x_wconf 75' lang='lat' dir='ltr'><strong>tantummodo</strong></span> <span class='ocrx_word' id='word_1_28' title='bbox 1677 539 1867 578; x_wconf 86' lang='lat' dir='ltr'><strong>errore</strong></span> 
     </span>
    </p>
   </div>
   <div class='ocr_carea' id='block_1_6' title="bbox 284 589 1319 681">
    <p class='ocr_par' dir='ltr' id='par_1_6' title="bbox 284 589 1319 681">
     <span class='ocr_line' id='line_1_6' title="bbox 284 589 1319 681; baseline 0.002 -15"><span class='ocrx_word' id='word_1_29' title='bbox 284 613 457 680; x_wconf 70' lang='lat' dir='ltr'><strong>decipi</strong></span> <span class='ocrx_word' id='word_1_30' title='bbox 483 628 588 666; x_wconf 93' lang='lat' dir='ltr'><strong>non</strong></span> <span class='ocrx_word' id='word_1_31' title='bbox 620 626 799 676; x_wconf 67' lang='lat' dir='ltr'><strong>posse,</strong></span> <span class='ocrx_word' id='word_1_32' title='bbox 852 589 1123 681; x_wconf 71' lang='lat' dir='ltr'><strong>peculiare</strong></span> <span class='ocrx_word' id='word_1_33' title='bbox 1167 616 1319 669; x_wconf 82' lang='lat' dir='ltr'><strong>erit?</strong></span> 
     </span>
    </p>
   </div>
   <div class='ocr_carea' id='block_1_7' title="bbox 282 702 1864 777">
    <p class='ocr_par' dir='ltr' id='par_1_7' title="bbox 282 702 1864 777">
     <span class='ocr_line' id='line_1_7' title="bbox 282 702 1864 777; baseline 0.001 -20"><span class='ocrx_word' id='word_1_34' title='bbox 282 722 285 723; x_wconf 65' lang='lat'><strong><em>&#39;</em></strong></span> <span class='ocrx_word' id='word_1_35' title='bbox 353 702 463 757; x_wconf 85' lang='lat' dir='ltr'><strong>Sed</strong></span> <span class='ocrx_word' id='word_1_36' title='bbox 500 704 623 765; x_wconf 88' lang='lat' dir='ltr'><strong>ista,</strong></span> <span class='ocrx_word' id='word_1_37' title='bbox 682 715 742 756; x_wconf 87' lang='lat' dir='ltr'><strong>ut</strong></span> <span class='ocrx_word' id='word_1_38' title='bbox 796 705 1086 772; x_wconf 62' lang='lat' dir='ltr'><strong>superbiat,</strong></span> <span class='ocrx_word' id='word_1_39' title='bbox 1143 706 1496 775; x_wconf 71' lang='lat' dir='ltr'><strong>stuititimqne</strong></span> <span class='ocrx_word' id='word_1_40' title='bbox 1555 708 1864 777; x_wconf 86' lang='lat' dir='ltr'><strong>plenissima</strong></span> 
     </span>
    </p>
   </div>
   <div class='ocr_carea' id='block_1_8' title="bbox 285 796 1870 867">
    <p class='ocr_par' dir='ltr' id='par_1_8' title="bbox 285 796 1870 867">
     <span class='ocr_line' id='line_1_8' title="bbox 285 796 1870 867; baseline 0.004 -15"><span class='ocrx_word' id='word_1_41' title='bbox 285 799 394 852; x_wconf 70' lang='lat' dir='ltr'><strong>illis</strong></span> <span class='ocrx_word' id='word_1_42' title='bbox 430 796 832 864; x_wconf 86' lang='lat' dir='ltr'><strong>relinquantur.</strong></span> <span class='ocrx_word' id='word_1_43' title='bbox 870 811 1006 865; x_wconf 91' lang='lat' dir='ltr'><strong>quos</strong></span> <span class='ocrx_word' id='word_1_44' title='bbox 1054 798 1286 853; x_wconf 82' lang='lat' dir='ltr'><strong>deiectat</strong></span> <span class='ocrx_word' id='word_1_45' title='bbox 1322 799 1632 867; x_wconf 85' lang='lat' dir='ltr'><strong>ltnjusmodi</strong></span> <span class='ocrx_word' id='word_1_46' title='bbox 1695 802 1870 859; x_wconf 80' lang='lat' dir='ltr'><strong>fatuas</strong></span> 
     </span>
    </p>
   </div>
   <div class='ocr_carea' id='block_1_9' title="bbox 288 888 1865 961">
    <p class='ocr_par' dir='ltr' id='par_1_9' title="bbox 288 888 1865 961">
     <span class='ocr_line' id='line_1_9' title="bbox 288 888 1865 961; baseline 0.005 -20"><span class='ocrx_word' id='word_1_47' title='bbox 288 890 619 958; x_wconf 77' lang='lat' dir='ltr'><strong>imitilesqne</strong></span> <span class='ocrx_word' id='word_1_48' title='bbox 650 888 912 959; x_wconf 76' lang='lat' dir='ltr'><strong>glutiolas</strong></span> <span class='ocrx_word' id='word_1_49' title='bbox 939 892 1093 957; x_wconf 83' lang='lat' dir='ltr'><strong>sequi</strong></span> <span class='ocrx_word' id='word_1_50' title='bbox 1126 907 1139 953; x_wconf 86' lang='lat'><strong>;</strong></span> <span class='ocrx_word' id='word_1_51' title='bbox 1193 892 1428 946; x_wconf 80' lang='lat' dir='ltr'><strong>maxime</strong></span> <span class='ocrx_word' id='word_1_52' title='bbox 1456 909 1579 947; x_wconf 94' lang='lat' dir='ltr'><strong>cum</strong></span> <span class='ocrx_word' id='word_1_53' title='bbox 1608 895 1865 961; x_wconf 70' lang='lat' dir='ltr'><strong>possibile</strong></span> 
     </span>
    </p>
   </div>
   <div class='ocr_carea' id='block_1_10' title="bbox 286 983 1868 1051">
    <p class='ocr_par' dir='ltr' id='par_1_10' title="bbox 286 983 1868 1051">
     <span class='ocr_line' id='line_1_10' title="bbox 286 983 1868 1051; baseline 0.001 -15"><span class='ocrx_word' id='word_1_54' title='bbox 286 1000 391 1037; x_wconf 88' lang='lat' dir='ltr'><strong>non</strong></span> <span class='ocrx_word' id='word_1_55' title='bbox 428 984 520 1040; x_wconf 86' lang='lat' dir='ltr'><strong>sit.</strong></span> <span class='ocrx_word' id='word_1_56' title='bbox 545 983 763 1036; x_wconf 85' lang='lat' dir='ltr'><strong>eosdem</strong></span> <span class='ocrx_word' id='word_1_57' title='bbox 797 991 848 1035; x_wconf 92' lang='lat' dir='ltr'><strong>et</strong></span> <span class='ocrx_word' id='word_1_58' title='bbox 885 996 1105 1037; x_wconf 83' lang='lat' dir='ltr'><strong>sanetos</strong></span> <span class='ocrx_word' id='word_1_59' title='bbox 1130 985 1524 1051; x_wconf 86' lang='lat' dir='ltr'><strong>consentiente,</strong></span> <span class='ocrx_word' id='word_1_60' title='bbox 1574 986 1705 1040; x_wconf 87' lang='lat' dir='ltr'><strong>orbe</strong></span> <span class='ocrx_word' id='word_1_61' title='bbox 1746 988 1868 1039; x_wconf 85' lang='lat' dir='ltr'><strong>nni-</strong></span> 
     </span>
    </p>
   </div>
   <div class='ocr_carea' id='block_1_11' title="bbox 287 1075 1869 1149">
    <p class='ocr_par' dir='ltr' id='par_1_11' title="bbox 287 1075 1869 1149">
     <span class='ocr_line' id='line_1_11' title="bbox 287 1075 1869 1149; baseline 0.005 -24"><span class='ocrx_word' id='word_1_62' title='bbox 287 1091 465 1142; x_wconf 78' lang='lat' dir='ltr'><strong>\erso,</strong></span> <span class='ocrx_word' id='word_1_63' title='bbox 501 1075 693 1134; x_wconf 77' lang='lat' dir='ltr'><strong>fuisse.</strong></span> <span class='ocrx_word' id='word_1_64' title='bbox 722 1088 770 1127; x_wconf 83' lang='lat' dir='ltr'><strong>et</strong></span> <span class='ocrx_word' id='word_1_65' title='bbox 810 1091 838 1128; x_wconf 89' lang='lat' dir='ltr'><strong>a</strong></span> <span class='ocrx_word' id='word_1_66' title='bbox 874 1076 977 1129; x_wconf 82' lang='lat' dir='ltr'><strong>fide</strong></span> <span class='ocrx_word' id='word_1_67' title='bbox 1004 1078 1276 1139; x_wconf 77' lang='lat' dir='ltr'><strong>deviasse,</strong></span> <span class='ocrx_word' id='word_1_68' title='bbox 1314 1078 1432 1131; x_wconf 89' lang='lat' dir='ltr'><strong>sine</strong></span> <span class='ocrx_word' id='word_1_69' title='bbox 1456 1094 1560 1149; x_wconf 80' lang='lat' dir='ltr'><strong>qua</strong></span> <span class='ocrx_word' id='word_1_70' title='bbox 1608 1078 1720 1133; x_wconf 83' lang='lat' dir='ltr'><strong>Deo</strong></span> <span class='ocrx_word' id='word_1_71' title='bbox 1752 1079 1869 1145; x_wconf 88' lang='lat' dir='ltr'><strong>pla-</strong></span> 
     </span>
    </p>
   </div>
   <div class='ocr_carea' id='block_1_12' title="bbox 284 1170 1869 1239">
    <p class='ocr_par' dir='ltr' id='par_1_12' title="bbox 284 1170 1869 1239">
     <span class='ocr_line' id='line_1_12' title="bbox 284 1170 1869 1239; baseline 0.001 -15"><span class='ocrx_word' id='word_1_72' title='bbox 284 1185 411 1224; x_wconf 85' lang='lat' dir='ltr'><strong>cere</strong></span> <span class='ocrx_word' id='word_1_73' title='bbox 438 1170 781 1236; x_wconf 88' lang='lat' dir='ltr'><strong>impossibile</strong></span> <span class='ocrx_word' id='word_1_74' title='bbox 812 1178 915 1231; x_wconf 90' lang='lat' dir='ltr'><strong>est,</strong></span> <span class='ocrx_word' id='word_1_75' title='bbox 946 1178 1003 1224; x_wconf 89' lang='lat' dir='ltr'><strong>ut</strong></span> <span class='ocrx_word' id='word_1_76' title='bbox 1034 1172 1107 1223; x_wconf 90' lang='lat' dir='ltr'><strong>ait</strong></span> <span class='ocrx_word' id='word_1_77' title='bbox 1178 1172 1472 1239; x_wconf 76' lang='lat' dir='ltr'><strong>Apostolus</strong></span> <span class='ocrx_word' id='word_1_78' title='bbox 1505 1173 1571 1227; x_wconf 80' lang='grc'><strong>’⁸.</strong></span> <span class='ocrx_word' id='word_1_79' title='bbox 1625 1172 1732 1227; x_wconf 73' lang='lat' dir='ltr'><strong>Nos</strong></span> <span class='ocrx_word' id='word_1_80' title='bbox 1770 1188 1869 1226; x_wconf 63' lang='lat' dir='ltr'><strong>auo</strong></span> 
     </span>
    </p>
   </div>
   <div class='ocr_carea' id='block_1_13' title="bbox 286 1263 1873 1323">
    <p class='ocr_par' dir='ltr' id='par_1_13' title="bbox 286 1263 1873 1323">
     <span class='ocr_line' id='line_1_13' title="bbox 286 1263 1873 1323; baseline 0.003 -9"><span class='ocrx_word' id='word_1_81' title='bbox 286 1276 390 1315; x_wconf 88' lang='lat' dir='ltr'><strong>tem</strong></span> <span class='ocrx_word' id='word_1_82' title='bbox 419 1264 684 1317; x_wconf 80' lang='lat' dir='ltr'><strong>honorem</strong></span> <span class='ocrx_word' id='word_1_83' title='bbox 724 1263 828 1317; x_wconf 88' lang='lat' dir='ltr'><strong>illis</strong></span> <span class='ocrx_word' id='word_1_84' title='bbox 861 1264 927 1315; x_wconf 83' lang='lat' dir='ltr'><strong>ab</strong></span> <span class='ocrx_word' id='word_1_85' title='bbox 968 1265 1374 1323; x_wconf 82' lang='lat' dir='ltr'><strong>universalibus</strong></span> <span class='ocrx_word' id='word_1_86' title='bbox 1436 1266 1681 1320; x_wconf 86' lang='lat' dir='ltr'><strong>conciliis</strong></span> <span class='ocrx_word' id='word_1_87' title='bbox 1718 1266 1873 1320; x_wconf 80' lang='lat' dir='ltr'><strong>attri-</strong></span> 
     </span>
    </p>
   </div>
   <div class='ocr_carea' id='block_1_14' title="bbox 285 1357 1869 1428">
    <p class='ocr_par' dir='ltr' id='par_1_14' title="bbox 285 1357 1869 1428">
     <span class='ocr_line' id='line_1_14' title="bbox 285 1357 1869 1428; baseline 0.006 -24"><span class='ocrx_word' id='word_1_88' title='bbox 285 1359 473 1408; x_wconf 62' lang='lat' dir='ltr'><strong>Itutum</strong></span> <span class='ocrx_word' id='word_1_89' title='bbox 505 1367 812 1420; x_wconf 75' lang='lat' dir='ltr'><strong>servantes,</strong></span> <span class='ocrx_word' id='word_1_90' title='bbox 853 1357 1062 1428; x_wconf 84' lang='lat' dir='ltr'><strong>hosque</strong></span> <span class='ocrx_word' id='word_1_91' title='bbox 1090 1367 1147 1413; x_wconf 90' lang='lat' dir='ltr'><strong>ut</strong></span> <span class='ocrx_word' id='word_1_92' title='bbox 1197 1367 1581 1427; x_wconf 81' lang='lat' dir='ltr'><strong>praeceptores,</strong></span> <span class='ocrx_word' id='word_1_93' title='bbox 1617 1368 1671 1413; x_wconf 89' lang='lat' dir='ltr'><strong>et.</strong></span> <span class='ocrx_word' id='word_1_94' title='bbox 1700 1359 1869 1413; x_wconf 87' lang='lat' dir='ltr'><strong>duces</strong></span> 
     </span>
    </p>
   </div>
   <div class='ocr_carea' id='block_1_15' title="bbox 282 1447 1870 1521">
    <p class='ocr_par' dir='ltr' id='par_1_15' title="bbox 282 1447 1870 1521">
     <span class='ocr_line' id='line_1_15' title="bbox 282 1447 1870 1521; baseline 0.004 -22"><span class='ocrx_word' id='word_1_95' title='bbox 282 1448 501 1502; x_wconf 62' lang='lat' dir='ltr'><strong>Gm’cos</strong></span> <span class='ocrx_word' id='word_1_96' title='bbox 546 1447 877 1519; x_wconf 78' lang='lat' dir='ltr'><strong>Latinosque</strong></span> <span class='ocrx_word' id='word_1_97' title='bbox 934 1460 1265 1521; x_wconf 75' lang='lat' dir='ltr'><strong>sequentes:</strong></span> <span class='ocrx_word' id='word_1_98' title='bbox 1338 1450 1403 1505; x_wconf 81' lang='lat' dir='ltr'><strong>In</strong></span> <span class='ocrx_word' id='word_1_99' title='bbox 1472 1450 1679 1508; x_wconf 73' lang='lat' dir='ltr'><strong>Christo</strong></span> <span class='ocrx_word' id='word_1_100' title='bbox 1732 1454 1870 1506; x_wconf 86' lang='lat' dir='ltr'><strong>enim</strong></span> 
     </span>
    </p>
   </div>
   <div class='ocr_carea' id='block_1_16' title="bbox 285 1537 1870 1612">
    <p class='ocr_par' dir='ltr' id='par_1_16' title="bbox 285 1537 1870 1612">
     <span class='ocr_line' id='line_1_16' title="bbox 285 1537 1870 1612; baseline 0.004 -21"><span class='ocrx_word' id='word_1_101' title='bbox 285 1537 441 1602; x_wconf 75' lang='lat' dir='ltr'><strong>Iesu,</strong></span> <span class='ocrx_word' id='word_1_102' title='bbox 480 1557 647 1610; x_wconf 84' lang='lat' dir='ltr'><strong>neque</strong></span> <span class='ocrx_word' id='word_1_103' title='bbox 675 1540 929 1609; x_wconf 74' lang='lat' dir='ltr'><strong>Judwus,</strong></span> <span class='ocrx_word' id='word_1_104' title='bbox 983 1560 1145 1612; x_wconf 85' lang='lat' dir='ltr'><strong>neque</strong></span> <span class='ocrx_word' id='word_1_105' title='bbox 1195 1541 1413 1598; x_wconf 68' lang='grc' dir='ltr'><strong>(ἔπη-ιιι</strong></span> <span class='ocrx_word' id='word_1_106' title='bbox 1438 1553 1515 1598; x_wconf 80' lang='lat' dir='ltr'><strong>est</strong></span> <span class='ocrx_word' id='word_1_107' title='bbox 1576 1544 1777 1612; x_wconf 77' lang='lat' dir='ltr'><strong>aliquid</strong></span> <span class='ocrx_word' id='word_1_108' title='bbox 1803 1543 1870 1607; x_wconf 80' lang='grc'><strong>⁷⁸.</strong></span> 
     </span>
    </p>
   </div>
   <div class='ocr_carea' id='block_1_17' title="bbox 285 1634 1872 1704">
    <p class='ocr_par' dir='ltr' id='par_1_17' title="bbox 285 1634 1872 1704">
     <span class='ocr_line' id='line_1_17' title="bbox 285 1634 1872 1704; baseline 0.004 -21"><span class='ocrx_word' id='word_1_109' title='bbox 285 1634 543 1701; x_wconf 81' lang='lat' dir='ltr'><strong>quodque</strong></span> <span class='ocrx_word' id='word_1_110' title='bbox 566 1650 593 1686; x_wconf 87' lang='lat' dir='ltr'><strong>a</strong></span> <span class='ocrx_word' id='word_1_111' title='bbox 635 1634 879 1704; x_wconf 87' lang='lat' dir='ltr'><strong>quolibet</strong></span> <span class='ocrx_word' id='word_1_112' title='bbox 926 1636 1151 1700; x_wconf 88' lang='lat' dir='ltr'><strong>dictum,</strong></span> <span class='ocrx_word' id='word_1_113' title='bbox 1184 1635 1451 1690; x_wconf 80' lang='lat' dir='ltr'><strong>veraciter</strong></span> <span class='ocrx_word' id='word_1_114' title='bbox 1477 1637 1719 1691; x_wconf 80' lang='lat' dir='ltr'><strong>eamdem</strong></span> <span class='ocrx_word' id='word_1_115' title='bbox 1773 1636 1872 1689; x_wconf 83' lang='lat' dir='ltr'><strong>ita-</strong></span> 
     </span>
    </p>
   </div>
   <div class='ocr_carea' id='block_1_18' title="bbox 285 1725 1872 1795">
    <p class='ocr_par' dir='ltr' id='par_1_18' title="bbox 285 1725 1872 1795">
     <span class='ocr_line' id='line_1_18' title="bbox 285 1725 1872 1795; baseline 0.003 -18"><span class='ocrx_word' id='word_1_116' title='bbox 285 1728 375 1779; x_wconf 81' lang='lat' dir='ltr'><strong>bet</strong></span> <span class='ocrx_word' id='word_1_117' title='bbox 413 1726 542 1789; x_wconf 83' lang='lat' dir='ltr'><strong>vim,</strong></span> <span class='ocrx_word' id='word_1_118' title='bbox 578 1725 864 1789; x_wconf 88' lang='lat' dir='ltr'><strong>Iibrantes,</strong></span> <span class='ocrx_word' id='word_1_119' title='bbox 913 1727 1015 1782; x_wconf 84' lang='lat' dir='ltr'><strong>sibi</strong></span> <span class='ocrx_word' id='word_1_120' title='bbox 1079 1727 1235 1795; x_wconf 83' lang='lat' dir='ltr'><strong>ipsis,</strong></span> <span class='ocrx_word' id='word_1_121' title='bbox 1292 1736 1455 1794; x_wconf 89' lang='lat' dir='ltr'><strong>atque</strong></span> <span class='ocrx_word' id='word_1_122' title='bbox 1519 1728 1751 1785; x_wconf 85' lang='lat' dir='ltr'><strong>invicen</strong></span> <span class='ocrx_word' id='word_1_123' title='bbox 1807 1730 1872 1782; x_wconf 87' lang='lat' dir='ltr'><strong>de</strong></span> 
     </span>
    </p>
   </div>
   <div class='ocr_carea' id='block_1_19' title="bbox 282 1816 1654 1888">
    <p class='ocr_par' dir='ltr' id='par_1_19' title="bbox 282 1816 1654 1888">
     <span class='ocr_line' id='line_1_19' title="bbox 282 1816 1654 1888; baseline 0.003 -20"><span class='ocrx_word' id='word_1_124' title='bbox 282 1827 476 1872; x_wconf 80' lang='lat' dir='ltr'><strong>sancto</strong></span> <span class='ocrx_word' id='word_1_125' title='bbox 504 1816 739 1885; x_wconf 88' lang='lat' dir='ltr'><strong>Spiritu,</strong></span> <span class='ocrx_word' id='word_1_126' title='bbox 779 1817 935 1871; x_wconf 82' lang='lat' dir='ltr'><strong>valde</strong></span> <span class='ocrx_word' id='word_1_127' title='bbox 983 1820 1281 1874; x_wconf 81' lang='lat' dir='ltr'><strong>coocurdes</strong></span> <span class='ocrx_word' id='word_1_128' title='bbox 1340 1820 1654 1888; x_wconf 85' lang='lat' dir='ltr'><strong>aspicimus.</strong></span> 
     </span>
    </p>
   </div>
   <div class='ocr_carea' id='block_1_20' title="bbox 355 1909 1868 1981">
    <p class='ocr_par' dir='ltr' id='par_1_20' title="bbox 355 1909 1868 1981">
     <span class='ocr_line' id='line_1_20' title="bbox 355 1909 1868 1981; baseline 0.003 -18"><span class='ocrx_word' id='word_1_129' title='bbox 355 1909 462 1963; x_wconf 81' lang='lat' dir='ltr'><strong>Alii</strong></span> <span class='ocrx_word' id='word_1_130' title='bbox 509 1911 653 1964; x_wconf 88' lang='lat' dir='ltr'><strong>enim</strong></span> <span class='ocrx_word' id='word_1_131' title='bbox 720 1926 787 1966; x_wconf 77' lang='lat' dir='ltr'><strong>ex</strong></span> <span class='ocrx_word' id='word_1_132' title='bbox 854 1910 991 1965; x_wconf 80' lang='lat' dir='ltr'><strong>Filio</strong></span> <span class='ocrx_word' id='word_1_133' title='bbox 1045 1913 1339 1979; x_wconf 70' lang='lat' dir='ltr'><strong>procedere</strong></span> <span class='ocrx_word' id='word_1_134' title='bbox 1396 1915 1547 1968; x_wconf 84' lang='lat' dir='ltr'><strong>aiunt</strong></span> <span class='ocrx_word' id='word_1_135' title='bbox 1608 1912 1868 1981; x_wconf 81' lang='lat' dir='ltr'><strong>Spiritum</strong></span> 
     </span>
    </p>
   </div>
   <div class='ocr_carea' id='block_1_21' title="bbox 284 2001 1872 2073">
    <p class='ocr_par' dir='ltr' id='par_1_21' title="bbox 284 2001 1872 2073">
     <span class='ocr_line' id='line_1_21' title="bbox 284 2001 1872 2073; baseline 0.004 -18"><span class='ocrx_word' id='word_1_136' title='bbox 284 2011 568 2066; x_wconf 82' lang='lat' dir='ltr'><strong>sanctum;</strong></span> <span class='ocrx_word' id='word_1_137' title='bbox 600 2001 702 2056; x_wconf 79' lang='lat' dir='ltr'><strong>Alii</strong></span> <span class='ocrx_word' id='word_1_138' title='bbox 754 2017 874 2059; x_wconf 88' lang='lat' dir='ltr'><strong>esse</strong></span> <span class='ocrx_word' id='word_1_139' title='bbox 900 2019 969 2057; x_wconf 79' lang='lat' dir='ltr'><strong>ex</strong></span> <span class='ocrx_word' id='word_1_140' title='bbox 1010 2001 1168 2066; x_wconf 81' lang='lat' dir='ltr'><strong>Filio,</strong></span> <span class='ocrx_word' id='word_1_141' title='bbox 1228 2014 1389 2073; x_wconf 85' lang='lat' dir='ltr'><strong>atque</strong></span> <span class='ocrx_word' id='word_1_142' title='bbox 1414 2010 1481 2060; x_wconf 85' lang='lat' dir='ltr'><strong>ab</strong></span> <span class='ocrx_word' id='word_1_143' title='bbox 1529 2021 1596 2060; x_wconf 90' lang='lat' dir='ltr'><strong>eo</strong></span> <span class='ocrx_word' id='word_1_144' title='bbox 1622 2020 1742 2060; x_wconf 89' lang='lat' dir='ltr'><strong>esse</strong></span> <span class='ocrx_word' id='word_1_145' title='bbox 1776 2006 1872 2061; x_wconf 87' lang='lat' dir='ltr'><strong>lia-</strong></span> 
     </span>
    </p>
   </div>
   <div class='ocr_carea' id='block_1_22' title="bbox 288 2094 1867 2169">
    <p class='ocr_par' dir='ltr' id='par_1_22' title="bbox 288 2094 1867 2169">
     <span class='ocr_line' id='line_1_22' title="bbox 288 2094 1867 2169; baseline 0.004 -20"><span class='ocrx_word' id='word_1_146' title='bbox 288 2097 441 2158; x_wconf 83' lang='lat' dir='ltr'><strong>bere,</strong></span> <span class='ocrx_word' id='word_1_147' title='bbox 473 2104 524 2147; x_wconf 87' lang='lat' dir='ltr'><strong>et</strong></span> <span class='ocrx_word' id='word_1_148' title='bbox 560 2095 628 2149; x_wconf 86' lang='lat' dir='ltr'><strong>ab</strong></span> <span class='ocrx_word' id='word_1_149' title='bbox 666 2096 781 2163; x_wconf 77' lang='lat' dir='ltr'><strong>ipso</strong></span> <span class='ocrx_word' id='word_1_150' title='bbox 808 2097 1138 2152; x_wconf 82' lang='lat' dir='ltr'><strong>naturaliter</strong></span> <span class='ocrx_word' id='word_1_151' title='bbox 1184 2098 1428 2166; x_wconf 88' lang='lat' dir='ltr'><strong>prodire.</strong></span> <span class='ocrx_word' id='word_1_152' title='bbox 1483 2109 1538 2153; x_wconf 86' lang='lat' dir='ltr'><strong>et</strong></span> <span class='ocrx_word' id='word_1_153' title='bbox 1606 2094 1867 2169; x_wconf 78' lang='lat' dir='ltr'><strong>profundi</strong></span> 
     </span>
    </p>
   </div>
   <div class='ocr_carea' id='block_1_23' title="bbox 282 2186 1872 2258">
    <p class='ocr_par' dir='ltr' id='par_1_23' title="bbox 282 2186 1872 2258">
     <span class='ocr_line' id='line_1_23' title="bbox 282 2186 1872 2258; baseline 0.005 -21"><span class='ocrx_word' id='word_1_154' title='bbox 282 2194 338 2238; x_wconf 86' lang='lat' dir='ltr'><strong>et</strong></span> <span class='ocrx_word' id='word_1_155' title='bbox 372 2186 631 2250; x_wconf 89' lang='lat' dir='ltr'><strong>emicare,</strong></span> <span class='ocrx_word' id='word_1_156' title='bbox 669 2197 722 2240; x_wconf 90' lang='lat' dir='ltr'><strong>et</strong></span> <span class='ocrx_word' id='word_1_157' title='bbox 751 2186 1044 2253; x_wconf 84' lang='lat' dir='ltr'><strong>proﬂuere,</strong></span> <span class='ocrx_word' id='word_1_158' title='bbox 1078 2202 1138 2241; x_wconf 89' lang='lat' dir='ltr'><strong>ac</strong></span> <span class='ocrx_word' id='word_1_159' title='bbox 1166 2204 1261 2258; x_wconf 91' lang='lat' dir='ltr'><strong>per</strong></span> <span class='ocrx_word' id='word_1_160' title='bbox 1306 2188 1503 2257; x_wconf 73' lang='lat' dir='ltr'><strong>Filium</strong></span> <span class='ocrx_word' id='word_1_161' title='bbox 1540 2200 1592 2245; x_wconf 89' lang='lat' dir='ltr'><strong>et</strong></span> <span class='ocrx_word' id='word_1_162' title='bbox 1620 2206 1683 2244; x_wconf 79' lang='lat' dir='ltr'><strong>ex</strong></span> <span class='ocrx_word' id='word_1_163' title='bbox 1733 2188 1872 2245; x_wconf 85' lang='lat' dir='ltr'><strong>Filio</strong></span> 
     </span>
    </p>
   </div>
   <div class='ocr_carea' id='block_1_24' title="bbox 284 2278 1868 2352">
    <p class='ocr_par' dir='ltr' id='par_1_24' title="bbox 284 2278 1868 2352">
     <span class='ocr_line' id='line_1_24' title="bbox 284 2278 1868 2352; baseline 0.001 -21"><span class='ocrx_word' id='word_1_164' title='bbox 284 2279 619 2343; x_wconf 81' lang='lat' dir='ltr'><strong>procedere:</strong></span> <span class='ocrx_word' id='word_1_165' title='bbox 649 2288 724 2341; x_wconf 91' lang='lat' dir='ltr'><strong>et,</strong></span> <span class='ocrx_word' id='word_1_166' title='bbox 758 2280 802 2333; x_wconf 94' lang='lat' dir='ltr'><strong>si</strong></span> <span class='ocrx_word' id='word_1_167' title='bbox 849 2278 977 2347; x_wconf 86' lang='lat' dir='ltr'><strong>quid</strong></span> <span class='ocrx_word' id='word_1_168' title='bbox 1018 2278 1286 2349; x_wconf 83' lang='lat' dir='ltr'><strong>ejusmodi</strong></span> <span class='ocrx_word' id='word_1_169' title='bbox 1338 2281 1706 2352; x_wconf 57' lang='lat' dir='ltr'><strong>intelligentiae</strong></span> <span class='ocrx_word' id='word_1_170' title='bbox 1741 2296 1868 2352; x_wconf 84' lang='lat' dir='ltr'><strong>pro-</strong></span> 
     </span>
    </p>
   </div>
   <div class='ocr_carea' id='block_1_25' title="bbox 281 2372 1866 2446">
    <p class='ocr_par' dir='ltr' id='par_1_25' title="bbox 281 2372 1866 2446">
     <span class='ocr_line' id='line_1_25' title="bbox 281 2372 1866 2446; baseline 0.003 -22"><span class='ocrx_word' id='word_1_171' title='bbox 281 2372 487 2424; x_wconf 76' lang='lat' dir='ltr'><strong>ximum</strong></span> <span class='ocrx_word' id='word_1_172' title='bbox 526 2372 597 2427; x_wconf 92' lang='lat' dir='ltr'><strong>ab</strong></span> <span class='ocrx_word' id='word_1_173' title='bbox 626 2372 707 2428; x_wconf 88' lang='lat' dir='ltr'><strong>eis</strong></span> <span class='ocrx_word' id='word_1_174' title='bbox 738 2373 960 2437; x_wconf 84' lang='lat' dir='ltr'><strong>dicitur,</strong></span> <span class='ocrx_word' id='word_1_175' title='bbox 996 2389 1335 2443; x_wconf 85' lang='lat' dir='ltr'><strong>quanquam,</strong></span> <span class='ocrx_word' id='word_1_176' title='bbox 1371 2375 1471 2430; x_wconf 72' lang='lat' dir='ltr'><strong>etsi</strong></span> <span class='ocrx_word' id='word_1_177' title='bbox 1502 2391 1607 2446; x_wconf 87' lang='lat' dir='ltr'><strong>qua</strong></span> <span class='ocrx_word' id='word_1_178' title='bbox 1670 2391 1699 2429; x_wconf 89' lang='lat' dir='ltr'><strong>a</strong></span> <span class='ocrx_word' id='word_1_179' title='bbox 1749 2392 1866 2428; x_wconf 86' lang='lat' dir='ltr'><strong>ma-</strong></span> 
     </span>
    </p>
   </div>
   <div class='ocr_carea' id='block_1_26' title="bbox 282 2464 1873 2531">
    <p class='ocr_par' dir='ltr' id='par_1_26' title="bbox 282 2464 1873 2531">
     <span class='ocr_line' id='line_1_26' title="bbox 282 2464 1873 2531; baseline 0.006 -18"><span class='ocrx_word' id='word_1_180' title='bbox 282 2464 467 2531; x_wconf 86' lang='lat' dir='ltr'><strong>gistris</strong></span> <span class='ocrx_word' id='word_1_181' title='bbox 504 2464 795 2519; x_wconf 87' lang='lat' dir='ltr'><strong>obscurius</strong></span> <span class='ocrx_word' id='word_1_182' title='bbox 829 2464 1080 2521; x_wconf 80' lang='lat' dir='ltr'><strong>fortassis</strong></span> <span class='ocrx_word' id='word_1_183' title='bbox 1122 2467 1185 2520; x_wconf 89' lang='lat' dir='ltr'><strong>de</strong></span> <span class='ocrx_word' id='word_1_184' title='bbox 1238 2468 1342 2521; x_wconf 84' lang='lat' dir='ltr'><strong>liae</strong></span> <span class='ocrx_word' id='word_1_185' title='bbox 1411 2484 1469 2523; x_wconf 89' lang='lat' dir='ltr'><strong>re</strong></span> <span class='ocrx_word' id='word_1_186' title='bbox 1525 2467 1667 2522; x_wconf 88' lang='lat' dir='ltr'><strong>dicta</strong></span> <span class='ocrx_word' id='word_1_187' title='bbox 1722 2468 1873 2523; x_wconf 86' lang='lat' dir='ltr'><strong>vide-</strong></span> 
     </span>
    </p>
   </div>
   <div class='ocr_carea' id='block_1_27' title="bbox 282 2552 1870 2623">
    <p class='ocr_par' dir='ltr' id='par_1_27' title="bbox 282 2552 1870 2623">
     <span class='ocr_line' id='line_1_27' title="bbox 282 2552 1870 2623; baseline 0.006 -18"><span class='ocrx_word' id='word_1_188' title='bbox 282 2552 508 2617; x_wconf 83' lang='lat' dir='ltr'><strong>bantur.</strong></span> <span class='ocrx_word' id='word_1_189' title='bbox 555 2558 858 2623; x_wconf 74' lang='lat' dir='ltr'><strong>prudentia:</strong></span> <span class='ocrx_word' id='word_1_190' title='bbox 889 2557 1090 2622; x_wconf 82' lang='lat' dir='ltr'><strong>fuerat,</strong></span> <span class='ocrx_word' id='word_1_191' title='bbox 1122 2573 1183 2612; x_wconf 89' lang='lat' dir='ltr'><strong>ea</strong></span> <span class='ocrx_word' id='word_1_192' title='bbox 1218 2574 1282 2613; x_wconf 80' lang='lat' dir='ltr'><strong>ex</strong></span> <span class='ocrx_word' id='word_1_193' title='bbox 1352 2558 1661 2615; x_wconf 81' lang='lat' dir='ltr'><strong>manifestis</strong></span> <span class='ocrx_word' id='word_1_194' title='bbox 1707 2560 1870 2614; x_wconf 89' lang='lat' dir='ltr'><strong>dictis</strong></span> 
     </span>
    </p>
   </div>
   <div class='ocr_carea' id='block_1_28' title="bbox 284 2643 1863 2721">
    <p class='ocr_par' dir='ltr' id='par_1_28' title="bbox 284 2643 1863 2721">
     <span class='ocr_line' id='line_1_28' title="bbox 284 2643 1863 2721; baseline 0.006 -24"><span class='ocrx_word' id='word_1_195' title='bbox 284 2643 638 2713; x_wconf 84' lang='lat' dir='ltr'><strong>interpretari</strong></span> <span class='ocrx_word' id='word_1_196' title='bbox 671 2664 686 2702; x_wconf 85' lang='lat'><strong>:</strong></span> <span class='ocrx_word' id='word_1_197' title='bbox 716 2664 785 2702; x_wconf 88' lang='lat' dir='ltr'><strong>ne</strong></span> <span class='ocrx_word' id='word_1_198' title='bbox 821 2656 1041 2717; x_wconf 83' lang='lat' dir='ltr'><strong>propter</strong></span> <span class='ocrx_word' id='word_1_199' title='bbox 1072 2664 1170 2705; x_wconf 88' lang='lat' dir='ltr'><strong>nos</strong></span> <span class='ocrx_word' id='word_1_200' title='bbox 1193 2650 1475 2705; x_wconf 87' lang='lat' dir='ltr'><strong>vidcantur</strong></span> <span class='ocrx_word' id='word_1_201' title='bbox 1501 2659 1557 2706; x_wconf 89' lang='lat' dir='ltr'><strong>et</strong></span> <span class='ocrx_word' id='word_1_202' title='bbox 1586 2652 1690 2707; x_wconf 87' lang='lat' dir='ltr'><strong>sibi</strong></span> <span class='ocrx_word' id='word_1_203' title='bbox 1728 2652 1863 2721; x_wconf 78' lang='lat' dir='ltr'><strong>ipsis</strong></span> 
     </span>
    </p>
   </div>
   <div class='ocr_carea' id='block_1_29' title="bbox 283 2736 1872 2810">
    <p class='ocr_par' dir='ltr' id='par_1_29' title="bbox 283 2736 1872 2810">
     <span class='ocr_line' id='line_1_29' title="bbox 283 2736 1872 2810; baseline 0.006 -21"><span class='ocrx_word' id='word_1_204' title='bbox 283 2736 602 2801; x_wconf 78' lang='lat' dir='ltr'><strong>etinvicem</strong></span> <span class='ocrx_word' id='word_1_205' title='bbox 631 2738 774 2791; x_wconf 82' lang='lat' dir='ltr'><strong>sacri</strong></span> <span class='ocrx_word' id='word_1_206' title='bbox 830 2739 1083 2794; x_wconf 86' lang='lat' dir='ltr'><strong>doctores</strong></span> <span class='ocrx_word' id='word_1_207' title='bbox 1133 2739 1461 2797; x_wconf 80' lang='lat' dir='ltr'><strong>adversati:</strong></span> <span class='ocrx_word' id='word_1_208' title='bbox 1528 2742 1578 2795; x_wconf 89' lang='lat' dir='ltr'><strong>id</strong></span> <span class='ocrx_word' id='word_1_209' title='bbox 1630 2744 1872 2810; x_wconf 85' lang='lat' dir='ltr'><strong>profecto</strong></span> 
     </span>
    </p>
   </div>
   <div class='ocr_carea' id='block_1_30' title="bbox 283 2826 1873 2903">
    <p class='ocr_par' dir='ltr' id='par_1_30' title="bbox 283 2826 1873 2903">
     <span class='ocr_line' id='line_1_30' title="bbox 283 2826 1873 2903; baseline 0.006 -24"><span class='ocrx_word' id='word_1_210' title='bbox 283 2842 384 2897; x_wconf 85' lang='lat' dir='ltr'><strong>pro</strong></span> <span class='ocrx_word' id='word_1_211' title='bbox 415 2837 573 2883; x_wconf 89' lang='lat' dir='ltr'><strong>certo</strong></span> <span class='ocrx_word' id='word_1_212' title='bbox 623 2828 889 2903; x_wconf 84' lang='lat' dir='ltr'><strong>habentes</strong></span> <span class='ocrx_word' id='word_1_213' title='bbox 937 2831 1079 2899; x_wconf 92' lang='lat' dir='ltr'><strong>quod</strong></span> <span class='ocrx_word' id='word_1_214' title='bbox 1133 2846 1163 2885; x_wconf 87' lang='lat' dir='ltr'><strong>a</strong></span> <span class='ocrx_word' id='word_1_215' title='bbox 1222 2826 1329 2887; x_wconf 88' lang='lat' dir='ltr'><strong>Deo</strong></span> <span class='ocrx_word' id='word_1_216' title='bbox 1373 2833 1557 2887; x_wconf 85' lang='lat' dir='ltr'><strong>traditi</strong></span> <span class='ocrx_word' id='word_1_217' title='bbox 1614 2832 1873 2890; x_wconf 68' lang='lat' dir='ltr'><strong>Ecclesia:</strong></span> 
     </span>
    </p>
   </div>
   <div class='ocr_carea' id='block_1_31' title="bbox 287 2920 1873 2996">
    <p class='ocr_par' dir='ltr' id='par_1_31' title="bbox 287 2920 1873 2996">
     <span class='ocr_line' id='line_1_31' title="bbox 287 2920 1873 2996; baseline 0.007 -23"><span class='ocrx_word' id='word_1_218' title='bbox 287 2920 560 2989; x_wconf 80' lang='lat' dir='ltr'><strong>magistri,</strong></span> <span class='ocrx_word' id='word_1_219' title='bbox 601 2938 886 2993; x_wconf 88' lang='lat' dir='ltr'><strong>nunquam</strong></span> <span class='ocrx_word' id='word_1_220' title='bbox 952 2923 1183 2981; x_wconf 86' lang='lat' dir='ltr'><strong>diversis</strong></span> <span class='ocrx_word' id='word_1_221' title='bbox 1245 2927 1385 2980; x_wconf 91' lang='lat' dir='ltr'><strong>inter</strong></span> <span class='ocrx_word' id='word_1_222' title='bbox 1416 2941 1476 2981; x_wconf 87' lang='lat' dir='ltr'><strong>se</strong></span> <span class='ocrx_word' id='word_1_223' title='bbox 1527 2928 1873 2996; x_wconf 75' lang='lat' dir='ltr'><strong>dogmatibus</strong></span> 
     </span>
    </p>
   </div>
   <div class='ocr_carea' id='block_1_32' title="bbox 283 3010 1873 3086">
    <p class='ocr_par' dir='ltr' id='par_1_32' title="bbox 283 3010 1873 3086">
     <span class='ocr_line' id='line_1_32' title="bbox 283 3010 1873 3086; baseline 0.008 -23"><span class='ocrx_word' id='word_1_224' title='bbox 283 3010 577 3067; x_wconf 78' lang='lat' dir='ltr'><strong>dissentire</strong></span> <span class='ocrx_word' id='word_1_225' title='bbox 610 3025 997 3084; x_wconf 80' lang='lat' dir='ltr'><strong>possentzper</strong></span> <span class='ocrx_word' id='word_1_226' title='bbox 1030 3031 1261 3085; x_wconf 90' lang='lat' dir='ltr'><strong>quorum</strong></span> <span class='ocrx_word' id='word_1_227' title='bbox 1325 3033 1386 3072; x_wconf 82' lang='lat' dir='ltr'><strong>os</strong></span> <span class='ocrx_word' id='word_1_228' title='bbox 1446 3034 1587 3074; x_wconf 90' lang='lat' dir='ltr'><strong>unus</strong></span> <span class='ocrx_word' id='word_1_229' title='bbox 1648 3020 1759 3086; x_wconf 90' lang='lat' dir='ltr'><strong>ille,</strong></span> <span class='ocrx_word' id='word_1_230' title='bbox 1819 3030 1873 3076; x_wconf 89' lang='lat' dir='ltr'><strong>et</strong></span> 
     </span>
    </p>
   </div>
   <div class='ocr_carea' id='block_1_33' title="bbox 283 3103 1942 3207">
    <p class='ocr_par' dir='ltr' id='par_1_33' title="bbox 283 3103 1942 3207">
     <span class='ocr_line' id='line_1_33' title="bbox 283 3103 1942 3207; baseline 0.01 -52"><span class='ocrx_word' id='word_1_231' title='bbox 283 3103 503 3157; x_wconf 78' lang='lat' dir='ltr'><strong>divinus</strong></span> <span class='ocrx_word' id='word_1_232' title='bbox 536 3103 797 3171; x_wconf 81' lang='lat' dir='ltr'><strong>Spiritus,</strong></span> <span class='ocrx_word' id='word_1_233' title='bbox 832 3105 899 3161; x_wconf 88' lang='lat' dir='ltr'><strong>de</strong></span> <span class='ocrx_word' id='word_1_234' title='bbox 951 3123 1061 3176; x_wconf 93' lang='lat' dir='ltr'><strong>quo</strong></span> <span class='ocrx_word' id='word_1_235' title='bbox 1119 3124 1301 3165; x_wconf 85' lang='lat' dir='ltr'><strong>sermo</strong></span> <span class='ocrx_word' id='word_1_236' title='bbox 1348 3120 1455 3176; x_wconf 84' lang='lat' dir='ltr'><strong>est.</strong></span> <span class='ocrx_word' id='word_1_237' title='bbox 1508 3108 1720 3169; x_wconf 82' lang='lat' dir='ltr'><strong>locutus</strong></span> <span class='ocrx_word' id='word_1_238' title='bbox 1769 3115 1866 3171; x_wconf 86' lang='lat' dir='ltr'><strong>sit.</strong></span> <span class='ocrx_word' id='word_1_239' title='bbox 1897 3148 1942 3207; x_wconf 66' lang='grc' dir='ltr'>α</span> 
     </span>
    </p>
   </div>
   <div class='ocr_carea' id='block_1_34' title="bbox 359 3192 1873 3283">
    <p class='ocr_par' dir='ltr' id='par_1_34' title="bbox 359 3192 1873 3283">
     <span class='ocr_line' id='line_1_34' title="bbox 359 3192 1873 3283; baseline 0.01 -36"><span class='ocrx_word' id='word_1_240' title='bbox 359 3192 456 3249; x_wconf 82' lang='lat' dir='ltr'><strong>llis</strong></span> <span class='ocrx_word' id='word_1_241' title='bbox 485 3196 705 3263; x_wconf 85' lang='lat' dir='ltr'><strong>positis,</strong></span> <span class='ocrx_word' id='word_1_242' title='bbox 742 3205 958 3253; x_wconf 80' lang='lat' dir='ltr'><strong>constat</strong></span> <span class='ocrx_word' id='word_1_243' title='bbox 987 3214 1051 3253; x_wconf 80' lang='lat' dir='ltr'><strong>ex</strong></span> <span class='ocrx_word' id='word_1_244' title='bbox 1108 3199 1197 3283; x_wconf 65' lang='lat' dir='ltr'><strong>big</strong></span> <span class='ocrx_word' id='word_1_245' title='bbox 1222 3217 1345 3271; x_wconf 67' lang='lat' dir='ltr'><strong>qua:</strong></span> <span class='ocrx_word' id='word_1_246' title='bbox 1408 3206 1769 3260; x_wconf 79' lang='lat' dir='ltr'><strong>cunimuoiter</strong></span> <span class='ocrx_word' id='word_1_247' title='bbox 1819 3218 1873 3262; x_wconf 87' lang='lat' dir='ltr'><strong>et</strong></span> 
     </span>
    </p>
   </div>
   <div class='ocr_carea' id='block_1_35' title="bbox 283 3285 1872 3364">
    <p class='ocr_par' dir='ltr' id='par_1_35' title="bbox 283 3285 1872 3364">
     <span class='ocr_line' id='line_1_35' title="bbox 283 3285 1872 3364; baseline 0.01 -26"><span class='ocrx_word' id='word_1_248' title='bbox 283 3285 639 3353; x_wconf 75' lang='lat' dir='ltr'><strong>singulariter</strong></span> <span class='ocrx_word' id='word_1_249' title='bbox 666 3305 695 3342; x_wconf 93' lang='lat' dir='ltr'><strong>a</strong></span> <span class='ocrx_word' id='word_1_250' title='bbox 718 3290 924 3345; x_wconf 82' lang='lat' dir='ltr'><strong>sanctis</strong></span> <span class='ocrx_word' id='word_1_251' title='bbox 950 3290 1201 3348; x_wconf 87' lang='lat' dir='ltr'><strong>Patribus</strong></span> <span class='ocrx_word' id='word_1_252' title='bbox 1229 3295 1371 3348; x_wconf 88' lang='lat' dir='ltr'><strong>dieta</strong></span> <span class='ocrx_word' id='word_1_253' title='bbox 1403 3297 1828 3364; x_wconf 72' lang='lat' dir='ltr'><strong>pra-notavimus</strong></span> <span class='ocrx_word' id='word_1_254' title='bbox 1856 3315 1872 3353; x_wconf 90' lang='lat'><strong>:</strong></span> 
     </span>
    </p>
   </div>
   <div class='ocr_carea' id='block_1_36' title="bbox 282 3377 1874 3457">
    <p class='ocr_par' dir='ltr' id='par_1_36' title="bbox 282 3377 1874 3457">
     <span class='ocr_line' id='line_1_36' title="bbox 282 3377 1874 3457; baseline 0.01 -29"><span class='ocrx_word' id='word_1_255' title='bbox 282 3377 433 3445; x_wconf 86' lang='lat' dir='ltr'><strong>quod</strong></span> <span class='ocrx_word' id='word_1_256' title='bbox 473 3377 572 3446; x_wconf 84' lang='lat' dir='ltr'><strong>ipsi</strong></span> <span class='ocrx_word' id='word_1_257' title='bbox 612 3381 787 3434; x_wconf 90' lang='lat' dir='ltr'><strong>sancti</strong></span> <span class='ocrx_word' id='word_1_258' title='bbox 824 3381 923 3435; x_wconf 86' lang='lat' dir='ltr'><strong>viri</strong></span> <span class='ocrx_word' id='word_1_259' title='bbox 1021 3382 1113 3450; x_wconf 88' lang='lat' dir='ltr'><strong>qui</strong></span> <span class='ocrx_word' id='word_1_260' title='bbox 1170 3400 1235 3439; x_wconf 83' lang='lat' dir='ltr'><strong>cx</strong></span> <span class='ocrx_word' id='word_1_261' title='bbox 1295 3384 1454 3439; x_wconf 84' lang='lat' dir='ltr'><strong>Patre</strong></span> <span class='ocrx_word' id='word_1_262' title='bbox 1521 3402 1616 3457; x_wconf 87' lang='lat' dir='ltr'><strong>per</strong></span> <span class='ocrx_word' id='word_1_263' title='bbox 1680 3387 1874 3444; x_wconf 83' lang='lat' dir='ltr'><strong>Filium</strong></span> 
     </span>
    </p>
   </div>
   <div class='ocr_carea' id='block_1_37' title="bbox 276 3467 1875 3545">
    <p class='ocr_par' dir='ltr' id='par_1_37' title="bbox 276 3467 1875 3545">
     <span class='ocr_line' id='line_1_37' title="bbox 276 3467 1875 3545; baseline 0.011 -26"><span class='ocrx_word' id='word_1_264' title='bbox 276 3467 579 3537; x_wconf 86' lang='lat' dir='ltr'><strong>&#39;procedere</strong></span> <span class='ocrx_word' id='word_1_265' title='bbox 656 3470 919 3540; x_wconf 87' lang='lat' dir='ltr'><strong>Spiritum</strong></span> <span class='ocrx_word' id='word_1_266' title='bbox 1006 3487 1256 3532; x_wconf 90' lang='lat' dir='ltr'><strong>sanctum</strong></span> <span class='ocrx_word' id='word_1_267' title='bbox 1327 3478 1615 3545; x_wconf 79' lang='lat' dir='ltr'><strong>dixerunt,</strong></span> <span class='ocrx_word' id='word_1_268' title='bbox 1678 3490 1732 3535; x_wconf 86' lang='lat' dir='ltr'><strong>et</strong></span> <span class='ocrx_word' id='word_1_269' title='bbox 1806 3496 1875 3537; x_wconf 80' lang='lat' dir='ltr'><strong>ex</strong></span> 
     </span>
    </p>
   </div>
   <div class='ocr_carea' id='block_1_38' title="bbox 285 3560 1876 3640">
    <p class='ocr_par' dir='ltr' id='par_1_38' title="bbox 285 3560 1876 3640">
     <span class='ocr_line' id='line_1_38' title="bbox 285 3560 1876 3640; baseline 0.008 -23"><span class='ocrx_word' id='word_1_270' title='bbox 285 3560 427 3618; x_wconf 65' lang='lat' dir='ltr'><strong>Filio</strong></span> <span class='ocrx_word' id='word_1_271' title='bbox 450 3565 766 3631; x_wconf 79' lang='lat' dir='ltr'><strong>procedere,</strong></span> <span class='ocrx_word' id='word_1_272' title='bbox 797 3576 850 3622; x_wconf 89' lang='lat' dir='ltr'><strong>et</strong></span> <span class='ocrx_word' id='word_1_273' title='bbox 886 3569 953 3621; x_wconf 85' lang='lat' dir='ltr'><strong>ab</strong></span> <span class='ocrx_word' id='word_1_274' title='bbox 976 3567 1092 3635; x_wconf 88' lang='lat' dir='ltr'><strong>ipso</strong></span> <span class='ocrx_word' id='word_1_275' title='bbox 1151 3584 1292 3637; x_wconf 87' lang='lat' dir='ltr'><strong>esse,</strong></span> <span class='ocrx_word' id='word_1_276' title='bbox 1348 3581 1513 3640; x_wconf 89' lang='lat' dir='ltr'><strong>atque</strong></span> <span class='ocrx_word' id='word_1_277' title='bbox 1553 3573 1621 3629; x_wconf 85' lang='lat' dir='ltr'><strong>ab</strong></span> <span class='ocrx_word' id='word_1_278' title='bbox 1658 3589 1725 3628; x_wconf 89' lang='lat' dir='ltr'><strong>eo</strong></span> <span class='ocrx_word' id='word_1_279' title='bbox 1754 3589 1876 3630; x_wconf 83' lang='lat' dir='ltr'><strong>esse</strong></span> 
     </span>
    </p>
   </div>
   <div class='ocr_carea' id='block_1_39' title="bbox 286 3655 1873 3734">
    <p class='ocr_par' dir='ltr' id='par_1_39' title="bbox 286 3655 1873 3734">
     <span class='ocr_line' id='line_1_39' title="bbox 286 3655 1873 3734; baseline 0.009 -26"><span class='ocrx_word' id='word_1_280' title='bbox 286 3655 512 3718; x_wconf 85' lang='lat' dir='ltr'><strong>habere,</strong></span> <span class='ocrx_word' id='word_1_281' title='bbox 546 3666 599 3710; x_wconf 90' lang='lat' dir='ltr'><strong>et</strong></span> <span class='ocrx_word' id='word_1_282' title='bbox 638 3673 703 3711; x_wconf 83' lang='lat' dir='ltr'><strong>ex</strong></span> <span class='ocrx_word' id='word_1_283' title='bbox 732 3674 797 3712; x_wconf 88' lang='lat' dir='ltr'><strong>eo</strong></span> <span class='ocrx_word' id='word_1_284' title='bbox 829 3660 1152 3714; x_wconf 82' lang='lat' dir='ltr'><strong>naturaliter</strong></span> <span class='ocrx_word' id='word_1_285' title='bbox 1182 3662 1420 3731; x_wconf 90' lang='lat' dir='ltr'><strong>prodire,</strong></span> <span class='ocrx_word' id='word_1_286' title='bbox 1450 3676 1505 3719; x_wconf 89' lang='lat' dir='ltr'><strong>et</strong></span> <span class='ocrx_word' id='word_1_287' title='bbox 1554 3665 1828 3734; x_wconf 83' lang='lat' dir='ltr'><strong>proﬂuere</strong></span> <span class='ocrx_word' id='word_1_288' title='bbox 1857 3685 1873 3722; x_wconf 90' lang='lat'><strong>:</strong></span> 
     </span>
    </p>
   </div>
   <div class='ocr_carea' id='block_1_40' title="bbox 284 3749 1877 3829">
    <p class='ocr_par' dir='ltr' id='par_1_40' title="bbox 284 3749 1877 3829">
     <span class='ocr_line' id='line_1_40' title="bbox 284 3749 1877 3829; baseline 0.009 -29"><span class='ocrx_word' id='word_1_289' title='bbox 284 3758 363 3807; x_wconf 80' lang='lat' dir='ltr'><strong>et.</strong></span> <span class='ocrx_word' id='word_1_290' title='bbox 399 3749 447 3802; x_wconf 92' lang='lat' dir='ltr'><strong>si</strong></span> <span class='ocrx_word' id='word_1_291' title='bbox 484 3750 609 3816; x_wconf 87' lang='lat' dir='ltr'><strong>quid</strong></span> <span class='ocrx_word' id='word_1_292' title='bbox 642 3759 726 3805; x_wconf 89' lang='lat' dir='ltr'><strong>est</strong></span> <span class='ocrx_word' id='word_1_293' title='bbox 762 3752 1103 3821; x_wconf 83' lang='lat' dir='ltr'><strong>hujusmodi.</strong></span> <span class='ocrx_word' id='word_1_294' title='bbox 1147 3763 1344 3823; x_wconf 63' lang='lat' dir='ltr'><strong>praeter</strong></span> <span class='ocrx_word' id='word_1_295' title='bbox 1370 3756 1419 3808; x_wconf 85' lang='lat' dir='ltr'><strong>id</strong></span> <span class='ocrx_word' id='word_1_296' title='bbox 1450 3759 1605 3823; x_wconf 86' lang='lat' dir='ltr'><strong>quod</strong></span> <span class='ocrx_word' id='word_1_297' title='bbox 1646 3774 1714 3813; x_wconf 82' lang='lat' dir='ltr'><strong>ex</strong></span> <span class='ocrx_word' id='word_1_298' title='bbox 1745 3759 1877 3829; x_wconf 82' lang='lat' dir='ltr'><strong>ipsis</strong></span> 
     </span>
    </p>
   </div>
   <div class='ocr_carea' id='block_1_41' title="bbox 284 3841 1874 3919">
    <p class='ocr_par' dir='ltr' id='par_1_41' title="bbox 284 3841 1874 3919">
     <span class='ocr_line' id='line_1_41' title="bbox 284 3841 1874 3919; baseline 0.01 -26"><span class='ocrx_word' id='word_1_299' title='bbox 284 3841 415 3895; x_wconf 81' lang='lat' dir='ltr'><strong>tidci</strong></span> <span class='ocrx_word' id='word_1_300' title='bbox 449 3842 737 3912; x_wconf 89' lang='lat' dir='ltr'><strong>principiis</strong></span> <span class='ocrx_word' id='word_1_301' title='bbox 762 3845 1087 3900; x_wconf 85' lang='lat' dir='ltr'><strong>necessario</strong></span> <span class='ocrx_word' id='word_1_302' title='bbox 1112 3848 1189 3902; x_wconf 87' lang='lat' dir='ltr'><strong>sic</strong></span> <span class='ocrx_word' id='word_1_303' title='bbox 1219 3850 1323 3905; x_wconf 73' lang='lat' dir='ltr'><strong>iata</strong></span> <span class='ocrx_word' id='word_1_304' title='bbox 1351 3851 1777 3919; x_wconf 89' lang='lat' dir='ltr'><strong>concluduntur,</strong></span> <span class='ocrx_word' id='word_1_305' title='bbox 1804 3869 1874 3909; x_wconf 79' lang='lat' dir='ltr'><strong>ex</strong></span> 
     </span>
    </p>
   </div>
   <div class='ocr_carea' id='block_1_42' title="bbox 284 3932 1871 4013">
    <p class='ocr_par' dir='ltr' id='par_1_42' title="bbox 284 3932 1871 4013">
     <span class='ocr_line' id='line_1_42' title="bbox 284 3932 1871 4013; baseline 0.01 -31"><span class='ocrx_word' id='word_1_306' title='bbox 284 3933 424 4002; x_wconf 80' lang='lat' dir='ltr'><strong>ipsis</strong></span> <span class='ocrx_word' id='word_1_307' title='bbox 478 3932 781 3991; x_wconf 84' lang='lat' dir='ltr'><strong>Salvatoris</strong></span> <span class='ocrx_word' id='word_1_308' title='bbox 839 3938 1066 3994; x_wconf 81' lang='lat' dir='ltr'><strong>vocibus</strong></span> <span class='ocrx_word' id='word_1_309' title='bbox 1128 3941 1448 3997; x_wconf 84' lang='lat' dir='ltr'><strong>occasiones</strong></span> <span class='ocrx_word' id='word_1_310' title='bbox 1504 3955 1871 4013; x_wconf 84' lang='lat' dir='ltr'><strong>acceperunt;</strong></span> 
     </span>
    </p>
   </div>
   <div class='ocr_carea' id='block_1_43' title="bbox 283 4023 1877 4107">
    <p class='ocr_par' dir='ltr' id='par_1_43' title="bbox 283 4023 1877 4107">
     <span class='ocr_line' id='line_1_43' title="bbox 283 4023 1877 4107; baseline 0.009 -31"><span class='ocrx_word' id='word_1_311' title='bbox 283 4040 350 4077; x_wconf 81' lang='lat' dir='ltr'><strong>ex</strong></span> <span class='ocrx_word' id='word_1_312' title='bbox 383 4023 552 4081; x_wconf 83' lang='lat' dir='ltr'><strong>Patre</strong></span> <span class='ocrx_word' id='word_1_313' title='bbox 586 4027 803 4096; x_wconf 84' lang='lat' dir='ltr'><strong>quidem</strong></span> <span class='ocrx_word' id='word_1_314' title='bbox 847 4028 994 4081; x_wconf 90' lang='lat' dir='ltr'><strong>illum</strong></span> <span class='ocrx_word' id='word_1_315' title='bbox 1026 4030 1146 4085; x_wconf 87' lang='lat' dir='ltr'><strong>ideo</strong></span> <span class='ocrx_word' id='word_1_316' title='bbox 1176 4045 1295 4086; x_wconf 88' lang='lat' dir='ltr'><strong>esse</strong></span> <span class='ocrx_word' id='word_1_317' title='bbox 1348 4045 1680 4102; x_wconf 84' lang='lat' dir='ltr'><strong>asserentes,</strong></span> <span class='ocrx_word' id='word_1_318' title='bbox 1730 4037 1877 4107; x_wconf 82' lang='lat' dir='ltr'><strong>quod</strong></span> 
     </span>
    </p>
   </div>
   <div class='ocr_carea' id='block_1_44' title="bbox 281 4116 1879 4198">
    <p class='ocr_par' dir='ltr' id='par_1_44' title="bbox 281 4116 1879 4198">
     <span class='ocr_line' id='line_1_44' title="bbox 281 4116 1879 4198; baseline 0.01 -27"><span class='ocrx_word' id='word_1_319' title='bbox 281 4116 541 4171; x_wconf 75' lang='lat' dir='ltr'><strong>Salvator</strong></span> <span class='ocrx_word' id='word_1_320' title='bbox 573 4119 625 4173; x_wconf 93' lang='lat' dir='ltr'><strong>in</strong></span> <span class='ocrx_word' id='word_1_321' title='bbox 665 4118 974 4191; x_wconf 80' lang='lat' dir='ltr'><strong>Evangeliis</strong></span> <span class='ocrx_word' id='word_1_322' title='bbox 1010 4123 1233 4191; x_wconf 73' lang='lat' dir='ltr'><strong>dixerit,</strong></span> <span class='ocrx_word' id='word_1_323' title='bbox 1260 4124 1367 4193; x_wconf 78' lang='lat' dir='ltr'><strong>Qui</strong></span> <span class='ocrx_word' id='word_1_324' title='bbox 1412 4145 1444 4181; x_wconf 92' lang='lat' dir='ltr'><strong>a</strong></span> <span class='ocrx_word' id='word_1_325' title='bbox 1484 4128 1648 4183; x_wconf 85' lang='lat' dir='ltr'><strong>Patre</strong></span> <span class='ocrx_word' id='word_1_326' title='bbox 1698 4145 1879 4198; x_wconf 79' lang='lat' dir='ltr'><strong>prore.</strong></span> 
     </span>
    </p>
   </div>
   <div class='ocr_carea' id='block_1_45' title="bbox 281 4209 1877 4293">
    <p class='ocr_par' dir='ltr' id='par_1_45' title="bbox 281 4209 1877 4293">
     <span class='ocr_line' id='line_1_45' title="bbox 281 4209 1877 4293; baseline 0.01 -30"><span class='ocrx_word' id='word_1_327' title='bbox 281 4211 361 4263; x_wconf 84' lang='lat' dir='ltr'><strong>dit</strong></span> <span class='ocrx_word' id='word_1_328' title='bbox 387 4211 461 4266; x_wconf 83' lang='lat'><strong>“.</strong></span> <span class='ocrx_word' id='word_1_329' title='bbox 507 4209 612 4264; x_wconf 87' lang='lat' dir='ltr'><strong>Per</strong></span> <span class='ocrx_word' id='word_1_330' title='bbox 640 4210 838 4267; x_wconf 86' lang='lat' dir='ltr'><strong>Filium</strong></span> <span class='ocrx_word' id='word_1_331' title='bbox 903 4230 1033 4269; x_wconf 75' lang='lat' dir='ltr'><strong>vero</strong></span> <span class='ocrx_word' id='word_1_332' title='bbox 1072 4232 1215 4281; x_wconf 80' lang='lat' dir='ltr'><strong>esse.</strong></span> <span class='ocrx_word' id='word_1_333' title='bbox 1286 4228 1339 4275; x_wconf 79' lang='lat' dir='ltr'><strong>et</strong></span> <span class='ocrx_word' id='word_1_334' title='bbox 1402 4234 1467 4274; x_wconf 78' lang='lat' dir='ltr'><strong>es</strong></span> <span class='ocrx_word' id='word_1_335' title='bbox 1525 4220 1686 4287; x_wconf 78' lang='lat' dir='ltr'><strong>Filio,</strong></span> <span class='ocrx_word' id='word_1_336' title='bbox 1752 4225 1877 4293; x_wconf 86' lang='lat' dir='ltr'><strong>quia</strong></span> 
     </span>
    </p>
   </div>
   <div class='ocr_carea' id='block_1_46' title="bbox 285 4295 1875 4383">
    <p class='ocr_par' dir='ltr' id='par_1_46' title="bbox 285 4295 1875 4383">
     <span class='ocr_line' id='line_1_46' title="bbox 285 4295 1875 4383; baseline 0.013 -31"><span class='ocrx_word' id='word_1_337' title='bbox 285 4306 463 4370; x_wconf 83' lang='lat' dir='ltr'><strong>ipsum</strong></span> <span class='ocrx_word' id='word_1_338' title='bbox 517 4295 802 4370; x_wconf 77' lang='lat' dir='ltr'><strong>Dominus,</strong></span> <span class='ocrx_word' id='word_1_339' title='bbox 852 4322 999 4363; x_wconf 88' lang='lat' dir='ltr'><strong>nunc</strong></span> <span class='ocrx_word' id='word_1_340' title='bbox 1051 4312 1271 4378; x_wconf 81' lang='lat' dir='ltr'><strong>quidem</strong></span> <span class='ocrx_word' id='word_1_341' title='bbox 1329 4313 1577 4368; x_wconf 74' lang='lat' dir='ltr'><strong>veritatis</strong></span> <span class='ocrx_word' id='word_1_342' title='bbox 1610 4314 1875 4383; x_wconf 80' lang='lat' dir='ltr'><strong>Spiritum</strong></span> 
     </span>
    </p>
   </div>
   <div class='ocr_carea' id='block_1_47' title="bbox 278 4398 1878 4475">
    <p class='ocr_par' dir='ltr' id='par_1_47' title="bbox 278 4398 1878 4475">
     <span class='ocr_line' id='line_1_47' title="bbox 278 4398 1878 4475; baseline 0.01 -27"><span class='ocrx_word' id='word_1_343' title='bbox 278 4398 507 4461; x_wconf 80' lang='lat' dir='ltr'><strong>dixerit,</strong></span> <span class='ocrx_word' id='word_1_344' title='bbox 546 4413 696 4453; x_wconf 81' lang='lat' dir='ltr'><strong>nunc</strong></span> <span class='ocrx_word' id='word_1_345' title='bbox 724 4407 907 4455; x_wconf 81' lang='lat' dir='ltr'><strong>autem</strong></span> <span class='ocrx_word' id='word_1_346' title='bbox 953 4402 1131 4470; x_wconf 85' lang='lat' dir='ltr'><strong>ipsum</strong></span> <span class='ocrx_word' id='word_1_347' title='bbox 1190 4403 1477 4474; x_wconf 78' lang='lat' dir='ltr'><strong>discipulis</strong></span> <span class='ocrx_word' id='word_1_348' title='bbox 1512 4408 1878 4475; x_wconf 77' lang='lat' dir='ltr'><strong>corporaliter</strong></span> 
     </span>
    </p>
   </div>
   <div class='ocr_carea' id='block_1_48' title="bbox 1972 518 3557 592">
    <p class='ocr_par' dir='ltr' id='par_1_48' title="bbox 1972 518 3557 592">
     <span class='ocr_line' id='line_1_48' title="bbox 1972 518 3557 592; baseline -0.004 -18"><span class='ocrx_word' id='word_1_349' title='bbox 1972 524 2208 592; x_wconf 86' lang='lat' dir='ltr'><strong>propria,</strong></span> <span class='ocrx_word' id='word_1_350' title='bbox 2242 532 2407 589; x_wconf 90' lang='lat' dir='ltr'><strong>atque</strong></span> <span class='ocrx_word' id='word_1_351' title='bbox 2438 521 2741 591; x_wconf 77' lang='lat' dir='ltr'><strong>prtecipua;</strong></span> <span class='ocrx_word' id='word_1_352' title='bbox 2774 536 2837 577; x_wconf 87' lang='lat' dir='ltr'><strong>ac</strong></span> <span class='ocrx_word' id='word_1_353' title='bbox 2875 536 2940 574; x_wconf 83' lang='lat' dir='ltr'><strong>ex</strong></span> <span class='ocrx_word' id='word_1_354' title='bbox 2984 535 3070 583; x_wconf 87' lang='lat' dir='ltr'><strong>eo,</strong></span> <span class='ocrx_word' id='word_1_355' title='bbox 3118 518 3260 589; x_wconf 89' lang='lat' dir='ltr'><strong>quod</strong></span> <span class='ocrx_word' id='word_1_356' title='bbox 3295 532 3399 569; x_wconf 91' lang='lat' dir='ltr'><strong>non</strong></span> <span class='ocrx_word' id='word_1_357' title='bbox 3441 531 3557 570; x_wconf 58' lang='lat' dir='ltr'><strong>ser.</strong></span> 
     </span>
    </p>
   </div>
   <div class='ocr_carea' id='block_1_49' title="bbox 1972 614 3558 679">
    <p class='ocr_par' dir='ltr' id='par_1_49' title="bbox 1972 614 3558 679">
     <span class='ocr_line' id='line_1_49' title="bbox 1972 614 3558 679; baseline -0.006 -10"><span class='ocrx_word' id='word_1_358' title='bbox 1972 619 2174 679; x_wconf 83' lang='lat' dir='ltr'><strong>viliter,</strong></span> <span class='ocrx_word' id='word_1_359' title='bbox 2205 631 2269 671; x_wconf 85' lang='lat' dir='ltr'><strong>ac</strong></span> <span class='ocrx_word' id='word_1_360' title='bbox 2298 617 2532 673; x_wconf 86' lang='lat' dir='ltr'><strong>ministri</strong></span> <span class='ocrx_word' id='word_1_361' title='bbox 2578 616 2761 671; x_wconf 71' lang='lat' dir='ltr'><strong>oﬂlcio</strong></span> <span class='ocrx_word' id='word_1_362' title='bbox 2792 631 2820 669; x_wconf 87' lang='lat' dir='ltr'><strong>a</strong></span> <span class='ocrx_word' id='word_1_363' title='bbox 2878 615 3017 670; x_wconf 77' lang='lat' dir='ltr'><strong>Filio</strong></span> <span class='ocrx_word' id='word_1_364' title='bbox 3076 614 3331 674; x_wconf 85' lang='lat' dir='ltr'><strong>mittitur,</strong></span> <span class='ocrx_word' id='word_1_365' title='bbox 3371 619 3558 676; x_wconf 69' lang='lat' dir='ltr'><strong>utlmle</strong></span> 
     </span>
    </p>
   </div>
   <div class='ocr_carea' id='block_1_50' title="bbox 1970 702 3556 779">
    <p class='ocr_par' dir='ltr' id='par_1_50' title="bbox 1970 702 3556 779">
     <span class='ocr_line' id='line_1_50' title="bbox 1970 702 3556 779; baseline -0.008 -16"><span class='ocrx_word' id='word_1_366' title='bbox 1970 712 2177 779; x_wconf 86' lang='lat' dir='ltr'><strong>quiest</strong></span> <span class='ocrx_word' id='word_1_367' title='bbox 2230 710 2698 764; x_wconf 74' lang='lat' dir='ltr'><strong>incommutabilis</strong></span> <span class='ocrx_word' id='word_1_368' title='bbox 2744 710 2923 777; x_wconf 82' lang='lat' dir='ltr'><strong>imago</strong></span> <span class='ocrx_word' id='word_1_369' title='bbox 2974 707 3173 761; x_wconf 84' lang='lat' dir='ltr'><strong>Patris.</strong></span> <span class='ocrx_word' id='word_1_370' title='bbox 3239 703 3367 757; x_wconf 62' lang='lat' dir='ltr'><strong>Hac</strong></span> <span class='ocrx_word' id='word_1_371' title='bbox 3409 702 3556 754; x_wconf 85' lang='lat' dir='ltr'><strong>enim</strong></span> 
     </span>
    </p>
   </div>
   <div class='ocr_carea' id='block_1_51' title="bbox 1971 797 3559 875">
    <p class='ocr_par' dir='ltr' id='par_1_51' title="bbox 1971 797 3559 875">
     <span class='ocr_line' id='line_1_51' title="bbox 1971 797 3559 875; baseline -0.003 -17"><span class='ocrx_word' id='word_1_372' title='bbox 1971 821 2034 859; x_wconf 68' lang='lat' dir='ltr'><strong>ett</strong></span> <span class='ocrx_word' id='word_1_373' title='bbox 2074 806 2353 875; x_wconf 72' lang='lat' dir='ltr'><strong>przedictis</strong></span> <span class='ocrx_word' id='word_1_374' title='bbox 2387 806 2660 865; x_wconf 80' lang='lat' dir='ltr'><strong>insinuata</strong></span> <span class='ocrx_word' id='word_1_375' title='bbox 2689 805 2798 857; x_wconf 86' lang='lat' dir='ltr'><strong>sint</strong></span> <span class='ocrx_word' id='word_1_376' title='bbox 2827 803 2930 857; x_wconf 83' lang='lat' dir='ltr'><strong>etsi</strong></span> <span class='ocrx_word' id='word_1_377' title='bbox 2962 800 3194 869; x_wconf 85' lang='lat' dir='ltr'><strong>plurima</strong></span> <span class='ocrx_word' id='word_1_378' title='bbox 3227 797 3375 853; x_wconf 81' lang='lat' dir='ltr'><strong>sint.’</strong></span> <span class='ocrx_word' id='word_1_379' title='bbox 3396 800 3460 853; x_wconf 77' lang='lat' dir='ltr'><strong>Et</strong></span> <span class='ocrx_word' id='word_1_380' title='bbox 3487 800 3559 853; x_wconf 80' lang='lat' dir='ltr'><strong>il-</strong></span> 
     </span>
    </p>
   </div>
   <div class='ocr_carea' id='block_1_52' title="bbox 1973 891 3558 966">
    <p class='ocr_par' dir='ltr' id='par_1_52' title="bbox 1973 891 3558 966">
     <span class='ocr_line' id='line_1_52' title="bbox 1973 891 3558 966; baseline -0.003 -17"><span class='ocrx_word' id='word_1_381' title='bbox 1973 897 2061 949; x_wconf 86' lang='lat' dir='ltr'><strong>lud</strong></span> <span class='ocrx_word' id='word_1_382' title='bbox 2102 911 2205 949; x_wconf 86' lang='lat' dir='ltr'><strong>una</strong></span> <span class='ocrx_word' id='word_1_383' title='bbox 2244 904 2485 966; x_wconf 81' lang='lat' dir='ltr'><strong>apparet,</strong></span> <span class='ocrx_word' id='word_1_384' title='bbox 2522 898 2664 963; x_wconf 90' lang='lat' dir='ltr'><strong>quod</strong></span> <span class='ocrx_word' id='word_1_385' title='bbox 2698 894 2918 964; x_wconf 79' lang='lat' dir='ltr'><strong>quando</strong></span> <span class='ocrx_word' id='word_1_386' title='bbox 2961 891 3263 947; x_wconf 81' lang='lat' dir='ltr'><strong>insufﬂavit</strong></span> <span class='ocrx_word' id='word_1_387' title='bbox 3305 892 3357 945; x_wconf 88' lang='lat' dir='ltr'><strong>in</strong></span> <span class='ocrx_word' id='word_1_388' title='bbox 3390 893 3558 946; x_wconf 76' lang='lat' dir='ltr'><strong>disci-</strong></span> 
     </span>
    </p>
   </div>
   <div class='ocr_carea' id='block_1_53' title="bbox 1974 981 3558 1057">
    <p class='ocr_par' dir='ltr' id='par_1_53' title="bbox 1974 981 3558 1057">
     <span class='ocr_line' id='line_1_53' title="bbox 1974 981 3558 1057; baseline -0.003 -18"><span class='ocrx_word' id='word_1_389' title='bbox 1974 988 2133 1057; x_wconf 86' lang='lat' dir='ltr'><strong>pulos</strong></span> <span class='ocrx_word' id='word_1_390' title='bbox 2195 988 2493 1050; x_wconf 87' lang='lat' dir='ltr'><strong>Dominus,</strong></span> <span class='ocrx_word' id='word_1_391' title='bbox 2554 995 2605 1041; x_wconf 92' lang='lat' dir='ltr'><strong>et</strong></span> <span class='ocrx_word' id='word_1_392' title='bbox 2655 986 2794 1040; x_wconf 74' lang='lat' dir='ltr'><strong>dixit</strong></span> <span class='ocrx_word' id='word_1_393' title='bbox 2842 985 2923 1040; x_wconf 89' lang='lat' dir='ltr'><strong>eis</strong></span> <span class='ocrx_word' id='word_1_394' title='bbox 2964 1003 2977 1039; x_wconf 89' lang='lat'><strong>:</strong></span> <span class='ocrx_word' id='word_1_395' title='bbox 3014 984 3245 1053; x_wconf 76' lang='lat' dir='ltr'><strong>Accipite</strong></span> <span class='ocrx_word' id='word_1_396' title='bbox 3295 981 3558 1051; x_wconf 76' lang='lat' dir='ltr'><strong>Spiritum</strong></span> 
     </span>
    </p>
   </div>
   <div class='ocr_carea' id='block_1_54' title="bbox 1971 1075 3562 1150">
    <p class='ocr_par' dir='ltr' id='par_1_54' title="bbox 1971 1075 3562 1150">
     <span class='ocr_line' id='line_1_54' title="bbox 1971 1075 3562 1150; baseline -0.003 -16"><span class='ocrx_word' id='word_1_397' title='bbox 1971 1091 2214 1135; x_wconf 80' lang='lat' dir='ltr'><strong>sanctum</strong></span> <span class='ocrx_word' id='word_1_398' title='bbox 2248 1081 2317 1147; x_wconf 82' lang='grc'><strong>⁸³,</strong></span> <span class='ocrx_word' id='word_1_399' title='bbox 2350 1082 2441 1150; x_wconf 85' lang='lat' dir='ltr'><strong>qui</strong></span> <span class='ocrx_word' id='word_1_400' title='bbox 2502 1095 2567 1134; x_wconf 78' lang='lat' dir='ltr'><strong>ex</strong></span> <span class='ocrx_word' id='word_1_401' title='bbox 2628 1078 2791 1132; x_wconf 86' lang='lat' dir='ltr'><strong>Patre</strong></span> <span class='ocrx_word' id='word_1_402' title='bbox 2839 1093 2938 1147; x_wconf 88' lang='lat' dir='ltr'><strong>per</strong></span> <span class='ocrx_word' id='word_1_403' title='bbox 2990 1076 3186 1131; x_wconf 85' lang='lat' dir='ltr'><strong>Filium</strong></span> <span class='ocrx_word' id='word_1_404' title='bbox 3238 1075 3562 1130; x_wconf 83' lang='lat' dir='ltr'><strong>naturaliter</strong></span> 
     </span>
    </p>
   </div>
   <div class='ocr_carea' id='block_1_55' title="bbox 1974 1168 3210 1243">
    <p class='ocr_par' dir='ltr' id='par_1_55' title="bbox 1974 1168 3210 1243">
     <span class='ocr_line' id='line_1_55' title="bbox 1974 1168 3210 1243; baseline -0.004 -15"><span class='ocrx_word' id='word_1_405' title='bbox 1974 1174 2171 1243; x_wconf 89' lang='lat' dir='ltr'><strong>prodit,</strong></span> <span class='ocrx_word' id='word_1_406' title='bbox 2198 1182 2250 1227; x_wconf 83' lang='lat' dir='ltr'><strong>et</strong></span> <span class='ocrx_word' id='word_1_407' title='bbox 2298 1189 2393 1242; x_wconf 88' lang='lat' dir='ltr'><strong>per</strong></span> <span class='ocrx_word' id='word_1_408' title='bbox 2419 1187 2478 1227; x_wconf 88' lang='lat' dir='ltr'><strong>se</strong></span> <span class='ocrx_word' id='word_1_409' title='bbox 2510 1172 2893 1240; x_wconf 87' lang='lat' dir='ltr'><strong>procedentem</strong></span> <span class='ocrx_word' id='word_1_410' title='bbox 2937 1168 3087 1223; x_wconf 91' lang='lat' dir='ltr'><strong>dedit</strong></span> <span class='ocrx_word' id='word_1_411' title='bbox 3110 1168 3210 1223; x_wconf 85' lang='lat' dir='ltr'><strong>eis.</strong></span> 
     </span>
    </p>
   </div>
   <div class='ocr_carea' id='block_1_56' title="bbox 2047 1259 3555 1336">
    <p class='ocr_par' dir='ltr' id='par_1_56' title="bbox 2047 1259 3555 1336">
     <span class='ocr_line' id='line_1_56' title="bbox 2047 1259 3555 1336; baseline -0.005 -15"><span class='ocrx_word' id='word_1_412' title='bbox 2047 1266 2160 1321; x_wconf 89' lang='lat' dir='ltr'><strong>Hoc</strong></span> <span class='ocrx_word' id='word_1_413' title='bbox 2192 1266 2380 1336; x_wconf 87' lang='lat' dir='ltr'><strong>igitur,</strong></span> <span class='ocrx_word' id='word_1_414' title='bbox 2412 1275 2471 1321; x_wconf 87' lang='lat' dir='ltr'><strong>ut</strong></span> <span class='ocrx_word' id='word_1_415' title='bbox 2502 1265 2709 1320; x_wconf 89' lang='lat' dir='ltr'><strong>dictum</strong></span> <span class='ocrx_word' id='word_1_416' title='bbox 2751 1271 2833 1319; x_wconf 86' lang='lat' dir='ltr'><strong>est</strong></span> <span class='ocrx_word' id='word_1_417' title='bbox 2864 1264 2931 1316; x_wconf 80' lang='lat' dir='ltr'><strong>ab</strong></span> <span class='ocrx_word' id='word_1_418' title='bbox 2965 1261 3221 1316; x_wconf 70' lang='lat' dir='ltr'><strong>Ecclesia:</strong></span> <span class='ocrx_word' id='word_1_419' title='bbox 3257 1259 3555 1330; x_wconf 78' lang='lat' dir='ltr'><strong>magistris,</strong></span> 
     </span>
    </p>
   </div>
   <div class='ocr_carea' id='block_1_57' title="bbox 1974 1355 3561 1425">
    <p class='ocr_par' dir='ltr' id='par_1_57' title="bbox 1974 1355 3561 1425">
     <span class='ocr_line' id='line_1_57' title="bbox 1974 1355 3561 1425; baseline -0.002 -15"><span class='ocrx_word' id='word_1_420' title='bbox 1974 1358 2108 1411; x_wconf 84' lang='lat' dir='ltr'><strong>satis</strong></span> <span class='ocrx_word' id='word_1_421' title='bbox 2139 1372 2303 1425; x_wconf 85' lang='lat' dir='ltr'><strong>supra</strong></span> <span class='ocrx_word' id='word_1_422' title='bbox 2336 1357 2669 1412; x_wconf 83' lang='lat' dir='ltr'><strong>declaratum</strong></span> <span class='ocrx_word' id='word_1_423' title='bbox 2701 1366 2787 1411; x_wconf 85' lang='lat' dir='ltr'><strong>est</strong></span> <span class='ocrx_word' id='word_1_424' title='bbox 2814 1372 2830 1423; x_wconf 90' lang='lat'><strong>;</strong></span> <span class='ocrx_word' id='word_1_425' title='bbox 2868 1355 3141 1423; x_wconf 65' lang='lat' dir='ltr'><strong>praecipue</strong></span> <span class='ocrx_word' id='word_1_426' title='bbox 3202 1365 3382 1408; x_wconf 79' lang='lat' dir='ltr'><strong>tamen</strong></span> <span class='ocrx_word' id='word_1_427' title='bbox 3442 1369 3561 1407; x_wconf 87' lang='lat' dir='ltr'><strong>ma-</strong></span> 
     </span>
    </p>
   </div>
   <div class='ocr_carea' id='block_1_58' title="bbox 1974 1446 3557 1518">
    <p class='ocr_par' dir='ltr' id='par_1_58' title="bbox 1974 1446 3557 1518">
     <span class='ocr_line' id='line_1_58' title="bbox 1974 1446 3557 1518; baseline -0.001 -19"><span class='ocrx_word' id='word_1_428' title='bbox 1974 1464 2115 1518; x_wconf 76' lang='lat' dir='ltr'><strong>gnus</strong></span> <span class='ocrx_word' id='word_1_429' title='bbox 2146 1447 2375 1503; x_wconf 81' lang='lat' dir='ltr'><strong>Basilius</strong></span> <span class='ocrx_word' id='word_1_430' title='bbox 2403 1464 2560 1503; x_wconf 89' lang='lat' dir='ltr'><strong>suam</strong></span> <span class='ocrx_word' id='word_1_431' title='bbox 2596 1450 2698 1502; x_wconf 86' lang='lat' dir='ltr'><strong>liae</strong></span> <span class='ocrx_word' id='word_1_432' title='bbox 2725 1449 2789 1502; x_wconf 91' lang='lat' dir='ltr'><strong>de</strong></span> <span class='ocrx_word' id='word_1_433' title='bbox 2813 1464 2873 1503; x_wconf 89' lang='lat' dir='ltr'><strong>re</strong></span> <span class='ocrx_word' id='word_1_434' title='bbox 2917 1448 3226 1516; x_wconf 84' lang='lat' dir='ltr'><strong>Opinionem</strong></span> <span class='ocrx_word' id='word_1_435' title='bbox 3289 1446 3557 1510; x_wconf 79' lang='lat' dir='ltr'><strong>indicans,</strong></span> 
     </span>
    </p>
   </div>
   <div class='ocr_carea' id='block_1_59' title="bbox 1976 1536 3563 1611">
    <p class='ocr_par' dir='ltr' id='par_1_59' title="bbox 1976 1536 3563 1611">
     <span class='ocr_line' id='line_1_59' title="bbox 1976 1536 3563 1611; baseline -0.004 -15"><span class='ocrx_word' id='word_1_436' title='bbox 1976 1542 2231 1611; x_wconf 74' lang='lat' dir='ltr'><strong>pnedicta</strong></span> <span class='ocrx_word' id='word_1_437' title='bbox 2257 1543 2566 1596; x_wconf 79' lang='lat' dir='ltr'><strong>conﬁrmat.</strong></span> <span class='ocrx_word' id='word_1_438' title='bbox 2600 1539 2733 1595; x_wconf 78' lang='lat' dir='ltr'><strong>Nam</strong></span> <span class='ocrx_word' id='word_1_439' title='bbox 2762 1543 2817 1596; x_wconf 91' lang='lat' dir='ltr'><strong>in</strong></span> <span class='ocrx_word' id='word_1_440' title='bbox 2869 1550 3068 1608; x_wconf 86' lang='lat' dir='ltr'><strong>quarto</strong></span> <span class='ocrx_word' id='word_1_441' title='bbox 3132 1547 3323 1592; x_wconf 87' lang='lat' dir='ltr'><strong>contra</strong></span> <span class='ocrx_word' id='word_1_442' title='bbox 3379 1536 3563 1590; x_wconf 80' lang='lat' dir='ltr'><strong>Euno-</strong></span> 
     </span>
    </p>
   </div>
   <div class='ocr_carea' id='block_1_60' title="bbox 1977 1628 3557 1704">
    <p class='ocr_par' dir='ltr' id='par_1_60' title="bbox 1977 1628 3557 1704">
     <span class='ocr_line' id='line_1_60' title="bbox 1977 1628 3557 1704; baseline -0.004 -18"><span class='ocrx_word' id='word_1_443' title='bbox 1977 1634 2164 1697; x_wconf 86' lang='lat' dir='ltr'><strong>mium,</strong></span> <span class='ocrx_word' id='word_1_444' title='bbox 2185 1634 2235 1687; x_wconf 92' lang='lat' dir='ltr'><strong>in</strong></span> <span class='ocrx_word' id='word_1_445' title='bbox 2257 1647 2367 1687; x_wconf 91' lang='lat' dir='ltr'><strong>uno</strong></span> <span class='ocrx_word' id='word_1_446' title='bbox 2387 1633 2626 1700; x_wconf 83' lang='lat' dir='ltr'><strong>capitulo</strong></span> <span class='ocrx_word' id='word_1_447' title='bbox 2646 1633 2789 1704; x_wconf 83' lang='lat' dir='ltr'><strong>quod</strong></span> <span class='ocrx_word' id='word_1_448' title='bbox 2836 1632 3150 1701; x_wconf 76' lang='lat' dir='ltr'><strong>inscribitur</strong></span> <span class='ocrx_word' id='word_1_449' title='bbox 3170 1629 3325 1697; x_wconf 87' lang='lat' dir='ltr'><strong>Quod</strong></span> <span class='ocrx_word' id='word_1_450' title='bbox 3374 1628 3557 1682; x_wconf 86' lang='lat' dir='ltr'><strong>divina</strong></span> 
     </span>
    </p>
   </div>
   <div class='ocr_carea' id='block_1_61' title="bbox 1977 1716 3556 1798">
    <p class='ocr_par' dir='ltr' id='par_1_61' title="bbox 1977 1716 3556 1798">
     <span class='ocr_line' id='line_1_61' title="bbox 1977 1716 3556 1798; baseline -0.004 -17"><span class='ocrx_word' id='word_1_451' title='bbox 1977 1716 2164 1781; x_wconf 57' lang='lat' dir='ltr'><strong>initura</strong></span> <span class='ocrx_word' id='word_1_452' title='bbox 2217 1730 2288 1784; x_wconf 89' lang='lat' dir='ltr'><strong>sit</strong></span> <span class='ocrx_word' id='word_1_453' title='bbox 2355 1728 2621 1798; x_wconf 81' lang='lat' dir='ltr'><strong>Spiritus:</strong></span> <span class='ocrx_word' id='word_1_454' title='bbox 2695 1727 2927 1795; x_wconf 80' lang='lat' dir='ltr'><strong>Spiritus</strong></span> <span class='ocrx_word' id='word_1_455' title='bbox 2949 1724 3333 1793; x_wconf 85' lang='lat' dir='ltr'><strong>enim,iuquit,</strong></span> <span class='ocrx_word' id='word_1_456' title='bbox 3364 1721 3556 1775; x_wconf 75' lang='lat' dir='ltr'><strong>uirenti</strong></span> 
     </span>
    </p>
   </div>
   <div class='ocr_carea' id='block_1_62' title="bbox 1906 1814 3565 1887">
    <p class='ocr_par' dir='ltr' id='par_1_62' title="bbox 1906 1814 3565 1887">
     <span class='ocr_line' id='line_1_62' title="bbox 1906 1814 3565 1887; baseline -0.007 -11"><span class='ocrx_word' id='word_1_457' title='bbox 1906 1814 1946 1866; x_wconf 80' lang='grc' dir='ltr'><strong>Β</strong></span> <span class='ocrx_word' id='word_1_458' title='bbox 1988 1819 2149 1875; x_wconf 74' lang='lat' dir='ltr'><strong>Verbo</strong></span> <span class='ocrx_word' id='word_1_459' title='bbox 2177 1822 2245 1875; x_wconf 89' lang='lat' dir='ltr'><strong>ad</strong></span> <span class='ocrx_word' id='word_1_460' title='bbox 2267 1820 2556 1876; x_wconf 82' lang='lat' dir='ltr'><strong>creandum</strong></span> <span class='ocrx_word' id='word_1_461' title='bbox 2578 1818 2915 1887; x_wconf 78' lang='lat' dir='ltr'><strong>conjunctae,</strong></span> <span class='ocrx_word' id='word_1_462' title='bbox 2944 1816 3060 1868; x_wconf 86' lang='lat' dir='ltr'><strong>viva</strong></span> <span class='ocrx_word' id='word_1_463' title='bbox 3080 1815 3247 1869; x_wconf 76' lang='lat' dir='ltr'><strong>virtus</strong></span> <span class='ocrx_word' id='word_1_464' title='bbox 3269 1823 3365 1874; x_wconf 82' lang='lat' dir='ltr'><strong>est,</strong></span> <span class='ocrx_word' id='word_1_465' title='bbox 3391 1822 3441 1866; x_wconf 88' lang='lat' dir='ltr'><strong>et</strong></span> <span class='ocrx_word' id='word_1_466' title='bbox 3468 1829 3565 1865; x_wconf 80' lang='lat' dir='ltr'><strong>na-</strong></span> 
     </span>
    </p>
   </div>
   <div class='ocr_carea' id='block_1_63' title="bbox 1976 1905 3560 1980">
    <p class='ocr_par' dir='ltr' id='par_1_63' title="bbox 1976 1905 3560 1980">
     <span class='ocr_line' id='line_1_63' title="bbox 1976 1905 3560 1980; baseline -0.006 -15"><span class='ocrx_word' id='word_1_467' title='bbox 1976 1924 2118 1977; x_wconf 85' lang='lat' dir='ltr'><strong>tura,</strong></span> <span class='ocrx_word' id='word_1_468' title='bbox 2143 1914 2345 1977; x_wconf 87' lang='lat' dir='ltr'><strong>diuina,</strong></span> <span class='ocrx_word' id='word_1_469' title='bbox 2377 1912 2661 1980; x_wconf 78' lang='lat' dir='ltr'><strong>ine/fabilis</strong></span> <span class='ocrx_word' id='word_1_470' title='bbox 2690 1925 2753 1965; x_wconf 75' lang='lat' dir='ltr'><strong>ex</strong></span> <span class='ocrx_word' id='word_1_471' title='bbox 2782 1909 3042 1977; x_wconf 71' lang='lat' dir='ltr'><strong>ineﬁ‘abili</strong></span> <span class='ocrx_word' id='word_1_472' title='bbox 3072 1925 3160 1961; x_wconf 89' lang='lat' dir='ltr'><strong>ore</strong></span> <span class='ocrx_word' id='word_1_473' title='bbox 3180 1906 3446 1973; x_wconf 84' lang='lat' dir='ltr'><strong>prodiens,</strong></span> <span class='ocrx_word' id='word_1_474' title='bbox 3474 1905 3560 1956; x_wconf 87' lang='lat' dir='ltr'><strong>in-</strong></span> 
     </span>
    </p>
   </div>
   <div class='ocr_carea' id='block_1_64' title="bbox 1975 1998 3562 2073">
    <p class='ocr_par' dir='ltr' id='par_1_64' title="bbox 1975 1998 3562 2073">
     <span class='ocr_line' id='line_1_64' title="bbox 1975 1998 3562 2073; baseline -0.005 -18"><span class='ocrx_word' id='word_1_475' title='bbox 1975 2001 2359 2072; x_wconf 74' lang='lat' dir='ltr'><strong>eﬁabiliterpcr</strong></span> <span class='ocrx_word' id='word_1_476' title='bbox 2405 2000 2811 2073; x_wconf 68' lang='lat' dir='ltr'><strong>insulﬂationcm</strong></span> <span class='ocrx_word' id='word_1_477' title='bbox 2859 1999 2912 2051; x_wconf 87' lang='lat' dir='ltr'><strong>in</strong></span> <span class='ocrx_word' id='word_1_478' title='bbox 2936 1998 3197 2051; x_wconf 78' lang='lat' dir='ltr'><strong>hominem</strong></span> <span class='ocrx_word' id='word_1_479' title='bbox 3240 1998 3457 2055; x_wconf 81' lang='lat' dir='ltr'><strong>emissa,</strong></span> <span class='ocrx_word' id='word_1_480' title='bbox 3511 2000 3562 2047; x_wconf 82' lang='lat' dir='ltr'><strong>et</strong></span> 
     </span>
    </p>
   </div>
   <div class='ocr_carea' id='block_1_65' title="bbox 1974 2089 3557 2164">
    <p class='ocr_par' dir='ltr' id='par_1_65' title="bbox 1974 2089 3557 2164">
     <span class='ocr_line' id='line_1_65' title="bbox 1974 2089 3557 2164; baseline -0.007 -15"><span class='ocrx_word' id='word_1_481' title='bbox 1974 2096 2259 2149; x_wconf 80' lang='lat' dir='ltr'><strong>secundum</strong></span> <span class='ocrx_word' id='word_1_482' title='bbox 2287 2100 2516 2164; x_wconf 73' lang='lat' dir='ltr'><strong>[orMam</strong></span> <span class='ocrx_word' id='word_1_483' title='bbox 2546 2111 2575 2147; x_wconf 92' lang='lat' dir='ltr'><strong>a</strong></span> <span class='ocrx_word' id='word_1_484' title='bbox 2606 2091 2815 2146; x_wconf 79' lang='lat' dir='ltr'><strong>Christo</strong></span> <span class='ocrx_word' id='word_1_485' title='bbox 2866 2089 3218 2158; x_wconf 87' lang='lat' dir='ltr'><strong>corporaliter</strong></span> <span class='ocrx_word' id='word_1_486' title='bbox 3265 2098 3557 2150; x_wconf 81' lang='lat' dir='ltr'><strong>ostensam,</strong></span> 
     </span>
    </p>
   </div>
   <div class='ocr_carea' id='block_1_66' title="bbox 1975 2180 3561 2255">
    <p class='ocr_par' dir='ltr' id='par_1_66' title="bbox 1975 2180 3561 2255">
     <span class='ocr_line' id='line_1_66' title="bbox 1975 2180 3561 2255; baseline -0.006 -15"><span class='ocrx_word' id='word_1_487' title='bbox 1975 2186 2247 2240; x_wconf 77' lang='lat' dir='ltr'><strong>rursus&#39;ab</strong></span> <span class='ocrx_word' id='word_1_488' title='bbox 2278 2189 2390 2252; x_wconf 81' lang='lat' dir='ltr'><strong>ipso</strong></span> <span class='ocrx_word' id='word_1_489' title='bbox 2406 2203 2497 2255; x_wconf 86' lang='lat' dir='ltr'><strong>per</strong></span> <span class='ocrx_word' id='word_1_490' title='bbox 2520 2185 2919 2255; x_wconf 74' lang='lat' dir='ltr'><strong>insuﬂlationem</strong></span> <span class='ocrx_word' id='word_1_491' title='bbox 2944 2182 3207 2249; x_wconf 78' lang='lat' dir='ltr'><strong>restituta.</strong></span> <span class='ocrx_word' id='word_1_492' title='bbox 3236 2180 3561 2234; x_wconf 84' lang='lat' dir='ltr'><strong>Concurrere</strong></span> 
     </span>
    </p>
   </div>
   <div class='ocr_carea' id='block_1_67' title="bbox 1972 2273 3560 2347">
    <p class='ocr_par' dir='ltr' id='par_1_67' title="bbox 1972 2273 3560 2347">
     <span class='ocr_line' id='line_1_67' title="bbox 1972 2273 3560 2347; baseline -0.005 -17"><span class='ocrx_word' id='word_1_493' title='bbox 1972 2282 2155 2347; x_wconf 78' lang='lat' dir='ltr'><strong>quippe</strong></span> <span class='ocrx_word' id='word_1_494' title='bbox 2182 2276 2449 2345; x_wconf 83' lang='lat' dir='ltr'><strong>oportebat</strong></span> <span class='ocrx_word' id='word_1_495' title='bbox 2482 2277 2715 2345; x_wconf 72' lang='lat' dir='ltr'><strong>antiqua:</strong></span> <span class='ocrx_word' id='word_1_496' title='bbox 2754 2273 2978 2327; x_wconf 84' lang='lat' dir='ltr'><strong>novitati</strong></span> <span class='ocrx_word' id='word_1_497' title='bbox 3019 2278 3323 2340; x_wconf 60' lang='lat' dir='ltr'><strong>promentem</strong></span> <span class='ocrx_word' id='word_1_498' title='bbox 3356 2284 3560 2337; x_wconf 86' lang='lat' dir='ltr'><strong>quoque</strong></span> 
     </span>
    </p>
   </div>
   <div class='ocr_carea' id='block_1_68' title="bbox 1977 2362 3548 2437">
    <p class='ocr_par' dir='ltr' id='par_1_68' title="bbox 1977 2362 3548 2437">
     <span class='ocr_line' id='line_1_68' title="bbox 1977 2362 3548 2437; baseline -0.006 -15"><span class='ocrx_word' id='word_1_499' title='bbox 1977 2370 2380 2435; x_wconf 78' lang='lat' dir='ltr'><strong>renovationem,</strong></span> <span class='ocrx_word' id='word_1_500' title='bbox 2419 2378 2470 2423; x_wconf 91' lang='lat' dir='ltr'><strong>et</strong></span> <span class='ocrx_word' id='word_1_501' title='bbox 2512 2366 2820 2437; x_wconf 80' lang='lat' dir='ltr'><strong>hujusmodi</strong></span> <span class='ocrx_word' id='word_1_502' title='bbox 2857 2366 3256 2422; x_wconf 83' lang='lat' dir='ltr'><strong>concursionem</strong></span> <span class='ocrx_word' id='word_1_503' title='bbox 3295 2362 3548 2431; x_wconf 71' lang='lat' dir='ltr'><strong>expressit</strong></span> 
     </span>
    </p>
   </div>
   <div class='ocr_carea' id='block_1_69' title="bbox 1974 2455 3562 2532">
    <p class='ocr_par' dir='ltr' id='par_1_69' title="bbox 1974 2455 3562 2532">
     <span class='ocr_line' id='line_1_69' title="bbox 1974 2455 3562 2532; baseline -0.005 -17"><span class='ocrx_word' id='word_1_504' title='bbox 1974 2464 2268 2532; x_wconf 70' lang='lat' dir='ltr'><strong>insumunt.</strong></span> <span class='ocrx_word' id='word_1_505' title='bbox 2306 2479 2410 2515; x_wconf 86' lang='lat' dir='ltr'><strong>non</strong></span> <span class='ocrx_word' id='word_1_506' title='bbox 2447 2460 2585 2514; x_wconf 82' lang='lat' dir='ltr'><strong>alius</strong></span> <span class='ocrx_word' id='word_1_507' title='bbox 2616 2460 2895 2518; x_wconf 76' lang='lat' dir='ltr'><strong>exsisteus.</strong></span> <span class='ocrx_word' id='word_1_508' title='bbox 2938 2473 3098 2521; x_wconf 88' lang='lat' dir='ltr'><strong>quam</strong></span> <span class='ocrx_word' id='word_1_509' title='bbox 3128 2457 3172 2509; x_wconf 84' lang='lat' dir='ltr'><strong>is</strong></span> <span class='ocrx_word' id='word_1_510' title='bbox 3198 2456 3289 2526; x_wconf 88' lang='lat' dir='ltr'><strong>qui</strong></span> <span class='ocrx_word' id='word_1_511' title='bbox 3313 2457 3375 2507; x_wconf 84' lang='lat' dir='ltr'><strong>ab</strong></span> <span class='ocrx_word' id='word_1_512' title='bbox 3404 2455 3562 2508; x_wconf 84' lang='lat' dir='ltr'><strong>initio</strong></span> 
     </span>
    </p>
   </div>
   <div class='ocr_carea' id='block_1_70' title="bbox 1974 2548 3562 2625">
    <p class='ocr_par' dir='ltr' id='par_1_70' title="bbox 1974 2548 3562 2625">
     <span class='ocr_line' id='line_1_70' title="bbox 1974 2548 3562 2625; baseline -0.006 -17"><span class='ocrx_word' id='word_1_513' title='bbox 1974 2556 2359 2625; x_wconf 73' lang='lat' dir='ltr'><strong>inea/ﬂaverat;</strong></span> <span class='ocrx_word' id='word_1_514' title='bbox 2390 2556 2481 2609; x_wconf 82' lang='lat' dir='ltr'><strong>sed</strong></span> <span class='ocrx_word' id='word_1_515' title='bbox 2503 2556 2630 2620; x_wconf 83' lang='lat' dir='ltr'><strong>ipse,</strong></span> <span class='ocrx_word' id='word_1_516' title='bbox 2650 2570 2742 2622; x_wconf 83' lang='lat' dir='ltr'><strong>per</strong></span> <span class='ocrx_word' id='word_1_517' title='bbox 2764 2568 2913 2623; x_wconf 79' lang='lat' dir='ltr'><strong>quem</strong></span> <span class='ocrx_word' id='word_1_518' title='bbox 2932 2551 3075 2604; x_wconf 87' lang='lat' dir='ltr'><strong>dedit</strong></span> <span class='ocrx_word' id='word_1_519' title='bbox 3098 2551 3233 2604; x_wconf 85' lang='lat' dir='ltr'><strong>Deus</strong></span> <span class='ocrx_word' id='word_1_520' title='bbox 3260 2548 3562 2619; x_wconf 63' lang='lat' dir='ltr'><strong>insaniaita-</strong></span> 
     </span>
    </p>
   </div>
   <div class='ocr_carea' id='block_1_71' title="bbox 1974 2644 3558 2719">
    <p class='ocr_par' dir='ltr' id='par_1_71' title="bbox 1974 2644 3558 2719">
     <span class='ocr_line' id='line_1_71' title="bbox 1974 2644 3558 2719; baseline -0.003 -17"><span class='ocrx_word' id='word_1_521' title='bbox 1974 2665 2112 2714; x_wconf 86' lang='lat' dir='ltr'><strong>nem,</strong></span> <span class='ocrx_word' id='word_1_522' title='bbox 2136 2660 2257 2703; x_wconf 85' lang='lat' dir='ltr'><strong>tunc</strong></span> <span class='ocrx_word' id='word_1_523' title='bbox 2281 2649 2486 2719; x_wconf 86' lang='lat' dir='ltr'><strong>quidem</strong></span> <span class='ocrx_word' id='word_1_524' title='bbox 2510 2664 2626 2702; x_wconf 90' lang='lat' dir='ltr'><strong>cum</strong></span> <span class='ocrx_word' id='word_1_525' title='bbox 2645 2648 2850 2711; x_wconf 85' lang='lat' dir='ltr'><strong>anima,</strong></span> <span class='ocrx_word' id='word_1_526' title='bbox 2869 2661 3006 2699; x_wconf 87' lang='lat' dir='ltr'><strong>nunc</strong></span> <span class='ocrx_word' id='word_1_527' title='bbox 3027 2654 3203 2698; x_wconf 85' lang='lat' dir='ltr'><strong>autem</strong></span> <span class='ocrx_word' id='word_1_528' title='bbox 3223 2645 3275 2696; x_wconf 88' lang='lat' dir='ltr'><strong>in</strong></span> <span class='ocrx_word' id='word_1_529' title='bbox 3301 2644 3558 2697; x_wconf 88' lang='lat' dir='ltr'><strong>animam.</strong></span> 
     </span>
    </p>
   </div>
   <div class='ocr_carea' id='block_1_72' title="bbox 2046 2737 3563 2810">
    <p class='ocr_par' dir='ltr' id='par_1_72' title="bbox 2046 2737 3563 2810">
     <span class='ocr_line' id='line_1_72' title="bbox 2046 2737 3563 2810; baseline -0.001 -18"><span class='ocrx_word' id='word_1_530' title='bbox 2046 2739 2272 2810; x_wconf 79' lang='lat' dir='ltr'><strong>Magnus</strong></span> <span class='ocrx_word' id='word_1_531' title='bbox 2299 2755 2513 2808; x_wconf 82' lang='lat' dir='ltr'><strong>quoque</strong></span> <span class='ocrx_word' id='word_1_532' title='bbox 2550 2740 2904 2805; x_wconf 78' lang='lat' dir='ltr'><strong>Athanasius,</strong></span> <span class='ocrx_word' id='word_1_533' title='bbox 2931 2741 2982 2792; x_wconf 88' lang='lat' dir='ltr'><strong>in</strong></span> <span class='ocrx_word' id='word_1_534' title='bbox 3019 2737 3184 2805; x_wconf 91' lang='lat' dir='ltr'><strong>epist.</strong></span> <span class='ocrx_word' id='word_1_535' title='bbox 3207 2741 3271 2791; x_wconf 87' lang='lat' dir='ltr'><strong>ad</strong></span> <span class='ocrx_word' id='word_1_536' title='bbox 3307 2737 3563 2803; x_wconf 85' lang='lat' dir='ltr'><strong>Serapio-</strong></span> 
     </span>
    </p>
   </div>
   <div class='ocr_carea' id='block_1_73' title="bbox 1975 2827 3563 2904">
    <p class='ocr_par' dir='ltr' id='par_1_73' title="bbox 1975 2827 3563 2904">
     <span class='ocr_line' id='line_1_73' title="bbox 1975 2827 3563 2904; baseline -0.006 -15"><span class='ocrx_word' id='word_1_537' title='bbox 1975 2848 2096 2889; x_wconf 88' lang='lat' dir='ltr'><strong>nem</strong></span> <span class='ocrx_word' id='word_1_538' title='bbox 2146 2835 2213 2887; x_wconf 90' lang='lat' dir='ltr'><strong>de</strong></span> <span class='ocrx_word' id='word_1_539' title='bbox 2256 2832 2461 2904; x_wconf 89' lang='lat' dir='ltr'><strong>Spiritu</strong></span> <span class='ocrx_word' id='word_1_540' title='bbox 2510 2840 2718 2898; x_wconf 84' lang='lat' dir='ltr'><strong>sancto,</strong></span> <span class='ocrx_word' id='word_1_541' title='bbox 2784 2832 2938 2899; x_wconf 88' lang='lat' dir='ltr'><strong>cujus</strong></span> <span class='ocrx_word' id='word_1_542' title='bbox 2988 2832 3219 2885; x_wconf 84' lang='lat' dir='ltr'><strong>initinni‘</strong></span> <span class='ocrx_word' id='word_1_543' title='bbox 3251 2842 3333 2885; x_wconf 85' lang='lat' dir='ltr'><strong>est</strong></span> <span class='ocrx_word' id='word_1_544' title='bbox 3374 2848 3388 2886; x_wconf 91' lang='lat'><strong>:</strong></span> <span class='ocrx_word' id='word_1_545' title='bbox 3434 2827 3563 2900; x_wconf 82' lang='lat' dir='ltr'><strong>Legi</strong></span> 
     </span>
    </p>
   </div>
   <div class='ocr_carea' id='block_1_74' title="bbox 1974 2920 3557 2995">
    <p class='ocr_par' dir='ltr' id='par_1_74' title="bbox 1974 2920 3557 2995">
     <span class='ocr_line' id='line_1_74' title="bbox 1974 2920 3557 2995; baseline -0.004 -15"><span class='ocrx_word' id='word_1_546' title='bbox 1974 2942 2111 2980; x_wconf 86' lang='lat' dir='ltr'><strong>nunc</strong></span> <span class='ocrx_word' id='word_1_547' title='bbox 2143 2941 2346 2995; x_wconf 89' lang='lat' dir='ltr'><strong>quoque</strong></span> <span class='ocrx_word' id='word_1_548' title='bbox 2377 2926 2629 2993; x_wconf 84' lang='lat' dir='ltr'><strong>scriptam</strong></span> <span class='ocrx_word' id='word_1_549' title='bbox 2666 2941 2697 2975; x_wconf 93' lang='lat' dir='ltr'><strong>a</strong></span> <span class='ocrx_word' id='word_1_550' title='bbox 2743 2932 2838 2976; x_wconf 86' lang='lat' dir='ltr'><strong>tua</strong></span> <span class='ocrx_word' id='word_1_551' title='bbox 2878 2923 3215 2976; x_wconf 84' lang='lat' dir='ltr'><strong>veneratione</strong></span> <span class='ocrx_word' id='word_1_552' title='bbox 3242 2920 3557 2989; x_wconf 74' lang='lat' dir='ltr'><strong>epistolam.</strong></span> 
     </span>
    </p>
   </div>
   <div class='ocr_carea' id='block_1_75' title="bbox 1976 3010 3581 3087">
    <p class='ocr_par' dir='ltr' id='par_1_75' title="bbox 1976 3010 3581 3087">
     <span class='ocr_line' id='line_1_75' title="bbox 1976 3010 3581 3087; baseline -0.004 -18"><span class='ocrx_word' id='word_1_553' title='bbox 1976 3017 2085 3070; x_wconf 81' lang='lat' dir='ltr'><strong>ait:</strong></span> <span class='ocrx_word' id='word_1_554' title='bbox 2118 3016 2351 3087; x_wconf 85' lang='lat' dir='ltr'><strong>Denique</strong></span> <span class='ocrx_word' id='word_1_555' title='bbox 2380 3017 2616 3070; x_wconf 87' lang='lat' dir='ltr'><strong>mittente</strong></span> <span class='ocrx_word' id='word_1_556' title='bbox 2668 3013 2825 3069; x_wconf 82' lang='lat' dir='ltr'><strong>Patre</strong></span> <span class='ocrx_word' id='word_1_557' title='bbox 2855 3012 3134 3081; x_wconf 88' lang='lat' dir='ltr'><strong>Spiritum,</strong></span> <span class='ocrx_word' id='word_1_558' title='bbox 3169 3012 3365 3065; x_wconf 78' lang='lat' dir='ltr'><strong>Filium</strong></span> <span class='ocrx_word' id='word_1_559' title='bbox 3405 3010 3581 3079; x_wconf 30' lang='lat' dir='ltr'><strong>illum.</strong></span> 
     </span>
    </p>
   </div>
   <div class='ocr_carea' id='block_1_76' title="bbox 1975 3105 3559 3178">
    <p class='ocr_par' dir='ltr' id='par_1_76' title="bbox 1975 3105 3559 3178">
     <span class='ocr_line' id='line_1_76' title="bbox 1975 3105 3559 3178; baseline -0.002 -18"><span class='ocrx_word' id='word_1_560' title='bbox 1975 3108 2244 3177; x_wconf 82' lang='lat' dir='ltr'><strong>discipulis</strong></span> <span class='ocrx_word' id='word_1_561' title='bbox 2314 3108 2584 3178; x_wconf 77' lang='lat' dir='ltr'><strong>insuﬁlans</strong></span> <span class='ocrx_word' id='word_1_562' title='bbox 2647 3107 2809 3161; x_wconf 87' lang='lat' dir='ltr'><strong>dedit.</strong></span> <span class='ocrx_word' id='word_1_563' title='bbox 2839 3106 3034 3163; x_wconf 82' lang='lat' dir='ltr'><strong>Omnia</strong></span> <span class='ocrx_word' id='word_1_564' title='bbox 3091 3108 3226 3161; x_wconf 88' lang='lat' dir='ltr'><strong>enim</strong></span> <span class='ocrx_word' id='word_1_565' title='bbox 3256 3124 3371 3177; x_wconf 53' lang='lat' dir='ltr'><strong>qua:</strong></span> <span class='ocrx_word' id='word_1_566' title='bbox 3403 3105 3559 3159; x_wconf 82' lang='lat' dir='ltr'><strong>habet</strong></span> 
     </span>
    </p>
   </div>
   <div class='ocr_carea' id='block_1_77' title="bbox 1976 3198 2497 3267">
    <p class='ocr_par' dir='ltr' id='par_1_77' title="bbox 1976 3198 2497 3267">
     <span class='ocr_line' id='line_1_77' title="bbox 1976 3198 2497 3267; baseline 0.004 -13"><span class='ocrx_word' id='word_1_567' title='bbox 1976 3199 2158 3267; x_wconf 88' lang='lat' dir='ltr'><strong>Pater,</strong></span> <span class='ocrx_word' id='word_1_568' title='bbox 2194 3198 2327 3254; x_wconf 84' lang='lat' dir='ltr'><strong>Filii</strong></span> <span class='ocrx_word' id='word_1_569' title='bbox 2352 3210 2497 3256; x_wconf 81' lang='lat' dir='ltr'><strong>sunt.</strong></span> 
     </span>
    </p>
   </div>
   <div class='ocr_carea' id='block_1_78' title="bbox 2047 3290 3559 3363">
    <p class='ocr_par' dir='ltr' id='par_1_78' title="bbox 2047 3290 3559 3363">
     <span class='ocr_line' id='line_1_78' title="bbox 2047 3290 3559 3363; baseline -0.001 -16"><span class='ocrx_word' id='word_1_570' title='bbox 2047 3291 2279 3347; x_wconf 79' lang='lat' dir='ltr'><strong>Sanetus</strong></span> <span class='ocrx_word' id='word_1_571' title='bbox 2313 3292 2438 3347; x_wconf 87' lang='lat' dir='ltr'><strong>item</strong></span> <span class='ocrx_word' id='word_1_572' title='bbox 2474 3290 2709 3363; x_wconf 81' lang='lat' dir='ltr'><strong>Cyriiius</strong></span> <span class='ocrx_word' id='word_1_573' title='bbox 2768 3293 2821 3347; x_wconf 91' lang='lat' dir='ltr'><strong>in</strong></span> <span class='ocrx_word' id='word_1_574' title='bbox 2874 3306 2924 3345; x_wconf 89' lang='lat' dir='ltr'><strong>tv</strong></span> <span class='ocrx_word' id='word_1_575' title='bbox 2986 3293 3055 3347; x_wconf 88' lang='lat' dir='ltr'><strong>ad</strong></span> <span class='ocrx_word' id='word_1_576' title='bbox 3110 3290 3411 3355; x_wconf 79' lang='lat' dir='ltr'><strong>Hermiam,</strong></span> <span class='ocrx_word' id='word_1_577' title='bbox 3448 3292 3559 3345; x_wconf 87' lang='lat' dir='ltr'><strong>ait:</strong></span> 
     </span>
    </p>
   </div>
   <div class='ocr_carea' id='block_1_79' title="bbox 1977 3384 3564 3456">
    <p class='ocr_par' dir='ltr' id='par_1_79' title="bbox 1977 3384 3564 3456">
     <span class='ocr_line' id='line_1_79' title="bbox 1977 3384 3564 3456; baseline -0.002 -15"><span class='ocrx_word' id='word_1_578' title='bbox 1977 3384 2153 3441; x_wconf 75' lang='lat' dir='ltr'><strong>Simul</strong></span> <span class='ocrx_word' id='word_1_579' title='bbox 2182 3386 2343 3447; x_wconf 79' lang='lat' dir='ltr'><strong>enim,</strong></span> <span class='ocrx_word' id='word_1_580' title='bbox 2378 3395 2536 3456; x_wconf 79' lang='lat' dir='ltr'><strong>atque</strong></span> <span class='ocrx_word' id='word_1_581' title='bbox 2585 3387 2778 3441; x_wconf 78' lang='lat' dir='ltr'><strong>summi</strong></span> <span class='ocrx_word' id='word_1_582' title='bbox 2809 3384 3033 3454; x_wconf 67' lang='lat' dir='ltr'><strong>Opi/icit</strong></span> <span class='ocrx_word' id='word_1_583' title='bbox 3075 3386 3433 3455; x_wconf 71' lang='lat' dir='ltr'><strong>inen&#39;abilibus</strong></span> <span class='ocrx_word' id='word_1_584' title='bbox 3465 3401 3564 3438; x_wconf 78' lang='lat' dir='ltr'><strong>nu-</strong></span> 
     </span>
    </p>
   </div>
   <div class='ocr_carea' id='block_1_80' title="bbox 1978 3474 3558 3547">
    <p class='ocr_par' dir='ltr' id='par_1_80' title="bbox 1978 3474 3558 3547">
     <span class='ocr_line' id='line_1_80' title="bbox 1978 3474 3558 3547; baseline 0.001 -18"><span class='ocrx_word' id='word_1_585' title='bbox 1978 3474 2114 3529; x_wconf 74' lang='lat' dir='ltr'><strong>tibus</strong></span> <span class='ocrx_word' id='word_1_586' title='bbox 2146 3484 2339 3529; x_wconf 81' lang='lat' dir='ltr'><strong>natura</strong></span> <span class='ocrx_word' id='word_1_587' title='bbox 2372 3476 2597 3530; x_wconf 78' lang='lat' dir='ltr'><strong>hominis</strong></span> <span class='ocrx_word' id='word_1_588' title='bbox 2638 3480 2707 3531; x_wconf 84' lang='lat' dir='ltr'><strong>ad</strong></span> <span class='ocrx_word' id='word_1_589' title='bbox 2747 3477 3102 3531; x_wconf 69' lang='lat' dir='ltr'><strong>substantiam</strong></span> <span class='ocrx_word' id='word_1_590' title='bbox 3165 3490 3414 3547; x_wconf 82' lang='lat' dir='ltr'><strong>prouecta</strong></span> <span class='ocrx_word' id='word_1_591' title='bbox 3461 3486 3558 3542; x_wconf 84' lang='lat' dir='ltr'><strong>est,</strong></span> 
     </span>
    </p>
   </div>
   <div class='ocr_carea' id='block_1_81' title="bbox 1978 3568 3563 3642">
    <p class='ocr_par' dir='ltr' id='par_1_81' title="bbox 1978 3568 3563 3642">
     <span class='ocr_line' id='line_1_81' title="bbox 1978 3568 3563 3642; baseline 0.001 -19"><span class='ocrx_word' id='word_1_592' title='bbox 1978 3568 2159 3623; x_wconf 77' lang='lat' dir='ltr'><strong>habitu</strong></span> <span class='ocrx_word' id='word_1_593' title='bbox 2179 3569 2340 3622; x_wconf 87' lang='lat' dir='ltr'><strong>etiam</strong></span> <span class='ocrx_word' id='word_1_594' title='bbox 2369 3569 2440 3621; x_wconf 87' lang='lat' dir='ltr'><strong>ad</strong></span> <span class='ocrx_word' id='word_1_595' title='bbox 2467 3568 2732 3636; x_wconf 86' lang='lat' dir='ltr'><strong>Spiritum</strong></span> <span class='ocrx_word' id='word_1_596' title='bbox 2768 3572 3203 3636; x_wconf 80' lang='lat' dir='ltr'><strong>componebatur.</strong></span> <span class='ocrx_word' id='word_1_597' title='bbox 3268 3571 3563 3642; x_wconf 77' lang='lat' dir='ltr'><strong>Insuﬁlavit</strong></span> 
     </span>
    </p>
   </div>
   <div class='ocr_carea' id='block_1_82' title="bbox 1977 3657 3557 3732">
    <p class='ocr_par' dir='ltr' id='par_1_82' title="bbox 1977 3657 3557 3732">
     <span class='ocr_line' id='line_1_82' title="bbox 1977 3657 3557 3732; baseline 0.001 -16"><span class='ocrx_word' id='word_1_598' title='bbox 1977 3663 2116 3717; x_wconf 85' lang='lat' dir='ltr'><strong>enim</strong></span> <span class='ocrx_word' id='word_1_599' title='bbox 2147 3662 2202 3715; x_wconf 85' lang='lat' dir='ltr'><strong>in</strong></span> <span class='ocrx_word' id='word_1_600' title='bbox 2233 3662 2420 3732; x_wconf 80' lang='lat' dir='ltr'><strong>faciem</strong></span> <span class='ocrx_word' id='word_1_601' title='bbox 2458 3662 2574 3730; x_wconf 78' lang='lat' dir='ltr'><strong>ejus</strong></span> <span class='ocrx_word' id='word_1_602' title='bbox 2636 3657 2962 3729; x_wconf 76' lang='lat' dir='ltr'><strong>spiraculum</strong></span> <span class='ocrx_word' id='word_1_603' title='bbox 3008 3665 3147 3728; x_wconf 71' lang='lat' dir='ltr'><strong>vim,</strong></span> <span class='ocrx_word' id='word_1_604' title='bbox 3213 3680 3317 3717; x_wconf 89' lang='lat' dir='ltr'><strong>non</strong></span> <span class='ocrx_word' id='word_1_605' title='bbox 3377 3666 3557 3727; x_wconf 82' lang='lat' dir='ltr'><strong>aliter,</strong></span> 
     </span>
    </p>
   </div>
   <div class='ocr_carea' id='block_1_83' title="bbox 1978 3752 3559 3825">
    <p class='ocr_par' dir='ltr' id='par_1_83' title="bbox 1978 3752 3559 3825">
     <span class='ocr_line' id='line_1_83' title="bbox 1978 3752 3559 3825; baseline 0.001 -17"><span class='ocrx_word' id='word_1_606' title='bbox 1978 3764 2035 3808; x_wconf 69' lang='lat' dir='ltr'><strong>ut</strong></span> <span class='ocrx_word' id='word_1_607' title='bbox 2066 3769 2209 3816; x_wconf 79' lang='lat' dir='ltr'><strong>reor,</strong></span> <span class='ocrx_word' id='word_1_608' title='bbox 2241 3754 2466 3807; x_wconf 86' lang='lat' dir='ltr'><strong>animali</strong></span> <span class='ocrx_word' id='word_1_609' title='bbox 2491 3756 2587 3807; x_wconf 80' lang='lat' dir='ltr'><strong>hoc</strong></span> <span class='ocrx_word' id='word_1_610' title='bbox 2616 3752 2781 3807; x_wconf 88' lang='lat' dir='ltr'><strong>lucem</strong></span> <span class='ocrx_word' id='word_1_611' title='bbox 2814 3753 3278 3823; x_wconf 81' lang='lat' dir='ltr'><strong>sanctiﬁcationis,</strong></span> <span class='ocrx_word' id='word_1_612' title='bbox 3316 3757 3559 3825; x_wconf 83' lang='lat' dir='ltr'><strong>proprie-</strong></span> 
     </span>
    </p>
   </div>
   <div class='ocr_carea' id='block_1_84' title="bbox 1980 3845 3559 3915">
    <p class='ocr_par' dir='ltr' id='par_1_84' title="bbox 1980 3845 3559 3915">
     <span class='ocr_line' id='line_1_84' title="bbox 1980 3845 3559 3915; baseline 0 -14"><span class='ocrx_word' id='word_1_613' title='bbox 1980 3848 2205 3915; x_wconf 83' lang='lat' dir='ltr'><strong>tatisque</strong></span> <span class='ocrx_word' id='word_1_614' title='bbox 2239 3847 2309 3899; x_wconf 86' lang='lat' dir='ltr'><strong>ad</strong></span> <span class='ocrx_word' id='word_1_615' title='bbox 2346 3845 2510 3900; x_wconf 75' lang='lat' dir='ltr'><strong>Deum</strong></span> <span class='ocrx_word' id='word_1_616' title='bbox 2538 3846 2806 3909; x_wconf 72' lang='lat' dir='ltr'><strong>habituro,</strong></span> <span class='ocrx_word' id='word_1_617' title='bbox 2844 3846 2944 3899; x_wconf 86' lang='lat' dir='ltr'><strong>nisi</strong></span> <span class='ocrx_word' id='word_1_618' title='bbox 2972 3847 3381 3913; x_wconf 77' lang='lat' dir='ltr'><strong>participatione</strong></span> <span class='ocrx_word' id='word_1_619' title='bbox 3442 3846 3559 3915; x_wconf 82' lang='lat' dir='ltr'><strong>Spi-</strong></span> 
     </span>
    </p>
   </div>
   <div class='ocr_carea' id='block_1_85' title="bbox 1980 3937 3561 4012">
    <p class='ocr_par' dir='ltr' id='par_1_85' title="bbox 1980 3937 3561 4012">
     <span class='ocr_line' id='line_1_85' title="bbox 1980 3937 3561 4012; baseline 0.001 -19"><span class='ocrx_word' id='word_1_620' title='bbox 1980 3941 2113 3993; x_wconf 87' lang='lat' dir='ltr'><strong>ritus</strong></span> <span class='ocrx_word' id='word_1_621' title='bbox 2134 3940 2304 3994; x_wconf 84' lang='lat' dir='ltr'><strong>sancti</strong></span> <span class='ocrx_word' id='word_1_622' title='bbox 2329 3940 2509 4008; x_wconf 80' lang='lat' dir='ltr'><strong>{uisset</strong></span> <span class='ocrx_word' id='word_1_623' title='bbox 2536 3948 2777 3995; x_wconf 73' lang='lat' dir='ltr'><strong>ornatus.</strong></span> <span class='ocrx_word' id='word_1_624' title='bbox 2826 3937 3015 4008; x_wconf 75' lang='lat' dir='ltr'><strong>Itaque</strong></span> <span class='ocrx_word' id='word_1_625' title='bbox 3043 3950 3092 3993; x_wconf 90' lang='lat' dir='ltr'><strong>et</strong></span> <span class='ocrx_word' id='word_1_626' title='bbox 3116 3941 3332 4011; x_wconf 88' lang='lat' dir='ltr'><strong>quando</strong></span> <span class='ocrx_word' id='word_1_627' title='bbox 3378 3943 3561 4012; x_wconf 80' lang='lat' dir='ltr'><strong>unige-</strong></span> 
     </span>
    </p>
   </div>
   <div class='ocr_carea' id='block_1_86' title="bbox 1980 4029 3559 4096">
    <p class='ocr_par' dir='ltr' id='par_1_86' title="bbox 1980 4029 3559 4096">
     <span class='ocr_line' id='line_1_86' title="bbox 1980 4029 3559 4096; baseline 0 -13"><span class='ocrx_word' id='word_1_628' title='bbox 1980 4031 2123 4085; x_wconf 79' lang='lat' dir='ltr'><strong>nittts</strong></span> <span class='ocrx_word' id='word_1_629' title='bbox 2178 4032 2348 4088; x_wconf 75' lang='lat' dir='ltr'><strong>factus</strong></span> <span class='ocrx_word' id='word_1_630' title='bbox 2400 4040 2480 4083; x_wconf 85' lang='lat' dir='ltr'><strong>est</strong></span> <span class='ocrx_word' id='word_1_631' title='bbox 2544 4029 2721 4096; x_wconf 76' lang='lat' dir='ltr'><strong>homo,</strong></span> <span class='ocrx_word' id='word_1_632' title='bbox 2774 4029 3087 4092; x_wconf 79' lang='lat' dir='ltr'><strong>desertam,</strong></span> <span class='ocrx_word' id='word_1_633' title='bbox 3134 4047 3199 4083; x_wconf 92' lang='lat' dir='ltr'><strong>ac</strong></span> <span class='ocrx_word' id='word_1_634' title='bbox 3248 4032 3559 4085; x_wconf 79' lang='lat' dir='ltr'><strong>destitutam</strong></span> 
     </span>
    </p>
   </div>
   <div class='ocr_carea' id='block_1_87' title="bbox 1980 4124 3555 4195">
    <p class='ocr_par' dir='ltr' id='par_1_87' title="bbox 1980 4124 3555 4195">
     <span class='ocr_line' id='line_1_87' title="bbox 1980 4124 3555 4195; baseline 0.002 -17"><span class='ocrx_word' id='word_1_635' title='bbox 1980 4126 2200 4193; x_wconf 81' lang='lat' dir='ltr'><strong>antiquo</strong></span> <span class='ocrx_word' id='word_1_636' title='bbox 2252 4124 2407 4187; x_wconf 85' lang='lat' dir='ltr'><strong>bona,</strong></span> <span class='ocrx_word' id='word_1_637' title='bbox 2435 4134 2485 4177; x_wconf 84' lang='lat' dir='ltr'><strong>et</strong></span> <span class='ocrx_word' id='word_1_638' title='bbox 2537 4124 2676 4195; x_wconf 82' lang='lat' dir='ltr'><strong>quod</strong></span> <span class='ocrx_word' id='word_1_639' title='bbox 2706 4140 2740 4178; x_wconf 90' lang='lat' dir='ltr'><strong>a</strong></span> <span class='ocrx_word' id='word_1_640' title='bbox 2778 4124 3039 4193; x_wconf 87' lang='lat' dir='ltr'><strong>principio</strong></span> <span class='ocrx_word' id='word_1_641' title='bbox 3086 4134 3378 4193; x_wconf 78' lang='lat' dir='ltr'><strong>acceperat,</strong></span> <span class='ocrx_word' id='word_1_642' title='bbox 3409 4126 3555 4180; x_wconf 81' lang='lat' dir='ltr'><strong>inue-</strong></span> 
     </span>
    </p>
   </div>
   <div class='ocr_carea' id='block_1_88' title="bbox 1979 4216 3561 4288">
    <p class='ocr_par' dir='ltr' id='par_1_88' title="bbox 1979 4216 3561 4288">
     <span class='ocr_line' id='line_1_88' title="bbox 1979 4216 3561 4288; baseline 0.003 -19"><span class='ocrx_word' id='word_1_643' title='bbox 1979 4216 2130 4269; x_wconf 74' lang='lat' dir='ltr'><strong>aiens</strong></span> <span class='ocrx_word' id='word_1_644' title='bbox 2159 4226 2409 4271; x_wconf 85' lang='lat' dir='ltr'><strong>naturam</strong></span> <span class='ocrx_word' id='word_1_645' title='bbox 2436 4218 2688 4279; x_wconf 82' lang='lat' dir='ltr'><strong>hominis,</strong></span> <span class='ocrx_word' id='word_1_646' title='bbox 2716 4233 2830 4272; x_wconf 82' lang='lat' dir='ltr'><strong>eam</strong></span> <span class='ocrx_word' id='word_1_647' title='bbox 2854 4233 3036 4272; x_wconf 77' lang='lat' dir='ltr'><strong>rursus</strong></span> <span class='ocrx_word' id='word_1_648' title='bbox 3058 4217 3116 4271; x_wconf 85' lang='lat' dir='ltr'><strong>in</strong></span> <span class='ocrx_word' id='word_1_649' title='bbox 3134 4218 3268 4271; x_wconf 82' lang='lat' dir='ltr'><strong>illud</strong></span> <span class='ocrx_word' id='word_1_650' title='bbox 3292 4220 3561 4288; x_wconf 76' lang='lat' dir='ltr'><strong>transfor-</strong></span> 
     </span>
    </p>
   </div>
   <div class='ocr_carea' id='block_1_89' title="bbox 1981 4310 3564 4379">
    <p class='ocr_par' dir='ltr' id='par_1_89' title="bbox 1981 4310 3564 4379">
     <span class='ocr_line' id='line_1_89' title="bbox 1981 4310 3564 4379; baseline 0.004 -20"><span class='ocrx_word' id='word_1_651' title='bbox 1981 4323 2127 4362; x_wconf 80' lang='lat' dir='ltr'><strong>mare</strong></span> <span class='ocrx_word' id='word_1_652' title='bbox 2149 4311 2374 4374; x_wconf 79' lang='lat' dir='ltr'><strong>curauit,</strong></span> <span class='ocrx_word' id='word_1_653' title='bbox 2402 4310 2565 4365; x_wconf 78' lang='lat' dir='ltr'><strong>veluti</strong></span> <span class='ocrx_word' id='word_1_654' title='bbox 2594 4326 2626 4363; x_wconf 90' lang='lat' dir='ltr'><strong>a</strong></span> <span class='ocrx_word' id='word_1_655' title='bbox 2652 4310 2816 4379; x_wconf 82' lang='lat' dir='ltr'><strong>fonte,</strong></span> <span class='ocrx_word' id='word_1_656' title='bbox 2856 4310 3071 4377; x_wconf 84' lang='lat' dir='ltr'><strong>propria</strong></span> <span class='ocrx_word' id='word_1_657' title='bbox 3096 4310 3299 4364; x_wconf 78' lang='lat' dir='ltr'><strong>scilicet</strong></span> <span class='ocrx_word' id='word_1_658' title='bbox 3334 4310 3564 4377; x_wconf 81' lang='lat' dir='ltr'><strong>plenitu-</strong></span> 
     </span>
    </p>
   </div>
   <div class='ocr_carea' id='block_1_90' title="bbox 1981 4398 3573 4468">
    <p class='ocr_par' dir='ltr' id='par_1_90' title="bbox 1981 4398 3573 4468">
     <span class='ocr_line' id='line_1_90' title="bbox 1981 4398 3573 4468; baseline 0.003 -18"><span class='ocrx_word' id='word_1_659' title='bbox 1981 4398 2100 4451; x_wconf 85' lang='lat' dir='ltr'><strong>dine</strong></span> <span class='ocrx_word' id='word_1_660' title='bbox 2123 4398 2273 4453; x_wconf 80' lang='lat' dir='ltr'><strong>illum</strong></span> <span class='ocrx_word' id='word_1_661' title='bbox 2304 4400 2621 4463; x_wconf 78' lang='lat' dir='ltr'><strong>imminens.</strong></span> <span class='ocrx_word' id='word_1_662' title='bbox 2644 4417 2707 4453; x_wconf 87' lang='lat' dir='ltr'><strong>ac</strong></span> <span class='ocrx_word' id='word_1_663' title='bbox 2734 4401 2915 4455; x_wconf 79' lang='lat' dir='ltr'><strong>dicens</strong></span> <span class='ocrx_word' id='word_1_664' title='bbox 2941 4417 2962 4455; x_wconf 88' lang='lat'><strong>:</strong></span> <span class='ocrx_word' id='word_1_665' title='bbox 2998 4418 3019 4453; x_wconf 72' lang='grc' dir='ltr'>ι</span> <span class='ocrx_word' id='word_1_666' title='bbox 3045 4402 3278 4468; x_wconf 71' lang='lat' dir='ltr'><strong>Accipite</strong></span> <span class='ocrx_word' id='word_1_667' title='bbox 3305 4399 3573 4468; x_wconf 78' lang='lat' dir='ltr'><strong>Spiritum</strong></span> 
     </span>
    </p>
   </div>
   <div class='ocr_carea' id='block_1_91' title="bbox 283 4490 3566 4568">
    <p class='ocr_par' dir='ltr' id='par_1_91' title="bbox 283 4490 3566 4568">
     <span class='ocr_line' id='line_1_91' title="bbox 283 4490 3566 4568; baseline 0.001 -26"><span class='ocrx_word' id='word_1_668' title='bbox 283 4491 601 4545; x_wconf 76' lang='lat' dir='ltr'><strong>ostenderit.</strong></span> <span class='ocrx_word' id='word_1_669' title='bbox 680 4490 858 4560; x_wconf 83' lang='lat' dir='ltr'><strong>Atque</strong></span> <span class='ocrx_word' id='word_1_670' title='bbox 922 4509 1071 4548; x_wconf 87' lang='lat' dir='ltr'><strong>nunc</strong></span> <span class='ocrx_word' id='word_1_671' title='bbox 1162 4497 1381 4565; x_wconf 79' lang='lat' dir='ltr'><strong>quidem</strong></span> <span class='ocrx_word' id='word_1_672' title='bbox 1448 4501 1513 4552; x_wconf 72' lang='grc' dir='ltr'>ω</span> <span class='ocrx_word' id='word_1_673' title='bbox 1580 4500 1877 4568; x_wconf 64' lang='lat' dir='ltr'><strong>discipulo.</strong></span> <span class='ocrx_word' id='word_1_674' title='bbox 1909 4500 1953 4554; x_wconf 78' lang='grc' dir='ltr'><strong>ι)</strong></span> <span class='ocrx_word' id='word_1_675' title='bbox 1984 4501 2249 4556; x_wconf 83' lang='lat' dir='ltr'><strong>sanctum,</strong></span> <span class='ocrx_word' id='word_1_676' title='bbox 2286 4511 2304 4543; x_wconf 76' lang='grc' dir='ltr'><strong>ι</strong></span> <span class='ocrx_word' id='word_1_677' title='bbox 2339 4492 3042 4561; x_wconf 70' lang='lat' dir='ltr'><strong>evidentioreinsuﬂiatione</strong></span> <span class='ocrx_word' id='word_1_678' title='bbox 3071 4507 3163 4560; x_wconf 88' lang='lat' dir='ltr'><strong>per</strong></span> <span class='ocrx_word' id='word_1_679' title='bbox 3181 4510 3394 4547; x_wconf 83' lang='lat' dir='ltr'><strong>carnem</strong></span> <span class='ocrx_word' id='word_1_680' title='bbox 3442 4492 3566 4561; x_wconf 80' lang='lat' dir='ltr'><strong>Spi-</strong></span> 
     </span>
    </p>
   </div>
   <div class='ocr_carea' id='block_1_92' title="bbox 282 4579 1878 4652">
    <p class='ocr_par' dir='ltr' id='par_1_92' title="bbox 282 4579 1878 4652">
     <span class='ocr_line' id='line_1_92' title="bbox 282 4579 1878 4652; baseline 0.011 -20"><span class='ocrx_word' id='word_1_681' title='bbox 282 4579 385 4639; x_wconf 89' lang='lat' dir='ltr'><strong>ait.</strong></span> <span class='ocrx_word' id='word_1_682' title='bbox 430 4579 568 4646; x_wconf 81' lang='lat' dir='ltr'><strong>Quia</strong></span> <span class='ocrx_word' id='word_1_683' title='bbox 597 4584 663 4637; x_wconf 86' lang='lat' dir='ltr'><strong>de</strong></span> <span class='ocrx_word' id='word_1_684' title='bbox 728 4600 838 4638; x_wconf 84' lang='lat' dir='ltr'><strong>meo</strong></span> <span class='ocrx_word' id='word_1_685' title='bbox 887 4588 1107 4652; x_wconf 85' lang='lat' dir='ltr'><strong>accipiet</strong></span> <span class='ocrx_word' id='word_1_686' title='bbox 1161 4598 1210 4642; x_wconf 88' lang='lat' dir='ltr'><strong>et</strong></span> <span class='ocrx_word' id='word_1_687' title='bbox 1262 4592 1597 4646; x_wconf 74' lang='lat' dir='ltr'><strong>annuntiabit</strong></span> <span class='ocrx_word' id='word_1_688' title='bbox 1645 4593 1878 4652; x_wconf 73' lang='lat' dir='ltr'><strong>vobis&quot;.</strong></span> 
     </span>
    </p>
   </div>
   <div class='ocr_carea' id='block_1_93' title="bbox 284 4671 1878 4753">
    <p class='ocr_par' dir='ltr' id='par_1_93' title="bbox 284 4671 1878 4753">
     <span class='ocr_line' id='line_1_93' title="bbox 284 4671 1878 4753; baseline 0.012 -28"><span class='ocrx_word' id='word_1_689' title='bbox 284 4671 437 4728; x_wconf 71' lang='lat' dir='ltr'><strong>Nunc</strong></span> <span class='ocrx_word' id='word_1_690' title='bbox 469 4690 598 4729; x_wconf 66' lang='lat' dir='ltr'><strong>vero</strong></span> <span class='ocrx_word' id='word_1_691' title='bbox 625 4676 693 4730; x_wconf 85' lang='lat' dir='ltr'><strong>ad</strong></span> <span class='ocrx_word' id='word_1_692' title='bbox 714 4676 960 4733; x_wconf 79' lang='lat' dir='ltr'><strong>Patrem:</strong></span> <span class='ocrx_word' id='word_1_693' title='bbox 996 4677 1188 4734; x_wconf 84' lang='lat' dir='ltr'><strong>Omnia</strong></span> <span class='ocrx_word' id='word_1_694' title='bbox 1235 4698 1347 4736; x_wconf 84' lang='lat' dir='ltr'><strong>mea</strong></span> <span class='ocrx_word' id='word_1_695' title='bbox 1387 4693 1483 4738; x_wconf 83' lang='lat' dir='ltr'><strong>tua</strong></span> <span class='ocrx_word' id='word_1_696' title='bbox 1524 4695 1667 4753; x_wconf 76' lang='lat' dir='ltr'><strong>sunt,</strong></span> <span class='ocrx_word' id='word_1_697' title='bbox 1704 4698 1754 4742; x_wconf 89' lang='lat' dir='ltr'><strong>et</strong></span> <span class='ocrx_word' id='word_1_698' title='bbox 1781 4700 1878 4744; x_wconf 77' lang='lat' dir='ltr'><strong>tua</strong></span> 
     </span>
    </p>
   </div>
   <div class='ocr_carea' id='block_1_94' title="bbox 285 4767 631 4823">
    <p class='ocr_par' dir='ltr' id='par_1_94' title="bbox 285 4767 631 4823">
     <span class='ocr_line' id='line_1_94' title="bbox 285 4767 631 4823; baseline 0.017 -6"><span class='ocrx_word' id='word_1_699' title='bbox 285 4781 397 4819; x_wconf 68' lang='lat' dir='ltr'><strong>mea</strong></span> <span class='ocrx_word' id='word_1_700' title='bbox 424 4778 548 4821; x_wconf 80' lang='lat' dir='ltr'><strong>sunt</strong></span> <span class='ocrx_word' id='word_1_701' title='bbox 568 4767 631 4823; x_wconf 82' lang='grc'><strong>⁸⁸.</strong></span> 
     </span>
    </p>
   </div>
   <div class='ocr_carea' id='block_1_95' title="bbox 353 4859 1879 4939">
    <p class='ocr_par' dir='ltr' id='par_1_95' title="bbox 353 4859 1879 4939">
     <span class='ocr_line' id='line_1_95' title="bbox 353 4859 1879 4939; baseline 0.01 -26"><span class='ocrx_word' id='word_1_702' title='bbox 353 4859 532 4929; x_wconf 76' lang='lat' dir='ltr'><strong>Atque</strong></span> <span class='ocrx_word' id='word_1_703' title='bbox 562 4876 628 4915; x_wconf 82' lang='lat' dir='ltr'><strong>ex</strong></span> <span class='ocrx_word' id='word_1_704' title='bbox 666 4876 757 4925; x_wconf 89' lang='lat' dir='ltr'><strong>eo,</strong></span> <span class='ocrx_word' id='word_1_705' title='bbox 786 4865 931 4930; x_wconf 82' lang='lat' dir='ltr'><strong>quod</strong></span> <span class='ocrx_word' id='word_1_706' title='bbox 990 4865 1129 4917; x_wconf 88' lang='lat' dir='ltr'><strong>mitti</strong></span> <span class='ocrx_word' id='word_1_707' title='bbox 1159 4868 1382 4933; x_wconf 85' lang='lat' dir='ltr'><strong>quidem</strong></span> <span class='ocrx_word' id='word_1_708' title='bbox 1418 4868 1660 4939; x_wconf 85' lang='lat' dir='ltr'><strong>Spiritus</strong></span> <span class='ocrx_word' id='word_1_709' title='bbox 1693 4888 1722 4925; x_wconf 89' lang='lat' dir='ltr'><strong>a</strong></span> <span class='ocrx_word' id='word_1_710' title='bbox 1776 4873 1879 4927; x_wconf 81' lang='lat' dir='ltr'><strong>Pa-</strong></span> 
     </span>
    </p>
   </div>
   <div class='ocr_carea' id='block_1_96' title="bbox 286 4953 1872 5032">
    <p class='ocr_par' dir='ltr' id='par_1_96' title="bbox 286 4953 1872 5032">
     <span class='ocr_line' id='line_1_96' title="bbox 286 4953 1872 5032; baseline 0.012 -29"><span class='ocrx_word' id='word_1_711' title='bbox 286 4961 368 5006; x_wconf 83' lang='lat' dir='ltr'><strong>tre</strong></span> <span class='ocrx_word' id='word_1_712' title='bbox 395 4963 449 5006; x_wconf 88' lang='lat' dir='ltr'><strong>et</strong></span> <span class='ocrx_word' id='word_1_713' title='bbox 486 4953 705 5018; x_wconf 86' lang='lat' dir='ltr'><strong>donari,</strong></span> <span class='ocrx_word' id='word_1_714' title='bbox 732 4964 786 5008; x_wconf 88' lang='lat' dir='ltr'><strong>et.</strong></span> <span class='ocrx_word' id='word_1_715' title='bbox 821 4958 863 5008; x_wconf 91' lang='lat' dir='ltr'><strong>si</strong></span> <span class='ocrx_word' id='word_1_716' title='bbox 893 4956 1017 5024; x_wconf 87' lang='lat' dir='ltr'><strong>quid</strong></span> <span class='ocrx_word' id='word_1_717' title='bbox 1048 4956 1359 5027; x_wconf 86' lang='lat' dir='ltr'><strong>bujusmodi</strong></span> <span class='ocrx_word' id='word_1_718' title='bbox 1384 4972 1469 5017; x_wconf 85' lang='lat' dir='ltr'><strong>est</strong></span> <span class='ocrx_word' id='word_1_719' title='bbox 1498 5001 1513 5026; x_wconf 89' lang='lat'><strong>,</strong></span> <span class='ocrx_word' id='word_1_720' title='bbox 1550 4964 1688 5019; x_wconf 85' lang='lat' dir='ltr'><strong>mitti</strong></span> <span class='ocrx_word' id='word_1_721' title='bbox 1719 4980 1872 5032; x_wconf 68' lang='lat' dir='ltr'><strong>vero.</strong></span> 
     </span>
    </p>
   </div>
   <div class='ocr_carea' id='block_1_97' title="bbox 281 5044 1869 5120">
    <p class='ocr_par' dir='ltr' id='par_1_97' title="bbox 281 5044 1869 5120">
     <span class='ocr_line' id='line_1_97' title="bbox 281 5044 1869 5120; baseline 0.011 -25"><span class='ocrx_word' id='word_1_722' title='bbox 281 5052 336 5099; x_wconf 85' lang='lat' dir='ltr'><strong>et</strong></span> <span class='ocrx_word' id='word_1_723' title='bbox 367 5045 509 5107; x_wconf 82' lang='lat' dir='ltr'><strong>dari,</strong></span> <span class='ocrx_word' id='word_1_724' title='bbox 553 5054 610 5100; x_wconf 89' lang='lat' dir='ltr'><strong>et</strong></span> <span class='ocrx_word' id='word_1_725' title='bbox 638 5062 666 5099; x_wconf 91' lang='lat' dir='ltr'><strong>a</strong></span> <span class='ocrx_word' id='word_1_726' title='bbox 704 5044 841 5102; x_wconf 86' lang='lat' dir='ltr'><strong>Filio</strong></span> <span class='ocrx_word' id='word_1_727' title='bbox 910 5048 1108 5105; x_wconf 86' lang='lat' dir='ltr'><strong>ibidem</strong></span> <span class='ocrx_word' id='word_1_728' title='bbox 1142 5053 1358 5116; x_wconf 85' lang='lat' dir='ltr'><strong>dicitur.</strong></span> <span class='ocrx_word' id='word_1_729' title='bbox 1409 5071 1583 5120; x_wconf 89' lang='lat' dir='ltr'><strong>neque</strong></span> <span class='ocrx_word' id='word_1_730' title='bbox 1641 5058 1869 5113; x_wconf 85' lang='lat' dir='ltr'><strong>seorsim</strong></span> 
     </span>
    </p>
   </div>
   <div class='ocr_carea' id='block_1_98' title="bbox 284 5133 1865 5213">
    <p class='ocr_par' dir='ltr' id='par_1_98' title="bbox 284 5133 1865 5213">
     <span class='ocr_line' id='line_1_98' title="bbox 284 5133 1865 5213; baseline 0.011 -25"><span class='ocrx_word' id='word_1_731' title='bbox 284 5134 449 5190; x_wconf 84' lang='lat' dir='ltr'><strong>mittit</strong></span> <span class='ocrx_word' id='word_1_732' title='bbox 485 5133 650 5191; x_wconf 84' lang='lat' dir='ltr'><strong>Pater</strong></span> <span class='ocrx_word' id='word_1_733' title='bbox 676 5138 939 5207; x_wconf 85' lang='lat' dir='ltr'><strong>Spiritum</strong></span> <span class='ocrx_word' id='word_1_734' title='bbox 970 5155 1241 5211; x_wconf 89' lang='lat' dir='ltr'><strong>sanctum,</strong></span> <span class='ocrx_word' id='word_1_735' title='bbox 1282 5161 1346 5199; x_wconf 85' lang='lat' dir='ltr'><strong>ac</strong></span> <span class='ocrx_word' id='word_1_736' title='bbox 1386 5149 1614 5203; x_wconf 86' lang='lat' dir='ltr'><strong>seorsim</strong></span> <span class='ocrx_word' id='word_1_737' title='bbox 1656 5147 1865 5213; x_wconf 85' lang='lat' dir='ltr'><strong>Filius;</strong></span> 
     </span>
    </p>
   </div>
   <div class='ocr_carea' id='block_1_99' title="bbox 281 5227 1865 5310">
    <p class='ocr_par' dir='ltr' id='par_1_99' title="bbox 281 5227 1865 5310">
     <span class='ocr_line' id='line_1_99' title="bbox 281 5227 1865 5310; baseline 0.007 -31"><span class='ocrx_word' id='word_1_738' title='bbox 281 5227 379 5280; x_wconf 74' lang='lat' dir='ltr'><strong>sed</strong></span> <span class='ocrx_word' id='word_1_739' title='bbox 406 5242 470 5281; x_wconf 75' lang='lat' dir='ltr'><strong>es</strong></span> <span class='ocrx_word' id='word_1_740' title='bbox 502 5244 567 5284; x_wconf 86' lang='lat' dir='ltr'><strong>eo</strong></span> <span class='ocrx_word' id='word_1_741' title='bbox 591 5232 735 5299; x_wconf 80' lang='lat' dir='ltr'><strong>quod</strong></span> <span class='ocrx_word' id='word_1_742' title='bbox 765 5248 791 5285; x_wconf 86' lang='lat' dir='ltr'><strong>a</strong></span> <span class='ocrx_word' id='word_1_743' title='bbox 827 5233 988 5289; x_wconf 86' lang='lat' dir='ltr'><strong>Patre</strong></span> <span class='ocrx_word' id='word_1_744' title='bbox 1031 5251 1124 5304; x_wconf 90' lang='lat' dir='ltr'><strong>per</strong></span> <span class='ocrx_word' id='word_1_745' title='bbox 1146 5237 1343 5292; x_wconf 88' lang='lat' dir='ltr'><strong>Filium</strong></span> <span class='ocrx_word' id='word_1_746' title='bbox 1380 5249 1542 5310; x_wconf 79' lang='lat' dir='ltr'><strong>atque</strong></span> <span class='ocrx_word' id='word_1_747' title='bbox 1574 5255 1639 5295; x_wconf 78' lang='lat' dir='ltr'><strong>ex</strong></span> <span class='ocrx_word' id='word_1_748' title='bbox 1680 5240 1865 5306; x_wconf 66' lang='lat' dir='ltr'><strong>Patre,</strong></span> 
     </span>
    </p>
   </div>
   <div class='ocr_carea' id='block_1_100' title="bbox 279 5318 1873 5400">
    <p class='ocr_par' dir='ltr' id='par_1_100' title="bbox 279 5318 1873 5400">
     <span class='ocr_line' id='line_1_100' title="bbox 279 5318 1873 5400; baseline 0.011 -27"><span class='ocrx_word' id='word_1_749' title='bbox 279 5331 337 5373; x_wconf 87' lang='lat' dir='ltr'><strong>et</strong></span> <span class='ocrx_word' id='word_1_750' title='bbox 369 5318 505 5374; x_wconf 78' lang='lat' dir='ltr'><strong>Filio</strong></span> <span class='ocrx_word' id='word_1_751' title='bbox 528 5337 635 5376; x_wconf 80' lang='lat' dir='ltr'><strong>una</strong></span> <span class='ocrx_word' id='word_1_752' title='bbox 673 5324 918 5391; x_wconf 90' lang='lat' dir='ltr'><strong>datione,</strong></span> <span class='ocrx_word' id='word_1_753' title='bbox 948 5344 1052 5383; x_wconf 87' lang='lat' dir='ltr'><strong>una</strong></span> <span class='ocrx_word' id='word_1_754' title='bbox 1089 5330 1375 5400; x_wconf 75' lang='lat' dir='ltr'><strong>largitione</strong></span> <span class='ocrx_word' id='word_1_755' title='bbox 1397 5374 1411 5397; x_wconf 96' lang='lat'><strong>,</strong></span> <span class='ocrx_word' id='word_1_756' title='bbox 1444 5349 1550 5387; x_wconf 83' lang='lat' dir='ltr'><strong>una</strong></span> <span class='ocrx_word' id='word_1_757' title='bbox 1608 5335 1873 5390; x_wconf 83' lang='lat' dir='ltr'><strong>missione</strong></span> 
     </span>
    </p>
   </div>
   <div class='ocr_carea' id='block_1_101' title="bbox 279 5412 1866 5490">
    <p class='ocr_par' dir='ltr' id='par_1_101' title="bbox 279 5412 1866 5490">
     <span class='ocr_line' id='line_1_101' title="bbox 279 5412 1866 5490; baseline 0.011 -27"><span class='ocrx_word' id='word_1_758' title='bbox 279 5412 462 5476; x_wconf 76' lang='lat' dir='ltr'><strong>datur,</strong></span> <span class='ocrx_word' id='word_1_759' title='bbox 526 5425 579 5469; x_wconf 86' lang='lat' dir='ltr'><strong>et</strong></span> <span class='ocrx_word' id='word_1_760' title='bbox 641 5418 915 5475; x_wconf 87' lang='lat' dir='ltr'><strong>mittitur:</strong></span> <span class='ocrx_word' id='word_1_761' title='bbox 979 5425 1437 5490; x_wconf 82' lang='lat' dir='ltr'><strong>quemadmodum</strong></span> <span class='ocrx_word' id='word_1_762' title='bbox 1497 5428 1710 5481; x_wconf 86' lang='lat' dir='ltr'><strong>scilicet</strong></span> <span class='ocrx_word' id='word_1_763' title='bbox 1761 5443 1866 5481; x_wconf 87' lang='lat' dir='ltr'><strong>una</strong></span> 
     </span>
    </p>
   </div>
   <div class='ocr_carea' id='block_1_102' title="bbox 279 5505 1866 5589">
    <p class='ocr_par' dir='ltr' id='par_1_102' title="bbox 279 5505 1866 5589">
     <span class='ocr_line' id='line_1_102' title="bbox 279 5505 1866 5589; baseline 0.011 -32"><span class='ocrx_word' id='word_1_764' title='bbox 279 5505 630 5571; x_wconf 68' lang='lat' dir='ltr'><strong>processisse</strong></span> <span class='ocrx_word' id='word_1_765' title='bbox 661 5524 726 5561; x_wconf 75' lang='lat' dir='ltr'><strong>ex</strong></span> <span class='ocrx_word' id='word_1_766' title='bbox 752 5510 919 5564; x_wconf 84' lang='lat' dir='ltr'><strong>Patre</strong></span> <span class='ocrx_word' id='word_1_767' title='bbox 974 5529 1071 5582; x_wconf 88' lang='lat' dir='ltr'><strong>per</strong></span> <span class='ocrx_word' id='word_1_768' title='bbox 1142 5514 1337 5570; x_wconf 83' lang='lat' dir='ltr'><strong>Filium</strong></span> <span class='ocrx_word' id='word_1_769' title='bbox 1391 5519 1657 5586; x_wconf 88' lang='lat' dir='ltr'><strong>procedit,</strong></span> <span class='ocrx_word' id='word_1_770' title='bbox 1705 5528 1866 5589; x_wconf 78' lang='lat' dir='ltr'><strong>atque</strong></span> 
     </span>
    </p>
   </div>
   <div class='ocr_carea' id='block_1_103' title="bbox 278 5595 1864 5676">
    <p class='ocr_par' dir='ltr' id='par_1_103' title="bbox 278 5595 1864 5676">
     <span class='ocr_line' id='line_1_103' title="bbox 278 5595 1864 5676; baseline 0.009 -30"><span class='ocrx_word' id='word_1_771' title='bbox 278 5608 345 5646; x_wconf 76' lang='lat' dir='ltr'><strong>ex</strong></span> <span class='ocrx_word' id='word_1_772' title='bbox 382 5608 467 5657; x_wconf 82' lang='lat' dir='ltr'><strong>eo,</strong></span> <span class='ocrx_word' id='word_1_773' title='bbox 522 5598 670 5665; x_wconf 88' lang='lat' dir='ltr'><strong>quod</strong></span> <span class='ocrx_word' id='word_1_774' title='bbox 702 5595 871 5656; x_wconf 82' lang='lat' dir='ltr'><strong>Filius</strong></span> <span class='ocrx_word' id='word_1_775' title='bbox 927 5617 1157 5660; x_wconf 88' lang='lat' dir='ltr'><strong>consors</strong></span> <span class='ocrx_word' id='word_1_776' title='bbox 1216 5608 1288 5661; x_wconf 90' lang='lat' dir='ltr'><strong>sit</strong></span> <span class='ocrx_word' id='word_1_777' title='bbox 1341 5618 1689 5676; x_wconf 89' lang='lat' dir='ltr'><strong>paternorum</strong></span> <span class='ocrx_word' id='word_1_778' title='bbox 1748 5624 1864 5663; x_wconf 86' lang='lat' dir='ltr'><strong>om-</strong></span> 
     </span>
    </p>
   </div>
   <div class='ocr_carea' id='block_1_104' title="bbox 392 5712 1424 5788">
    <p class='ocr_par' dir='ltr' id='par_1_104' title="bbox 392 5712 1424 5788">
     <span class='ocr_line' id='line_1_104' title="bbox 392 5712 1424 5788; baseline -0.007 -2"><span class='ocrx_word' id='word_1_779' title='bbox 392 5715 434 5788; x_wconf 69' lang='grc'><strong>’,⁸</strong></span> <span class='ocrx_word' id='word_1_780' title='bbox 462 5712 625 5771; x_wconf 66' lang='grc' dir='ltr'><strong>ηεδτ·</strong></span> <span class='ocrx_word' id='word_1_781' title='bbox 662 5730 735 5783; x_wconf 68' lang='grc'><strong>⁸³,</strong></span> <span class='ocrx_word' id='word_1_782' title='bbox 769 5719 821 5773; x_wconf 81' lang='grc'><strong>6-</strong></span> <span class='ocrx_word' id='word_1_783' title='bbox 936 5721 979 5753; x_wconf 86' lang='lat'><strong>&quot;</strong></span> <span class='ocrx_word' id='word_1_784' title='bbox 1009 5722 1185 5779; x_wconf 80' lang='lat' dir='ltr'><strong>Galat.</strong></span> <span class='ocrx_word' id='word_1_785' title='bbox 1223 5741 1301 5788; x_wconf 86' lang='lat' dir='ltr'><strong>tu,</strong></span> <span class='ocrx_word' id='word_1_786' title='bbox 1335 5726 1424 5779; x_wconf 75' lang='lat'><strong>28.</strong></span> 
     </span>
    </p>
   </div>
   <div class='ocr_carea' id='block_1_105' title="bbox 282 5785 482 5851">
    <p class='ocr_par' dir='ltr' id='par_1_105' title="bbox 282 5785 482 5851">
     <span class='ocr_line' id='line_1_105' title="bbox 282 5785 482 5851; baseline 0.025 -16"><span class='ocrx_word' id='word_1_787' title='bbox 282 5785 482 5851; x_wconf 61' lang='lat'><strong>13,2].</strong></span> 
     </span>
    </p>
   </div>
   <div class='ocr_carea' id='block_1_106' title="bbox 1537 5725 2008 5791">
    <p class='ocr_par' dir='ltr' id='par_1_106' title="bbox 1537 5725 2008 5791">
     <span class='ocr_line' id='line_1_106' title="bbox 1537 5725 2008 5791; baseline 0 -10"><span class='ocrx_word' id='word_1_788' title='bbox 1537 5728 1581 5757; x_wconf 86' lang='lat'><strong>&#39;°</strong></span> <span class='ocrx_word' id='word_1_789' title='bbox 1610 5727 1765 5782; x_wconf 80' lang='lat' dir='ltr'><strong>Joan.</strong></span> <span class='ocrx_word' id='word_1_790' title='bbox 1802 5744 1884 5791; x_wconf 71' lang='lat' dir='ltr'><strong>xv,</strong></span> <span class='ocrx_word' id='word_1_791' title='bbox 1916 5725 2008 5781; x_wconf 69' lang='lat'><strong>26.</strong></span> 
     </span>
    </p>
   </div>
   <div class='ocr_carea' id='block_1_107' title="bbox 1988 4584 2892 4655">
    <p class='ocr_par' dir='ltr' id='par_1_107' title="bbox 1988 4584 2892 4655">
     <span class='ocr_line' id='line_1_107' title="bbox 1988 4584 2892 4655; baseline 0.003 -19"><span class='ocrx_word' id='word_1_792' title='bbox 1988 4584 2117 4637; x_wconf 82' lang='lat' dir='ltr'><strong>ritus</strong></span> <span class='ocrx_word' id='word_1_793' title='bbox 2150 4596 2393 4636; x_wconf 80' lang='lat' dir='ltr'><strong>naturam</strong></span> <span class='ocrx_word' id='word_1_794' title='bbox 2413 4584 2605 4651; x_wconf 86' lang='lat' dir='ltr'><strong>optime</strong></span> <span class='ocrx_word' id='word_1_795' title='bbox 2650 4584 2892 4655; x_wconf 85' lang='lat' dir='ltr'><strong>signans.</strong></span> 
     </span>
    </p>
   </div>
   <div class='ocr_carea' id='block_1_108' title="bbox 2056 4676 3561 4746">
    <p class='ocr_par' dir='ltr' id='par_1_108' title="bbox 2056 4676 3561 4746">
     <span class='ocr_line' id='line_1_108' title="bbox 2056 4676 3561 4746; baseline 0.001 -16"><span class='ocrx_word' id='word_1_796' title='bbox 2056 4676 2260 4730; x_wconf 68' lang='lat' dir='ltr'><strong>Praeter</strong></span> <span class='ocrx_word' id='word_1_797' title='bbox 2293 4676 2396 4729; x_wconf 85' lang='lat' dir='ltr'><strong>ista</strong></span> <span class='ocrx_word' id='word_1_798' title='bbox 2429 4691 2575 4741; x_wconf 76' lang='lat' dir='ltr'><strong>vero,</strong></span> <span class='ocrx_word' id='word_1_799' title='bbox 2607 4692 2730 4746; x_wconf 74' lang='lat' dir='ltr'><strong>qua:</strong></span> <span class='ocrx_word' id='word_1_800' title='bbox 2752 4694 2779 4728; x_wconf 90' lang='lat' dir='ltr'><strong>a</strong></span> <span class='ocrx_word' id='word_1_801' title='bbox 2813 4676 3017 4733; x_wconf 83' lang='lat' dir='ltr'><strong>sanctis</strong></span> <span class='ocrx_word' id='word_1_802' title='bbox 3046 4677 3175 4733; x_wconf 80' lang='lat' dir='ltr'><strong>viris</strong></span> <span class='ocrx_word' id='word_1_803' title='bbox 3210 4678 3357 4734; x_wconf 81' lang='lat' dir='ltr'><strong>dicta</strong></span> <span class='ocrx_word' id='word_1_804' title='bbox 3413 4689 3561 4743; x_wconf 82' lang='lat' dir='ltr'><strong>sunt,</strong></span> 
     </span>
    </p>
   </div>
   <div class='ocr_carea' id='block_1_109' title="bbox 1984 4768 3564 4843">
    <p class='ocr_par' dir='ltr' id='par_1_109' title="bbox 1984 4768 3564 4843">
     <span class='ocr_line' id='line_1_109' title="bbox 1984 4768 3564 4843; baseline 0.005 -22"><span class='ocrx_word' id='word_1_805' title='bbox 1984 4768 2179 4838; x_wconf 86' lang='lat' dir='ltr'><strong>quibus</strong></span> <span class='ocrx_word' id='word_1_806' title='bbox 2237 4778 2423 4835; x_wconf 87' lang='lat' dir='ltr'><strong>aperte</strong></span> <span class='ocrx_word' id='word_1_807' title='bbox 2486 4770 2778 4832; x_wconf 84' lang='lat' dir='ltr'><strong>indicatur,</strong></span> <span class='ocrx_word' id='word_1_808' title='bbox 2841 4770 3103 4839; x_wconf 84' lang='lat' dir='ltr'><strong>Spiritum</strong></span> <span class='ocrx_word' id='word_1_809' title='bbox 3168 4781 3417 4828; x_wconf 81' lang='lat' dir='ltr'><strong>sanetum</strong></span> <span class='ocrx_word' id='word_1_810' title='bbox 3466 4790 3564 4843; x_wconf 83' lang='lat' dir='ltr'><strong>per</strong></span> 
     </span>
    </p>
   </div>
   <div class='ocr_carea' id='block_1_110' title="bbox 1988 4860 3561 4936">
    <p class='ocr_par' dir='ltr' id='par_1_110' title="bbox 1988 4860 3561 4936">
     <span class='ocr_line' id='line_1_110' title="bbox 1988 4860 3561 4936; baseline 0.003 -21"><span class='ocrx_word' id='word_1_811' title='bbox 1988 4860 2409 4917; x_wconf 78' lang='lat' dir='ltr'><strong>tusuﬂiationem</strong></span> <span class='ocrx_word' id='word_1_812' title='bbox 2494 4860 2777 4931; x_wconf 85' lang='lat' dir='ltr'><strong>discipulis</strong></span> <span class='ocrx_word' id='word_1_813' title='bbox 2860 4864 3088 4918; x_wconf 83' lang='lat' dir='ltr'><strong>datum:</strong></span> <span class='ocrx_word' id='word_1_814' title='bbox 3126 4867 3561 4936; x_wconf 74' lang='lat' dir='ltr'><strong>quandoquidem</strong></span> 
     </span>
    </p>
   </div>
   <div class='ocr_carea' id='block_1_111' title="bbox 1987 4952 3561 5027">
    <p class='ocr_par' dir='ltr' id='par_1_111' title="bbox 1987 4952 3561 5027">
     <span class='ocr_line' id='line_1_111' title="bbox 1987 4952 3561 5027; baseline 0.003 -19"><span class='ocrx_word' id='word_1_815' title='bbox 1987 4956 2075 5009; x_wconf 87' lang='lat' dir='ltr'><strong>hic</strong></span> <span class='ocrx_word' id='word_1_816' title='bbox 2100 4969 2328 5021; x_wconf 81' lang='lat' dir='ltr'><strong>magnus</strong></span> <span class='ocrx_word' id='word_1_817' title='bbox 2384 4952 2611 5007; x_wconf 80' lang='lat' dir='ltr'><strong>Basilius</strong></span> <span class='ocrx_word' id='word_1_818' title='bbox 2670 4952 2931 5022; x_wconf 89' lang='lat' dir='ltr'><strong>Spiritum</strong></span> <span class='ocrx_word' id='word_1_819' title='bbox 2985 4954 3169 5012; x_wconf 71' lang='lat' dir='ltr'><strong>Veriio</strong></span> <span class='ocrx_word' id='word_1_820' title='bbox 3209 4958 3561 5027; x_wconf 80' lang='lat' dir='ltr'><strong>conjunctum</strong></span> 
     </span>
    </p>
   </div>
   <div class='ocr_carea' id='block_1_112' title="bbox 1983 5048 3562 5117">
    <p class='ocr_par' dir='ltr' id='par_1_112' title="bbox 1983 5048 3562 5117">
     <span class='ocr_line' id='line_1_112' title="bbox 1983 5048 3562 5117; baseline 0.004 -16"><span class='ocrx_word' id='word_1_821' title='bbox 1983 5049 2047 5102; x_wconf 86' lang='lat' dir='ltr'><strong>ad</strong></span> <span class='ocrx_word' id='word_1_822' title='bbox 2077 5048 2399 5113; x_wconf 86' lang='lat' dir='ltr'><strong>creandum,</strong></span> <span class='ocrx_word' id='word_1_823' title='bbox 2430 5062 2588 5117; x_wconf 87' lang='lat' dir='ltr'><strong>quem</strong></span> <span class='ocrx_word' id='word_1_824' title='bbox 2615 5057 2671 5102; x_wconf 89' lang='lat' dir='ltr'><strong>et</strong></span> <span class='ocrx_word' id='word_1_825' title='bbox 2708 5048 2880 5101; x_wconf 82' lang='lat' dir='ltr'><strong>vivam</strong></span> <span class='ocrx_word' id='word_1_826' title='bbox 2938 5050 3216 5113; x_wconf 88' lang='lat' dir='ltr'><strong>virtutem,</strong></span> <span class='ocrx_word' id='word_1_827' title='bbox 3241 5060 3297 5105; x_wconf 91' lang='lat' dir='ltr'><strong>et</strong></span> <span class='ocrx_word' id='word_1_828' title='bbox 3322 5051 3562 5107; x_wconf 81' lang='lat' dir='ltr'><strong>divinam</strong></span> 
     </span>
    </p>
   </div>
   <div class='ocr_carea' id='block_1_113' title="bbox 1980 5138 3564 5211">
    <p class='ocr_par' dir='ltr' id='par_1_113' title="bbox 1980 5138 3564 5211">
     <span class='ocr_line' id='line_1_113' title="bbox 1980 5138 3564 5211; baseline 0.003 -14"><span class='ocrx_word' id='word_1_829' title='bbox 1980 5141 2119 5197; x_wconf 76' lang='lat' dir='ltr'><strong>dixit</strong></span> <span class='ocrx_word' id='word_1_830' title='bbox 2156 5150 2406 5197; x_wconf 79' lang='lat' dir='ltr'><strong>naturam</strong></span> <span class='ocrx_word' id='word_1_831' title='bbox 2435 5156 2464 5195; x_wconf 85' lang='lat' dir='ltr'><strong>a</strong></span> <span class='ocrx_word' id='word_1_832' title='bbox 2490 5138 2710 5195; x_wconf 82' lang='lat' dir='ltr'><strong>Christo</strong></span> <span class='ocrx_word' id='word_1_833' title='bbox 2740 5157 2837 5211; x_wconf 88' lang='lat' dir='ltr'><strong>per</strong></span> <span class='ocrx_word' id='word_1_834' title='bbox 2881 5143 3301 5197; x_wconf 72' lang='lat' dir='ltr'><strong>insuiihtionem</strong></span> <span class='ocrx_word' id='word_1_835' title='bbox 3356 5144 3564 5201; x_wconf 84' lang='lat' dir='ltr'><strong>liomini</strong></span> 
     </span>
    </p>
   </div>
   <div class='ocr_carea' id='block_1_114' title="bbox 1979 5233 3563 5304">
    <p class='ocr_par' dir='ltr' id='par_1_114' title="bbox 1979 5233 3563 5304">
     <span class='ocr_line' id='line_1_114' title="bbox 1979 5233 3563 5304; baseline 0 -16"><span class='ocrx_word' id='word_1_836' title='bbox 1979 5233 2150 5288; x_wconf 84' lang='lat' dir='ltr'><strong>fuisse</strong></span> <span class='ocrx_word' id='word_1_837' title='bbox 2175 5233 2513 5295; x_wconf 81' lang='lat' dir='ltr'><strong>restitutam;</strong></span> <span class='ocrx_word' id='word_1_838' title='bbox 2555 5247 2725 5301; x_wconf 88' lang='lat' dir='ltr'><strong>quam</strong></span> <span class='ocrx_word' id='word_1_839' title='bbox 2746 5233 2909 5286; x_wconf 85' lang='lat' dir='ltr'><strong>etiam</strong></span> <span class='ocrx_word' id='word_1_840' title='bbox 2945 5247 3266 5301; x_wconf 86' lang='lat' dir='ltr'><strong>corpoream</strong></span> <span class='ocrx_word' id='word_1_841' title='bbox 3320 5233 3563 5304; x_wconf 85' lang='lat' dir='ltr'><strong>appella-</strong></span> 
     </span>
    </p>
   </div>
   <div class='ocr_carea' id='block_1_115' title="bbox 1977 5322 3563 5391">
    <p class='ocr_par' dir='ltr' id='par_1_115' title="bbox 1977 5322 3563 5391">
     <span class='ocr_line' id='line_1_115' title="bbox 1977 5322 3563 5391; baseline 0.003 -12"><span class='ocrx_word' id='word_1_842' title='bbox 1977 5327 2053 5380; x_wconf 78' lang='lat' dir='ltr'><strong>vit</strong></span> <span class='ocrx_word' id='word_1_843' title='bbox 2092 5322 2324 5379; x_wconf 82' lang='lat' dir='ltr'><strong>lormam</strong></span> <span class='ocrx_word' id='word_1_844' title='bbox 2381 5322 2450 5378; x_wconf 87' lang='lat' dir='ltr'><strong>ab</strong></span> <span class='ocrx_word' id='word_1_845' title='bbox 2525 5324 2643 5391; x_wconf 88' lang='lat' dir='ltr'><strong>ipso</strong></span> <span class='ocrx_word' id='word_1_846' title='bbox 2686 5323 3151 5390; x_wconf 83' lang='lat' dir='ltr'><strong>demonstratam;</strong></span> <span class='ocrx_word' id='word_1_847' title='bbox 3216 5328 3563 5383; x_wconf 86' lang='lat' dir='ltr'><strong>manifestum</strong></span> 
     </span>
    </p>
   </div>
   <div class='ocr_carea' id='block_1_116' title="bbox 1975 5415 3567 5487">
    <p class='ocr_par' dir='ltr' id='par_1_116' title="bbox 1975 5415 3567 5487">
     <span class='ocr_line' id='line_1_116' title="bbox 1975 5415 3567 5487; baseline 0.001 -15"><span class='ocrx_word' id='word_1_848' title='bbox 1975 5431 2107 5472; x_wconf 88' lang='lat' dir='ltr'><strong>sane</strong></span> <span class='ocrx_word' id='word_1_849' title='bbox 2135 5426 2242 5477; x_wconf 84' lang='lat' dir='ltr'><strong>est,</strong></span> <span class='ocrx_word' id='word_1_850' title='bbox 2277 5416 2420 5476; x_wconf 78' lang='lat' dir='ltr'><strong>quod</strong></span> <span class='ocrx_word' id='word_1_851' title='bbox 2471 5415 2691 5485; x_wconf 81' lang='lat' dir='ltr'><strong>quando</strong></span> <span class='ocrx_word' id='word_1_852' title='bbox 2734 5416 3013 5471; x_wconf 80' lang='lat' dir='ltr'><strong>insumans</strong></span> <span class='ocrx_word' id='word_1_853' title='bbox 3068 5417 3209 5471; x_wconf 80' lang='lat' dir='ltr'><strong>dixit</strong></span> <span class='ocrx_word' id='word_1_854' title='bbox 3256 5438 3272 5474; x_wconf 86' lang='lat'><strong>:</strong></span> <span class='ocrx_word' id='word_1_855' title='bbox 3337 5419 3567 5487; x_wconf 80' lang='lat' dir='ltr'><strong>Accipite</strong></span> 
     </span>
    </p>
   </div>
   <div class='ocr_carea' id='block_1_117' title="bbox 1970 5508 3564 5578">
    <p class='ocr_par' dir='ltr' id='par_1_117' title="bbox 1970 5508 3564 5578">
     <span class='ocr_line' id='line_1_117' title="bbox 1970 5508 3564 5578; baseline -0.001 -13"><span class='ocrx_word' id='word_1_856' title='bbox 1970 5508 2233 5578; x_wconf 85' lang='lat' dir='ltr'><strong>Spiritum</strong></span> <span class='ocrx_word' id='word_1_857' title='bbox 2260 5517 2524 5569; x_wconf 79' lang='lat' dir='ltr'><strong>sanctum,</strong></span> <span class='ocrx_word' id='word_1_858' title='bbox 2558 5522 2655 5575; x_wconf 89' lang='lat' dir='ltr'><strong>per</strong></span> <span class='ocrx_word' id='word_1_859' title='bbox 2683 5509 2787 5562; x_wconf 84' lang='lat' dir='ltr'><strong>hoc</strong></span> <span class='ocrx_word' id='word_1_860' title='bbox 2851 5508 3054 5577; x_wconf 74' lang='lat' dir='ltr'><strong>ipsum,</strong></span> <span class='ocrx_word' id='word_1_861' title='bbox 3117 5510 3211 5577; x_wconf 89' lang='lat' dir='ltr'><strong>qui</strong></span> <span class='ocrx_word' id='word_1_862' title='bbox 3263 5527 3329 5566; x_wconf 78' lang='lat' dir='ltr'><strong>ex</strong></span> <span class='ocrx_word' id='word_1_863' title='bbox 3394 5510 3564 5564; x_wconf 84' lang='lat' dir='ltr'><strong>Patre</strong></span> 
     </span>
    </p>
   </div>
   <div class='ocr_carea' id='block_1_118' title="bbox 1967 5600 3013 5673">
    <p class='ocr_par' dir='ltr' id='par_1_118' title="bbox 1967 5600 3013 5673">
     <span class='ocr_line' id='line_1_118' title="bbox 1967 5600 3013 5673; baseline -0.003 -15"><span class='ocrx_word' id='word_1_864' title='bbox 1967 5602 2307 5673; x_wconf 82' lang='lat' dir='ltr'><strong>procederet,</strong></span> <span class='ocrx_word' id='word_1_865' title='bbox 2366 5600 2626 5663; x_wconf 85' lang='lat' dir='ltr'><strong>Spiritum</strong></span> <span class='ocrx_word' id='word_1_866' title='bbox 2698 5600 3013 5655; x_wconf 70' lang='lat' dir='ltr'><strong>insinuavit.</strong></span> 
     </span>
    </p>
   </div>
   <div class='ocr_carea' id='block_1_119' title="bbox 3104 5599 3569 5656">
    <p class='ocr_par' dir='ltr' id='par_1_119' title="bbox 3104 5599 3569 5656">
     <span class='ocr_line' id='line_1_119' title="bbox 3104 5599 3569 5656; baseline -0.006 -2"><span class='ocrx_word' id='word_1_867' title='bbox 3104 5599 3217 5656; x_wconf 83' lang='lat' dir='ltr'><strong>iloc</strong></span> <span class='ocrx_word' id='word_1_868' title='bbox 3271 5602 3412 5656; x_wconf 89' lang='lat' dir='ltr'><strong>enim</strong></span> <span class='ocrx_word' id='word_1_869' title='bbox 3483 5607 3569 5656; x_wconf 86' lang='lat' dir='ltr'><strong>est</strong></span> 
     </span>
    </p>
   </div>
   <div class='ocr_carea' id='block_1_120' title="bbox 2113 5719 3565 5788">
    <p class='ocr_par' dir='ltr' id='par_1_120' title="bbox 2113 5719 3565 5788">
     <span class='ocr_line' id='line_1_120' title="bbox 2113 5719 3565 5788; baseline 0.001 -13"><span class='ocrx_word' id='word_1_870' title='bbox 2113 5723 2154 5755; x_wconf 88' lang='grc'><strong>⁶¹</strong></span> <span class='ocrx_word' id='word_1_871' title='bbox 2183 5720 2339 5779; x_wconf 81' lang='lat' dir='ltr'><strong>Joau.</strong></span> <span class='ocrx_word' id='word_1_872' title='bbox 2376 5734 2500 5786; x_wconf 66' lang='lat' dir='ltr'><strong>avt,</strong></span> <span class='ocrx_word' id='word_1_873' title='bbox 2532 5720 2615 5775; x_wconf 72' lang='lat' dir='ltr'><strong>ll.</strong></span> <span class='ocrx_word' id='word_1_874' title='bbox 2720 5719 2763 5753; x_wconf 81' lang='lat'><strong>&quot;</strong></span> <span class='ocrx_word' id='word_1_875' title='bbox 2796 5720 2951 5778; x_wconf 82' lang='lat' dir='ltr'><strong>Joan.</strong></span> <span class='ocrx_word' id='word_1_876' title='bbox 2982 5740 3109 5788; x_wconf 75' lang='lat' dir='ltr'><strong>wn,</strong></span> <span class='ocrx_word' id='word_1_877' title='bbox 3149 5722 3231 5777; x_wconf 89' lang='lat' dir='ltr'><strong>i0.</strong></span> <span class='ocrx_word' id='word_1_878' title='bbox 3339 5720 3383 5753; x_wconf 85' lang='grc'><strong><em>⁸³</em></strong></span> <span class='ocrx_word' id='word_1_879' title='bbox 3406 5723 3565 5777; x_wconf 80' lang='lat' dir='ltr'><strong>Joau.</strong></span> 
     </span>
    </p>
   </div>
  </div>
