4046 6204
491 224 594 289 illi

1749 242 2148 304 MANUELIS
2183 248 2487 310 CALEC/E
2542 322 2547 323 γ

3620 263 3728 328 12)

491 342 667 400 Verbo
699 347 1049 418 conjunctam
1075 351 1243 408 fuisse
1272 354 1338 408 ad
1392 358 1711 419 creandum,
1744 358 1917 411 vivam
1946 375 2059 413 γη*-
2091 372 2133 417 Α
2164 379 2319 431 quam
2356 375 2632 431 senserint,
2666 380 2713 424 et
2749 384 2906 441 usque
2933 371 2985 424 in
3025 372 3180 441 ﬁnem
3236 372 3289 426 in
3347 389 3409 428 ea
3469 375 3734 447 impietate

489 438 666 506 lutem
690 439 925 494 divinam
961 450 1230 505 naturam,
1293 444 1628 501 Paracletum
1652 448 1884 505 scilicet.

558 554 713 618 Quod
749 563 927 610 autem
987 557 1240 624 formam,
1287 557 1439 611 aiunt
1497 558 1750 626 Basilius,
1800 563 2063 633 Cyrillus—

487 659 611 707 que,
638 645 1097 700 adumbrationem
1144 664 1235 715 per
1279 664 1491 703 carnem
1535 649 1767 717 Spiritus
1827 664 2062 721 natura,

488 736 585 789 hoc
619 737 955 804 Augustinus
987 739 1323 808 corporalem
1357 744 1772 799 insuillatiouem
1809 750 2060 817 appella-

486 828 579 880 vit.
611 825 676 879 Et
703 827 831 895 quia
858 828 1052 893 forma,
1084 838 1138 883 et
1167 831 1515 889 adumbratio
1564 836 1811 903 Spiritus.
1853 852 2059 895 natura:

492 928 599 981 est,
637 918 1060 975 insumationem
1091 921 1235 974 illam
1264 938 1369 976 non
1414 938 1535 978 esse
1591 925 1830 995 Spiritus
1886 936 2057 988 sancti

486 1009 845 1064 substantiam
882 1011 1040 1073 dixit,
1079 1014 1171 1067 sed
1200 1015 1588 1072 documentum
1639 1035 1734 1089 per
1787 1024 2058 1093 propriam

481 1111 535 1153 et
589 1114 887 1169 congruam
940 1104 1414 1172 signiﬁcationem,
1465 1110 1609 1178 quod
1696 1111 1783 1167 hic
1824 1114 2059 1183 Spiritus

482 1202 702 1247 sanctus
724 1195 886 1248 etiam
910 1211 972 1247 ex
1005 1196 1140 1250 Filio
1166 1197 1504 1265 procederet.
1562 1202 1629 1256 Et
1680 1207 1875 1259 merito
1903 1221 2055 1271 sane,

482 1286 739 1351 quoniam
765 1288 911 1341 enim
942 1290 1073 1342 nihil
1119 1306 1305 1346 eorum
1339 1310 1460 1363 quae
1490 1310 1518 1346 a
1562 1295 1789 1352 Domino
1834 1300 2055 1363 fiebant,

483 1374 764 1427 fortuitum
796 1386 946 1442 erat;
979 1386 1033 1431 et
1061 1394 1185 1448 quas
1217 1380 1269 1434 in
1294 1382 1463 1451 ﬁgura
1489 1396 1822 1455 peraguntur
1843 1390 2060 1446 relatio-

484 1479 604 1517 nem
622 1464 856 1533 aliquam
876 1467 938 1520 ad
962 1482 1024 1521 ea
1042 1486 1160 1535 qua:
1177 1472 1504 1536 signiﬁcant,
1519 1475 1715 1530 habent
1732 1496 1746 1531 :
1763 1479 1902 1533 sicut
1925 1480 2058 1550 bap-

486 1556 667 1619 tisma,
700 1558 850 1625 quod
878 1574 972 1628 per
1003 1577 1196 1629 aquam
1227 1563 1408 1627 datur,
1446 1566 1793 1623 invisibiliter
1823 1586 2055 1641 operan-

485 1657 590 1700 tem
623 1648 1064 1705 emundationem
1102 1652 1299 1708 indicat
1330 1693 1344 1718 ,
1377 1658 1637 1711 emundat
1663 1660 1860 1728 quippe
1881 1677 2044 1730 aqua,

482 1726 536 1791 ct
562 1737 719 1791 diluit
742 1755 1025 1809 corporum
1054 1745 1241 1799 sordes
1262 1784 1277 1808 ,
1317 1748 1745 1817 mysteriumque
1777 1751 2045 1809 Dominici

484 1831 731 1899 corporis
767 1833 818 1886 in
841 1834 1022 1902 specie
1054 1837 1208 1903 panis
1260 1846 1312 1891 et
1352 1839 1462 1892 vini
1510 1839 1794 1907 traditum,
1858 1845 2049 1914 mysti-

481 1934 602 1972 cum
630 1922 823 1976 animae
857 1924 1034 1993 signat
1069 1928 1383 1981 alimentum
1411 1946 1426 1994 ;
1481 1942 1536 1983 et
1565 1933 1786 1999 quodin
1847 1934 2046 2006 linguis

483 2010 921 2081 igneisSpiritus
952 2024 1172 2073 sanctus
1212 2017 1463 2086 delapsus
1482 2028 1587 2084 εει,
1620 2022 1881 2077 rationem
1924 2041 2048 2093 pro-

480 2100 623 2156 fecto
657 2103 817 2158 habet
846 2106 911 2159 ad
942 2121 1005 2161 ea
1040 2123 1157 2176 quae
1207 2118 1335 2164 tunc
1394 2120 1523 2165 sunt
1573 2123 1718 2181 gesta
1787 2115 2044 2172 divinitus

480 2192 650 2261 signa.
692 2194 832 2261 Ignis
868 2197 1068 2266 quippe
1109 2199 1365 2255 Deitatem
1407 2204 1604 2271 signat,
1662 2204 1875 2276 lingua),
1935 2223 2046 2261 ma-

480 2285 685 2350 gisterii
716 2288 1116 2354 proprietatem.
1153 2292 1227 2345 Ita
1312 2293 1537 2359 scilicet,
1606 2295 1693 2349 illa
1753 2297 2042 2354 insulllatio

479 2372 684 2441 aliquid
718 2373 1082 2442 significabat.
1138 2374 1267 2429 Erat
1299 2380 1443 2432 enim
1488 2392 1864 2451 argumentum
1906 2386 2042 2440 divi-

482 2480 561 2519 nae
589 2465 903 2522 substantiae
944 2466 1225 2537 Spiritus;
1284 2472 1483 2540 quippe
1525 2473 1656 2526 nihil
1718 2490 2041 2546 corporeum

478 2557 549 2611 ita
587 2558 825 2613 divinum
856 2558 1060 2614 indicat
1125 2560 1411 2631 Spiritum,
1461 2565 1601 2619 sicut
1646 2564 1803 2621 ﬂatus
1848 2569 2039 2623 huma-

482 2666 583 2705 nus
612 2667 626 2715 ;
652 2653 793 2705 sicut
820 2653 964 2706 enim
1000 2654 1088 2707 illa
1133 2654 1421 2711 insumatio
1462 2673 1559 2726 per
1585 2674 1645 2714 os
1690 2675 1755 2715 ex
1816 2664 2037 2729 intimis,

476 2744 864 2812 corporeisque
890 2744 1190 2799 visceribus
1214 2748 1414 2813 prodit,
1448 2748 1521 2801 ita
1552 2760 1603 2803 et
1636 2752 1749 2819 ipse
1804 2751 2038 2821 Spiritus

476 2842 698 2887 sanctus
730 2833 886 2899 cuius
912 2831 1085 2887 forma
1118 2836 1410 2903 corporalis
1445 2839 1668 2907 Spiritus
1709 2850 1811 2908 est,
1852 2855 1913 2898 et.
1968 2860 2034 2899 ex

475 2920 634 2978 Patre
656 2940 751 2994 per
782 2912 974 2980 Filium
1005 2928 1362 2983 substantiam
1394 2930 1576 3008 habet.
1606 2933 1806 2988 Natura
1835 2938 2035 3007 quippe

2164 452 2489 522 duraverint,
2523 461 2804 513 anathema
2832 461 2923 515 sit.

2238 545 2316 599 Ex
2352 545 2458 609 his,
2489 547 2649 601 simul
2704 550 3031 616 ostenditur,
3098 566 3204 605 non
3268 552 3451 621 plures
3502 554 3737 622 Spiritus

2164 646 2382 693 sanctos
2415 648 2668 705 Oportere
2698 641 2943 694 confiteri
2976 642 3027 694 in
3081 641 3213 706 Deo,
3260 652 3317 697 ut
3351 646 3569 713 quidam
3632 650 3733 702 lin-

2162 740 2293 798 gunt
2320 747 2335 795 ;
2365 744 2489 785 cum
2525 732 2812 801 Apostolus
2848 733 3067 801 quidem
3116 734 3337 801 dixerit,
3374 735 3520 792 Unus
3564 738 3736 809 Spiri-

2162 830 2245 875 tus
2279 832 2512 889 sanctus,
2542 825 2593 877 in
2631 841 2731 895 quo
2765 826 2945 880 omnia
2984 825 3066 891 ⁸⁸;
3114 843 3453 894 magnusque
3502 831 3736 888 Basilius

2162 898 2228 968 ad
2302 916 2764 985 Amphilochium,
2843 916 2988 972 Unus
3062 919 3207 973 Deus
3257 930 3305 975 et
3351 908 3535 989 Pater,
3598 940 3734 980 unus

2162 1008 2456 1077 unigenitus
2488 1006 2687 1072 Filius,
2715 1019 2763 1063 et
2787 1028 2944 1074 unus,
2980 1010 3215 1079 Spiritus
3258 1026 3503 1081 sanctus,
3535 1026 3584 1070 et
3623 1018 3733 1086 ipse

2158 1099 2503 1168 singulariter
2533 1103 2859 1169 enuntiatus,
2899 1112 2948 1157 et
2982 1121 3074 1170 per
3116 1122 3278 1159 unum
3334 1106 3533 1161 Filium
3577 1111 3734 1163 Patri

2159 1191 2489 1260 conjunctus.
2546 1202 2596 1245 et
2679 1210 2770 1261 per
2843 1194 3015 1263 ipsam
3088 1197 3308 1265 implens
3382 1200 3732 1254 venerandam

2159 1297 2221 1333 ac
2247 1282 2601 1336 beatissimam
2653 1281 2988 1340 Trinitatem.
3025 1287 3088 1340 Et
3122 1303 3313 1342 rursus
3341 1307 3356 1343 :
3394 1289 3509 1353 Via,
3541 1291 3732 1346 divina:

2159 1370 2471 1439 cognitionis
2508 1372 2572 1425 ab
2607 1389 2711 1425 uno
2767 1372 2999 1441 Spiritu,
3062 1390 3154 1443 per
3203 1392 3361 1428 unum
3412 1376 3617 1431 Filium
3661 1382 3731 1433 ad

2154 1478 2320 1514 unum
2354 1459 2567 1514 Patrem
2591 1473 2686 1516 est.
2730 1462 2991 1532 Gregorio
3017 1465 3140 1517 item
3172 1462 3444 1534 Theologo
3502 1468 3555 1521 in
3591 1468 3729 1523 libro

2156 1546 2225 1597 ad
2255 1543 2510 1597 Heronem
2553 1546 2918 1615 philosophum
2962 1547 3208 1603 dicente:
3263 1548 3500 1617 Deﬁnias
3550 1554 3728 1605 (tatem

2157 1644 2205 1688 et
2234 1644 2469 1688 nostram
2502 1637 2824 1707 religionem,
2873 1639 3065 1691 docens
3109 1653 3272 1691 unum
3326 1643 3537 1711 quidem
3575 1660 3729 1696 nosse

2152 1720 2316 1776 Deum
2357 1725 2644 1794 ingenitum
2721 1727 2981 1791 Patrem;
3019 1745 3181 1781 unum
3253 1742 3429 1785 autem
3486 1735 3723 1801 genitum

2150 1814 2376 1881 Filium,
2409 1832 2567 1870 unum
2604 1834 2719 1871 vero
2749 1819 3003 1885 Spiritum
3046 1824 3408 1889 procedentem
3443 1842 3506 1879 ex
3533 1825 3721 1888 Patre,

2146 1907 2253 1960 sive
2280 1910 2641 1976 prodeuntem.
2704 1910 2940 1966 Pt‘wl‘ato
2991 1915 3120 1968 item
3208 1918 3367 1971 beato
3424 1920 3724 1973 Athanasio

2148 1997 2216 2074 ig,
2235 1998 2456 2065 przefato
2483 2001 2622 2053 libro
2658 2003 2727 2055 ita
2782 2004 3050 2060 docente:
3114 2005 3371 2074 Spiritum
3419 2026 3537 2063 rero
3600 2030 3726 2066 san-
3774 2064 3780 2071 .

2146 2073 2283 2140 (tum
2315 2090 2389 2142 sic
2420 2090 2545 2155 dici,
2572 2109 2676 2146 non
2726 2096 2951 2149 alterum
3008 2097 3257 2160 invenies,
3295 2098 3524 2169 Spiritus
3582 2104 3722 2156 enim

2146 2188 2202 2229 ut
2230 2178 2363 2240 dixi,
2403 2179 2545 2234 Deus
2572 2181 2790 2249 dicitur,
2850 2196 2896 2238 et
2938 2196 3153 2241 sanctus
3208 2188 3367 2245 Deus.
3398 2192 3564 2245 Ambo
3601 2210 3721 2247 vero

2146 2271 2360 2323 nomina
2382 2275 2673 2341 composita
2705 2277 2772 2341 ei,
2802 2279 3121 2348 quiprOprie
3154 2282 3457 2350 appellatur
3488 2283 3722 2352 Spiritus

2144 2370 2379 2419 sanctus.
2400 2372 2693 2430 congruunt
2723 2379 2740 2417 :
2774 2366 2912 2419 sicut
2950 2365 3129 2421 Patris
3185 2370 3466 2437 appellatio
3521 2386 3721 2434 causa,

2142 2448 2377 2523 Filiique
2427 2457 2508 2508 illi
2537 2459 2627 2526 qui
2657 2459 2769 2511 sine
2791 2459 2898 2513 ullo
2924 2462 3094 2515 medio
3141 2478 3205 2516 ea:
3226 2480 3385 2518 causa
3408 2474 3507 2518 est.

2096 2558 2119 2574 ο
2213 2544 2393 2614 Itaque
2424 2547 2549 2601 licet
2603 2550 2821 2617 quidem
2887 2551 3069 2620 plures
3126 2556 3406 2610 nominare
3457 2557 3717 2625 spiritus:

2140 2635 2305 2691 alium
2364 2638 2582 2707 quidem
2648 2642 2901 2711 spiritum
2966 2648 3295 2715 adoptionis,
3347 2649 3509 2702 alium
3588 2666 3719 2705 vero

2138 2727 2385 2796 spiritum
2428 2730 2755 2796 dilectionis,
2791 2734 3069 2802 sapientia:
3115 2737 3305 2803 alium,
3367 2740 3529 2793 alium
3568 2740 3715 2807 ﬁdei,

2138 2819 2299 2872 alium
2342 2822 2552 2876 timoris
2590 2823 2702 2887 Dei,
2762 2826 2922 2879 alium
2979 2829 3211 2893 consilii,
3239 2837 3293 2883 et
3355 2830 3716 2896 fortitudinis,

2138 2921 2189 2964 et
2226 2914 2523 2981 patientiae,
2558 2924 2612 2968 et
2671 2919 3054 2984 continentiae;
3115 2922 3311 2990 quippe
3368 2924 3717 2991 Operationes

475 3015 661 3071 divina
694 3016 874 3071 diuus
903 3018 1298 3076 estineﬂabms
1344 3037 1409 3076 εἰ
1474 3005 1732 3080 memmi
1784 3002 1878 3083 ονε
1934 3002 2109 3084 hia-6
2147 3002 2397 3070 Spiritus,
2435 3006 2602 3061 Isaias
2658 3006 2889 3076 Spiritus
2946 3024 3137 3065 vocare
3198 3016 3717 3079 consuevit,secun-

480 3098 634 3161 nans.
700 3108 917 3165 Manare
950 3120 1157 3177 autem,
1189 3119 1455 3183 ut'supra
1516 3128 1877 3174 monstratum
1934 3134 2041 3189 est,

477 3194 527 3246 in
561 3195 865 3251 subStantia
895 3196 1131 3267 Spiritus
1178 3210 1402 3256 sanctus
1449 3204 1679 3276 accepit.

545 3330 776 3390 Sanctus
811 3349 1027 3406 quoque
1060 3339 1296 3411 Cyrillus
1350 3343 1424 3397 ait
1451 3344 1621 3399 :Sicut
1649 3355 1697 3400 et
1765 3354 2045 3420 unusquis-

473 3440 569 3490 que
602 3435 840 3479 nostrum
872 3429 1137 3495 spiritum,
1195 3433 1284 3485 aui
1335 3434 1387 3486 in
1440 3437 1607 3499 seipso
1639 3448 1737 3503 est,
1786 3442 2036 3505 continet,

473 3525 628 3578 atque
653 3531 718 3569 ex
756 3519 954 3571 intimis
982 3522 1260 3576 visceribus
1291 3526 1360 3576 ad
1401 3530 1665 3582 exteriora
1724 3532 2039 3599 profundit:

471 3608 667 3662 idcirco
731 3612 950 3681 denique
1008 3624 1056 3667 et
1128 3618 1471 3683 corporaliter
1520 3620 1667 3673 illum
1715 3624 2039 3692 insufﬂauit:

469 3705 767 3762 ostendens,
791 3704 916 3771 quia
943 3706 1079 3759 sicut
1114 3707 1373 3762 humanus
1426 3712 1639 3777 spiritus
1703 3728 1769 3766 ex
1806 3715 2036 3769 humano

468 3804 557 3843 ore
583 3793 835 3856 procedit,
868 3796 944 3848 ita
977 3805 1027 3848 et
1085 3812 1149 3850 ea:
1197 3791 1373 3852 di‘vina
1405 3802 1795 3870 essentia,quod
1824 3820 1889 3857 ex
1922 3808 2035 3873 ipsa

471 3891 569 3945 est,
600 3885 771 3937 divine
796 3889 1150 3953 pro/auditur.
1183 3890 1424 3943 Divinam
1448 3897 1764 3961 essentiam,
1794 3896 2031 3964 Patrem,

468 3981 523 4025 et
579 3971 769 4025 Filium
799 3978 1054 4041 nominat,
1092 3994 1319 4045 quorum
1350 3982 1510 4050 paulo
1547 3986 1796 4053 superius
1833 4004 2037 4047 memo-

470 4063 608 4115 riam
636 4063 935 4121 districtius
968 4066 1118 4125 fecit.
1157 4070 1233 4124 Ex
1272 4075 1471 4145 quibus
1502 4079 1667 4132 etiam
1698 4091 1917 4140 constat
1963 4099 2028 4138 ex

467 4152 628 4209 Patre
659 4163 713 4209 et
734 4154 871 4210 Filio
899 4158 1063 4212 veluti
1094 4175 1158 4214 ex
1195 4178 1324 4231 uno,
1364 4169 1659 4232 prooedere
1683 4186 1745 4226 ac
1790 4175 2029 4241 prodire.

536 4261 688 4318 Patet
721 4267 921 4334 itaque,
958 4272 1099 4338 quod
1154 4275 1244 4342 qui
1306 4291 1403 4346 per
1457 4280 1871 4338 insumationem
1946 4286 2025 4338 la-

468 4365 627 4419 ctam,
661 4371 765 4410 non
802 4373 922 4414 eSSc
950 4365 1130 4415 datum
1164 4368 1422 4434 apostolis
1460 4368 1719 4440 Spiritum
1781 4386 2025 4430 sanctum
2062 4352 2106 4406 Ῐ)

463 4457 535 4497 ex
561 4442 720 4500 Patre
750 4450 1150 4516 procedentem.
1214 4458 1307 4508 sed
1370 4458 1567 4511 donum
1639 4462 1855 4530 aliquod
1912 4465 2028 4519 sine

450 4533 769 4591 substantia
800 4540 1005 4607 dicunt,
1034 4558 1062 4595 a
1097 4556 1402 4601 sanctorum
1456 4549 1675 4605 Patrum
1727 4554 2029 4624 intelligen-

466 4627 536 4678 tia
606 4628 931 4698 discrepant,
1012 4646 1173 4704 atque
1260 4642 1588 4697 anathemati
1646 4646 2025 4716 subjiciuntur.

466 4718 666 4775 Sancta
703 4724 846 4777 enim
884 4728 1206 4785 universalis
1238 4734 1424 4800 quinta
1478 4739 1716 4806 synodus
1770 4741 1823 4794 iu
1890 4756 2028 4808 quo-

463 4812 585 4867 dam
612 4815 849 4885 capitulo
881 4820 949 4872 ita
985 4823 1165 4888 posuit
1196 4840 1210 4877 :
1252 4825 1312 4877 Si
1380 4830 1499 4897 quis
1535 4828 1803 4888 Theodoro
1875 4833 2027 4903 Mop-

459 4908 671 4961 suestia:
715 4912 956 4978 episcopo
1007 4913 1144 4981 favet
1198 4917 1415 4985 dicenti,
1470 4922 1635 4976 alium
1696 4940 1807 4978 esse
1864 4926 2024 4979 Deum

466 4998 700 5060 Verbum,
729 5010 777 5053 et
802 5001 967 5054 alium
999 5002 1290 5069 Christum,
1343 5021 1494 5078 atque
1525 5029 1639 5064 cum
1679 5017 1891 5087 ca'teris
1946 5020 2028 5069 in-

460 5093 687 5144 numeris
718 5092 1051 5153 blasphemiis
1081 5099 1187 5151 suis
1217 5100 1383 5154 dicere
1414 5104 1708 5168 audentem,
1736 5109 1860 5175 quia
1906 5120 2022 5176 post

458 5182 889 5235 resurrectionem
956 5186 1223 5257 insuﬂlans
1266 5191 1320 5243 in
1376 5194 1681 5261 discipulos,
1742 5198 2019 5265 Dominus,

454 5272 733 5323 etdicens:
769 5291 787 5323 ε
822 5274 1054 5344 Accipite
1084 5280 1339 5348 Spiritum
1369 5294 1630 5349 sanctum,
1672 5306 1687 5337 ι
1726 5307 1827 5342 non
1879 5291 2022 5346 dedit

458 5362 534 5414 eis
569 5360 837 5429 .Spiritum
877 5377 1139 5432 sanctum,
1196 5374 1285 5423 sed
1330 5376 1623 5443 ﬁgura/iter
1678 5388 1883 5434 tantum
1939 5383 2021 5436 itt-

459 5455 713 5522 suﬁlarit;
750 5456 828 5510 his
858 5460 1044 5528 igitur,
1076 5466 1163 5532 qui
1205 5472 1407 5531 eadem,
1433 5479 1480 5521 et
1542 5470 1622 5524 Itis
1672 5473 1869 5527 similia
1926 5490 2024 5528 utt-

544 5634 583 5661 "
611 5633 809 5699 Ephcs.
848 5654 919 5693 ιν.
964 5639 1014 5695 6.
1093 5642 1135 5675 ⁸⁵
1168 5642 1184 5695 l
1219 5642 1344 5698 Cor.
1380 5660 1476 5709 xu,
1501 5646 1551 5701 ϐ.

2142 3094 2269 3147 dum
2304 3096 2612 3167 theologum
2666 3098 3011 3169 Gregorium.
3062 3100 3252 3157 Omnia
3288 3107 3430 3158 enim
3499 3109 3712 3175 operari

2143 3200 2327 3252 unum,
2375 3190 2729 3258 eumdemun
2785 3189 3045 3260 Spiritum
3098 3194 3389 3266 Apostolus
3443 3199 3538 3263 ait,
3593 3215 3716 3268 quae
3792 3186 3797 3187 ί

2140 3278 2301 3332 etiam
2330 3282 2676 3349 operationes
2708 3295 2882 3349 vocat,
2926 3286 3112 3342 dicens
3137 3303 3152 3341 :
3182 3288 3250 3341 Et
3274 3290 3551 3344 divisiones
3584 3308 3712 3362 ope-

2140 3373 2407 3424 rationum
2447 3384 2586 3436 sunt,
2619 3374 2754 3428 idem
2788 3384 2961 3430 autem
2996 3377 3156 3447 Deus,
3207 3381 3295 3452 qui
3328 3392 3573 3448 operatur
3601 3402 3715 3438 om-

2140 3467 2227 3515 nia
2262 3466 2316 3517 iu
2362 3465 2509 3518 nobis
2554 3466 2624 3521 ⁸⁵.
3420 3473 3427 3480 ’

2208 3553 2371 3609 Divus
2402 3573 2617 3627 quoque
2643 3559 3062 3632 Chrysostomus
3099 3566 3149 3619 in
3181 3581 3431 3622 sermone
3469 3579 3533 3623 ae
3584 3585 3712 3623 san-

2138 3655 2227 3699 cto
2253 3647 2479 3714 Spiritu,
2518 3650 2671 3719 cujus
2706 3654 2915 3709 initium
2942 3667 3057 3710 est:
3084 3659 3214 3711 Heri
3246 3660 3479 3727 quidem,
3505 3678 3533 3714 ο
3560 3679 3711 3714 ama-

2140 3748 2276 3792 tores
2307 3738 2525 3805 Christi,
2554 3743 2808 3799 adcentus
2841 3749 3011 3800 sancti
3061 3765 3123 3800 ac
3143 3751 3424 3804 venerandi
3476 3750 3708 3818 Spiritus

2138 3848 2168 3883 a
2211 3832 2357 3885 nobis
2391 3833 2711 3888 laudabatur
2757 3851 2775 3888 :
2809 3836 2967 3903 Quia,
3026 3841 3220 3909 inquit,
3261 3843 3397 3909 quod
3447 3844 3706 3908 donatur,

2138 3922 2369 3990 Spiritus
2422 3938 2635 3979 sanctus
2686 3943 2782 3981 est.
2861 3928 3087 3984 Vocatur
3134 3942 3181 3986 et
3241 3935 3433 3985 donum
3479 3933 3711 4000 Spiritus

2135 4025 2349 4070 sanctus
2396 4035 2426 4069 a
2477 4018 2731 4073 donatore
2784 4038 2967 4076 nomen
3034 4024 3269 4087 habens;
3322 4027 3530 4095 quando
3591 4042 3709 4080 vero

2135 4107 2364 4177 Spiritus
2396 4110 2612 4175 dicitur,
2646 4129 2746 4165 non
2778 4114 2943 4167 alium
2975 4115 3264 4184 intelligere
3311 4116 3395 4185 [as
3423 4128 3519 4177 est,
3547 4133 3708 4186 quam

2133 4216 2252 4253 eum
2281 4202 2371 4269 qui
2391 4216 2454 4252 ea:
2487 4200 2647 4255 Patre
2690 4205 2920 4272 proprie,
2973 4207 3395 4261 substantialiter
3450 4211 3707 4275 procedit.

2135 4286 2285 4341 Sicut
2320 4289 2453 4340 enim
2476 4288 2616 4351 Filii,
2649 4299 2695 4343 et
2745 4289 2921 4346 Patris
2968 4309 3151 4346 nomen
3194 4297 3506 4349 substantiis
3581 4312 3707 4349 con-

2134 4378 2294 4444 gruit,
2326 4380 2400 4430 ita
2433 4389 2480 4431 et
2510 4378 2742 4446 Spiritus
2786 4384 2960 4434 sancti
3004 4384 3287 4451 appellatio
3335 4388 3429 4440 uni
3470 4405 3709 4456 persona:

2138 4469 2417 4522 Trinitatis
2452 4473 2718 4539 competit.
2764 4472 2830 4527 Ut
2865 4474 3008 4526 enim
3058 4476 3258 4528 dictum
3280 4484 3384 4541 est,
3443 4478 3701 4547 Spiritus,

2132 4571 2184 4615 et
2217 4571 2438 4616 sanctus
2465 4565 2781 4631 composita,
2810 4566 2882 4630 ei,
2911 4567 3003 4635 qui
3055 4570 3274 4637 proprie
3328 4581 3551 4626 vocatur
3577 4570 3703 4642 Spi-

2132 4652 2272 4707 ritus
2304 4664 2545 4720 sauctus,
2592 4657 2944 4712 conveniunt.

2138 4736 2143 4739 ⁸
2204 4742 2506 4797 Attestatur
2561 4751 2614 4796 et
2664 4743 2746 4797 his
2788 4760 3017 4813 magnus
3070 4746 3398 4803 Athanasius
3463 4750 3516 4803 in
3544 4749 3705 4821 Epis-

2129 4834 2233 4888 tola
2292 4835 2359 4888 ad
2417 4836 2762 4905 Serapionem
2795 4877 2810 4900 ,
2848 4838 3001 4907 cujus
3049 4839 3259 4893 initium
3316 4849 3434 4895 est:
3469 4840 3700 4897 Litteras
3748 4844 3753 4845 ⁷

2130 4927 2301 4979 sancti
2351 4928 2544 4979 amoris
2594 4928 2714 4989 tui;
2760 4928 2891 4981 dicit
2956 4930 3140 4984 enim:
3194 4930 3396 4999 Dicite,
3433 4934 3600 4986 sicubi
3642 4935 3699 4987 in

2127 5020 2416 5089 Scripturis
2455 5022 2669 5090 legistis,
2709 5022 2965 5089 Spiritum
2994 5039 3231 5079 sanctum
3264 5027 3573 5091 simpliciter
3593 5026 3699 5078 dici

2128 5113 2381 5179 Spiritum
2432 5116 2542 5167 sine
2595 5116 2892 5184 adjectione
2937 5118 3013 5171 vel
3060 5119 3173 5181 Dei,
3238 5118 3317 5172 vel
3374 5117 3575 5180 Patris,
3621 5118 3698 5171 vel

2127 5220 2322 5269 meum,
2356 5208 2432 5259 vel
2486 5208 2649 5273 ipsius
2681 5207 2878 5262 Christi
2907 5218 2955 5261 et
3002 5208 3122 5262 Filii
3167 5210 3240 5263 vel
3293 5224 3322 5261 a
3379 5224 3463 5262 me
3498 5247 3513 5271 ,
3556 5210 3696 5278 quod

2122 5306 2196 5347 est
2231 5310 2260 5347 a
2317 5284 2549 5359 Deo,'vel
2581 5297 2691 5348 sine
2723 5296 2947 5349 articulo
2976 5296 3170 5351 Gru'cte
3215 5297 3494 5351 locutionis
3531 5312 3694 5350 more:

2124 5402 2187 5439 ne
2213 5386 2519 5452 simpliciter
2569 5388 2902 5458 intelligatur
2932 5390 3182 5455 Spiritus.
3238 5391 3374 5444 Nam
3406 5392 3453 5444 si
3486 5391 3697 5444 dicatur

2123 5475 2361 5546 πνεῦμα,
2403 5479 2515 5532 sine
2544 5482 2863 5537 nrcecedente
2892 5482 3133 5546 articulo,
3160 5482 3225 5536 de
3250 5481 3472 5552 quolibet
3502 5483 3696 5553 spiritu
