4010 6220
269 304 362 368 121

1352 298 1758 363 ADVEBSUS
1802 296 2119 358 GRAECOS
2163 302 2306 361 LIB.
2340 301 2419 361 II.

3405 301 3510 368 12?.

264 414 487 482 intelligi
516 422 704 478 potest.
726 411 822 466 Sin
854 425 969 464 vero
986 420 1283 478 apponatur
1307 411 1590 473 articulus,
1623 422 1675 461 ut
1702 410 1844 461 dica-
1870 406 1924 463 A
1952 410 2226 466 relaxandi
2284 422 2410 467 tunc
2444 422 2771 481 acceperunt
2805 428 2899 483 per
2930 413 3195 484 Spiritum
3239 426 3512 480 sanctum,

264 518 344 560 tur
371 507 435 559 τὸ
456 504 682 573 Πνεῦμα
712 505 771 556 τὸ
796 503 972 572 ἅγιον,
999 503 1260 572 signiﬁcat
1289 501 1545 567 Spiritum
1565 511 1831 562 sanctum,

262 599 333 653 sel
382 596 746 660 Paracletum,
788 598 863 648 vel
890 595 1132 648 veritatis
1165 592 1443 660 Spiritum.
1481 595 1535 646 id
1565 602 1659 651 est.
1686 590 1837 654 Filii,

260 692 367 757 ipso
385 689 651 740 dicentur
680 686 792 756 Ego
810 703 926 741 sum
950 686 1155 740 Veritas
1169 688 1218 759 f'
1233 726 1248 751 ,
1264 704 1283 737 ι
1303 702 1365 738 ne
1386 686 1650 739 audientes
1671 682 1842 746 Spiri-

264 790 371 831 tum
428 780 739 844 sintpliciter
789 779 917 840 dici,
949 779 1030 830 vel
1079 780 1191 832 sine
1228 778 1547 839 prwcedents
1590 774 1838 836 articulo,

264 872 335 925 sel
365 874 479 927 sine
499 873 800 937 adjectionc
821 872 1178 937 subsequente,
1200 870 1457 935 Spiritum
1474 878 1710 923 sanctum
1735 867 1841 920 dici

262 964 618 1017 arbitremini.
652 962 837 1032 Itaque
867 979 987 1015 cum
1027 962 1354 1015 audierimus
1392 959 1654 1025 Spiritum
1680 974 1839 1011 sauc-

264 1067 393 1115 tuus,
427 1054 511 1105 vel:
533 1068 652 1105 cum
686 1053 911 1105 articulo
941 1052 1219 1115 Spiritum,
1251 1064 1352 1102 non
1378 1048 1442 1101 de
1465 1048 1691 1115 quolibet
1721 1045 1843 1113 Spi-

262 1151 362 1199 ritu
389 1147 783 1214 intelligendum
806 1144 929 1197 :sed
958 1143 1021 1196 de
1042 1144 1155 1205 illo,
1174 1142 1265 1211 qui
1288 1142 1525 1210 procedit
1560 1157 1625 1194 ea;
1653 1140 1837 1202 Patre,

262 1238 469 1305 Spiritu
528 1237 790 1297 veritatis,
826 1236 903 1290 eet
942 1234 1330 1304 quomodolibet
1375 1249 1492 1287 cum
1546 1233 1729 1302 aliqua
1777 1248 1842 1286 ex

258 1330 531 1395 prcdictis
577 1325 960 1395 adjectionibus
990 1327 1317 1395 proferatur.
1345 1322 1546 1394 Nempe
1601 1324 1766 1387 enim,
1794 1325 1841 1377 si

262 1420 527 1489 quoniam
570 1432 599 1471 a
648 1418 851 1487 Spiritu
900 1417 1058 1470 datur
1106 1416 1351 1485 spiritale
1407 1416 1629 1480 donum,
1672 1412 1844 1480 Spiri-

267 1522 377 1565 tum
418 1522 675 1564 sanctum
720 1511 988 1579 quispiam
1024 1509 1187 1563 dicat:
1230 1508 1352 1563 Filii
1384 1509 1573 1571 etiam,
1632 1520 1699 1560 ac
1736 1504 1840 1558 Pa-

264 1606 362 1657 tris
410 1603 581 1665 dona,
621 1598 740 1655 Filii
774 1616 839 1655 ac
902 1600 1089 1654 Patres
1150 1610 1329 1663 erunt,
1382 1607 1546 1666 atque
1597 1598 1666 1649 ita
1710 1594 1843 1649 nihil

261 1693 579 1762 prohibebit
626 1691 946 1746 Trinitatem
984 1690 1359 1759 multiplicare.
1410 1686 1544 1752 lino,
1607 1702 1728 1741 cum
1772 1690 1841 1740 sit

260 1784 562 1838 commune
619 1781 843 1844 donum,
897 1788 951 1834 et
985 1782 1291 1835 communia
1334 1792 1583 1839 munera,
1642 1778 1834 1831 norum
1874 1758 1916 1814 Β

260 1889 483 1941 quoque
539 1872 673 1926 nihil
735 1871 1062 1941 prohibebit,
1117 1880 1171 1924 et
1236 1871 1452 1925 Patrem
1507 1878 1561 1922 et
1610 1867 1833 1933 Filium,

260 1979 314 2022 et
342 1966 615 2033 Spiritum
670 1972 920 2019 sanctum
968 1962 1261 2034 appellare.
1295 1961 1403 2016 Sed
1457 1962 1561 2016 ista
1617 1959 1841 2014 nimium

261 2060 507 2115 absurda
546 2068 701 2112 sunt.

333 2151 609 2216 Qucuiam
641 2150 801 2218 igitur
818 2189 834 2208 ,
855 2148 1083 2216 Accipite
1101 2146 1350 2216 Spiritum
1379 2157 1620 2203 sanctum
1640 2144 1849 2203 ".ditit

270 2243 560 2308 Salvator,
590 2243 733 2310 quod
759 2241 931 2295 solum
965 2222 1301 2295 Paracleuim
1336 2238 1629 2309 signiﬁcat,
1650 2248 1853 2304 nequa-

266 2350 432 2404 quam
483 2331 906 2403 Cbrysoslomns
937 2330 1009 2384 illi
1050 2330 1392 2393 contradicit,
1442 2345 1548 2383 non
1587 2328 1849 2395 Spiritum

267 2432 687 2487 sanctum,tunc
732 2422 915 2475 datum
952 2422 1168 2477 dicens:
1203 2436 1275 2475 ex
1314 2436 1402 2485 eo,
1442 2423 1585 2490 quod
1642 2423 1848 2477 caelesti

265 2518 559 2588 magistro,
606 2517 924 2582 sanctisque
980 2514 1295 2580 concordat,
1326 2514 1721 2585 Cbrysoslomo
1753 2517 1851 2569 ha-

266 2610 429 2664 betur
468 2608 668 2661 honor.
719 2605 872 2660 Hunc
933 2606 1073 2659 enim
1115 2607 1450 2660 arbitrantur
1493 2606 1713 2675 quidam
1769 2605 1853 2659 di-

266 2703 447 2763 xisse,
484 2701 688 2753 donum
739 2697 1009 2767 quoddam
1051 2698 1170 2753 sine
1229 2686 1533 2754 substantia
1590 2699 1853 2765 apostolis

266 2795 481 2856 datum,
518 2792 642 2859 quia
683 2789 810 2843 illud
836 2790 1041 2844 dictum
1068 2804 1361 2857 exponens,
1387 2791 1516 2845 aitu
1588 2788 1855 2844 Nonnulli

266 2882 483 2947 quidem
529 2882 746 2943 dicunt,
804 2879 954 2933 illum
1012 2896 1147 2949 non]
1169 2879 1424 2948 Spiritum
1456 2882 1687 2934 dedisse
1708 2922 1722 2946 ,
1761 2881 1853 2935 sed

268 2975 484 3027 idoneos
529 2972 598 3024 ad
656 2969 1045 3039 percipiendum
1084 2970 1347 3038 Spiritum
1377 2972 1471 3025 illa
1502 2973 1857 3043 insuﬁlatione

1940 502 2079 570 quod
2109 501 2199 557 Dei
2231 503 2399 557 solius
2445 515 2553 565 est,
2591 512 2647 556 nt
2694 512 2749 557 et
2812 519 3036 572 magnus
3087 503 3316 559 Basilius
3359 505 3412 558 in
3462 521 3512 557 tv

1939 606 2123 647 contra
2182 592 2387 648 Eunom
2410 633 2425 649 .
2460 595 2715 658 ostendit,
2748 595 2951 649 dicens:
2983 594 3041 650 Si
3092 596 3255 664 igitur
3300 604 3516 665 peccata

1940 686 2200 761 dimittere
2231 686 2424 739 nullius
2452 698 2551 752 est,
2578 686 2678 739 nisi
2716 686 2880 740 solius
2924 685 3055 751 Dei;
3088 687 3300 739 dimittit
3332 696 3507 739 autem

1939 788 2152 847 peccata
2190 795 2281 845 per
2337 780 2610 847 Apostolus
2665 777 2898 847 Spiritus
2944 787 3182 841 sanctus,
3220 778 3359 831 Deus
3388 795 3510 847 ergo

1941 872 2018 920 ett
2059 866 2290 938 Spiritus
2323 878 2560 922 sanctus.
2611 867 2781 922 Simul
2812 880 2865 922 et
2900 869 3029 923 illud
3064 878 3299 933 constat,
3344 869 3511 937 quod,

1943 959 2045 1013 nisi
2102 960 2261 1011 datus
2306 968 2450 1013 esset
2487 967 2617 1013 tunc
2669 959 2907 1029 Spiritus
2952 971 3215 1024 sanctus,
3265 960 3511 1029 ApOstoli

1943 1054 2165 1119 peccata
2200 1050 2473 1104 dimittere
2534 1066 2638 1103 non
2690 1060 2937 1120 possent:
2995 1052 3121 1119 quia
3178 1066 3306 1106 vero
3354 1052 3517 1105 dimi-

1944 1149 2154 1205 serunt,
2205 1141 2396 1209 liquet,
2427 1141 2551 1209 quia
2593 1140 2891 1195 dimittendi
2933 1152 3153 1211 peccata
3194 1148 3512 1209 potestatem

1944 1249 2050 1289 una
2112 1248 2235 1288 cum
2298 1234 2500 1303 Spiritu
2549 1244 2737 1290 sancto
2788 1248 3131 1304 acceperunt.
3186 1236 3301 1291 Non
3352 1218 3541 1290 enim

1945 1324 2086 1378 hanc
2121 1325 2405 1386 haberent,
2454 1324 2498 1378 si
2538 1324 2626 1378 ille
2676 1339 2781 1378 non
2829 1326 3063 1379 adesset.
3100 1325 3224 1378 Ideo
3255 1334 3306 1379 et
3336 1325 3514 1394 Chry-

1944 1426 2218 1475 sostomus
2262 1417 2459 1492 aiebat.
2487 1414 2673 1486 Neque
2708 1417 2976 1486 peccabit,
2999 1418 3086 1485 qui
3117 1416 3312 1470 dixerit
3342 1431 3435 1470 eos
3464 1425 3520 1470 et

1948 1520 2074 1564 tunc
2114 1510 2345 1579 gratiam
2396 1509 2671 1579 accepisse
2705 1508 3028 1578 spiritalem,
3057 1518 3116 1561 ut
3145 1521 3243 1573 per
3284 1507 3421 1560 hanc
3462 1508 3515 1559 in

1945 1603 2026 1658 eis
2054 1602 2291 1672 Spiritus
2323 1610 2546 1657 sanctus
2574 1601 2864 1663 habitaret,
2896 1614 3056 1669 quem
3092 1600 3359 1667 negabant
3387 1600 3521 1668 qni-

1946 1694 2066 1748 dam
2094 1693 2174 1748 eis
2205 1704 2312 1747 tum
2342 1708 2374 1746 a
2397 1692 2617 1749 Christo
2642 1693 2821 1747 datum
2859 1692 3045 1745 fuisse.

2015 1786 2155 1841 Idem
2205 1786 2438 1841 Sanctus
2479 1800 2643 1855 super
2668 1783 2824 1839 Joan.
2874 1784 3213 1849 Evangelia:
3255 1783 3366 1837 Cur
3417 1800 3516 1835 au-

1941 1887 2043 1935 tem
2070 1917 2088 1944 ,
2119 1880 2323 1947 inquit:
2361 1877 2599 1947 «Rogabo
2633 1876 2845 1930 Patrem
2860 1877 2932 1930 "Y
2959 1895 2977 1928 ι
3008 1877 3167 1940 Quia,
3193 1878 3237 1929 si
3271 1872 3516 1933 dixisiet.

1947 1970 2091 2040 «Ego
2138 1972 2373 2033 mittam,
2404 1988 2423 2021 s
2460 1984 2561 2022 non
2589 1967 2837 2021 similiter
2867 1967 3102 2034 profecto
3144 1967 3515 2043 credidissent.

1946 2062 2104 2115 Nunc
2142 2062 2280 2114 enim
2326 2061 2381 2114 id
2427 2061 2651 2113 maxime
2698 2058 2905 2128 agebat,
2946 2067 3005 2112 ut
3054 2057 3155 2111 sibi
3196 2057 3517 2113 crederetur.

1949 2153 2109 2208 Illum
2139 2154 2301 2221 igitur
2353 2162 2477 2205 tunc
2524 2159 2837 2219 acceperunt
2888 2149 3155 2218 Apostoli,
3214 2164 3368 2216 quem
3430 2149 3521 2199 dat

1946 2244 2231 2307 Christus;
2258 2245 2347 2295 dat
2373 2251 2737 2312 autem,quem
2770 2242 2967 2304 mittit;
2998 2255 3149 2307 quem
3182 2254 3304 2308 ergo
3334 2237 3522 2291 Chris-

1948 2342 2032 2389 tus
2060 2335 2241 2397 mittit,
2267 2334 2403 2386 hunc
2422 2340 2732 2400 acceperunt
2760 2328 3016 2394 Apostoli.
3054 2321 3222 2381 Mittit
3258 2342 3379 2380 vero
3413 2342 3516 2378 non

1948 2428 2142 2481 donum
2166 2426 2277 2479 sine
2304 2423 2618 2485 substantia,
2646 2420 2734 2475 sed
2757 2419 2927 2486 ipsum
2954 2414 3527 2486 Spiritunt.tParacle-

1949 2530 2032 2573 tus
2068 2519 2223 2578 enim,
2259 2517 2453 2583 inquit,
2483 2530 2633 2583 quem
2678 2527 2771 2581 ego
2808 2511 3013 2563 mittam
3055 2508 3200 2561 vobis
3234 2523 3265 2559 a
3327 2506 3511 2568 Patre,

1953 2609 2217 2675 Spiritum
2245 2604 2506 2666 veritatis,
2536 2602 2626 2671 qui
2658 2618 2691 2654 a
2734 2597 2898 2654 Patre
2928 2596 3169 2667 procedit
3188 2597 3259 2650 ⁸⁸.
3290 2615 3308 2647 s

2026 2702 2133 2757 Sed
2170 2699 2238 2753 ad
2276 2699 2328 2753 id
2357 2711 2571 2768 quoque
2615 2692 3104 2749 commendandum
3157 2691 3297 2755 quod
3344 2687 3527 2742 Chris~

1957 2806 2039 2849 tus
2065 2793 2324 2861 Spiritum
2357 2790 2562 2852 mittat,
2596 2786 2792 2855 adjecit
2818 2784 3128 2854 Chrysost.:
3168 2780 3357 2835 Postea
3388 2779 3529 2831 enim

1955 2889 2064 2954 ipse
2090 2903 2143 2940 se
2170 2885 2370 2937 mittere
2403 2882 2501 2944 ait,
2538 2880 2725 2934 dicens
2758 2896 2771 2931 :
2806 2876 3040 2945 Accipite
3067 2874 3332 2942 Spiritum
3372 2885 3531 2923 sanc-

1958 2986 2090 3031 tum.
2138 2976 2329 3044 Igitur,
2385 2972 2476 3041 qui
2535 2984 2664 3025 tunc
2711 2984 2739 3022 a
2768 2967 2986 3022 Christo
3018 2967 3181 3020 datus
3230 2974 3337 3026 est,
3400 2975 3528 3015 eum

271 3066 481 3132 fecisse.
518 3062 645 3116 Non
690 3072 867 3115 autem
912 3064 1177 3131 quispiam
1228 3066 1539 3134 peccaverit,
1588 3067 1633 3118 si
1681 3064 1846 3129 dicat,
1878 3081 1920 3138 α
1955 3068 2287 3138 Cbrystost.,
2324 3074 2378 3120 et
2408 3063 2478 3117 ab
2509 3061 2649 3131 ipso,
2681 3068 2731 3114 et
2762 3074 2790 3113 a
2823 3057 2983 3111 Patre
3025 3057 3248 3110 missum
3282 3052 3379 3106 ait.
3409 3052 3531 3104 Non

270 3174 381 3214 eos.
406 3168 454 3208 et
490 3164 619 3209 tunc
647 3164 957 3224 potestatem
983 3157 1270 3224 quamdam
1304 3158 1569 3225 accepisse
1600 3157 1859 3225 spiritua-

272 3251 399 3307 [ειη.
456 3258 510 3301 et
545 3249 811 3315 gratiam,
855 3258 913 3300 ut
970 3259 1186 3316 peccata
1242 3248 1588 3302 dimitterent.
1642 3248 1765 3303 Ideo
1807 3256 1860 3304 et

277 3339 488 3391 addidit
520 3354 538 3391 :
572 3340 811 3403 Quorum
863 3340 1167 3393 remiseritis
1220 3356 1465 3410 peccata,
1512 3342 1860 3395 remittuntur

274 3432 376 3495 eis,
425 3432 708 3483 ostendens
758 3446 917 3495 quam
949 3430 1173 3498 speciem
1202 3432 1523 3501 operationis
1554 3432 1675 3484 det.
1708 3450 1726 3483 ι
1766 3434 1861 3485 At—

276 3523 369 3589 qui
396 3528 625 3575 sauctus
653 3534 751 3589 per
774 3522 875 3575 hoc
900 3534 1004 3575 n0n
1028 3522 1369 3576 contradicit.
1397 3521 1582 3590 Neque
1612 3523 1777 3588 enim,
1804 3530 1862 3575 ut

277 3627 431 3664 suam
481 3611 817 3678 opinionem,
865 3613 979 3673 sed,
1011 3624 1066 3665 ut
1099 3616 1165 3666 ab
1196 3614 1315 3669 aliis
1344 3616 1610 3668 invectam
1643 3615 1857 3683 objicit.

282 3702 556 3767 Quosdam
586 3704 748 3768 enim,
787 3704 881 3768 ait,
912 3705 1102 3767 dicere,
1133 3708 1260 3774 quia
1297 3720 1398 3757 non
1420 3705 1681 3774 Spiritum
1717 3705 1861 3757 dedit

279 3796 548 3849 Christus.
597 3797 675 3848 Ac
719 3796 913 3849 deinde
947 3796 1157 3850 illorum
1183 3798 1461 3865 corrigens
1502 3797 1809 3866 opinionem
1841 3811 1857 3850 :

284 3888 405 3942 Non
448 3904 630 3942 autem
671 3890 905 3953 peccabit
955 3892 1240 3957 quispiam,
1271 3891 1496 3959 inquiet,
1527 3901 1577 3944 et
1621 3902 1741 3944 tunc
1774 3907 1860 3944 eos

279 3990 597 4046 potestatem
640 3978 872 4047 aliquam
917 3972 1274 4048 spiritualem,
1296 3989 1342 4033 et
1368 3982 1598 4050 gratiam
1625 3982 1859 4050 accepis-

282 4089 353 4132 se.
406 4073 599 4125 dicens
630 4072 823 4140 ;quasi
864 4072 1030 4126 dicat:
1071 4072 1178 4126 Illis
1227 4074 1443 4141 quidem
1496 4090 1600 4127 non
1653 4073 1862 4127 videtur

284 4165 559 4233 apostolos
605 4170 732 4217 tunc
770 4161 1031 4232 Spiritum
1067 4174 1317 4217 sanctum
1353 4166 1648 4235 accepisse,
1698 4174 1861 4233 atque

287 4258 402 4310 ideo
442 4270 625 4323 neque
675 4254 819 4309 illius
879 4256 1154 4325 accepisse
1198 4256 1449 4324 gratiam,
1519 4256 1853 4325 idoneusque

284 4342 625 4399 solummodo
652 4341 873 4397 eﬂ'ectos
900 4358 1018 4398 esse
1054 4358 1150 4412 per
1180 4358 1298 4397 eam
1344 4344 1761 4399 insumationcm
1790 4344 1856 4397 ad

288 4435 664 4504 accipiendum
721 4434 982 4504 Spiritum
1020 4444 1287 4491 sanctum.
1323 4438 1671 4507 Consequens
1710 4438 1855 4492 enim

293 4540 435 4595 erat,
462 4539 521 4581 ut
571 4528 664 4597 qui
698 4542 791 4582 eos
816 4527 1077 4597 Spiritum
1129 4539 1373 4583 sanctum
1425 4530 1697 4599 accepisse
1729 4539 1856 4583 tunc

293 4625 559 4692 negabant
595 4640 609 4673 :
640 4620 804 4674 etiam
853 4623 1041 4689 gratia:
1102 4622 1500 4690 perceptionem
1569 4621 1858 4683 tollerent,

290 4729 447 4781 quam
497 4714 619 4766 sine
666 4711 871 4780 Spiritu
949 4713 1199 4780 cuiquam
1258 4712 1509 4781 possibile
1581 4728 1685 4766 non
1748 4720 1864 4765 erat

293 4806 566 4859 advenire.

362 4896 570 4951 Deinde
617 4907 672 4950 et
704 4912 857 4949 suam
910 4896 1239 4949 sententiam
1284 4894 1467 4950 infert:
1509 4893 1630 4947 Non
1685 4906 1861 4947 autem

296 4988 522 5055 peccabit
559 4988 844 5056 quispiam,
886 5003 972 5041 cos
1010 4998 1057 5041 et
1115 4998 1237 5042 tunc
1297 4988 1526 5057 gratiam
1558 4988 1820 5054 accepisse
1845 5024 1861 5049 ,

300 5082 515 5143 dicens;
559 5081 713 5148 quasi
768 5080 982 5134 illorum
1036 5082 1364 5134 sententiam
1424 5081 1726 5148 corrigens,
1758 5078 1853 5148 qui

298 5174 559 5239 negabant
594 5170 851 5235 Spiritqu
881 5183 1127 5226 sanctum
1159 5182 1285 5225 tunc
1310 5173 1493 5225 datum
1540 5171 1731 5235 fuisse,
1767 5186 1863 5225 os-

299 5263 462 5313 tendit
511 5260 757 5329 apertins
800 5261 1112 5329 opinionem
1169 5276 1320 5314 suam
1370 5275 1513 5325 esse,
1561 5262 1704 5329 quod
1736 5270 1860 5314 tunc

299 5353 602 5420 acceperint
656 5350 918 5421 Spiritum
981 5363 1267 5407 sanctum.
1317 5352 1452 5406 Nam
1508 5368 1630 5406 cum
1683 5351 1858 5421 gratia

298 5444 527 5511 Spiritus
568 5455 622 5497 et
652 5446 766 5512 ipse
807 5461 911 5520 una
936 5446 1125 5499 adesse
1169 5445 1527 5514 intelligitur:
1563 5453 1723 5514 atque
1754 5443 1858 5497 hoc

300 5535 418 5589 inde
463 5534 516 5589 in
569 5537 762 5605 primis
803 5547 1034 5601 constat,
1077 5537 1216 5605 quod
1266 5546 1588 5607 potestatem
1639 5544 1858 5604 peccata

364 5718 409 5748 "
434 5717 593 5777 Joan.
623 5735 735 5785 xw,
772 5724 824 5775 ε).
903 5721 949 5751 ⁸⁷
983 5718 1142 5776 Joan.
1179 5737 1268 5786 xx,
1306 5720 1396 5773 9t.

1479 5719 1521 5751 ⁸⁸
1546 5719 1703 5773 Joan.
1739 5733 1845 5779 xxv,
1888 5715 1969 5772 I6.

1961 3174 2087 3226 ergo
2122 3157 2206 3211 vel
2235 3156 2359 3220 sibi,
2396 3152 2480 3208 vel
2529 3152 2649 3206 aliis
2692 3149 2967 3221 magistris
3009 3144 3287 3208 Ecclesiae,
3332 3143 3388 3198 in
3424 3142 3531 3205 bis,

1960 3265 2081 3319 quas
2107 3249 2264 3310 dixit,
2300 3244 2612 3300 contrarius
2642 3253 2749 3297 est.

2034 3343 2310 3398 lecrum
2350 3337 2417 3392 ad
2451 3352 2566 3400 eos,
2601 3337 2693 3403 qui
2731 3333 2925 3388 dicunt
2961 3346 2977 3386 :
3008 3330 3070 3385 Si
3102 3338 3229 3384 tunc
3276 3326 3532 3395 Spiritum

1960 3441 2205 3488 sanctum
2239 3437 2547 3494 acceperunt
2584 3422 2840 3491 Apostoli,
2900 3422 3026 3491 quid
3073 3435 3279 3475 necesse
3325 3419 3427 3487 fuit
3473 3417 3537 3469 il-

1961 3524 2070 3578 lum
2118 3521 2203 3575 die
2243 3520 2567 3573 Pentccoales
2608 3514 3101 3568 mittildicendnm
3147 3519 3251 3573 est,
3278 3508 3533 3577 quoniam

1960 3616 2121 3669 datus
2150 3621 2233 3666 est
2258 3609 2501 3679 quidem,
2537 3611 2841 3658 nouantem
2883 3610 2998 3655 tota
3026 3602 3113 3654 illa
3145 3616 3243 3653 sua
3294 3600 3534 3665 plenitu-

1962 3705 2116 3771 dine,
2148 3716 2324 3771 neque
2353 3696 2645 3753 secundum
2693 3686 2907 3749 omnem
2944 3706 3097 3747 suam
3126 3690 3535 3756 operationem;

1962 3811 2066 3850 non
2094 3794 2234 3862 quod
2275 3790 2391 3859 ipse
2437 3789 2731 3850 discretus,
2781 3799 2843 3836 ac
2867 3783 3071 3836 divisus
3116 3778 3331 3841 sit,sed
3376 3791 3539 3844 prop-

1964 3903 2048 3948 ter
2101 3884 2503 3955 snscipientium
2550 3874 3113 3943 imbecillitatem,qni
3170 3884 3388 3925 omnem
3418 3868 3538 3945 ejus

1961 3980 2369 4051 Operationem,
2396 3984 2450 4029 et
2489 3968 2837 4028 efﬁcientiam
2886 3976 3013 4020 tunc
3049 3962 3293 4033 profecto
3340 3972 3539 4028 capere

1960 4050 2285 4141 nequibant.
2316 4067 2507 4121 Postea
2534 4078 2658 4118 vero
2689 4075 2850 4130 quam
2888 4059 2953 4112 ad
3009 4055 3331 4124 perfectiora
3362 4050 3541 4121 prole-

1960 4172 2171 4225 cerant,
2219 4170 2371 4223 tunc,
2415 4158 2527 4227 jam
2569 4154 2814 4208 omnium
2870 4150 3195 4221 gratiarum,
3240 4149 3541 4202 donorum-

1962 4273 2067 4328 que
2094 4254 2399 4312 cmlestium
2430 4264 2657 4318 capaces
2690 4247 2818 4301 facti
2846 4254 2993 4300 sunt.

2031 4348 2294 4415 Quocirca
2323 4354 2375 4399 et
2396 4344 2815 4411 Cbrysoslomns
2851 4355 2864 4390 :
2895 4336 3004 4390 Nec
3037 4333 3295 4401 peccabit,
3330 4331 3538 4401 inquit,

1969 4443 2131 4509 quiet
2166 4449 2289 4491 tunc
2326 4452 2411 4489 eos
2439 4434 2700 4500 accepisse
2736 4429 2928 4483 dixerit
2960 4425 3250 4495 spiritalem
3310 4422 3542 4489 aliquam

1969 4534 2216 4603 gratiam,
2236 4545 2351 4582 cum
2370 4524 2597 4594 Spiritus
2627 4536 2749 4576 tunc
2774 4538 2834 4574 ea
2859 4520 2969 4573 sola
2993 4520 3178 4587 dignos
3208 4514 3540 4580 iudicaverit.

1970 4624 2103 4677 Nam
2140 4620 2423 4675 sacerdotii
2454 4616 2685 4686 gratiam
2733 4624 2857 4667 tunc
2888 4612 3059 4664 solum
3109 4609 3253 4661 dedit
3286 4604 3545 4673 apostolis

1971 4714 2384 4774 inhabitantem,
2413 4708 2573 4775 cujus
2609 4704 2888 4775 preprium
2930 4708 3151 4769 peccata
3201 4696 3432 4759 solvere,
3464 4704 3546 4747 at-

1973 4819 2080 4873 que
2112 4803 2283 4870 ligare
2321 4814 2336 4852 :
2368 4813 2474 4852 non
2507 4806 2687 4850 tamen
2732 4793 2991 4847 doctrina:
3039 4788 3230 4851 etiam,
3284 4795 3337 4840 et
3390 4780 3540 4836 verbi

1954 4892 2221 4964 gratiam,
2251 4892 2393 4945 hanc
2424 4888 2564 4941 enim
2606 4886 2661 4939 in
2688 4883 2774 4937 die
2803 4881 3177 4941 Pentecostes,
3209 4892 3306 4945 per
3332 4874 3544 4943 linguas

1974 4990 2168 5055 igneas
2198 4980 2364 5038 dedit.
2410 4979 2543 5042 Sed,
2578 4992 2645 5030 ne
2694 4985 2824 5029 tunc
2851 4973 3068 5041 quidem
3105 4978 3215 5023 tota
3257 4966 3362 5020 illis
3391 4964 3544 5032 copia

1971 5054 2055 5131 est
2083 5075 2231 5129 data.
2263 5069 2447 5139 Neque
2488 5067 2631 5123 enim
2659 5063 2903 5135 quotidie
2928 5061 2993 5115 ad
3041 5058 3291 5125 majores,
3338 5054 3549 5124 perfec-

1972 5170 2247 5235 tioresque
2295 5164 2525 5217 virtutes
2599 5167 3005 5229 potestatesque
3058 5152 3383 5207 evasissent.
3442 5144 3550 5199 Sed

1970 5272 2025 5315 et
2070 5268 2188 5329 post
2221 5257 2606 5317 Pentecostcn,
2650 5250 3003 5305 narrantibus
3029 5246 3211 5306 Petro,
3239 5251 3291 5296 et
3335 5238 3553 5294 Joanne

1975 5351 2196 5420 reliquis
2231 5347 2509 5416 apostolis,
2536 5352 2737 5413 quanta
2780 5358 2806 5393 a
2832 5340 3032 5395 Jnilzeis
3068 5335 3208 5406 passi
3251 5341 3457 5395 essent,
3484 5345 3549 5383 eo

1976 5443 2121 5511 quod
2154 5438 2485 5493 ﬁducialitcr
2510 5438 2560 5489 in
2594 5433 2797 5503 Christi
2826 5429 3045 5483 nomine
3073 5426 3348 5496 egissent:
3374 5420 3547 5484 Motu,

1972 5534 2168 5603 inquit,
2206 5531 2349 5601 facto
2393 5529 2572 5597 repleti
2602 5536 2726 5581 sunt
2781 5539 2957 5579 omnes
2997 5520 3204 5591 Spiritu
3258 5523 3461 5579 sancto,
3492 5520 3549 5567 at

2048 5717 2093 5747 ⁸⁹
2122 5714 2280 5785 Joatt.
2316 5728 2399 5777 xv,
2426 5709 2514 5767 9.6.
