4046 6204
408 336 411 337 ν
443 276 542 341 123

1685 268 2080 332 MANUELIS
2117 262 2424 325 CALECJI

3575 239 3679 312 1Ξί

438 387 1002 458 Ιοᾳααεηηιωετὸαηι
1029 388 1121 442 Dei
1139 404 1254 441 cum
1286 385 1481 454 ﬁducia
1508 385 1575 437 “.
1608 381 1811 452 Nempe
1831 379 2001 444 enim,
2036 385 2077 435 Α
2109 382 2297 428 sancto
2328 370 2474 426 canit
2510 386 2525 423 ε
2572 370 2650 423 Tu
2690 367 2821 431 vita,
2867 378 3036 429 arnor,
3072 362 3270 416 lumen.
3302 357 3556 463 (ihsritas
3584 377 3679 414 au-

439 485 484 537 si
508 493 676 537 totum
704 481 754 532 in
774 477 1096 533 Pentecoste
1131 477 1447 539 habuerant,
1466 488 1704 544 quonam
1734 483 1861 527 tunc
1886 473 2000 539 spi-

438 574 546 628 ritu
576 570 777 641 impleti
812 568 1222 626 sunt?Constat
1250 582 1380 621 vero
1403 566 1526 635 quia
1555 566 1825 620 habebant
1846 563 1998 617 illum

439 666 680 735 quidem,
700 665 815 727 sed,
838 663 962 730 quia
979 662 1218 728 perfecte
1240 675 1342 713 non
1368 660 1657 723 habebam,
1680 660 1796 727 ipso
1812 672 1999 712 rursus

442 755 645 820 impleti
666 760 813 807 sunt.
835 750 1218 820 Semperenint
1240 765 1302 803 ac
1331 748 1527 819 iugiter
1560 748 1795 819 Spiritus
1822 749 2000 814 datur,

448 854 502 898 et
536 858 633 912 per
669 843 877 913 singula
902 843 1068 911 ipsius
1107 856 1352 907 munera,
1397 842 1513 911 ipse
1544 840 1995 909 uuaingrcditnr.

514 933 580 989 Et
613 934 665 988 iu
693 936 918 988 Aetibus
950 935 1317 1003 apostolorum
1359 934 1620 999 scriptum
1661 943 1742 986 est
1780 949 1794 985 :
1826 930 2007 1000 Impo-

438 1026 635 1078 uebant
663 1025 888 1091 apostoli
919 1042 1104 1079 atauus
1152 1040 1307 1093 super
1332 1041 1471 1088 eum,
1498 1025 1587 1093 qui
1613 1024 2004 1093 baptizabatur,

442 1113 714 1180 populatus,
729 1123 779 1168 et
797 1113 1138 1167 descendebat
1154 1113 1389 1183 Spiritus
1418 1126 1636 1169 sanctus
1659 1130 1813 1182 super
1834 1132 1920 1170 eos
1935 1117 2005 1171 “.

453 1205 619 1258 Datur
651 1209 797 1259 enim
826 1207 880 1265 in
906 1206 1531 1277 adoptionebaptizatis,
1561 1219 1615 1262 et
1644 1208 2008 1275 principatum

446 1295 748 1364 spiritalem
776 1296 831 1349 in
862 1296 1042 1365 populi
1087 1296 1354 1366 regimine
1376 1298 1820 1365 suscipientibus,
1852 1309 2012 1366 atque

452 1389 506 1441 in
564 1388 666 1443 hac
709 1389 1047 1454 diil'erenter.
1084 1391 1379 1444 secundum
1423 1391 1630 1445 scilicet
1662 1404 1903 1455 munera
1945 1392 2012 1445 ad

448 1479 703 1536 Ecclesia:
720 1481 1106 1548 perfectionem
1141 1482 1493 1539 contereutia.

527 1572 601 1629 Ea
630 1589 760 1643 ergo
784 1574 1083 1631 insuiﬂatio
1127 1577 1388 1632 indicium
1412 1585 1499 1631 est
1521 1589 1665 1629 vera:
1690 1573 1869 1630 sancti
1892 1572 2017 1642 Spi-

461 1668 595 1723 ritus
628 1668 935 1734 eiIusionis;
986 1677 1148 1737 atque
1177 1683 1244 1723 eo
1294 1668 1485 1739 magis,
1522 1666 1665 1736 quod
1706 1676 1765 1722 et
1813 1665 2010 1735 gratia,
2040 1702 2087 1763 Β

453 1760 635 1828 inqua
661 1759 822 1815 datus
854 1769 961 1825 est,
1028 1760 1203 1814 solius
1240 1758 1335 1814 Dei
1372 1770 1478 1814 est.
1524 1761 1666 1814 Deus
1692 1768 1874 1812 autem
1930 1766 2015 1810 est

458 1850 693 1917 Spiritus
731 1832 975 1913 sanctus,
1014 1849 1107 1903 sed
1147 1857 1200 1904 et
1229 1849 1615 1903 documentum
1640 1856 1724 1901 est
1750 1861 1812 1902 ea
1840 1844 2019 1900 insuf-

454 1940 621 2004 llatio,
644 1954 742 2009 per
766 1954 1085 2009 expressam
1118 1939 1595 2009 signiﬁcationem,
1624 1953 1687 1993 ex
1722 1935 1858 1992 Filio
1888 1952 2017 2007 pro.

455 2032 649 2088 cedere
682 2032 943 2100 Spiritum
983 2042 1228 2087 sanctum
1258 2041 1425 2101 atque
1456 2046 1521 2085 es
1545 2044 1610 2086 eo
1634 2045 1781 2086 esse.

526 2122 605 2177 Ex
640 2123 842 2190 quibus
880 2123 1038 2177 etiam
1074 2125 1123 2177 id
1153 2131 1385 2187 constat,
1417 2124 1583 2192 quod,
1606 2124 1700 2192 qui
1736 2124 1865 2178 nihil
1918 2124 2019 2179 mi-

458 2228 576 2269 rum
612 2230 734 2269 esse
757 2216 963 2280 dicunt,
984 2217 1026 2269 si
1064 2216 1221 2268 datur
1249 2228 1280 2267 a
1314 2212 1451 2268 Filio
1477 2214 1741 2284 Spiritus,
1768 2218 2016 2284 quando-

459 2309 677 2376 quidem
704 2320 763 2363 et
789 2323 817 2361 a
849 2323 1173 2377 quocunque
1206 2308 1447 2369 homine,
1469 2308 1627 2363 modo
1652 2311 1903 2364 sacerdos
1926 2314 2018 2376 sit,

456 2400 620 2452 datur
653 2406 751 2452 :et
801 2398 946 2451 sicut
998 2396 1067 2450 ab
1128 2397 1443 2451 hominibus
1492 2411 1615 2451 cum
1687 2397 1873 2462 datur,
1915 2411 2019 2452 non

461 2489 625 2543 etiam
660 2488 728 2542 ab
750 2488 830 2543 eis
858 2486 1107 2557 procedit
1136 2504 1151 2541 :
1178 2488 1248 2541 ita
1268 2502 1443 2556 neque
1462 2502 1492 2541 a
1520 2488 1612 2542 Dei
1653 2486 1792 2543 Filio
1831 2502 2021 2556 praeco

462 2583 560 2647 dit,
601 2580 847 2650 quamvis
879 2581 949 2634 ab
970 2580 1096 2661 ‘ipso
1121 2581 1298 2643 detur,
1331 2579 1794 2645 irrationabiliter,
1832 2595 1893 2634 ac
1924 2584 2022 2634 de-

458 2673 805 2728 mentissime
849 2672 1248 2741 blaspltemaut.
1298 2670 1541 2726 Primum
1590 2672 1838 2741 quidem,
1884 2687 2022 2741 quo-

458 2764 609 2816 niam
647 2763 875 2817 eandem
910 2763 1314 2831 proportionem
1362 2762 1626 2831 Spiritum
1672 2772 1919 2818 sanctum
1957 2764 2024 2818 ad

456 2854 655 2909 Filium
700 2856 922 2920 habere,
960 2869 1122 2924 quam
1163 2856 1325 2909 habet
1374 2856 1443 2909 ad
1482 2855 1747 2923 homines,
1785 2864 2021 2925 putant;

459 2947 658 3003 deinde
679 2986 696 3012 ,
722 2948 975 3017 quoniam
1000 2963 1029 3002 a
1066 2947 1397 3017 quibuslibet
1429 2949 1738 3004 hominibus
1770 2949 1884 3004 duri
1918 2966 2022 3003 non

460 3047 667 3107 potest,
692 3038 785 3105 qui
816 3038 884 3092 ab
906 3038 1165 3105 apostolis
1189 3037 1349 3092 datus
1373 3052 1478 3091 non
1506 3046 1590 3092 est
1623 3056 1638 3093 :
1672 3039 2019 3106 [inponebant

460 3131 603 3181 enim
635 3144 851 3193 manus,
885 3130 981 3192 ait,
1014 3145 1170 3197 super
1205 3129 1529 3198 baptizatum
1556 3132 1806 3201 populum
1839 3140 1889 3187 et
1932 3132 2024 3185 de-

466 3219 739 3273 scendebat
765 3220 998 3289 Spiritus
1030 3230 1239 3276 sanctus
1254 3238 1411 3291 super
1429 3239 1534 3277 eos.

538 3335 593 3388 in
625 3334 712 3390 bis
741 3330 945 3399 autem,
995 3350 1115 3405 qua:
1167 3353 1197 3390 a
1258 3338 1535 3408 magistris
1579 3335 1838 3392 Ecclesiae
1884 3336 2028 3392 dicta

470 3439 619 3493 sunt,
640 3429 829 3482 horum
848 3429 1009 3483 etiam
1035 3429 1321 3484 concordia
1347 3431 1577 3485 notanda
1596 3442 1695 3485 est.
1716 3430 1868 3513 Sicut
1885 3432 2029 3486 enim

473 3532 697 3588 magnus
718 3519 1045 3574 Athanasius
1072 3518 1126 3573 in
1158 3518 1329 3590 Epist.
1362 3520 1427 3573 ad
1458 3520 1835 3590 Serapionem,
1858 3523 2032 3593 Spiri-

475 3622 585 3665 tum
622 3623 869 3666 sanctum
903 3610 1040 3666 dixit
1074 3612 1275 3668 donum
1316 3611 1436 3667 Filii
1466 3631 1479 3669 :
1509 3614 1581 3668 ita
1611 3624 1664 3669 et
1702 3614 2033 3683 Augustinus

470 3705 524 3759 itt
549 3703 644 3759 lib.
673 3703 749 3756 De
781 3701 1062 3767 Trinitate,
1093 3704 1266 3774 ipsum
1293 3705 1429 3759 dixit
1466 3703 1589 3759 Filii
1616 3707 1834 3759 donum.
1873 3705 2031 3775 Tum,

470 3796 596 3865 quia
634 3811 663 3849 a
690 3795 849 3850 Patre
872 3807 926 3849 et
958 3792 1097 3849 Filio
1131 3796 1312 3861 datur,
1342 3805 1453 3849 tum
1486 3797 1610 3864 quia
1643 3812 1710 3851 ex
1754 3795 1917 3852 Patre
1942 3813 2035 3867 per

469 3884 665 3941 Filium
718 3888 977 3956 procedit,
1003 3886 1391 3956 amborumque
1432 3890 1625 3941 donum
1644 3904 1784 3955 esse,
1808 3889 2035 3947 addidit.

472 3982 551 4035 Ac
577 3980 719 4034 sicut
754 3978 843 4033 illo
891 3977 1150 4048 Spiritum
1180 3988 1450 4046 sancttnn,
1478 3996 1641 4036 unam
1679 3986 1844 4039 vitam
1880 3987 2039 4042 unius

473 4074 579 4125 vivi
610 4069 765 4124 Verbi
803 4070 938 4124 dixit
968 4085 983 4122 :
1010 4070 1081 4123 ita
1122 4080 1176 4125 et
1216 4072 1548 4141 Augustinus
1577 4074 1627 4128 itt
1660 4075 1753 4130 lib.
1795 4075 1874 4132 De
1928 4080 2038 4150 ﬁde

470 4160 648 4213 'vivatn
697 4160 883 4224 vitam,
916 4170 969 4214 et
1000 4161 1163 4215 vitam
1188 4177 1251 4215 ex
1289 4163 1499 4216 vivente
1524 4164 1681 4218 dixit.
1728 4164 1795 4219 Et
1845 4182 2040 4237 quem-

470 4252 761 4308 admodum
802 4252 1033 4323 Cyrillus
1074 4254 1145 4330 ad.
1188 4253 1485 4309 Palladium
1531 4258 1897 4325 essetttialiter
1958 4262 2030 4315 il--

2106 473 2241 527 tem,
2268 472 2323 515 et
2355 477 2509 516 amor
2541 461 2682 515 idem
2711 459 2876 515 Valet.

2174 555 2279 611 Sed
2310 556 2459 609 enim
2490 551 2830 623 AugttStinus
2851 549 3070 619 quidem
3102 560 3293 602 rursus
3318 546 3549 614 gratiam
3583 560 3681 600 vo—

2103 648 2250 703 cavit
2287 646 2549 712 Spiritum
2608 650 2882 697 sauctum.
2914 639 3219 694 Concordat
3244 648 3424 691 autem
3454 648 3511 691 et
3550 637 3681 689 huic

2103 747 2321 792 sanctus
2339 735 2569 791 Basilius
2601 734 2653 787 in
2678 730 2918 800 mysticis
2935 728 3109 783 sancti
3128 728 3381 783 sacriﬁcii
3400 728 3678 795 precibus,

2105 830 2420 898 sdJ’atrem
2460 826 2573 880 illic
2620 826 2685 878 de
2705 822 2846 876 Filio
2868 820 3354 889 loquens:Quiest
3381 820 3557 884 imago
3584 831 3686 870 ture

2107 921 2374 985 bonitatis,
2393 917 2626 987 sigillum
2657 916 2842 987 forms
2871 913 3039 982 parile
3080 914 3133 965 in
3157 928 3209 965 se
3253 912 3365 980 ipso
3388 921 3436 964 te
3469 910 3683 963 Patrem

2106 1012 2401 1074 ostendens,
2436 1024 2605 1063 sermo
2644 1008 2813 1068 uicus,
2864 1006 2999 1059 Deus
3034 1020 3204 1066 verus,
3234 1020 3266 1056 a
3300 1019 3402 1071 quo
3452 1000 3683 1069 Spiritus

2106 1111 2324 1157 sanctus
2376 1098 2597 1168 eﬁ'ulsit,
2648 1080 3227 1165 adoptionisdonum,
3286 1091 3447 1144 arrlta
3488 1090 3686 1156 futuri:

2109 1190 2458 1245 hwreditatis.
2484 1188 2630 1242 Idem
2659 1201 2870 1249 rursus,
2916 1186 2970 1240 in
2998 1178 3231 1252 epistula
3260 1183 3326 1235 ad
3362 1180 3685 1247 Gregorium

2109 1281 2334 1337 fratrem
2370 1280 2437 1333 de
2471 1277 2772 1333 ditl'erentia
2836 1276 3104 1337 essentia,
3143 1283 3304 1344 atque
3347 1272 3687 1332 substantiae,

2112 1368 2187 1422 uit
2214 1384 2230 1420 :
2259 1366 2426 1421 Omne
2457 1368 2594 1436 quod
2627 1368 2684 1419 in
2732 1382 2826 1421 nos
2864 1380 2929 1419 ea:
2971 1366 3155 1418 diuina
3198 1366 3389 1418 uirtute
3436 1360 3688 1429 pertingit

2113 1456 2336 1517 bonum;
2368 1459 2541 1510 omnia
2591 1457 2648 1510 iu
2678 1457 2920 1510 omnibus
2951 1455 3216 1524 operantis
3272 1455 3464 1523 gratias
3502 1467 3689 1521 opera-

2115 1550 2303 1603 tionem
2328 1547 2741 1614 ἀὶσίηηιιιεὶωι
2760 1549 2839 1602 ait
2864 1547 3150 1615 Apostolus
3176 1563 3192 1600 :
3232 1545 3361 1599 Haec
3380 1554 3557 1597 autem
3577 1559 3691 1597 om-

2118 1640 2203 1693 nia
2231 1648 2480 1708 operatur
2496 1656 2632 1692 unus
2665 1647 2823 1694 atoue
2858 1638 2996 1693 idem
3018 1636 3253 1708 Spiritus
3303 1635 3545 1690 dividens
3573 1636 3689 1688 sin-

2117 1730 2253 1800 gulis
2274 1739 2428 1800 prout
2463 1730 2569 1784 uult
2587 1729 2655 1783 ”.

2186 1822 2377 1887 Porro,
2426 1821 2471 1877 si
2503 1835 2750 1890 quaerere
2806 1820 3082 1891 pergimus
3138 1834 3207 1874 an
3254 1833 3318 1876 es
3352 1818 3471 1874 solo
3500 1826 3691 1871 sancto

2120 1913 2328 1983 Spiritu
2361 1915 2630 1969 bonorum
2658 1913 2876 1983 largitio
2907 1911 3121 1967 initium
3152 1926 3397 1974 sumens,
3421 1912 3493 1964 ita
3513 1910 3691 1979 dignis

2117 2007 2369 2061 adveniat
2400 2022 2416 2060 :
2453 2020 2643 2060 rursus
2688 2020 2716 2058 a
2752 2004 3035 2074 Scriptura
3069 2005 3443 2069 admonemur,
3474 2010 3537 2057 ut
3561 2016 3687 2057 cre-
3732 2020 3747 2025 '
3836 1986 3843 1987 ί

2117 2097 2310 2151 damus
2342 2094 2647 2163 largitionis
2694 2095 2958 2149 bonorum
2990 2095 3256 2157 omnium,
3281 2108 3399 2162 qum
3446 2092 3499 2148 in
3531 2093 3692 2148 nobis

2117 2200 2215 2254 per
2265 2186 2525 2253 Spiritum
2594 2184 2730 2239 iiuut
2796 2193 3110 2248 auctorem,
3162 2192 3216 2237 et
3279 2199 3499 2238 causam
3564 2198 3691 2238 esse

2120 2277 2451 2346 unigenitum
2498 2276 2706 2332 Iesum.
2754 2274 2945 2330 Omnia
2995 2275 3137 2329 enim
3172 2289 3270 2345 per
3315 2276 3488 2343 ipsum
3532 2275 3683 2329 facta

2118 2382 2261 2428 esse.
2303 2376 2356 2420 et
2386 2368 2441 2421 in
2475 2367 2593 2436 ipso
2628 2366 2951 2431 consistere,
2979 2381 3008 2419 a
3042 2367 3243 2420 sanctis
3277 2366 3475 2449 litte’ris
3503 2366 3695 2420 didici-

2122 2474 2265 2514 mus.
2301 2457 2357 2513 ltt
2406 2458 2491 2513 his
2525 2468 2732 2522 autem,
2761 2473 2925 2525 quam
2966 2458 3146 2511 omnia
3182 2457 3233 2511 in
3278 2459 3535 2513 omnibus
3563 2471 3696 2525 ope-

2123 2550 2233 2605 rari
2280 2548 2512 2619 gratiam
2559 2548 2719 2610 dixit,
2772 2547 3033 2614 Spiritum
3082 2556 3327 2625 sanctum
3378 2563 3501 2602 esse
3557 2548 3693 2603 vult.

2125 2641 2317 2695 Omnia
2354 2641 2491 2695 enim
2542 2649 2794 2707 operatur
2843 2656 2999 2703 unus,
3052 2647 3209 2709 atque
3254 2640 3391 2693 idem
3436 2625 3723 2707 Spiritu”-

2126 2735 2189 2790 Et
2219 2733 2366 2786 addit
2398 2750 2412 2786 :
2445 2730 2640 2789 Omnia
2668 2731 2827 2785 nobis
2861 2745 2959 2799 per
2977 2731 3152 2799 ipsum
3187 2729 3453 2793 Spiritum
3488 2731 3624 2798 geri.

2196 2822 2496 2879 Notandum
2531 2836 2682 2885 vero,
2713 2830 2767 2876 et
2796 2822 2941 2890 quod
2990 2835 3087 2889 per
3116 2821 3351 2875 medium
3375 2821 3503 2876 dicti
3529 2820 3697 2883 illius,

2124 2913 2268 2986 quod
2305 2914 2487 2967 omnia
2521 2912 2735 2968 scilicet
2771 2927 2867 2981 per
2898 2910 3093 2965 Filium
3131 2912 3241 2966 sint
3289 2898 3465 2976 facta,
3504 2910 3698 2965 Filium

2047 3031 2093 3091 ο
2127 3015 2423 3067 auctorem,
2454 3013 2510 3058 et
2546 3018 2770 3058 causam
2820 3004 3083 3058 bonorum
3130 3017 3252 3072 quas
3301 3018 3399 3073 per
3438 3003 3697 3073 Spiritum

2128 3098 2286 3153 nobis
2324 3104 2609 3165 geruntur,
2638 3096 2875 3151 ostendit
2928 3095 3128 3162 ;simul
3173 3096 3362 3159 etiam,
3405 3109 3527 3165 quae
3575 3107 3701 3149 ante

2128 3188 2481 3259 praediximus
2539 3188 2607 3243 de
2647 3200 3002 3255 personarum
3055 3187 3281 3254 ordine,
3327 3201 3395 3242 es
3446 3187 3699 3257 praesenti

2128 3294 2344 3349 quoque
2372 3278 2517 3334 dicto
2560 3277 2905 3343 roborantur,
2972 3279 3271 3349 procedens
3297 3281 3520 3349 quippe,
3568 3279 3694 3333 ait:
3792 3306 3803 3313 ι

2132 3368 2278 3437 quod
2327 3381 2425 3437 per
2461 3367 2654 3422 Filium
2678 3367 2899 3436 quidem
2948 3369 3152 3433 omnia,
3202 3382 3323 3422 cum
3357 3383 3465 3423 non
3498 3378 3698 3435 essent,

2134 3460 2203 3512 ad
2240 3472 2362 3512 esse
2391 3457 2655 3527 producm
2686 3458 2816 3514 sint.
2853 3457 2972 3513 Non
2995 3458 3141 3513 enim
3172 3473 3348 3528 neque
3370 3474 3438 3514 ex
3468 3461 3570 3515 hac
3595 3460 3701 3512 vir-

2134 3557 2249 3603 tute
2295 3550 2420 3604 siue
2465 3547 2760 3619 principio,
2811 3550 2904 3604 sed
2949 3550 3196 3619 quasdam
3234 3552 3405 3606 virtus
3436 3561 3550 3619 est,
3583 3554 3703 3607 sine

2136 3640 2443 3706 nativitate,
2490 3641 2611 3696 sine
2664 3640 2931 3710 principio
2983 3641 3319 3708 subsistens;
3369 3658 3489 3711 qum
3538 3658 3700 3699 causa

2133 3737 2218 3783 est
2257 3743 2442 3785 eorum
2482 3744 2604 3798 qua:
2641 3739 2772 3784 sunt
2813 3731 3054 3785 omnium
3102 3746 3297 3793 causae.
3350 3741 3406 3787 et
3440 3748 3560 3800 qua
3606 3748 3706 3801 por

2140 3816 2406 3887 Spiritum
2445 3818 2607 3874 nobis
2650 3829 2937 3888 geruntur.
2989 3818 3064 3875 De
3115 3820 3215 3877 hoc
3246 3822 3388 3875 enim
3422 3823 3495 3875 illi
3527 3838 3705 3875 sermo

2139 3907 2427 3963 institutus
2457 3916 2577 3961 erat
2617 3924 2632 3962 :
2671 3910 2767 3962 sed
2797 3916 2853 3964 et
2897 3910 3225 3964 voluntatem
3268 3910 3375 3965 alio
3402 3925 3616 3980 quoque
3651 3912 3705 3965 in

2153 4001 2276 4056 loco
2323 3999 2584 4069 Spiritum
2625 4011 2872 4055 sanctum
2916 4002 3248 4071 Augustinus
3292 4002 3601 4070 appellavit.
3640 4004 3709 4057 At

2140 4106 2270 4147 vero
2301 4090 2563 4154 charitas,
2590 4102 2645 4147 et
2674 4106 2846 4156 amor,
2870 4101 2927 4145 et
2960 4098 3212 4146 voluntas
3242 4091 3584 4146 tandemdem
3616 4106 3707 4143 va-

2153 4183 2288 4240 lent.
2324 4181 2475 4248 Quod
2503 4182 2645 4236 enim
2672 4184 2801 4251 quis
2835 4191 3005 4245 amat,
3045 4183 3145 4237 hoc
3178 4192 3232 4237 et
3257 4182 3453 4252 diligit,
3480 4192 3539 4237 et
3570 4183 3707 4237 vult.

2221 4275 2573 4329 Concordant
2612 4274 2738 4328 huic
2772 4282 2829 4327 et
2858 4284 3066 4329 veteres
3113 4273 3189 4328 illi
3220 4275 3359 4342 apud
3389 4286 3489 4326 nos
3517 4273 3708 4326 Eccle-

473 4347 581 4399 lum
612 4361 677 4399 ex
704 4356 950 4418 utroque,
972 4349 1021 4402 id
1047 4357 1148 4414 est,
1173 4363 1235 4403 ex
1273 4348 1432 4405 Patre
1456 4350 1759 4419 perFiliunt
1782 4356 2042 4423 dixit;ita
2074 4373 2120 4428 η
2147 4366 2240 4420 sia;
2283 4365 2557 4433 magistri.
2590 4364 2653 4420 Hi
2678 4366 2847 4429 enim,
2886 4373 2942 4419 et
2968 4378 3201 4433 magnus
3232 4364 3284 4419 in
3320 4364 3508 4433 prima.
3537 4364 3703 4417 Αιιιη.

471 4450 526 4493 ει
550 4441 651 4493 iste
676 4455 741 4494 ex
773 4443 1013 4509 utrisque
1054 4441 1369 4510 procedere.
1405 4451 1458 4495 et
1488 4444 1539 4498 in
1564 4445 1809 4517 utrisque
1837 4450 2042 4519 perdu-

473 4545 597 4583 rare
624 4546 638 4594 ;
671 4540 834 4599 atque
871 4546 935 4585 ex
964 4533 1248 4597 ambobus,
1296 4537 1348 4589 id
1387 4545 1492 4597 est,
1525 4550 1589 4590 ex
1618 4536 1801 4601 Patre,
1820 4548 1875 4594 et
1904 4539 2041 4598 Filio

472 4640 615 4679 esse.
646 4626 712 4680 Et
745 4637 805 4680 ut
843 4628 1161 4682 citaritatem
1194 4628 1455 4698 Spiritum
1512 4642 1763 4686 sanctum
1785 4636 2039 4706 Augusti-

474 4721 1045 4789 nus'appcllavitﬂta
1091 4733 1143 4776 et
1177 4724 1503 4781 Athanasius
1557 4723 1624 4778 ad
1683 4727 2032 4800 Serapionem

473 4812 741 4880 scribens,
783 4813 1151 4886 aittbeuique
1174 4815 1497 4889 Corinthiis,
1531 4836 1689 4876 orans
1738 4822 1793 4876 in
1854 4819 2032 4877 Triniv

476 4917 582 4959 tate
632 4905 843 4972 orabat,
906 4905 1372 4963 dicenanratia
1409 4911 1621 4965 Domini
1680 4916 1846 4968 nostri
1906 4913 2038 4968 Iesu

475 4997 695 5062 Christi,
721 5010 771 5051 et
815 4998 1025 5051 dilectio
1060 4998 1178 5065 Dei,
1226 5010 1275 5055 et
1302 5001 1504 5067 Patris,
1535 5016 1583 5057 et
1632 5006 2039 5060 communicatio

472 5086 707 5156 Spiritus
739 5092 907 5142 sancti
931 5108 1047 5143 cum
1077 5092 1317 5146 omnibus
1344 5096 1482 5147 vobis
1511 5096 1610 5149 ".t
1638 5094 1872 5163 Spiritus
1899 5099 2040 5151 enim

476 5182 777 5249 participes,
808 5182 1057 5237 habemus
1083 5182 1221 5239 verbi
1242 5188 1495 5255 gratiam,
1519 5197 1673 5255 atque
1706 5189 1759 5240 in
1788 5188 1900 5254 ipso
1930 5186 2041 5241 l’ao

478 5274 894 5329 nec/raritatem.
909 5274 1133 5329 Constat
1147 5275 1331 5346 igitur,
1349 5277 1473 5346 quia
1510 5277 1770 5345 Spiritum
1787 5286 2033 5333 sanctum

478 5359 532 5413 in
558 5362 661 5415 hoc
696 5364 813 5416 loco
847 5365 1136 5433 appellavit
1161 5385 1173 5419 :
1198 5368 1269 5420 ita
1291 5369 1433 5421 enim
1463 5367 1705 5422 Trinitas
1731 5367 2037 5423 iusiuuabi-

481 5462 569 5505 tttr
603 5454 653 5507 in
690 5468 793 5520 qua
842 5456 1160 5525 Apostolum
1202 5457 1267 5511 ad
1326 5456 1637 5512 Corinthios
1700 5472 1907 5520 orasse.
1942 5466 2035 5510 att.

480 5543 644 5598 Certe
689 5552 745 5598 et
794 5545 983 5600 beatus
1035 5546 1352 5601 Theodorus
1408 5548 1648 5602 Studites
1695 5550 1762 5602 de
1832 5549 2039 5617 Spiritu

557 5728 605 5759 ”
634 5726 751 5785 Act.
789 5745 845 5795 tt,
878 5731 928 5785 4.
1006 5734 1050 5764 ’⁸
1087 5736 1207 5787 Act.
1242 5746 1356 5797 xm,
1386 5732 1437 5785 5.
1517 5733 1560 5763 ’⁸
1604 5731 1621 5786 l
1663 5731 1787 5787 Cor.
1821 5747 1934 5797 χιιι,
1977 5731 2054 5784 15.

2149 4457 2335 4513 nasius
2379 4456 2439 4511 in
2471 4457 2579 4521 his.
2610 4471 2731 4525 quae
2769 4465 2956 4510 contra
2989 4458 3174 4510 Arium
3217 4456 3458 4523 scripsit,
3490 4470 3586 4511 eos
3615 4457 3707 4524 qui

2146 4549 2388 4601 dicereut
2419 4548 2749 4615 posteriores
2781 4547 2939 4601 Patre
2969 4545 3162 4602 Filium
3195 4556 3250 4603 et
3280 4547 3539 4615 Spiritum
3585 4561 3711 4601 san-

2143 4647 2288 4691 ctum
2322 4637 2696 4692 ratiocinando
2724 4637 2870 4691 illam
2909 4637 3298 4692 absurditatem
3325 4630 3654 4692 induxerunt
3691 4653 3706 4691 :

2142 4724 2308 4779 veluti
2340 4724 2385 4777 si
2416 4725 2684 4791 dicerent,
2722 4725 2843 4779 sine
2874 4727 3102 4790 ratione,
3140 4737 3194 4780 et
3227 4726 3507 4780 voluntate
3541 4724 3711 4780 Deum

2139 4831 2276 4872 esse.
2299 4816 2363 4870 Et
2388 4817 2580 4871 merito
2604 4835 2619 4885 ;
2653 4816 2777 4886 quia
2800 4818 2940 4873 enim
2965 4816 3108 4873 Deus
3139 4818 3510 4888 intelligihilis,
3536 4833 3599 4871 ac
3622 4832 3713 4870 vo-

2138 4909 2256 4963 lens
2292 4917 2395 4973 est,
2427 4911 2727 4964 secundum
2754 4912 2757 4919 ”
2776 4924 3095 4965 communes
3146 4909 3216 4965 de
3264 4910 3365 4963 hoc
3403 4910 3712 4978 intelligen-

2148 5004 2273 5067 tias,
2308 5001 2710 5075 Seripturteque
2756 5002 3076 5064 sententias,
3116 4999 3520 5054 rationabiliurn
3584 5013 3713 5054 vero

2148 5094 2427 5167 perfectio,
2472 5100 2754 5156 rationem,
2786 5104 2948 5160 atque
2992 5092 3326 5146 voluntatem
3359 5091 3558 5145 habere
3595 5100 3702 5152 est,

2147 5189 2328 5243 omnis
2358 5194 2542 5240 autem
2569 5166 2836 5256 perfectio
2894 5183 3267 5252 principalius,
3318 5195 3481 5248 atque
3510 5180 3716 5247 periec-

2150 5280 2259 5334 tius
2294 5279 2373 5332 'iu
2428 5277 2535 5332 Deo
2588 5278 2688 5333 sita
2743 5288 2827 5331 est
2858 5295 2873 5331 :
2906 5276 3357 5344 quemadmodum
3399 5274 3540 5326 Deus
3598 5276 3713 5340 ipso

2146 5374 2379 5441 seipsum
2428 5371 2751 5440 intelligens,
2794 5370 3023 5437 ipsesihi
3062 5369 3160 5436 ipsi
3201 5366 3557 5436 intelligibilis
3587 5375 3708 5429 est;

2152 5465 2253 5518 hoc
2277 5464 2420 5516 enim
2446 5471 2532 5515 Cal
2563 5472 2615 5515 et
2647 5477 2866 5516 movere
2906 5463 3080 5529 ipsum
3104 5459 3477 5529 speculatione
3505 5451 3623 5521 sut';
3653 5473 3712 5511 sc

2153 5553 2323 5606 iosum
2373 5566 2505 5605 vero
2551 5551 2894 5620 intelligens,
2950 5562 3004 5606 et
3050 5552 3155 5606 alia
3206 5546 3477 5617 intelligit,
3531 5556 3587 5600 nt
3640 5546 3715 5597 ait

2132 5732 2224 5789 "'1
2254 5732 2380 5786 αυτ.
2426 5746 2520 5793 xu,
2558 5732 2637 5785 ll.
