4010 6220
288 258 398 327 125

1352 267 1753 332 ADVERSUS
1782 272 2096 335 (ΗΜΕῐῖοὸ
2126 278 2248 336 LIB
2321 276 2399 337 Ιῐ.

3442 285 3545 351 128

289 377 589 445 Dionysius
625 376 884 443 eximius;
911 388 1077 451 atque
1105 381 1228 436 ltiue
1286 381 1474 448 Verbi,
1497 392 1551 438 et
1580 380 1698 440 Filii
1737 402 1859 452 per-
1888 405 1935 449 Α
1962 400 2053 444 eto
2097 391 2451 456 contumelia,
2482 391 2615 445 nihil
2661 392 2746 447 vel
2781 392 2933 468 ipsis,
2972 393 3053 448 vel
3089 395 3197 447 Deo
3245 397 3538 464 lndignius,

285 484 421 521 sona
456 471 717 525 cooritur.
754 472 906 538 Quod
950 476 1091 528 enim
1139 474 1413 529 delinibile
1437 487 1522 531 est
1566 479 1635 533 ad
1669 481 1863 535 delini-

289 561 496 613 tionem
536 563 765 618 relative
795 566 1033 620 dicitur:
1066 579 1230 638 atque
1264 570 1380 639 ipse
1419 580 1504 626 est
1532 573 1705 627 Patria
1726 572 1862 627 deii-

287 652 444 719 nitio,
475 662 527 706 et
556 651 814 720 Veritum,
841 665 895 708 et
915 658 1056 712 sicut
1076 661 1317 716 deﬁnitio
1339 664 1407 717 ad
1436 664 1732 727 deﬁnitum,
1759 664 1862 727 sic.

285 743 454 796 habet
486 741 659 799 Filius
693 746 759 798 ad
790 745 1004 802 Patrem
1035 753 1331 807 secundum
1359 755 1691 824 Theologum
1725 756 1863 809 Gre-

283 835 517 900 gnriutn.
574 836 683 890 Sed
726 849 784 891 et
832 841 1312 899 consttltstantialis
1381 846 1429 900 ei
1481 855 1588 900 est.
1647 844 1860 899 Nullum

282 926 426 978 enim
452 928 708 982 accidens
736 931 789 983 in
816 928 944 997 Deo,
985 934 1063 987 sic
1097 946 1152 989 et
1190 936 1305 1005 ipse
1335 952 1396 991 se
1425 938 1599 1006 ipsum
1631 929 1712 991 est
1739 937 1862 990 dili-

282 1030 437 1083 gens,
467 1026 522 1071 et
547 1020 736 1072 volens
760 1030 812 1073 et
842 1036 1053 1079 amans.
1078 1026 1199 1094 ipse
1262 1028 1459 1099 quippe
1489 1029 1591 1083 sibi
1615 1029 1861 1083 estdesi-

281 1107 550 1172 derabile,
580 1119 634 1164 et
670 1126 966 1179 summum,
1012 1125 1066 1169 et
1094 1117 1319 1183 bonum,
1363 1135 1429 1174 ex
1461 1135 1520 1175 se
1557 1121 1672 1189 ipso
1706 1135 1859 1174 suam

279 1200 531 1264 producit
564 1200 915 1265 voluntatem.
939 1206 1051 1261 sive
1080 1206 1423 1275 charitatem,
1458 1210 1572 1265 sive
1594 1226 1859 1275 amorem,

278 1305 399 1356 qua:
455 1288 684 1358 Spiritui
721 1305 914 1349 sancto
991 1298 1217 1354 relative
1262 1301 1546 1367 assignant
1604 1302 1860 1357 Ecclesia:

277 1381 551 1448 magistri.
586 1381 775 1452 Neque
807 1386 949 1439 enim
973 1387 1110 1442 alias
1141 1390 1224 1443 bis
1251 1392 1341 1459 qui
1371 1402 1627 1463 negarent
1650 1389 1857 1446 Filium

276 1482 328 1523 et
356 1471 629 1541 Spiritum
655 1486 925 1543 sanctum,
957 1478 1252 1547 objicerent
1284 1485 1424 1552 quod
1474 1484 1592 1539 sine
1651 1486 1860 1539 ratione

277 1571 331 1615 et
376 1562 665 1618 voluntate
714 1563 879 1621 Deum
917 1570 1069 1624 fateri
1120 1583 1473 1641 cogerentur;
1512 1575 1614 1629 nisi
1647 1574 1858 1629 Patrem

276 1653 521 1717 quidem,
552 1667 817 1722 mentem,
851 1658 1073 1724 Filium,
1101 1663 1332 1717 Verbum
1370 1681 1385 1718 :
1420 1663 1681 1732 Spiritum
1728 1680 1857 1721 vero

275 1756 555 1808 Sanctum,
588 1749 941 1815 voluntatem,
970 1752 1190 1808 relative
1221 1753 1512 1810 voluissent
1540 1755 1741 1811 dicere.

341 1835 409 1889 Et
462 1838 725 1906 quoniam
763 1852 1022 1909 quantum
1059 1853 1163 1907 est,
1201 1844 1341 1911 quod
1373 1845 1638 1916 diligitur,
1701 1855 1851 1901 tanta

274 1935 325 1979 et
372 1926 627 1993 dilectio,
657 1932 779 1985 sive
816 1935 1061 1989 voluntas
1113 1944 1232 2000 est;
1281 1938 1469 2005 parilis
1498 1947 1552 1992 et
1587 1940 1697 2009 ipsa
1744 1940 1852 1994 Deo

274 2028 376 2085 est,
414 2028 471 2073 et
502 2036 815 2089 exasquans.
847 2025 939 2079 Est
970 2036 1023 2081 et
1053 2029 1561 2094 cottsubstantialis,
1590 2032 1849 2098 quoniam

279 2110 334 2162 in
382 2109 499 2163 Deo
555 2112 761 2166 nullum
805 2115 1076 2170 accidens.
1128 2117 1216 2170 Sic
1265 2117 1430 2187 igitur
1455 2129 1510 2173 et
1556 2119 1698 2174 Deus
1753 2133 1853 2189 pro

271 2199 532 2255 cantesso
589 2200 822 2257 habetur
872 2203 1106 2275 Spiritus
1150 2218 1368 2264 sanctus
1419 2210 1855 2264 consubstantia-

275 2292 337 2343 lis
390 2290 545 2347 Patri
590 2303 643 2347 et
702 2294 857 2362 Filio,
908 2305 963 2350 et
1011 2308 1333 2353 comterntts.
1382 2299 1664 2371 Nunquam
1709 2302 1852 2355 enim

279 2382 383 2436 iuit
433 2386 558 2439 sine
595 2387 782 2453 verbo,
832 2396 888 2443 et
940 2390 1059 2444 sine
1101 2392 1383 2447 voluntate
1424 2392 1585 2449 Deus.
1619 2394 1691 2447 Ex
1725 2408 1853 2463 Quo,

275 2486 323 2530 et
356 2492 483 2543 quae
513 2478 774 2545 praedicta
808 2489 957 2543 sunt,
1013 2498 1117 2535 una
1180 2495 1461 2552 apparent,
1495 2486 1636 2553 quod
1689 2484 1856 2540 Filius

280 2570 494 2623 scilicet
547 2571 619 2624 sit
653 2585 714 2624 ex
753 2570 914 2626 Patre
956 2573 1073 2628 sine
1124 2576 1323 2639 medio,
1358 2577 1520 2630 veluti
1558 2592 1625 2630 ex
1674 2586 1858 2631 mente

284 2661 511 2713 verbum
548 2699 565 2713 .
599 2661 836 2728 Spiritus
878 2674 1055 2718 autem
1099 2676 1323 2720 sanctus
1348 2683 1413 2721 ex
1457 2665 1621 2722 Patre'
1649 2684 1745 2735 per
1773 2665 1859 2721 Fi-

281 2748 431 2813 lium,
494 2751 659 2806 sicuti
707 2753 999 2819 voluntas,
1053 2765 1105 2811 et
1160 2757 1423 2821 Charitas,
1469 2767 1524 2813 et
1563 2774 1737 2825 amor,
1789 2775 1859 2815 ex

282 2847 461 2893 mente
508 2854 607 2908 per
672 2845 917 2907 verbum,
950 2853 1004 2899 et
1033 2861 1096 2900 ex
1143 2846 1322 2903 Verbo
1355 2850 1555 2918 prodit.
1598 2849 1857 2918 impossi-

284 2930 386 2983 bile
412 2947 652 3001 namque
681 2943 783 2998 est,
812 2936 969 2999 velle,
996 2937 1074 2990 vel
1099 2938 1342 3007 diligere,
1367 2940 1469 2995 nisi
1494 2956 1587 3009 per
1611 2944 1858 3006 verbum,

280 3030 331 3073 et
385 3024 729 3089 pnecedente
777 3025 960 3079 verbo.
1006 3026 1273 3091 Quocirca
1328 3029 1493 3082 etiam
1542 3032 1739 3086 merito
1792 3046 1857 3087 ex

286 3112 459 3166 Verbo
517 3114 811 3181 procedere
851 3116 1069 3172 dicitur.

350 3207 492 3273 Quia
554 3209 717 3277 igitur
776 3211 1073 3265 secundum
1137 3227 1451 3283 processum
1518 3200 1859 3279 voluntatis,

280 3300 399 3355 sive
444 3301 770 3367 cbaritatis,
802 3317 871 3357 ex
928 3301 1085 3357 Patre
1128 3319 1225 3373 per
1274 3306 1511 3361 Verbum
1572 3308 1862 3373 procedere

282 3390 554 3459 Spiritum
602 3395 940 3461 Augustinus
997 3395 1290 3466 intelligit;
1341 3396 1548 3452 idcirco
1589 3414 1711 3452 cum
1774 3400 1858 3451 di-

288 3487 490 3548 sisset,
526 3486 727 3553 ipsum,
785 3486 1022 3542 dictante
1057 3487 1357 3557 Scriptura,
1409 3490 1730 3546 cbaritatem
1758 3490 1860 3545 Pa.

284 3576 384 3628 tris
425 3591 491 3629 ae
546 3575 701 3641 Filii,
735 3578 899 3631 etiam
947 3593 1013 3632 ex
1062 3578 1242 3641 Patre,
1272 3588 1326 3634 et
1378 3580 1515 3635 Filio
1561 3583 1858 3650 procedere

282 3668 582 3723 concludit.
637 3667 754 3734 Qua
813 3670 1161 3726 conclusione
1207 3671 1412 3728 Gracia
1461 3689 1678 3744 quoque
1730 3674 1859 3729 doc-

284 3760 540 3825 toribus,
593 3770 652 3814 ut
702 3776 864 3828 supra
928 3764 1246 3826 docuimus,
1303 3765 1538 3818 maxime
1590 3780 1859 3821 consonus

281 3861 413 3905 est.
475 3850 542 3903 Hi
593 3852 739 3907 enim
786 3867 853 3906 ex
901 3852 1060 3908 Patre
1120 3869 1217 3922 per
1264 3854 1462 3909 Filium
1522 3857 1815 3925 procedere
1844 3896 1858 3918 .

282 3952 334 3996 et
371 3959 439 3996 ex
504 3941 663 3996 Patre
725 3953 778 3997 et
822 3942 960 3997 Filio
1016 3959 1137 3999 esse
1204 3956 1457 4002 asserunt
1494 3964 1509 4003 :
1544 3949 1710 4017 quod,
1765 3952 1857 4018 qui

284 4042 467 4103 negat,
510 4035 741 4088 alterum
788 4050 854 4089 ex
897 4035 1124 4099 duobus,
1156 4037 1237 4090 vel
1270 4037 1481 4094 Patrem
1511 4041 1631 4095 sine
1664 4042 1857 4109 Verbo,

284 4137 337 4179 et
390 4129 694 4193 voluntate,
747 4129 828 4183 vel
882 4130 1017 4185 duos
1040 4127 1207 4189 Filios
1255 4132 1306 4185 in
1356 4144 1545 4187 sancta
1593 4133 1860 4191 Triuitate

286 4218 657 4283 cantitebitur,
700 4229 751 4273 et
810 4221 997 4277 ambos
1061 4224 1180 4278 sine
1245 4222 1353 4278 ullo
1413 4224 1594 4281 medio
1635 4241 1697 4282 ex
1755 4227 1858 4281 Pa-

288 4320 366 4365 tre
410 4326 539 4364 esse
592 4327 771 4380 posse.

1966 479 2049 533 vel
2100 482 2320 549 gravius
2374 481 2603 551 irrogari
2650 492 2846 555 potest,
2896 484 3149 552 quodque
3188 491 3367 552 majus
3405 497 3529 552 est,

1964 580 2150 626 contra
2198 573 2319 627 illos
2371 573 2719 635 mentiendo,
2772 588 2831 627 se
2876 573 3021 640 ipsos
3072 573 3159 626 isti
3213 590 3243 628 a
3304 577 3539 631 veritate

1964 661 2176 716 illon
2208 662 2414 718 iaciunt
2439 671 2706 719 extorres:
2736 677 2800 718 ac
2838 662 3033 717 deinde
3063 673 3256 729 putant
3290 665 3532 720 debitum

1963 766 2024 809 se
2073 752 2179 805 illis
2214 755 2473 807 honorem
2534 753 2779 807 reddere.
2822 750 3009 822 Neque
3062 767 3198 807 sane
3252 757 3534 817 convenit,
3604 814 3627 821 -

1962 858 2031 898 ne
2070 844 2234 897 etiam
2266 859 2294 897 a
2323 843 2463 897 Filio
2490 856 2613 898 esse
2640 843 2899 911 Spiritum
2944 855 3189 899 sanctum
3223 850 3534 901 necessario

1960 932 2337 993 conﬁteantur,
2382 932 2534 999 juxta
2585 932 2806 987 Patrum
2855 936 3260 990 veracissimam
3315 938 3527 991 theolo-

1960 1026 2099 1094 giam
2126 1038 2142 1076 :
2173 1024 2296 1078 dum
2331 1040 2527 1089 negare
2577 1025 2761 1078 volunt
2790 1040 2912 1079 eum
2955 1041 2984 1080 a
3014 1027 3151 1080 Filio
3176 1029 3318 1092 dari,
3356 1044 3531 1095 neque

1960 1112 2121 1175 mitti,
2150 1112 2409 1177 Spiritum
2456 1123 2729 1175 sanctum,
2795 1121 3022 1183 gratiam
3065 1118 3185 1172 sine
3230 1121 3532 1172 substantia

1960 1201 2143 1256 dicere
2197 1216 2527 1268 pratsumere
2558 1242 2573 1268 ,
2627 1202 2768 1257 sicut
2822 1205 2968 1257 enim
3026 1206 3232 1262 dictum
3278 1219 3381 1261 est:
3441 1207 3534 1262 Sic

1963 1292 2102 1347 Deus
2137 1293 2325 1347 dilexit
2366 1294 2641 1359 mundum,
2691 1305 2749 1347 ut
2784 1294 2982 1349 Filium
3019 1314 3171 1351 suum
3212 1301 3531 1367 unigenitum

1958 1386 2105 1438 daret
2149 1400 2240 1451 pro
2269 1401 2328 1440 eo
2353 1384 2438 1440 ’δι
2470 1388 2541 1439 ita
2572 1393 2626 1440 et
2655 1386 2916 1456 Spiritum
2955 1399 3221 1451 sanctum,
3254 1391 3535 1459 Scriptura

1959 1492 2088 1533 cum
2128 1478 2440 1532 doctoribus
2491 1478 2760 1532 clamante
2790 1479 2933 1544 dari,
2967 1494 3031 1534 ac
3062 1482 3222 1542 mitti,
3254 1482 3532 1537 fatendum
3598 1550 3615 1561 .

1957 1576 2063 1630 est,
2122 1568 2379 1637 quoniam
2436 1568 2625 1623 dilexit
2679 1584 2777 1623 nos
2810 1586 2826 1626 :
2863 1570 2993 1622 illud
3044 1581 3303 1639 presteres
3355 1582 3536 1626 mente

1959 1660 2271 1727 repetendo,
2325 1662 2470 1729 quod
2520 1661 2759 1727 quotidie
2801 1671 3046 1723 orantes.
3081 1663 3335 1717 dicimus:
3379 1663 3529 1730 Vetti,

1878 1747 1927 1806 Β
1960 1747 2228 1803 Paraclete
2257 1751 2492 1818 benigne,
2520 1761 2569 1805 et
2606 1752 2785 1806 habita
2834 1754 2888 1805 in
2917 1754 3063 1806 nobis
3096 1764 3189 1817 ;et
3218 1772 3231 1808 :
3278 1754 3531 1821 Domine,

1955 1841 2045 1911 qui
2090 1848 2329 1893 sanctum
2358 1842 2634 1908 ’Spiritum
2666 1849 2811 1896 luunt
2866 1846 2999 1897 hora
3045 1846 3198 1898 tertia
3250 1847 3355 1899 tuis
3400 1863 3535 1913 apo-

1956 1932 2105 1986 stolis
2169 1934 2378 1996 misisti,
2411 1935 2548 1987 hunc
2580 1951 2613 1988 α
2671 1936 2817 1988 nobis
2880 1936 3121 1997 clemens,
3182 1954 3244 1990 ne
3293 1939 3529 2006 auferas.

1959 2020 2185 2076 Prorsus
2225 2038 2354 2077 vero
2386 2039 2663 2090 nunquam
2695 2025 2763 2078 ab
2811 2025 2932 2093 ipso
2963 2027 3123 2079 datus
3168 2027 3387 2090 luisset,
3421 2030 3529 2083 nisi

1958 2121 2012 2167 et
2036 2114 2103 2165 ab
2133 2113 2249 2181 ipso
2271 2124 2433 2168 esset.
2466 2115 2632 2168 Aliter
2661 2114 2862 2184 quippe
2888 2115 3139 2170 minister
3161 2126 3305 2171 esset
3338 2117 3529 2173 Filius.

1961 2203 2083 2259 Ideo
2116 2212 2168 2258 et
2205 2205 2408 2258 dictum
2458 2214 2584 2260 est:
2621 2207 2666 2258 A
2697 2222 2804 2271 quo
2851 2214 3031 2260 autem
3058 2207 3173 2259 dari
3220 2210 3526 2274 oportebat.

1962 2296 2060 2350 nisi
2098 2296 2165 2349 ab
2198 2310 2286 2358 eo,
2327 2296 2481 2361 cujus
2519 2297 2646 2350 est?
2684 2296 2750 2350 Et
2784 2297 2918 2351 illud
2971 2298 3098 2351 item
3128 2307 3366 2363 constat,
3402 2300 3529 2368 quia

1961 2400 2138 2453 neque
2172 2385 2404 2438 Verbum
2444 2385 2831 2449 daretttr,»nisi
2869 2388 3207 2454 precedente
3242 2387 3529 2453 cbaritate,

1963 2475 2261 2531 secundum
2297 2491 2459 2544 quam
2487 2475 2681 2530 dilexit
2708 2490 2827 2531 nos.
2862 2475 2927 2531 Et
2950 2478 3077 2544 quia
3101 2474 3341 2545 Spiritus
3372 2492 3530 2531 sanc-

1973 2578 2060 2623 tus
2120 2569 2364 2623 charitas
2433 2569 2674 2635 dicitur,
2730 2570 3103 2638 principaliter
3160 2571 3333 2638 ipsum
3380 2570 3532 2624 dedit

1964 2662 2124 2718 nobis
2155 2674 2276 2714 cum
2310 2662 2592 2717 dilexisset
2642 2675 2763 2724 nos,
2792 2658 3027 2715 maxime
3061 2656 3184 2730 quia
3243 2670 3297 2715 et
3332 2660 3522 2713 volun-

1963 2763 2068 2817 tas,
2128 2757 2253 2825 quia
2312 2769 2373 2809 se
2431 2754 2605 2821 ipsum
2661 2764 2715 2807 et
2753 2752 2950 2820 diligit,
2994 2760 3053 2806 et
3101 2752 3218 2805 vult
3292 2751 3532 2822 Spiritus

1965 2856 2207 2915 sanctus,
2247 2846 2545 2915 appellatus
2604 2854 2707 2900 est.
2753 2845 2855 2911 Qui
2904 2845 3045 2899 enim
3103 2843 3322 2898 amicus
3370 2842 3528 2899 alicui

1964 2939 2219 3005 efﬁcitur,
2274 2939 2470 2994 bonam
2512 2938 2665 3009 prius
2715 2937 3050 2992 voluntatem
3078 2951 3231 2992 suam
3286 2934 3386 3004 ipsi
3421 2934 3532 2988 lar.-

1967 3030 2130 3099 gitur.

1886 3092 1930 3157 Ο
2034 3122 2185 3177 Scire
2209 3132 2387 3177 tamen
2422 3122 2828 3190 ronvenit,qu:e
2851 3110 3209 3177 communiter
3238 3125 3399 3185 atque
3436 3114 3537 3167 in-

1961 3216 2197 3270 discrete
2221 3230 2362 3283 saepe
2390 3215 2440 3268 iu
2470 3215 2579 3269 Deo
2601 3214 2857 3269 dicuntur
2882 3252 2897 3277 ,
2948 3211 3168 3265 relative
3200 3223 3264 3262 ac
3311 3206 3541 3276 proprie.

1962 3308 2015 3361 in
2040 3322 2109 3362 eo
2131 3306 2257 3361 dici.
2293 3306 2359 3361 Et
2397 3306 2596 3360 dicitttr
2621 3306 2803 3372 itaque
2845 3302 3086 3357 rbaritas
3113 3302 3277 3363 Deus,
3301 3301 3442 3354 sicut
3471 3307 3531 3351 et

1962 3411 2136 3461 meas,
2170 3405 2225 3450 et
2256 3395 2478 3449 verbum
2514 3395 2876 3447 communiter
2930 3401 2982 3446 et
3009 3391 3277 3451 absolute,
3304 3388 3399 3443 sed
3428 3389 3530 3442 hoc

1962 3489 2016 3542 in
2056 3488 2178 3542 loco
2203 3486 2433 3541 relative
2460 3485 2691 3554 Spiritui
2726 3484 2990 3540 redditur.
3023 3480 3158 3535 Nam
3181 3491 3236 3535 et
3262 3478 3530 3549 sapientia

1959 3578 2158 3633 dicitur
2183 3577 2403 3645 quidem
2429 3576 2793 3630 communiter
2826 3573 3005 3637 Dens;
3035 3572 3330 3627 secundum
3369 3584 3530 3637 quem

1959 3677 2264 3735 respectum
2298 3675 2426 3720 tunc
2453 3680 2651 3721 nomen
2686 3666 2787 3719 ltoc
2838 3662 3006 3725 Patri,
3041 3671 3097 3715 et
3128 3660 3285 3722 Filio,
3317 3668 3372 3713 et
3400 3659 3527 3725 Spi-

1960 3761 2083 3815 ritui
2113 3768 2301 3815 sancto
2331 3762 2594 3829 tanQuam
2645 3758 2736 3811 uni
2777 3756 2852 3809 rei
2905 3753 3197 3808 indiscrete
3240 3762 3533 3804 commune

1960 3869 2081 3910 esse
2108 3852 2332 3923 intelligi
2367 3866 2589 3907 necesse
2627 3859 2732 3905 est.
2789 3847 2901 3903 Una
2941 3847 3083 3900 cnim
3115 3852 3199 3900 est
3249 3842 3410 3896 trium
3445 3854 3535 3894 es-

1959 3946 2129 4001 sentia
2184 3947 2329 4000 sicut
2367 3954 2421 3997 et
2457 3957 2561 3996 una
2597 3940 2883 4009 sapientia,
2932 3947 2987 3991 et
3022 3951 3125 3990 una
3162 3934 3379 3989 bonitas
3404 3970 3420 3995 ,
3453 3938 3530 3993 et,

1960 4038 2006 4092 si
2051 4036 2182 4105 quid
2219 4035 2363 4089 aliud
2413 4034 2778 4090 communiter
2831 4038 2887 4083 et
2936 4028 3203 4091 absolute,
3231 4033 3423 4089 etest,
3475 4030 3533 4076 et

1960 4129 2301 4199 intelligitur.
2333 4126 2437 4180 Sed
2483 4136 2662 4179 tamen
2694 4114 2911 4193 proprie
2941 4120 3076 4174 Filio
3105 4117 3371 4187 sapientia
3406 4114 3532 4168 red-

1960 4222 2127 4287 ditur,
2158 4221 2406 4289 quamvis
2462 4232 2571 4272 una
2630 4232 2694 4271 ex
2744 4228 2969 4270 numero
3032 4211 3305 4267 exsistens
3345 4209 3534 4270 trium,

1961 4313 2263 4383 eademque
2294 4313 2365 4367 sit
2397 4310 2663 4380 sapientia
2700 4317 2755 4362 et
2806 4322 2925 4376 qua:
2959 4305 3140 4374 genita
3174 4311 3280 4369 est,
3328 4308 3383 4354 et
3412 4312 3534 4366 quze

357 4402 514 4469 Quod
578 4403 627 4457 si
674 4404 797 4472 quis
866 4405 1219 4478 Augusﬁnum
1281 4419 1650 4478 percontetur,
1720 4414 1859 4468 unde
1895 4436 1937 4493 ο
1963 4407 2169 4474 genuit.
2207 4404 2314 4459 alio
2344 4414 2521 4456 tamen
2550 4407 2799 4470 respectu
2840 4398 3167 4493 eadetnnon
3199 4403 3305 4457 est,
3338 4406 3537 4493 secuti-

285 4506 505 4545 causam
552 4494 870 4559 sumpserit,
918 4503 975 4548 ut
1020 4494 1281 4563 Spiritum
1335 4507 1589 4554 sanctum
1635 4503 1856 4566 donum,

289 4593 335 4635 et
363 4584 710 4640 dileuinnem
744 4587 941 4657 Patris,
962 4608 1027 4647 ac
1062 4592 1179 4647 Filii
1219 4594 1439 4658 diceret,
1477 4598 1676 4665 scriptu
1712 4597 1859 4653 illius

291 4679 617 4733 testimoniis
657 4682 959 4737 divinarum
1014 4684 1337 4740 Litterarum
1407 4689 1657 4744 roborata
1708 4690 1856 4761 (nam

284 4768 398 4819 sine
453 4768 562 4827 bis,
624 4769 754 4822 niltil
798 4770 1007 4826 locutus
1058 4772 1165 4841 est)
1200 4775 1249 4827 in
1284 4774 1434 4827 libris
1482 4777 1549 4829 de
1598 4775 1861 4831 Trinitate

290 4872 382 4924 pro
409 4874 482 4913 eo
522 4861 943 4928 respondebunt,
994 4865 1260 4935 simulque
1307 4883 1402 4935 pro
1446 4883 1641 4938 magno
1688 4869 1860 4922 Atlta-

290 4951 459 5009 aasio.
508 4950 605 5016 qui
649 4952 836 5004 eadem
876 4954 1084 5007 locutus
1110 4962 1212 5009 est.
1256 4956 1372 5010 Non
1407 4958 1570 5028 igitur
1619 4960 1857 5028 expedit,

288 5041 409 5093 dum
468 5040 851 5096 conclusiones
902 5044 1349 5101 irrationabiliter
1387 5064 1582 5119 negare
1632 5051 1861 5116 volunt,

288 5132 477 5194 etiam,
512 5148 634 5199 qua
663 5148 694 5187 a
730 5132 830 5188 SS.
860 5134 1108 5192 Patribus
1154 5138 1297 5191 dicta
1331 5149 1483 5204 sunt,
1514 5141 1860 5208 cbaritatem,

291 5240 384 5275 seu
426 5225 783 5292 voluntatem,
833 5240 925 5281 seu
981 5229 1185 5299 aliquid
1233 5230 1539 5299 hujusmndi
1596 5234 1856 5303 Spiritum

295 5328 539 5367 sanctum
588 5320 969 5383 communiter,
1025 5335 1090 5375 ac
1136 5321 1412 5390 sigillatim
1466 5325 1855 5382 confitentibus

294 5419 399 5457 una
433 5422 649 5477 negare,
684 5408 946 5466 adversus
980 5422 1203 5468 sanctos
1244 5412 1588 5482 impudenter
1622 5431 1681 5470 sc
1722 5415 1853 5469 clie-

297 5496 487 5565 rendo,
513 5514 718 5570 eosque
765 5501 865 5557 sibi
898 5502 1123 5558 invicem
1171 5503 1499 5574 objiciendo.
1530 5505 1643 5573 Qua
1675 5506 1858 5577 proie-

368 5671 417 5699 "
447 5668 606 5726 Joan.
640 5686 721 5727 ιιι.
760 5674 843 5728 16.

1965 4498 2094 4551 dum
2132 4495 2348 4550 scilicet
2399 4494 2792 4563 oppositionem
2826 4486 3105 4557 gignendi,
3144 4500 3209 4538 ac
3255 4478 3539 4542 nascendi,

1965 4589 2092 4656 quia
2140 4600 2314 4652 neque
2348 4584 2511 4638 Pater
2573 4581 2742 4636 Filius
2777 4588 2884 4643 est,
2918 4589 3095 4643 neque
3150 4573 3316 4627 Filius
3344 4568 3532 4621 Pater.

1966 4677 2044 4733 Ita
2086 4676 2284 4731 dicitur
2312 4677 2530 4743 quidem
2582 4680 2634 4726 et
2674 4670 2909 4740 Spiritus
2938 4664 3241 4733 Sapientia,
3274 4670 3331 4717 et
3362 4660 3533 4725 Mens,

1961 4788 2150 4829 verum
2187 4772 2412 4825 relative
2439 4785 2504 4823 ac
2548 4767 2845 4822 secundum
2908 4761 3181 4832 propriam
3240 4771 3530 4827 processus

1966 4862 2336 4918 definitionem
2371 4862 2477 4914 hoc
2517 4873 2791 4926 nunquam
2835 4854 3051 4924 penitus
3079 4853 3325 4913 dicetur;
3382 4845 3539 4900 simi-

1963 4953 2093 5007 liter
2118 4962 2173 5006 et
2202 4952 2453 5007 voluntas
2478 4947 2837 5003 communiter
2881 4944 3080 4997 dicitur
3117 4941 3280 4998 Deus,
3322 4935 3447 5005 quia
3477 4941 3537 4987 et

1963 5045 2146 5100 volens
2195 5053 2277 5098 est
2328 5044 2500 5111 ipsum
2553 5048 2908 5108 praeceptum,
2946 5051 3008 5088 ac
3042 5040 3286 5100 potestas
3327 5028 3439 5081 Dei.
3468 5026 3537 5079 Et

1970 5136 2085 5205 ipse
2124 5150 2341 5205 quoque
2370 5134 2460 5188 Dei
2490 5132 2659 5186 Filius
2697 5130 2948 5185 voluntas
2984 5125 3187 5185 Patris,
3211 5119 3535 5175 consilium-

1966 5242 2075 5297 que
2099 5227 2216 5296 ejus
2251 5227 2469 5290 dicitur,
2502 5223 2800 5279 secundum
2838 5228 3143 5291 respectum
3169 5213 3541 5275 dilierentem,

1961 5321 2125 5374 sicuti
2184 5329 2238 5374 et
2292 5318 2591 5386 sapientia;
2642 5312 2906 5383 sapientia
2968 5300 3034 5364 ne
3086 5306 3292 5361 invitus
3345 5302 3532 5366 Pater,

1965 5411 2127 5466 Pater
2159 5427 2280 5466 esse
2319 5410 2586 5470 videatur,
2612 5406 2752 5475 quod
2785 5403 3003 5473 quidam
3041 5399 3307 5461 ﬁdelibus,
3342 5412 3404 5449 ac
3431 5397 3532 5464 pit:

1928 5484 2302 5576 ‘objecerunt.
2355 5503 2590 5568 Verum,
2659 5480 2894 5567 Spiritus
2959 5501 3181 5551 sanctus
3236 5488 3535 5546 secundum
