4010 6220
500 286 598 351 19.7

494 405 657 457 alium
717 408 933 459 modum
980 411 1229 465 voluntas
1261 417 1484 473 relative
1532 423 1711 477 dictus
1766 435 1871 489 est,

494 494 703 546 scilicet
734 498 1106 553 deﬁnitionem
1157 516 1219 557 ac
1264 510 1650 576 proprietatem

494 568 784 651 processus
816 590 927 642 sui.

563 674 851 741 Caeterum,
880 680 925 733 si
956 682 1080 748 quis
1113 686 1239 739 velit
1266 688 1422 755 juxta
1455 696 1771 762 prazdictam
1800 701 2072 759 rationem

492 778 549 820 ct
577 770 793 823 Patrem
832 774 1158 830 charitatem
1189 778 1395 847 dicere,
1440 795 1496 837 et
1546 787 1740 842 Filium
1770 792 2026 849 similiter
2054 813 2071 853 :

491 870 545 910 et
576 859 703 914 hinc
733 864 966 919 absurde
992 882 1372 935 personarum
1430 875 1740 933 introducet
1776 884 2079 942 multitudi-

494 965 637 1013 nem,
677 955 1013 1023 easdemque
1042 972 1257 1017 asseret
1298 967 1672 1036 multipliciter
1708 978 2027 1043 procedere.

514 1065 527 1073 ο
562 1042 669 1097 Sed
694 1049 1027 1114 Augustinus
1052 1055 1267 1120 quidem
1291 1098 1305 1121 ,
1340 1061 1431 1128 qui
1478 1064 1543 1116 de
1591 1065 1693 1119 hoc
1711 1042 2075 1130 subtilissime

489 1133 712 1187 disserit
735 1147 789 1189 et
819 1142 1118 1197 maximein
1146 1146 1295 1201 libris
1330 1149 1407 1204 De
1441 1151 1725 1225 Trinitate,
1770 1172 1822 1214 ut
1859 1163 1941 1217 his
1977 1167 2073 1235 qui

493 1223 674 1277 volunt
714 1226 912 1311 legere,
949 1238 1297 1303 perspicuum
1352 1252 1435 1298 est
1467 1280 1483 1311 ,
1518 1262 1682 1302 unam
1717 1254 2075 1325 eamdemque

1469 1304 1481 1311 _
1864 1304 2068 1325 γνηη--

488 1304 812 1373 charitatem
848 1324 978 1376 dicit
1034 1325 1295 1396 Spiritum
1335 1347 1604 1405 sanctum,
1641 1341 1818 1398 Patris
1845 1354 1899 1399 et
1924 1346 2068 1415 Filii,

1694 518 2075 575 substantialis

488 1418 591 1471 qua
620 1407 760 1461 Deus
794 1426 853 1465 se
891 1415 1065 1482 ip<nm
1113 1419 1307 1489 diligit,
1338 1434 1391 1477 et
1432 1441 1493 1481 se
1533 1428 1764 1486 invicem
1804 1435 1985 1503 Pater,
2016 1449 2095 1494 et.

416 1563 438 1577 .
490 1494 661 1551 Filius
699 1499 955 1571 diligunt,
1001 1522 1162 1575 quam
1209 1516 1370 1567 etiam
1404 1524 1804 1579 connexionem
1831 1530 2075 1585 nominat

490 1586 669 1643 Patris
731 1603 782 1645 et
816 1595 935 1649 Filii
986 1609 1041 1652 et
1105 1606 1379 1671 unionem,
1410 1621 1465 1664 et
1494 1628 1615 1676 qua;
1649 1616 1759 1671 illic
1784 1620 1897 1675 ait:
1932 1623 2075 1678 sicut

486 1769 762 1839 intelligit.
798 1777 905 1832 Nos
936 1792 1115 1837 autem
1140 1800 1261 1840 cum
1294 1769 1504 1846 sanctis
1525 1794 1780 1854 Patribns
1804 1839 1819 1863 ,
1847 1769 1947 1871 pro
1979 1805 2065 1861 bis

484 1866 879 1930 respondentes
933 1872 1164 1939 dicimus
1222 1893 1425 1936 sanetze
1457 1882 1752 1945 Trinitatis
1815 1895 2062 1951 ordinem

485 1952 814 2010 immobilem
856 1977 1076 2019 manere
1104 1980 1379 2036 oportere,
1413 1982 1712 2033 secundum
1748 2000 1938 2052 quem,
1966 2005 2066 2045 nec

484 2045 723 2112 nomina,
741 2064 862 2118 qua:
884 2068 912 2104 a
937 2061 1278 2122 processibus
1303 2066 1865 2144 substantialibusque
1888 2081 2065 2137 modis

482 2148 761 2204 apparent.
786 2156 1220 2206 commutantur:
1246 2171 1417 2225 neque
1446 2176 1695 2228 personae
1733 2166 1813 2220 vel
1851 2185 2065 2240 praepo-

482 2236 703 2293 nuntur,
721 2234 804 2286 vel
826 2247 1250 2313 postponuntur,
1269 2249 1349 2301 vel
1373 2253 1596 2307 omnino
1628 2272 2061 2332 commutantur;

480 2317 620 2372 sicut
656 2324 800 2377 enim
825 2341 961 2381 unus
996 2330 1175 2399 Pater,
1211 2348 1371 2406 atque
1392 2359 1531 2398 unus
1577 2346 1765 2410 Filius,
1798 2362 1851 2404 et
1888 2369 2063 2422 neque

483 2408 651 2466 Filius
683 2414 862 2481 Pater,
908 2434 1078 2490 neque
1097 2423 1258 2481 Pater
1273 2429 1439 2487 Filius
1459 2450 1473 2486 :
1490 2434 1562 2489 ita
1586 2449 1638 2491 et
1662 2455 1765 2493 una
1788 2442 2054 2513 voluntas,

479 2517 574 2556 seu
624 2506 868 2564 cbaritas
900 2510 1141 2580 Spiritus
1197 2534 1422 2579 sanctus
1477 2543 1778 2601 congruere
1833 2535 2062 2594 relative

479 2595 688 2652 scilicet
720 2600 951 2659 dicetur.
994 2606 1173 2679 Atque
1208 2613 1377 2682 idem,
1410 2595 1610 2687 neque.
1644 2621 1806 2679 Pater
1827 2666 1841 2690 ,
1886 2642 2063 2696 neque

1767 313 2172 379 MANUELIS
2215 324 2527 389 CALECE

3663 358 3762 423 1‘28

1921 429 2073 495 juxta
2107 435 2148 489 Α
2181 434 2370 503 Filius,
2405 458 2579 512 neque
2605 462 2778 511 mens,
2815 468 2992 520 neque
3022 455 3287 528 Verbum,
3315 466 3611 523 secundum
3637 487 3764 539 per-

2180 532 2425 585 sonalem
2450 536 2698 593 ordinem
2728 546 2831 597 erit
2856 547 3166 616 aliquando.
3184 552 3265 616 Et,
3286 555 3332 607 si
3368 572 3471 609 una
3497 564 3757 631 essentia,

2177 631 2230 675 et
2261 638 2364 677 una
2414 628 2675 695 charitas,
2730 644 2783 688 et
2814 652 2951 693 unus
2985 639 3288 707 Deus,cum
3320 646 3483 704 Patre
3515 662 3567 706 et
3595 652 3755 722 Filio,

2177 718 2474 773 secundum
2502 723 2709 780 scilicet
2732 732 3041 786 communia
3072 775 3085 797 ,
3112 744 3165 789 et
3213 736 3461 793 absoluta
3491 746 3706 799 nomina
3740 767 3756 802 :

2176 812 2631 875 quemadmodum
2662 828 2717 873 et
2744 819 3059 880 Paraclctus
3087 822 3261 884 dictus
3312 844 3398 886 est
3428 837 3666 905 quidem,
3702 850 3758 895 et

2178 897 2367 965 Filius,
2401 904 2493 956 sed
2527 910 2943 987 propriesancto
2974 912 3201 985 Spiritui
3224 897 3755 996 redditur,quamvis

2176 1006 2281 1045 non
2316 995 2469 1047 video
2497 1013 2593 1052 cur
2624 1004 2799 1071 magis
2844 1023 2909 1060 ex
2946 1022 3011 1061 eo
3039 1011 3183 1079 quod
3212 1014 3471 1083 Spiritus,
3510 1021 3591 1074 vel
3616 1022 3754 1075 cha-

2175 1083 2332 1147 ritas,
2362 1088 2443 1142 vel
2481 1091 2750 1158 voluntas,
2780 1097 2861 1150 vel
2917 1100 3119 1168 aliquid
3161 1103 3471 1172 hujusmodi
3523 1111 3755 1169 dicitur.

2176 1171 2334 1228 Talia
2375 1178 2611 1235 absurda
2647 1186 2803 1252 sequi
2858 1191 3103 1245 nonnulli
3152 1195 3509 1254 arbitrantur.
3558 1202 3632 1257 Ex
3686 1221 3753 1260 eo

2175 1277 2379 1334 autem,
2413 1274 2559 1341 quod
2591 1276 2826 1344 Spiritus
2858 1280 2999 1336 idem
3040 1286 3269 1353 dicatur,
3298 1306 3401 1345 non
3434 1293 3631 1350 itidem.

2245 1359 2445 1416 Eadem
2479 1368 2680 1437 quippe
2732 1375 2943 1430 ratione
2987 1377 3168 1434 dicere
3212 1382 3484 1451 quispiam
3539 1402 3749 1458 posset,

2172 1460 2225 1506 et
2260 1454 2520 1523 Spiritum
2553 1462 2764 1527 spirare
2787 1465 2951 1520 alium
2975 1468 3259 1538 Spiritntn,
3280 1474 3539 1544 illumque
3559 1497 3754 1537 rursus

2173 1545 2363 1610 alium,
2397 1557 2559 1615 atque
2603 1554 2705 1607 hoc
2752 1557 2804 1610 in
2838 1558 3107 1615 inﬁnitum
3136 1565 3322 1632 tendi;
3363 1570 3650 1637 similiter,
3696 1586 3755 1628 et

2173 1633 2372 1690 Filium
2406 1640 2621 1705 quidem
2652 1648 2896 1715 gignere,
2936 1659 2990 1703 et
3040 1654 3133 1721 qui
3158 1668 3222 1707 ex
3278 1656 3396 1722 ipso
3434 1676 3750 1717 nasceretur

2174 1724 2333 1779 aliam
2368 1728 2556 1785 itidem
2590 1749 2876 1800 personam
2905 1741 3126 1809 gignere
3152 1784 3165 1805 ,
3211 1755 3263 1799 et
3294 1747 3395 1800 hoc
3426 1749 3551 1805 item
3583 1753 3631 1806 in
3660 1754 3749 1807 in-

2171 1810 2375 1872 ﬁnitum
2408 1823 2552 1876 tendi
2581 1840 2595 1876 :
2624 1840 2812 1881 verum
2865 1832 3011 1885 enim
3066 1835 3311 1890 ordinem
3354 1855 3570 1896 servare
3611 1859 3753 1911 opus

2167 1917 2271 1973 est,
2308 1926 2485 1980 neque
2539 1916 2712 1984 ipsius
2765 1923 3024 1978 terminos
3081 1932 3403 1998 transgredi,
3459 1935 3552 1989 sed
3604 1937 3751 1992 intra

2169 1998 2491 2059 Trinitatem
2524 2016 2692 2073 stare,
2742 2010 2897 2078 juxta
2948 2016 3201 2072 traditam
3238 2022 3395 2075 nobis
3435 2025 3556 2078 lldei
3590 2042 3753 2099 regu—

2168 2093 2298 2159 lam,
2332 2113 2400 2152 ne
2435 2098 2661 2155 deorum
2690 2103 3101 2164 introducamus
3130 2111 3358 2180 plebem.
3401 2114 3590 2185 Itaque
3622 2121 3746 2174 talia

2171 2193 2764 2254 praasumere'illorum
2816 2206 2919 2263 est,
2950 2202 3039 2269 qni
3078 2218 3434 2271 personarum
3465 2209 3739 2276 ordinem,

2170 2288 2223 2330 et
2256 2293 2375 2346 qua:
2406 2279 2476 2333 do
2522 2296 2715 2339 saneta
2752 2287 3020 2343 Trinitate
3076 2295 3381 2362 traduntur,
3418 2309 3470 2351 et
3489 2299 3747 2371 cenl'essa

2170 2375 2443 2435 tenentur,
2476 2374 2693 2436 tollunt,
2744 2378 3229 2452 confunduntque,
3291 2402 3353 2441 ac
3413 2392 3749 2457 permiscent

2166 2462 2371 2517 omnia.
2414 2463 2518 2520 Sed
2559 2470 2781 2525 secundi
2816 2472 2976 2545 hujus
3035 2477 3324 2535 voluminis
3376 2482 3588 2539 tandem
3620 2486 3747 2540 linis

2163 2551 2255 2607 sit.

1603 2993 1961 3087 LIBER
2054 3002 2625 3101 TERTIUS.

540 3319 605 3376 Et
640 3322 754 3379 haec
784 3327 1001 3395 quidem
1024 3329 1109 3384 .ita
1134 3347 1193 3386 se
1216 3333 1436 3390 habent.
1468 3338 1538 3394 Ut
1560 3350 1741 3396 autem
1791 3358 1913 3413 qua:
1957 3360 2051 3401 su-

467 3416 777 3485 perioribus
831 3420 983 3477 libris
1035 3432 1161 3479 sunt
1215 3426 1391 3495 dicta,
1424 3442 1757 3501 repetentes,
1787 3440 1946 3507 quasi
1986 3442 2041 3497 in

466 3524 634 3563 unum
668 3522 1022 3581 conspectum
1052 3516 1244 3572 demus
1275 3523 1459 3575 omnia
1486 3524 1809 3586 :docuimus
1840 3534 2039 3601 primo,

418 3619 437 3630 -
468 3601 686 3654 tertium
720 3618 749 3657 a
798 3603 961 3660 Patre
1000 3599 1121 3663 esse
1158 3608 1419 3679 Spiritum
1452 3627 1703 3673 sanctum
1739 3599 1888 3691 juxta
1920 3643 2045 3694 per-

464 3693 706 3747 sonalem
741 3697 1010 3753 ordinem.
1041 3700 1261 3767 Deinde,
1288 3717 1511 3775 propter
1534 3693 1930 3772 substantiales
1956 3721 2043 3773 di:-

465 3784 709 3839 vinarum
740 3791 1171 3848 substantiarum
1193 3813 1503 3865 processus,
1524 3810 1781 3860 nascendi
1809 3811 2039 3879 scilicet,

463 3891 526 3929 ac
556 3880 912 3947 procedendi,
951 3884 1149 3940 Filium
1187 3891 1403 3955 quidem
1427 3909 1491 3947 ex
1545 3895 1704 3952 Patre
1740 3916 1861 3957 esse
1920 3905 2040 3960 sine

461 3966 572 4019 ullo
606 3971 826 4034 medio;
872 3973 1136 4042 Spiritum
1184 3993 1436 4035 sanctum
1476 4000 1607 4039 vero
1636 4001 1699 4041 ex
1741 3988 1905 4048 Patre
1941 4010 2041 4065 per

462 4057 657 4113 Filium
697 4068 1010 4129 procedere.
1046 4068 1373 4138 Dein,juxta
1410 4079 1728 4145 prredictum
1762 4086 2035 4156 ordinem,

462 4148 582 4204 Filii
625 4153 1008 4211 mediationem
1052 4160 1301 4229 plurimis
1370 4167 1421 4220 in
1453 4168 1583 4225 locis
1610 4187 1638 4227 a
1684 4179 1892 4232 sanctis
1926 4179 2037 4234 Ec-

458 4238 639 4294 clesia:
703 4244 1019 4305 doctoribus
1071 4266 1168 4318 pro
1225 4255 1483 4313 confesso
1525 4264 1716 4318 tradi:
1777 4267 2038 4340 deinceps

458 4332 641 4387 omnia
671 4338 944 4406 exempla,
974 4341 1256 4408 quibusin
1308 4360 1499 4404 sancta
1546 4352 1812 4413 Trinitate
1860 4365 2037 4417 sancti

458 4420 649 4481 Patres
681 4428 760 4482 usi
807 4442 954 4499 sunt,
988 4435 1244 4491 traditum
1285 4440 1334 4494 in
1372 4441 1571 4500 divinis
1598 4448 1859 4517 'persOnis
1886 4457 2038 4507 ordi-

458 4530 602 4582 nem,
633 4524 932 4577 secnndum
961 4527 1347 4589 substantiales
1370 4551 1557 4592 earum
1592 4548 1881 4606 precessns
1910 4562 2033 4603 cum

458 4611 1026 4671 consubstantialitate
1082 4620 1379 4691 insinuare,
1427 4634 1725 4688 secundum
1766 4640 2031 4694 utentium

459 4699 854 4771 intentionem;
912 4708 1181 4779 Spiritum
1242 4718 1439 4774 deinde
1471 4734 1726 4781 sanctum
1786 4744 1907 4784 cum
1962 4748 2030 4787 ex

457 4788 618 4845 Patre
648 4809 745 4861 per
771 4795 966 4853 Filium
1001 4806 1278 4873 procedat,
1317 4824 1415 4877 per
1444 4813 1622 4881 ipsum
1664 4819 2028 4878 substantiam

454 4882 672 4940 habere.
706 4888 827 4953 Per,
862 4902 918 4947 et
959 4910 1057 4959 ex,
1096 4898 1145 4951 in
1180 4900 1381 4957 divinis
1420 4908 1559 4972 apud
1590 4921 1807 4965 sanctos
1832 4953 1846 4975 ,
1884 4913 2025 4969 idem

449 4978 776 5046 significare.
814 4983 950 5039 Tum
985 4987 1179 5043 Filium
1222 4995 1286 5047 ad
1322 4995 1620 5065 Spiritum,
1656 5000 2029 5074 Spiritumqne

410 5083 419 5093 ’
449 5069 631 5126 itidem
664 5076 730 5127 ad
757 5076 974 5142 Filium,
1008 5086 1302 5139 secundum
1335 5088 1602 5155 habitttnt,
1622 5103 1675 5147 et
1704 5096 2024 5153 relationem

451 5161 648 5219 habere
694 5169 761 5221 ad
822 5169 1169 5239 alterutrum,
1228 5192 1255 5230 a
1320 5182 1525 5235 sanctis
1580 5185 1740 5238 tradi.
1798 5184 2022 5252 Deinde,

446 5264 897 5324 quemadmodum
953 5267 1116 5324 Pater
1175 5289 1352 5330 causa:
1384 5278 1595 5333 ratione
1644 5290 1770 5335 ante
1826 5279 2020 5338 Filium

447 5350 818 5423 intellegitur;
876 5360 947 5413 ita
993 5372 1048 5417 et
1096 5364 1291 5419 Filium
1343 5370 1530 5423 eadem
1585 5386 1762 5447 causa:
1819 5374 2030 5431 ratione

436 5450 572 5496 .ante
596 5443 856 5513 Spiritum
900 5451 1175 5524 intelligi:
1232 5462 1489 5530 majorem
1541 5443 1751 5534 Spiritu
1797 5466 2031 5539 Filium,

448 5535 749 5588 secundum
784 5539 996 5596 scilicet
1033 5554 1372 5613 personalem
1415 5557 1659 5610 ordinem
1692 5574 1720 5611 a
1762 5560 2029 5626 theologis

447 5626 607 5706 tradi.
670 5629 867 5687 Deinde
902 5650 929 5686 a
976 5636 1110 5691 Filio
1160 5658 1279 5699 esse
1330 5649 1529 5704 habere
1602 5650 1865 5721 Spiritum
1901 5671 2027 5710 san-

448 5724 595 5769 ctum
618 5756 631 5781 ,
668 5730 848 5788 utpote
876 5726 943 5778 ab
986 5729 1099 5798 ipso
1151 5734 1452 5791 audientem
1480 5780 1493 5803 ,
1529 5749 1579 5795 et
1644 5742 2026 5811 accipientem.

2075 3350 2121 3414 C
2156 3352 2457 3412 Undecimo
2487 3360 2680 3415 deinde
2721 3362 2842 3419 loco
2872 3366 3137 3434 sumcere,
3176 3376 3241 3426 ad
3273 3375 3637 3445 indicandum,
3666 3397 3736 3437 ex

2149 3446 2289 3502 Filio
2340 3465 2463 3504 esse
2495 3450 2759 3522 Spiritum
2796 3469 3050 3515 sanctum
3080 3504 3095 3527 ,
3135 3465 3259 3533 quia
3303 3468 3406 3531 sit,
3436 3479 3490 3524 et
3522 3472 3737 3527 dicatur

2148 3536 2269 3590 Filii
2327 3537 2590 3609 Spiritus.
2646 3544 2906 3615 Spiritum
2954 3563 3201 3609 sanctum
3264 3559 3481 3623 deinde,
3529 3563 3733 3619 Christi

2149 3627 2411 3698 Spiritum
2444 3634 2578 3700 dici,‘
2595 3638 2786 3692 eadem
2814 3643 3049 3713 ratione,
3085 3663 3189 3716 qua
3236 3658 3288 3703 et
3338 3650 3456 3704 Filii
3499 3654 3737 3721 Spiritus

2146 3736 2267 3776 esse
2298 3738 2647 3782 asseveratur
2682 3746 2697 3783 :
2728 3731 2988 3800 Spiritum
3024 3747 3292 3803 sanctum,
3328 3744 3573 3812 spiritum
3612 3749 3721 3800 oris

2144 3812 2263 3868 Filii
2293 3831 2320 3867 a
2356 3817 2625 3889 theologis
2658 3825 2837 3891 tradi,
2873 3836 2924 3880 et
2963 3838 3213 3898 utraque,
3249 3833 3401 3887 illum
3447 3852 3510 3889 ex
3548 3835 3727 3902 Patre,

2143 3914 2197 3959 et
2225 3904 2362 3960 Filio
2393 3925 2537 3976 esse,
2570 3914 2810 3985 signare,
2854 3920 2907 3971 id
2945 3929 3065 3983 est,
3108 3936 3172 3975 ex
3208 3921 3367 3978 Patre
3398 3941 3493 3995 per
3522 3926 3722 3980 Filium

2145 4000 2456 4066 procedere.
2492 4004 2690 4060 Filium
2718 4009 2934 4078 quidem
2964 4012 3199 4068 Verbum
3228 4014 3409 4071 Patris
3428 4020 3558 4081 dici,
3600 4020 3726 4088 Spi-

2144 4092 2307 4145 ritum
2367 4108 2496 4148 vero
2542 4109 2787 4154 sanctum
2846 4101 2971 4158 Filii
3028 4105 3214 4161 itidem
3259 4109 3515 4177 Verbum,
3545 4126 3726 4168 causa:

2144 4183 2355 4238 ratione
2387 4188 2564 4253 tradi;
2599 4189 2861 4257 Spiritum
2884 4204 3133 4251 sanctum
3176 4208 3435 4267 praeterea
3466 4204 3624 4258 etiam
3653 4222 3719 4259 ex

2145 4272 2282 4329 Filio
2304 4288 2430 4330 esse
2458 4292 2487 4331 a
2526 4282 2753 4335 stnnmis
2784 4283 3048 4355 theologis
3078 4288 3344 4343 insinuari
3372 4307 3387 4356 ;
3416 4281 3631 4358 Filium,
3655 4310 3722 4348 co

2140 4367 2289 4431 quod
2324 4368 2395 4420 sit
2428 4368 2893 4431 incommutabilis
2930 4378 3109 4448 imago
3166 4378 3369 4447 Patris,
3426 4384 3721 4455 omniaque

2141 4454 2317 4511 Patris
2344 4459 2481 4513 bona
2515 4467 2883 4521 essentialiter
2912 4468 3127 4537 habeat,
3165 4476 3353 4529 eadem
3392 4476 3623 4543 ratione,
3658 4487 3720 4531 ut

2141 4562 2326 4601 verum
2369 4549 2547 4608 Patris
2582 4555 2827 4622 Filium,
2863 4559 3127 4630 Spiritum
3177 4576 3425 4620 sanctum
3482 4569 3712 4634 habere;

2139 4652 2242 4706 qna
2269 4638 2419 4693 illum
2476 4643 2640 4699 habet
2672 4646 2832 4703 Pater
2867 4652 3067 4707 :aliter
3096 4655 3295 4725 quippe
3338 4658 3467 4711 illud
3503 4659 3714 4712 incom-

2141 4733 2397 4789 mutabile
2422 4736 2555 4792 tolli.
2591 4737 2821 4807 Mittere,
2848 4754 2909 4797 'et
2946 4746 3107 4810 mitti,
3138 4764 3355 4802 causam
3388 4763 3438 4804 et
3473 4754 3693 4808 causale

2138 4824 2191 4878 in
2230 4827 2424 4882 divinis
2455 4832 2699 4897 personis
2731 4836 3064 4901 signiﬁcare.
3108 4838 3331 4895 Fontem
3367 4858 3488 4897 esse
3532 4846 3709 4899 sancti

2139 4912 2373 4982 Spiritus
2410 4918 2632 4985 Filium;
2685 4921 2945 4991 Spirituut
2985 4938 3231 4982 sanctum
3277 4931 3562 4999 imaginem
3589 4946 3714 4985 esse

2142 5008 2287 5073 Filii,
2322 5020 2376 5064 et
2432 5012 2687 5067 virtutem
2756 5016 2873 5081 ejus
2914 5020 3254 5083 naturalem,
3288 5036 3351 5076 ac
3410 5023 3704 5088 viventem,

2135 5107 2188 5153 et
2246 5103 2586 5158 essentialcm
2631 5110 3002 5174 operationem
3070 5128 3083 5166 :
3139 5115 3592 5179 quemadmodum
3653 5125 3711 5171 et

2134 5190 2304 5248 Filius
2341 5193 2453 5249 haec
2511 5198 2693 5250 omnia
2742 5196 2921 5255 Patris
2951 5211 3051 5256 est.
3103 5203 3179 5257 Ac
3236 5205 3427 5258 faciem
3488 5208 3704 5276 quidem

2136 5285 2311 5341 Patris
2344 5290 2688 5343 csse'Filium
2718 5307 2898 5347 causa
2933 5297 3175 5361 ratione;
3207 5296 3539 5366 primitivam
3573 5300 3704 5354 item

2131 5376 2361 5433 fortnam
2392 5379 2627 5447 Spiritus
2655 5382 2850 5438 Filium
2879 5402 2893 5451 ;
2937 5401 3001 5440 ac
3042 5390 3315 5456 proprium
3345 5389 3563 5459 quidem
3595 5389 3705 5443 Pa-

2132 5471 2229 5525 tris
2255 5487 2375 5526 esse
2419 5473 2640 5538 Filium,
2674 5478 2818 5545 quod
2867 5493 2934 5533 ex
2966 5480 3058 5533 illo
3094 5482 3206 5547 sit;
3247 5482 3527 5551 proprium
3575 5497 3704 5536 vero

2130 5563 2249 5618 Filii
2290 5564 2573 5633 Spiritum,
2604 5570 2757 5637 quasi
2797 5585 2891 5640 per
2926 5570 3102 5641 ipsum
3146 5573 3491 5640 naturaliter,
3512 5588 3735 5651 essen-7

2132 5656 2436 5727 tialiterque
2470 5660 2850 5728 prodeuntem,
2888 5673 2943 5716 et
2975 5679 3040 5718 ex
3082 5664 3198 5731 ipso
3259 5682 3369 5719 csse
3422 5665 3697 5732 accipien-

2129 5759 2256 5815 tem,
2288 5762 2447 5820 atque
2479 5768 2541 5807 ex
2576 5769 2641 5809 eo
2668 5756 3039 5811 cxsistentem.
3086 5756 3330 5823 Latinos,
3366 5758 3697 5827 Graecosque
