4046 6204
283 331 382 394 129

1371 342 1767 405 ADVERSUS
1797 344 2110 406 GRHECOS
2155 347 2292 406 LIB.
2342 348 2447 409 [Η.

3438 366 3539 428 130

284 450 535 505 doctores
567 452 953 515 communiter,
981 461 1036 506 et
1068 455 1412 524 apertissime
1440 469 1503 508 ex
1551 455 1686 509 Filio
1717 471 1858 520 esse,
1892 463 1935 514 Α
1968 469 2031 508 ex
2077 456 2247 510 trilms
2283 457 2591 527 Beniamin.
2633 464 3065 540 discipulumque
3091 470 3405 534 Gamaliclis
3446 491 3542 536 aut

289 552 339 595 et
370 555 664 605 exsistere,
695 557 759 598 ac
789 544 1083 612 procedere
1105 543 1366 615 Spiritum
1390 557 1635 601 sanctum
1664 547 1860 602 divinis

289 638 588 694 rationibus
635 641 868 694 tradere.

355 730 482 785 llaec
532 740 714 788 autem
765 735 942 788 omnia
995 734 1238 802 pluribus
1294 735 1594 790 rationibus
1641 743 1861 790 ostensa

288 835 408 879 sunt
441 841 456 888 ;
492 839 635 892 quae,
663 841 788 880 cum
820 842 946 880 vera
989 829 1120 890 sint,
1169 837 1221 881 et
1257 828 1588 883 firmissimis
1625 829 1862 898 undique

291 917 582 970 rationibus
619 919 850 981 munita,
869 927 1080 972 constat
1104 918 1367 987 profecto,
1395 921 1529 996 quia
1558 920 1862 990 producere

291 1010 426 1076 quod
466 1009 691 1073 dicitur,
724 1011 982 1078 possibile
1011 1027 1118 1064 non
1154 1021 1260 1073 est,
1303 1023 1357 1063 ut
1396 1011 1571 1065 Patris
1600 1016 1860 1068 substan~

292 1104 411 1155 tiale
450 1103 543 1156 sit.
571 1101 756 1171 Neque
775 1105 920 1157 enim
965 1105 1104 1156 idem
1138 1105 1376 1173 Spiritus
1401 1145 1416 1167 ,
1448 1106 1644 1161 tertius
1673 1107 1857 1172 simul,

289 1205 335 1244 et
367 1195 642 1248 secundus
668 1211 696 1248 a
718 1194 877 1248 Patre
909 1211 1028 1249 esse
1065 1206 1265 1264 potest,
1310 1213 1484 1266 neque
1516 1202 1862 1254 continenter

290 1293 340 1337 et
377 1287 491 1337 sine
518 1286 698 1339 medio
731 1300 794 1338 ex
829 1287 1023 1355 primo,
1057 1298 1111 1340 et
1143 1303 1240 1356 per
1276 1305 1425 1348 eum,
1457 1291 1546 1357 qui
1590 1291 1659 1342 sit
1685 1291 1860 1344 conti-

291 1387 478 1430 nenter
507 1392 569 1430 ex
607 1379 827 1447 primo:
865 1394 1041 1447 neque
1093 1380 1158 1432 de
1191 1380 1309 1434 solo
1334 1378 1495 1433 Patre
1543 1383 1857 1448 procedere,

289 1477 338 1520 ct
397 1483 493 1536 per
541 1469 736 1522 Filium
780 1473 1078 1536 procedere
1118 1489 1134 1526 :
1193 1487 1368 1540 neque
1415 1472 1710 1542 productor
1767 1489 1862 1542 per

292 1559 553 1626 Verbum,
589 1571 645 1614 et
669 1563 819 1617 solus
846 1565 1142 1634 productor
1176 1579 1330 1629 csse,
1369 1574 1422 1626 et
1452 1577 1643 1618 caetera
1674 1553 1863 1632 hujus-

292 1654 457 1718 modi,
491 1669 613 1717 qua:
655 1655 914 1723 przedirta
944 1665 1088 1710 sunt.
1114 1655 1239 1710 llmc
1271 1657 1860 1712 enimevidcntissinie

287 1747 387 1801 sibi
427 1749 698 1801 contraria
733 1755 897 1810 sunt;
946 1755 998 1800 et
1041 1747 1179 1800 idem
1217 1759 1322 1808 est,
1353 1764 1414 1800 ac
1448 1748 1492 1802 si
1554 1763 1728 1817 neque
1789 1765 1855 1802 ex

290 1838 445 1893 Patre
480 1838 706 1892 omnino
734 1841 1032 1908 procedere
1059 1839 1211 1894 illum
1241 1840 1636 1907 conlitcamur;
1675 1845 1858 1903 maxi-

292 1945 372 1984 me
406 1945 529 1985 eum
572 1945 601 1983 a
654 1932 862 1986 sanctis
908 1933 1241 1986 declaratum
1284 1932 1379 1997 sit,
1408 1932 1551 2000 quod
1586 1948 1856 2002 nunquam

289 2024 582 2090 procedere
613 2025 886 2079 diceretur
920 2039 986 2079 ex
1018 2024 1200 2092 Patre,
1235 2025 1338 2078 nisi
1374 2037 1427 2080 et
1450 2040 1479 2078 a
1510 2025 1650 2080 Filio
1672 2041 1860 2095 proce—

289 2115 456 2168 deret.
513 2115 762 2184 Namque
824 2118 1118 2185 procedere
1192 2132 1260 2171 ex
1324 2115 1486 2172 Patre
1545 2118 1707 2171 etiam
1763 2134 1860 2186 per

289 2208 481 2262 Filium
516 2223 619 2262 uua
663 2209 1065 2277 complectitur,
1111 2209 1311 2280 quippe
1342 2211 1671 2278 procedendi
1723 2211 1856 2264 deli-

288 2301 418 2353 nitio
455 2309 572 2364 est,
614 2314 680 2353 es
723 2289 1029 2368 Patre‘per
1050 2297 1248 2352 Filium
1294 2303 1624 2366 procedere,
1663 2315 1856 2355 secun-

289 2392 410 2459 dum
433 2393 579 2458 quod
619 2391 783 2446 etiam
833 2406 863 2444 a
908 2391 1042 2446 Filio
1072 2392 1424 2458 discernitur,
1454 2407 1550 2462 per
1579 2393 1852 2464 proprium

286 2485 389 2548 sui,
419 2484 872 2552 diﬂerentemque
898 2471 1232 2560 processum.

352 2576 548 2642 Porro,
578 2576 794 2631 sublato
819 2576 964 2644 quod
995 2591 1087 2646 per
1111 2575 1619 2647 Filiumprocedere
1647 2575 1852 2632 asseri-

283 2677 400 2732 tur,
426 2668 592 2721 etiam
649 2682 716 2721 es
752 2665 915 2720 Patre
965 2666 1259 2736 procedere
1289 2667 1432 2736 quod
1486 2666 1705 2730 dicitur,
1745 2680 1852 2720 una

280 2758 502 2822 tollitur,
539 2759 753 2813 sublata
792 2760 994 2828 quippe
1033 2756 1322 2825 cujuslibet
1363 2759 1682 2814 substantia:
1723 2759 1852 2812 deli-

281 2849 504 2914 nitione,
523 2848 750 2918 ejusque
775 2849 1117 2908 substantiali
1138 2850 1492 2918 proprietate,
1518 2849 1852 2904 deﬁnitionis

278 2958 494 3012 quoque
526 2957 726 2996 nomen
777 2940 1044 3005 aufertur,
1075 2941 1496 3012 substantiaque
1527 2958 1686 3012 quam
1723 2941 1854 2996 deli-

281 3034 502 3089 nitionis
537 3050 734 3090 nomen
773 3034 972 3104 signat,
1013 3049 1115 3088 una
1147 3035 1377 3089 tollitur.
1419 3034 1688 3101 Quoniam
1725 3050 1852 3092 vero

1967 547 2172 614 aliquid
2210 549 2558 617 hujusmudi;
2603 555 2880 622 proprium
2928 561 3181 628 quidem,
3219 581 3326 620 non
3361 577 3538 626 tamen

1964 639 2116 706 quasi
2148 639 2508 696 substantiale
2537 657 2634 698 ens
2660 663 2673 711 ;
2701 648 2820 712 sed,
2857 659 2915 702 ut
2939 653 3085 706 notio
3119 653 3467 727 simpliciter.

2035 730 2300 787 Praeterea
2337 735 2468 789 nihil
2508 740 2804 792 secundmu
2849 746 3190 812 negationem
3243 749 3402 804 habet
3439 753 3540 808 hoc

1963 837 2085 878 esse
2108 824 2332 893 aliquid.
2374 825 2605 915 blegatio
2636 832 2832 900 quippe
2863 835 2961 898 rei,
2985 851 3102 904 qum
3132 840 3197 893 sit
3232 841 3453 906 ablatio,
3485 856 3540 900 et

1978 916 2118 986 ejus,
2151 934 2269 987 quae
2296 935 2404 975 non
2435 923 2544 987 sit,
2574 924 2768 991 positio
2798 935 2902 982 est.
2952 926 3177 998 Negatio
3227 941 3407 989 autem
3459 950 3540 992 est

1963 1010 2105 1079 quod
2145 1012 2344 1066 dicitur
2383 1013 2704 1082 ingenitum,
2757 1027 2809 1069 et
2857 1019 2967 1087 jam
3007 1023 3394 1082 subsistentem
3451 1047 3541 1085 sc-

1962 1102 2169 1170 quitur,
2196 1104 2372 1173 ipsum
2421 1106 2568 1158 enim
2605 1107 2898 1175 signiticat,
2943 1114 3186 1181 genitum
3227 1124 3333 1172 non
3389 1135 3535 1183 esse,

1963 1207 2058 1262 per
2089 1196 2230 1263 quod
2255 1196 2372 1250 sine
2403 1211 2568 1252 causa
2610 1214 2734 1254 esse
2776 1200 3047 1270 signatur.
3074 1211 3176 1260 Aut
3221 1209 3382 1278 igitur
3413 1206 3539 1268 sub;

1962 1285 2217 1338 stantiale
2243 1285 2423 1343 Patris
2455 1293 2754 1368 paternitas
2782 1301 2891 1359 est,
2922 1309 2984 1350 ac
3016 1297 3240 1368 gignere
3267 1313 3387 1370 est;
3424 1307 3540 1361 sive

1963 1377 2248 1446 productio
2278 1391 2331 1434 et
2362 1380 2643 1448 inspiratio
2669 1401 2684 1448 ;
2709 1393 2762 1437 et
2795 1386 3119 1455 producere,
3148 1401 3201 1446 et
3235 1395 3535 1466 inspirare;

1962 1469 2080 1525 sive
2120 1482 2411 1540 utrumque
2446 1475 2668 1537 simul.
2719 1480 2835 1533 sive
2873 1491 3070 1549 praeter
3121 1483 3267 1551 hazc,
3323 1493 3537 1546 tertimu

1961 1558 2242 1636 quiddam.
2281 1569 2346 1620 Et
2379 1569 2593 1622 tertium
2631 1569 2759 1625 illud
2806 1573 3060 1642 quidem,
3096 1592 3254 1635 nemo
3274 1571 3536 1640 hactenus

1962 1659 2096 1713 dixit
2133 1660 2218 1723 ;si
2243 1660 2362 1726 quis
2390 1659 2533 1713 enim
2570 1676 2789 1716 causam
2844 1664 3010 1732 dicat,
3052 1670 3278 1736 primum
3321 1674 3536 1742 quidem

1964 1765 2160 1804 nomen
2213 1750 2330 1818 ejus
2384 1765 2548 1805 causa
2611 1753 2931 1824 simpliciter
2972 1759 3079 1812 erit
3128 1777 3144 1814 :
3201 1763 3358 1817 sicuti
3413 1765 3535 1821 Filii

1961 1842 2197 1910 quidem,
2227 1842 2394 1896 Filius
2434 1830 2662 1909 nomen;
2700 1855 2752 1898 et
2781 1849 2957 1902 sancti
2999 1849 3236 1918 Spiritus
3259 1895 3274 1919 ,
3298 1856 3538 1924 Spiritus

1960 1943 2180 1990 sanctus
2215 1952 2228 1986 :
2272 1937 2661 2005 oportebatque
2720 1953 2820 2007 pro
2881 1939 3043 1996 Patre
3081 1959 3298 2001 causam
3330 1952 3536 2016 dicere,

1959 2027 2140 2095 quod,
2181 2041 2208 2078 a
2265 2025 2557 2095 Scriptura:
2603 2037 2805 2084 sanctae
2844 2036 3243 2091 consuetudine
3290 2039 3534 2108 aberret,

1959 2133 2082 2187 qua:
2125 2133 2341 2188 semper
2389 2135 2507 2174 cum
2553 2119 2619 2176 de
2659 2119 2768 2176 Deo
2820 2123 3097 2193 loquitur,
3131 2129 3350 2185 Patrem
3407 2149 3533 2188 eum

1959 2217 2136 2263 vocat.

2029 2301 2320 2364 Praeterea,
2347 2313 2510 2357 causa
2541 2305 2842 2361 universale
2873 2323 2995 2364 cum
3028 2312 3134 2378 sit,
3169 2326 3220 2369 et
3247 2316 3449 2382 Patris,
3479 2332 3533 2374 et

1957 2392 2332 2462 productoris,
2371 2403 2536 2463 atque
2583 2400 2849 2453 creatoris
2897 2403 3248 2470 prmdieatum
3283 2417 3366 2463 est
3401 2426 3415 2464 :
3462 2411 3539 2466 si-

1956 2484 2195 2554 quidem.
2218 2493 2276 2538 ut
2308 2486 2658 2554 praedicatum
2693 2489 3034 2548 solummodo
3058 2498 3356 2566 accipiatur
3372 2501 3534 2557 sicuti

1956 2589 2152 2644 genera
2191 2615 2206 2639 ,
2247 2586 2301 2630 et
2354 2578 2586 2645 species,
2639 2588 2691 2634 et
2737 2584 2920 2637 omnia
2977 2599 3098 2654 quae
3156 2591 3535 2649 universaliter

1955 2676 2142 2721 contra
2183 2668 2530 2736 particularia
2555 2671 2924 2740 praedicantur
2946 2717 2961 2741 ,
2993 2678 3134 2730 nulla
3176 2691 3328 2735 extra
3360 2683 3525 2740 inte!-

1956 2754 2211 2826 ligeutem
2236 2759 2472 2812 animam
2513 2774 2601 2814 res
2635 2769 2738 2825 est,
2785 2763 2879 2818 sed
2924 2764 3033 2834 ipsa
3067 2768 3406 2827 solummodo
3445 2776 3534 2827 in-

1956 2848 2256 2918 telligeutia
2281 2858 2363 2904 est
2394 2867 2408 2904 :
2439 2851 2510 2904 ita
2545 2851 2689 2905 nulla
2722 2853 2825 2907 erit
2873 2871 2959 2909 res
2992 2855 3170 2910 Patris
3203 2860 3532 2928 substantia,

1953 2938 2049 2993 sed
2075 2939 2412 2996 Solummodo
2463 2941 2860 3011 intelligentia;
2893 2946 3106 3015 eritque
3166 2963 3230 3004 ex
3265 2967 3370 3006 non
3405 2955 3533 3009 sub-

1957 3029 2190 3084 sistente
2247 3029 2592 3096 subsistens,
2621 3097 2625 3100 λ
2656 3034 2797 3103 quod
2855 3035 3148 3091 absurdum
3205 3049 3312 3094 est.
3359 3040 3534 3098 Patris

279 3129 550 3182 veraciter
582 3127 828 3195 procedit
871 3141 935 3180 es
976 3116 1133 3179 Patre
1177 3124 1414 3194 Spiritus
1468 3135 1711 3191 sanctus,
1753 3141 1848 3196 per
1881 3139 1924 3198 ο
1959 3120 2102 3172 enim
2163 3118 2690 3186 supersubstantiale
2739 3137 2935 3178 nomen
2968 3132 3024 3180 et
3080 3141 3191 3181 rem
3242 3128 3531 3199 significat,

279 3219 477 3275 Filium
518 3221 684 3275 etiam
719 3219 1016 3288 procedere
1039 3216 1184 3287 quod
1214 3217 1414 3272 dicitur
1444 3225 1740 3272 asseretur.
1772 3217 1852 3271 Ita

277 3314 422 3368 enim
458 3311 633 3368 sancti
680 3311 874 3366 Patres
916 3312 1236 3381 procedendi
1279 3311 1623 3380 complexam
1663 3311 1854 3366 deﬁni—

279 3405 480 3458 tionem
513 3403 833 3458 substantiae
880 3401 1117 3471 Spiritus
1171 3401 1586 3471 explicueruut,
1625 3412 1680 3458 et
1732 3418 1854 3471 qua:

281 3498 422 3551 dicta
459 3505 612 3560 sunt,
652 3510 781 3549 vera
831 3510 954 3550 esse
992 3505 1388 3551 monstrarunt.
1431 3495 1605 3565 Atque
1635 3512 1765 3558 una,
1793 3505 1854 3550 ut

279 3589 484 3642 dictum
505 3597 588 3642 est
609 3627 624 3651 ,
655 3587 954 3655 producere
992 3585 1351 3641 substantiale
1385 3583 1565 3642 Patris
1600 3601 1720 3642 esse
1744 3601 1851 3640 non

280 3689 499 3748 potest,
533 3676 717 3746 idque,
760 3692 883 3732 cum
933 3691 998 3730 ex
1049 3675 1427 3746 superioribus
1465 3684 1698 3739 constat,
1739 3685 1850 3730 tum

276 3772 442 3825 etiam
464 3785 526 3823 ex
564 3769 671 3832 his,
709 3783 833 3838 quae
863 3766 1181 3830 subiicimus
1215 3783 1230 3832 ;
1263 3767 1390 3836 quia
1414 3769 1557 3821 enim
1587 3767 1850 3820 unitatem

278 3877 342 3917 ac
400 3860 726 3915 Trinitatem
785 3858 996 3915 Domini
1039 3857 1172 3914 ﬁdes
1223 3873 1350 3914 vera
1403 3860 1770 3924 commendat,
1797 3857 1848 3911 id

276 3957 497 4027 quidem
522 3953 781 4016 essentia,
803 3953 857 4007 id
883 3961 1066 4007 autem
1099 3953 1371 4021 personis,
1400 3966 1463 4006 ac
1496 3960 1694 4019 praeter
1723 3965 1850 4020 pro-

275 4049 556 4116 prietates,
625 4043 826 4113 quibus
883 4058 1126 4112 persona:
1196 4042 1497 4105 secundum
1559 4055 1850 4109 processus

276 4134 542 4188 rationem
579 4133 1032 4201 distinguuntur:
1084 4131 1228 4185 nulla
1265 4131 1370 4186 alia
1412 4141 1496 4186 est
1535 4129 1847 4184 divinarum

276 4240 633 4294 personarum
655 4223 987 4287 did‘erentia,
1033 4224 1257 4292 solaque
1308 4223 1489 4277 divina
1543 4223 1847 4278 substantia

275 4317 609 4386 relinquitur
651 4333 664 4370 :
703 4314 1122 4382 inspiciendum,
1183 4313 1338 4378 juxta
1401 4313 1526 4367 ﬁdei
1586 4326 1847 4366 concessa

276 4409 566 4478 principia,
597 4421 846 4476 quaenam
879 4406 948 4461 sit
977 4406 1284 4475 proprietas
1317 4404 1516 4468 Patris.
1559 4405 1848 4474 ipsumque

1956 3211 2032 3264 ait
2069 3211 2222 3265 divus
2266 3211 2580 3283 Dionysius.

2031 3301 2182 3366 Quod
2214 3305 2257 3356 si
2292 3317 2404 3357 rem
2457 3303 2693 3371 aliquam
2745 3304 3019 3376 signiﬁcat
3062 3323 3224 3364 causa
3283 3311 3342 3366 in
3365 3311 3529 3368 Patre

1955 3393 2367 3449 substantialem
2389 3431 2406 3457 ,
2440 3394 2486 3448 si
2534 3394 2755 3463 quidem
2792 3395 2937 3450 aliud
2971 3398 3273 3468 quidpiam,
3302 3413 3528 3470 praeter-

1955 3501 2119 3554 quam
2154 3486 2562 3554 patcrnitatem.
2612 3501 2676 3540 ac
2720 3490 3130 3555 productionem
3163 3494 3529 3564 signiﬁcabit;

1954 3589 2011 3634 et
2045 3579 2386 3646 perspicuum
2408 3583 2511 3641 est,
2539 3577 2680 3644 quod
2709 3579 2828 3632 alia:
2852 3581 2968 3636 istas
2998 3597 3084 3638 res
3122 3588 3418 3653 paternitas
3447 3590 3530 3642 vi-

1955 3670 2168 3733 delicet,
2221 3677 2276 3722 et
2322 3684 2509 3732 causa,
2542 3667 2595 3721 in
2647 3669 2812 3724 Patre
2871 3671 3002 3726 sint.
3040 3673 3226 3744 Itaque
3269 3685 3324 3730 et
3380 3677 3528 3732 aliud

1954 3761 2156 3830 aliquid
2210 3778 2391 3823 causa,
2445 3770 2637 3829 praeter
2717 3760 2932 3815 Patrem
2963 3804 2978 3827 ,
3041 3769 3530 3837 productoremque

1953 3853 2232 3925 signabit:
2289 3865 2449 3921 atque
2481 3854 2552 3906 ita
2575 3892 2590 3916 ,
2640 3855 2964 3922 compositio
3011 3855 3062 3909 in
3103 3857 3210 3910 Deo
3233 3859 3332 3912 erit
3366 3860 3526 3915 ditl'e-

1953 3947 2188 4001 rentium
2249 3945 2666 4014 intelligibilium
2723 3961 2902 4029 rerum
2944 3965 2958 4003 :
3018 3950 3288 4019 simulque
3332 3954 3382 4007 in
3417 3955 3526 4011 Deo

1953 4034 2266 4106 perfectius,
2296 4046 2458 4104 atque
2490 4037 2864 4106 imperfectius
2899 4041 3023 4107 erit,
3058 4057 3232 4110 neque
3264 4045 3372 4100 erit
3393 4046 3528 4102 alte-

1951 4143 2092 4189 rum,
2122 4128 2265 4196 quod
2287 4127 2538 4184 alterum.
3499 4187 3504 4192 '

2021 4219 2173 4285 Quod
2223 4221 2266 4275 si
2308 4219 2447 4275 idem
2500 4231 2586 4275 est
2637 4238 2796 4279 causa
2844 4222 2990 4293 quod
3046 4227 3342 4293 paternitas
3369 4237 3531 4299 atque

1953 4311 2259 4380 productio.
2291 4312 2464 4365 satius
2504 4324 2585 4366 est
2617 4329 2712 4382 pro
2739 4330 2905 4384 causa
2935 4316 3075 4382 quod
3109 4331 3397 4372 commune
3419 4331 3525 4385 est,

1953 4416 2072 4469 qua:
2109 4403 2280 4471 magis
2312 4405 2526 4473 propria
2570 4416 2694 4459 sunt
2744 4407 3120 4460 substantialia
3155 4421 3296 4468 esse.
3322 4411 3525 4472 d‘cere,

271 4473 510 4571 speciale
536 4473 840 4569 proprium,
883 4473 1024 4566 quod
1047 4473 1319 4568 praecipue
1349 4497 1528 4552 Patris
1560 4473 1843 4552 commen-
1879 4473 1926 4532 θ
1954 4495 2336 4563 paternitatem
2373 4496 2600 4558 scilicet,
2621 4513 2715 4552 seu
2752 4499 3183 4565 productionem,
3227 4503 3351 4567 quia
3382 4511 3434 4556 et
3461 4503 3526 4556 de

273 4594 370 4647 dat
397 4605 708 4662 personam,
732 4599 786 4644 et
816 4589 1032 4644 Patrem
1090 4589 1244 4652 facit,
1281 4604 1342 4643 ac
1375 4589 1669 4644 secundum
1704 4585 1870 4657 quod.

272 4683 345 4735 ad
367 4683 672 4752 coaequales
701 4680 806 4738 sibi
837 4695 1099 4750 personas
1124 4677 1253 4734 Filii
1288 4679 1628 4749 Spiritusque
1657 4679 1849 4734 distino

273 4773 480 4842 guitur.

349 4865 482 4920 Cum
515 4865 680 4933 igitur
716 4864 819 4919 tria
853 4863 1216 4919 communiter
1253 4862 1319 4918 de
1361 4861 1522 4916 Patre
1552 4863 1845 4920 dicantur:

271 4956 420 5024 quod
473 4958 740 5026 ingenitus
790 4957 896 5023 sit;
934 4957 1078 5025 quod
1129 4955 1328 5022 Pater,
1359 4955 1504 5025 quod
1536 4956 1718 5022 spirat,
1752 4968 1848 5008 seu

271 5048 534 5117 producat
558 5066 579 5113 ;
607 5049 902 5117 ingenitum
928 5051 1168 5117 quidem,
1205 5047 1348 5117 quod
1379 5061 1600 5102 causam
1627 5046 1846 5116 signat;

271 5151 336 5194 et
367 5140 411 5194 si
437 5141 736 5194 secundum
762 5141 865 5193 hoc
888 5138 1052 5193 Pater
1089 5154 1118 5192 a
1143 5139 1284 5194 Filio
1325 5137 1636 5208 Spirituque
1664 5151 1848 5192 secer-

273 5229 447 5292 nitur,
480 5227 656 5294 Patris
681 5239 858 5284 tamen
891 5241 1178 5297 personam
1213 5242 1318 5282 non
1353 5226 1731 5290 commendat,
1763 5241 1852 5281 so-

271 5319 501 5387 lumque
531 5319 855 5389 designatio,
879 5327 936 5372 et
966 5317 1116 5372 notio
1157 5316 1324 5386 ipsius
1374 5329 1493 5381 est,
1519 5317 1632 5386 jam
1672 5317 1850 5372 subsi-

270 5422 508 5469 stentem
543 5425 799 5479 sequens,
827 5420 887 5464 ut
941 5407 1268 5478 simpliciter
1310 5411 1612 5479 preprium.
1642 5409 1848 5479 Duplex

263 5503 418 5558 enim
459 5502 735 5571 proprium
767 5511 873 5558 est.
906 5501 1242 5573 Aliudenim
1287 5511 1370 5556 est
1405 5502 1682 5570 proprium
1704 5501 1846 5570 quod

264 5593 685 5648 mbstantialem
709 5595 948 5664 speciem
979 5593 1246 5662 cujusque
1272 5593 1616 5648 commendat
1641 5631 1657 5657 ,
1687 5602 1847 5659 atque

270 5684 341 5737 ab
384 5683 510 5737 aliis
568 5695 834 5752 separat:
893 5692 951 5736 ut
990 5681 1141 5736 verbi
1202 5681 1401 5751 gratia,
1451 5665 1678 5734 Paulum
1727 5694 1848 5735 esse

268 5775 478 5831 animal
511 5767 888 5844 ;'aliudvero,
926 5774 1239 5846 magistrum
1265 5771 1433 5828 fuisse
1464 5775 1725 5843 gentium,
1754 5784 1844 5829 aut

1953 4585 2126 4654 magis
2163 4587 2397 4654 propriis
2452 4587 2902 4641 substantialilms
2951 4603 3130 4642 sermo
3167 4599 3285 4652 cst,
3338 4592 3528 4645 docto-~

1951 4689 2147 4744 resque
2164 4678 2534 4745 paternita'tem
2565 4693 2659 4747 pro
2685 4679 3004 4748 proprietate
3032 4680 3238 4744 dicunt,
3259 4684 3516 4750 quoniam

1949 4779 2006 4823 et
2035 4767 2250 4824 Patrem
2287 4770 2514 4836 primum
2557 4772 2908 4835 conﬁtentur.

2027 4861 2182 4928 Quod
2241 4860 2402 4931 igitur
2455 4863 2672 4916 tertium
2709 4863 2840 4918 illud
2885 4863 3138 4931 quiddam
3165 4879 3334 4920 causa
3385 4867 3523 4920 sub-

1951 4951 2224 5006 stantialis
2275 4953 2370 5017 sit,
2420 4961 2634 5010 constat
2689 4969 2754 5007 ex
2792 4955 2899 5018 his,
2962 4956 3055 5008 sed
3116 4966 3291 5009 tamen
3347 4972 3525 5026 neque

1949 5053 2242 5115 utrumque
2285 5045 2444 5100 simul
2508 5049 2891 5116 paternitatem
2941 5047 3123 5102 dicere
3173 5047 3254 5101 fas
3280 5057 3388 5103 est.
3414 5049 3523 5105 Aut

1949 5137 2094 5190 enim
2125 5137 2200 5191 ita
2235 5139 2397 5192 ambo
2446 5147 2604 5191 erunt
2649 5139 3026 5193 substantialia
3048 5181 3062 5204 ,
3093 5141 3247 5210 quasi
3292 5144 3518 5197 seorsim

1949 5237 2240 5297 utrumque
2262 5228 2368 5283 erit
2410 5228 2569 5284 Pater
2598 5228 2891 5283 secundum
2930 5231 3070 5284 hanc
3119 5231 3380 5286 rationem
3405 5234 3524 5287 duas

1947 5319 2286 5376 substantiae.
2334 5321 2604 5376 Possihile
2640 5321 2785 5376 enim
2827 5336 2935 5376 non
2967 5332 3093 5389 est,
3139 5324 3244 5378 duo
3269 5327 3522 5381 substan-

1950 5411 2098 5466 tialia
2134 5413 2366 5480 cuipiam
2389 5413 2571 5468 inesse
2586 5413 2789 5470 dicere.

2031 5500 2201 5557 Porro
2251 5505 2366 5559 hoc
2425 5505 2618 5573 ipsum,
2655 5521 2760 5560 non
2820 5511 2954 5562 duas
2991 5520 3115 5562 esse
3167 5509 3519 5571 substantias,

1948 5595 2089 5650 idem
2141 5595 2254 5648 fere
2297 5603 2403 5660 est,
2457 5611 2522 5650 ac
2552 5597 2596 5649 si
2632 5597 2794 5651 homo
2839 5597 3108 5668 quispiam
3134 5598 3272 5653 duas
3325 5598 3521 5652 habeat

1948 5687 2180 5742 animas.
2212 5686 2327 5744 Non
2368 5687 2513 5742 enim
2571 5689 2882 5746 dicerentur
2923 5691 3032 5746 duo
3080 5706 3202 5747 esse
3249 5689 3516 5744 homines.

1953 5779 2253 5850 Utrumque
2287 5780 2431 5835 enim
2484 5783 2844 5840 substantiale
2891 5783 3115 5840 insitum
3138 5821 3154 5847 ,
3189 5782 3333 5853 quod
3359 5789 3518 5838 suum

3499 6005 3536 6016 κ
