4046 6204
525 365 619 431 1⁵31

1774 367 2173 427 MANUELIS
2214 370 2298 428 (Ἀ
2314 369 2519 429 LECE

3660 364 3762 428 132

515 489 618 539 est,
659 475 837 537 faciet,
900 484 953 528 et
1008 476 1440 541 commendabit;
1483 476 1565 531 sin
1616 492 1745 531 vero
1792 479 1862 531 ita
1919 480 2075 533 ambo
2107 486 2149 542 Α
2183 482 2540 551 proprietates
2596 484 2925 552 personatos,
2987 482 3149 537 etiam
3203 496 3305 534 una
3363 480 3760 537 substantiales

515 566 890 622 substantialia
945 575 1090 629 sunt,
1148 574 1204 619 ιιι
1260 567 1524 630 alterum,
1575 568 1747 621 solmn
1811 584 1929 621 esse
1976 583 2080 620 non

514 660 729 729 possit;
792 670 1082 726 utrumque
1140 658 1511 725 imperfectum
1579 659 1721 723 erit;
1779 648 1855 721 et,
1908 676 2083 729 neque

516 752 727 805 Patrem
759 752 928 805 solum
954 751 1141 804 dit-ens
1176 751 1467 818 quispiam,
1489 767 1659 819 neque
1684 753 2078 820 productorent,

514 843 873 895 substantiam
908 841 1148 907 perfecte
1172 881 1186 905 ,
1221 842 1534 909 integreque
1574 840 1808 910 signabit
1837 862 1843 891 :
1879 842 1950 896 ita
1988 858 2083 898 nec

513 933 691 987 Patris
731 950 1011 1000 personam
1069 934 1345 987 discernet
1378 950 1403 985 a
1453 934 1715 1000 reliquis:
1758 944 1809 987 et
1862 936 2079 989 tertium

513 1024 656 1076 aliud
688 1026 959 1092 quidpiam
1007 1025 1189 1079 dicere
1240 1040 1457 1079 necesse
1500 1027 1624 1088 erit,
1652 1026 1796 1094 quod
1851 1026 1918 1080 sit
1949 1027 2079 1081 sub-

512 1116 723 1168 stantize
765 1131 981 1170 nomen.
1032 1116 1094 1170 Et
1144 1116 1372 1170 fortasse
1404 1132 1629 1171 causam
1662 1118 1807 1173 dicet
1856 1120 2078 1189 aliquis.

510 1206 656 1259 aliud
684 1208 828 1259 enim
869 1207 1122 1275 possibile
1158 1224 1261 1261 non
1298 1220 1399 1263 est.
1441 1212 1505 1262 At
1538 1211 1677 1263 istud
1714 1227 1835 1266 esse
1876 1213 2078 1281 impos-

512 1297 689 1363 sibile,
723 1316 883 1367 supra
940 1301 1369 1355 demonstratum
1425 1314 1529 1356 est.
1584 1304 1688 1358 Sed
1739 1307 2072 1359 ccutrarium

510 1408 609 1445 usu
635 1394 905 1459 cernitur;
957 1398 1047 1464 qui
1075 1396 1217 1448 enim
1254 1395 1468 1451 Patrem
1503 1398 1634 1451 dicit
1683 1399 1854 1453 solum
1889 1414 2079 1468 perso-

512 1501 632 1537 nam
668 1485 927 1552 aliquam,
963 1488 1230 1541 veraciter
1257 1500 1421 1558 atque
1453 1488 1690 1558 perfecte
1727 1504 1785 1544 se
1821 1501 1994 1559 putat,
2016 1505 2078 1545 ac

509 1579 867 1629 substantiam
922 1582 1124 1633 dicere.
1173 1580 1235 1633 Et
1281 1581 1333 1634 hi
1392 1583 1579 1645 etiam,
1641 1581 1731 1649 qui
1780 1585 2078 1650 producere

510 1666 689 1720 Patris
737 1671 1091 1724 substantiale
1140 1682 1349 1738 ponunt
1398 1674 1777 1742 productorem
1814 1674 2077 1741 dicentes,

509 1756 726 1812 Patrem
752 1776 811 1815 se
832 1761 1139 1828 significare
1163 1772 1373 1831 putant.

578 1850 696 1904 Non
752 1854 933 1919 itaque
988 1854 1059 1906 ita
1108 1856 1433 1921 prolut-tio,
1472 1872 1533 1909 ac
1571 1858 1869 1924 paternitas
1920 1860 2077 1911 ambo

495 1940 668 1994 «simul
704 1943 1081 1997 substantialia
1125 1955 1267 2007 sunt,
1289 1956 1344 1998 ut
1372 1946 1597 1999 alterum
1630 1948 1801 2001 solum
1833 1963 1953 2002 esse
1972 1964 2077 2003 non

498 2033 677 2099 possit
707 2049 721 2098 ;
760 2034 1022 2102 reliquum
1056 2051 1185 2103 ergo
1214 2045 1314 2102 est,
1335 2038 1417 2090 vel
1445 2036 1823 2109 producterem
1858 2041 2076 2109 quidem

507 2124 865 2179 substantiale
905 2143 1047 2192 esse,
1078 2130 1458 2197 paternitatem
1490 2141 1668 2185 autem
1704 2130 1880 2200 sequi,
1917 2130 2071 2199 quasi

510 2219 783 2283 proprimn
820 2218 1139 2287 simpliciter
1174 2228 1335 2287 atque
1374 2222 1704 2288 agnitionem
1734 2238 1748 2275 :
1782 2232 1874 2277 aut
1897 2234 2079 2292 pater-

510 2307 734 2358 nitatem
784 2307 1000 2374 quidem
1062 2306 1422 2361 substantiale
1472 2324 1609 2372 esse,
1662 2311 2075 2377 productionem

510 2410 657 2456 vero,
696 2404 750 2447 ut
780 2396 1109 2460 agnitionem
1139 2396 1313 2464 sequi.
1347 2396 1452 2449 Sed
1493 2397 1537 2450 si
1573 2398 1790 2465 quidem
1828 2398 2079 2451 substan—

508 2487 635 2540 tiale
659 2486 943 2555 productio
975 2496 1088 2546 est,
1121 2488 1416 2555 pateruitas
1460 2498 1638 2542 autem
1691 2502 1923 2557 sequens
1954 2504 2079 2559 pro-

506 2581 707 2649 prium.
739 2589 792 2633 et
820 2579 1179 2634 substantiam
1220 2578 1568 2648 signiﬁcans;
1598 2581 1804 2646 primus
1836 2596 1986 2650 ergo,
2017 2590 2073 2637 et

509 2672 626 2726 sine
658 2670 834 2725 medio
866 2672 1195 2739 productivae
1233 2672 1550 2725 substantia:
1590 2687 1907 2739 processus,
1949 2690 2078 2744 pro.

500 2748 730 2827 ducere,
765 2764 847 2817 vei
870 2763 1080 2833 spirare
1105 2764 1229 2826 erit,
1267 2764 1422 2832 quasi
1455 2764 1573 2819 sine
1607 2765 1784 2819 medio
1818 2766 2075 2821 substan-

513 2853 691 2907 tiaiem
748 2854 980 2920 speciem
1034 2867 1287 2921 sequens.
1328 2853 1763 2923 Unumquodque
1789 2854 1934 2907 enim
1987 2871 2076 2911 se-

510 2948 743 2998 cundum
801 2958 953 2998 suam
1033 2944 1471 3008 subsistentem,
1555 2945 2076 3016 substantialemque

512 3037 920 3106 proprietatem,
955 3036 1105 3105 prius
1140 3045 1397 3102 operatur
1429 3051 1443 3089 :
1474 3051 1568 3104 per
1600 3036 1829 3105 primum
1872 3049 2072 3102 autem,

2184 572 2493 625 divinarum
2549 588 2899 641 personarum
2958 588 3077 626 esse
3135 570 3406 626 conﬁteri.
3471 568 3760 639 Propterea

2172 663 2451 737 ,Dominus
2504 673 2689 719 noster
2721 680 2841 717 cum
2887 663 3171 718 Trinitatis
3222 662 3540 732 mysterium
3587 662 3761 715 trade-

2188 766 2288 819 ret,
2321 755 2374 808 in
2414 757 2633 809 nomine
2686 756 2885 819 Patris,
2924 767 2977 809 et
3008 754 3165 818 Filii,
3202 763 3252 807 et
3306 752 3537 820 Spiritus
3566 755 3759 816 sancti,

2184 846 2480 912 disci,ulos
2517 846 2794 913 baptizttre
2824 847 2991 913 jussit
3024 846 3066 898 ί.
3102 845 3205 899 Per
3244 844 3297 898 id
3337 844 3579 912 quidem,
3616 844 3759 913 quod

2186 937 2340 1001 dixit,
2371 937 2423 990 in
2483 938 2708 1001 nomine,
2735 952 2896 990 unam
2938 937 3226 991 essentiam
3278 936 3530 1003 signans;
3563 949 3658 1003 per
3707 935 3759 988 id

2185 1043 2332 1091 vero,
2359 1030 2501 1096 quod
2526 1040 2744 1082 secutus
2782 1027 3048 1096 adjunxit,
3092 1025 3270 1080 Patris
3310 1036 3358 1080 et
3400 1024 3552 1089 Filii,
3576 1035 3629 1079 et
3647 1026 3763 1095 Spi-

2183 1124 2322 1174 ritus
2353 1120 2524 1173 samti
2553 1159 2567 1183 ,
2602 1120 2957 1189 proprietates
2998 1118 3265 1181 indicans,
3300 1120 3591 1171 secundum
3622 1132 3760 1186 quas

2183 1210 2377 1264 divina:
2408 1210 2717 1263 subsistunt
2767 1225 3012 1279 persona:
3036 1250 3052 1274 ,
3090 1210 3383 1263 secundum
3420 1209 3757 1263 substantias

2182 1317 2332 1367 suas,
2378 1301 2429 1354 in
2463 1300 2575 1355 suis
2607 1300 2838 1368 propriis
2881 1315 3054 1369 neque
3102 1301 3538 1353 communionem
3586 1300 3753 1354 ullam

2179 1394 2613 1458 admittentibus,
2670 1396 2881 1448 esseudi
2941 1394 3139 1447 modis.
3189 1393 3252 1446 Et
3308 1393 3561 1461 quoniam
3617 1395 3757 1447 ratio

2180 1486 2398 1554 quidem
2428 1486 2768 1555 paternitalis
2805 1494 2884 1538 est
2931 1484 3210 1552 generatio
3247 1486 3539 1539 secundum
3571 1500 3758 1539 essen-

2181 1579 2335 1640 tiam,
2380 1575 2707 1645 Filiumquc,
2750 1575 2922 1644 primo
2956 1588 3019 1627 ac
3052 1574 3171 1630 sine
3201 1574 3310 1627 ullo
3342 1575 3518 1627 medio
3553 1574 3754 1645 produ-

2180 1683 2338 1734 cere;
2369 1678 2626 1738 operatu‘r
2660 1670 2858 1737 quippe
2890 1679 3086 1722 natura
3122 1669 3172 1722 in
3222 1668 3383 1722 Patre
3406 1706 3420 1728 .
3453 1666 3751 1721 secundum

2180 1762 2564 1831 proprietatem
2598 1775 2860 1829 personat,
2894 1760 2947 1812 in
2980 1776 3081 1827 qua
3114 1769 3225 1824 est;
3256 1760 3419 1826 geniti
3455 1772 3582 1811 vero
3602 1757 3748 1810 ratio

2179 1862 2283 1918 est,
2315 1852 2434 1905 sine
2465 1851 2575 1904 ullo
2606 1851 2781 1904 medio
2804 1864 2867 1903 ex
2902 1839 3065 1901 Patre
3088 1864 3247 1913 esse;
3277 1848 3512 1916 Spiritus
3547 1860 3751 1911 autem,

2178 1944 2293 1997 sive
2318 1942 2660 2011 procedentis
2687 1956 2715 1994 a
2758 1940 2918 1994 Patre
2948 1955 3042 2008 per
3070 1941 3304 2017 genitam
3364 1954 3517 2003 esse;
3550 1940 3754 1993 ideirco

2180 2031 2394 2088 Patrem
2452 2033 2641 2086 ordine
2696 2046 3038 2101 prepouens,
3097 2030 3293 2084 Filium
3356 2030 3652 2098 subiunxit,
3696 2038 3753 2082 ut

2179 2127 2270 2194 qui
2302 2127 2372 2178 sit
2401 2118 2465 2180 ex
2505 2124 2665 2179 Patre
2686 2125 2801 2179 sine
2837 2124 2944 2177 ullo
2978 2123 3151 2176 melio
3175 2138 3192 2185 ;
3216 2122 3431 2176 tertium
3475 2137 3603 2176 vero
3629 2121 3751 2189 Spi-

2180 2219 2344 2271 ritum
2404 2227 2653 2271 sanctum
2704 2215 2931 2279 addidit,
2982 2224 3040 2268 ut
3074 2230 3138 2268 ex
3171 2214 3329 2268 Patre
3367 2214 3747 2283 procedentem

2178 2321 2274 2376 per
2306 2306 2521 2360 Filium.

2250 2397 2303 2450 lu
2337 2396 2567 2458 stimulis
2593 2396 2735 2449 enim
2778 2395 2996 2463 prepria
3050 2394 3133 2447 sui
3179 2394 3371 2462 ipsius,
3403 2402 3456 2447 et
3493 2392 3749 2447 substan-

2180 2491 2341 2554 tialis,
2370 2500 2421 2541 et
2447 2497 2708 2545 catastans
2732 2496 2789 2541 et
2811 2487 3149 2542 substantiva
3183 2488 3414 2553 species,
3444 2488 3746 2540 secundum

2177 2597 2339 2652 quam
2375 2580 2629 2635 subsistit
2680 2580 2879 2648 prima,
2899 2590 2954 2634 et
2985 2579 3103 2633 sine
3123 2579 3323 2641 medio,
3358 2578 3477 2647 ejus
3507 2578 3750 2645 operatio

2175 2683 2282 2739 est,
2313 2685 2409 2742 per
2429 2687 2588 2740 quam
2624 2672 3023 2739 praecogitatam
3054 2670 3156 2723 alia
3177 2684 3400 2740 quoque
3428 2679 3685 2739 operatur
3729 2684 3746 2723 :

2175 2764 2321 2818 sicut
2386 2761 2535 2816 verbi
2588 2763 2780 2831 gratia,
2815 2761 2866 2814 in
2920 2761 3155 2826 homine,
3194 2760 3452 2815 rationale
3492 2761 3749 2815 substauo

2174 2855 2305 2910 tiale
2358 2870 2484 2910 cum
2536 2854 2606 2908 sit
2642 2853 2848 2924 speciei
2899 2853 3037 2922 ejus.
3074 2855 3371 2908 secundum
3420 2868 3584 2922 quam
3620 2866 3746 2906 esse

2178 2948 2283 3003 hoc
2318 2946 2575 3016 quiddam
2610 2945 2749 2999 idem
2784 2945 3058 2999 hominem
3096 2944 3281 3007 habet,
3315 2945 3431 3013 ipsa
3456 2953 3541 2998 est
3568 2946 3743 3013 prima

2175 3038 2291 3106 ejus
2318 3038 2624 3091 immediata
2656 3037 2921 3104 operatio,
2945 3051 3039 3105 per
3083 3051 3246 3105 quam
3275 3045 3326 3088 et
3357 3035 3462 3089 alia
3495 3045 3747 3104 operatur

498 3138 563 3182 et
594 3129 710 3181 sine
734 3128 930 3193 medio,
960 3127 1118 3179 etiam
1153 3128 1254 3181 alia
1288 3129 1556 3195 producit.
1607 3129 1744 3183 Hinc
1774 3128 1940 3196 igitur
1978 3144 2073 3199 per
2098 3142 2143 3199 ο
2176 3140 2643 3200 quazconstautem
2662 3129 2776 3197 ejus
2805 3130 3601 3199 spcciem'sequuntur;utputa
3620 3128 3746 3181 visi—

510 3221 811 3287 produt-ere
864 3217 1005 3286 quod
1051 3217 1271 3281 dicitur,
1299 3219 1403 3272 erit
1433 3219 1678 3287 gignere,
1723 3222 2072 3289 genitumque

510 3321 606 3372 per
659 3307 959 3373 produt-eus
1008 3313 1314 3369 nascetur:
1363 3318 1410 3359 et
1448 3305 1615 3362 Filius
1663 3323 1730 3364 ex
1774 3308 1935 3364 Patre
1977 3325 2075 3379 per

500 3393 767 3462 Spiritum
798 3393 921 3456 erit,
970 3408 1142 3463 neque
1171 3395 1277 3448 erit
1321 3395 1490 3449 Filius
1521 3411 1586 3451 ex
1620 3396 1779 3453 Patre
1806 3400 1923 3453 sine
1958 3416 2074 3454 me-

510 3485 615 3545 dio,
651 3498 822 3552 neque
853 3484 1044 3537 tertius
1072 3499 1102 3538 a
1132 3482 1293 3539 Patre
1345 3485 1579 3555 Spiritus
1610 3490 1906 3543 secundum
1948 3505 2070 3557 per-

502 3571 751 3625 sonalem
811 3572 1088 3635 ordinem;
1164 3570 1507 3640 Spiritusque
1576 3578 1865 3644 conjunget
1926 3573 2073 3628 Patri

504 3663 785 3728 Verbum,
819 3647 1186 3732 plurimaque
1240 3667 1552 3721 necessario
1618 3677 1916 3737 sequentur
1979 3668 2071 3723 ab-

499 3755 691 3808 surda.
1574 3804 1577 3805 ν

577 3845 810 3911 Quibus,
861 3853 917 3898 ut
966 3845 1279 3913 praedictum
1309 3851 1413 3907 est,
1446 3854 1499 3899 et
1525 3846 1794 3900 catholica
1833 3848 1965 3902 fides
2019 3861 2075 3902 et

502 3947 816 3990 sanctorum
848 3934 1069 3988 Patrum
1105 3936 1483 3991 Ecclesiastica
1521 3937 1770 3991 doctrina
1798 3940 2073 3994 contraria

493 4028 692 4091 .setitit,
725 4041 791 4079 ac
828 4026 1108 4093 praedicat.
1154 4023 1357 4095 Netupe
1386 4027 1529 4080 enim
1549 4026 1704 4094 juxta
1739 4031 1877 4084 hanc
1906 4031 2068 4085 ratio-

490 4134 630 4170 .uem
678 4118 1056 4185 productorem
1102 4133 1169 4170 ex
1207 4118 1589 4181 substatitiaii,
1644 4122 1823 4187 potius
1878 4135 2072 4176 vocare

483 4204 811 4266 .eonveniet,
846 4219 1007 4272 quam
1048 4219 1116 4257 ex
1146 4219 1212 4258 eo
1239 4205 1379 4272 quod
1411 4209 1768 4261 substantiam
1790 4212 2070 4279 sequitur;

482 4292 648 4357 .quod
676 4307 705 4344 a
737 4292 1035 4360 Scriptura
1081 4294 1205 4359 iide,
1264 4304 1427 4365 atque
1469 4312 1498 4349 a
1525 4300 1924 4355 consuetudine
1952 4298 2071 4356 oru-

485 4382 638 4435 mino
667 4382 900 4435 alienum
930 4394 1034 4437 est.
1796 4435 1809 4445 .

578 4474 841 4538 Quoniam
875 4474 1040 4544 igitur
1068 4477 1199 4531 nihil
1246 4493 1435 4532 eorum
1484 4493 1604 4549 quae
1634 4481 1893 4550 praedicta
1923 4495 2072 4552 sunt,

488 4565 857 4620 aiiostatuiale
891 4579 1184 4634 est,ncque
1214 4571 1531 4640 ingenitum,
1565 4586 1737 4640 neque
1770 4590 1954 4639 causa,
1978 4591 2073 4631 ne-

495 4670 612 4721 que
640 4655 924 4722 productio
950 4665 1007 4710 et.
1058 4661 1358 4723 paternitas
1389 4661 1571 4725 simul,
1632 4664 1786 4729 quasi
1844 4664 2072 4719 alterum

494 4758 628 4797 esse
655 4760 764 4798 non
800 4751 1005 4815 possit:
1036 4765 1207 4817 neque
1236 4752 1539 4819 producere
1570 4763 1775 4809 tantum
1800 4760 1946 4824 quod
1978 4760 2066 4813 di-

494 4836 670 4901 citur,
705 4839 1058 4895 substantiale
1105 4841 1285 4897 Patris
1330 4860 1451 4901 esse
1506 4861 1682 4917 potest
1710 4856 1955 4914 :‘restat,
2013 4860 2073 4905 ut

496 4930 887 5007 paternitatem
942 4932 1117 4987 solam
1167 4933 1345 4991 Patris
1375 4953 1495 4994 esse
1528 4943 1883 4997 substantiale
1931 4944 2074 4997 dica—

503 5036 648 5085 unus,
678 5022 829 5088 quasi
881 5025 1348 5082 commendantem
1398 5032 1736 5103 inprOprio,
1771 5043 1827 5088 et
1868 5035 2069 5088 nemini

502 5127 793 5167 emnmune
822 5130 943 5168 esse
974 5115 1153 5172 Patris
1179 5136 1487 5188 personam,
1529 5128 1644 5179 sive
1684 5127 2070 5193 substantiam,

501 5205 916 5273 productionem
952 5223 1078 5261 vero
1110 5225 1397 5277 personam
1429 5216 1618 5281 sequi,
1653 5225 1711 5268 ut
1743 5221 2068 5287 agnitionem

496 5295 844 5362 simpliciter,
903 5314 967 5353 ac
1016 5301 1465 5369 signiﬁcationem
1525 5306 1843 5361 substantiae
1899 5310 2067 5376 ipsius

495 5384 616 5453 jam
650 5386 1008 5443 subsistentis.
1040 5388 1104 5442 Et
1145 5401 1545 5458 consequenter
1579 5393 1916 5449 nativitatem
1946 5400 2066 5466 qui-

492 5477 631 5529 dem
671 5475 801 5531 Filii
848 5494 1140 5548 personam
1201 5483 1583 5538 commendare
1610 5524 1625 5549 ,
1663 5487 2063 5552 processiouetn

507 5581 637 5621 atere
686 5569 860 5622 sancti
906 5569 1153 5637 Spiritus
1200 5586 1532 5641 personam:
1568 5582 1732 5643 atque
1776 5576 1909 5633 istas
1946 5588 2061 5636 tres

529 5749 551 5779 ‘
584 5751 770 5807 Flauii.
804 5766 992 5818 X‘ﬂ'lll,
1024 5750 1106 5815 l9.
1131 5750 1219 5806 20.

2178 3223 2323 3283 bile;
2354 3222 2483 3277 solis
2515 3237 2731 3291 quoque
2779 3222 2993 3291 species
3035 3234 3280 3287 utracum
3320 3220 3413 3283 sit,
3448 3220 3744 3273 secundum

2176 3328 2337 3383 quam
2369 3315 2449 3367 sol
2486 3313 2754 3373 subsistit,
2779 3313 3101 3381 pnncipium
3140 3311 3431 3377 estprimae
3464 3321 3519 3364 et
3548 3311 3748 3365 immo.

2176 3404 2333 3459 diatze
2356 3402 2762 3470 operationisiu
2786 3401 2901 3455 sole
2921 3401 3156 3465 lucendi,
3182 3417 3299 3470 quae
3341 3402 3540 3456 nullam
3579 3401 3743 3456 aliam

2177 3503 2300 3547 ante
2314 3509 2373 3547 se
2388 3494 2680 3561 cogitatam
2707 3494 3082 3559 operationem
3114 3493 3171 3545 in
3205 3497 3322 3547 sole
3346 3493 3530 3547 habet.
3546 3494 3622 3547 Ac
3646 3507 3745 3561 per

2176 3586 2315 3639 hanc
2330 3584 2545 3638 lucendi
2568 3585 2962 3652 operationem,
2978 3588 3233 3651 qtuelante
3248 3599 3435 3641 omnes
3451 3588 3581 3639 alias
3595 3586 3744 3655 cogi-

2174 3686 2344 3740 tatur,
2376 3684 2537 3743 atque
2566 3676 2685 3730 sine
2724 3676 2905 3730 medio
2936 3676 2990 3727 in
3023 3675 3141 3729 sole
3172 3686 3276 3740 est,
3316 3676 3608 3739 illustrare,
3630 3679 3745 3732 sie-

2172 3783 2325 3831 care,
2368 3768 2670 3822 calefacere
2716 3770 2794 3822 sol
2830 3779 2889 3821 ut
2914 3770 3108 3837 possit.
3151 3770 3334 3825 habet.
3400 3768 3745 3839 Rursumque

2176 3874 2442 3914 numanus
2471 3862 2684 3914 animus
2709 3875 2830 3914 cum
2867 3876 2963 3930 per
2996 3862 3408 3931 intelligentiam
3440 3864 3612 3931 prima
3637 3862 3743 3917 sibi

2172 3958 2229 4000 et
2252 3948 2567 4001 immedlata
2599 3950 2669 4001 sit
2692 3950 2854 4015 actio,
2875 3963 2969 4017 per
2998 3948 3137 4003 hanc
3158 3952 3560 4021 praecogitatum
3578 3952 3743 4006 etiam

2175 4047 2489 4106 sequentem
2512 4040 2907 4110 operationem,
2940 4041 3079 4094 velle
3106 4042 3319 4099 scilicet
3347 4041 3577 4111 perficit.
3593 4043 3747 4111 Ope-

2173 4129 2415 4182 rationes
2461 4130 2605 4182 enim
2653 4131 2753 4183 ista
2803 4131 3055 4184 dicuntur
3085 4133 3382 4199 ,quoniam
3435 4143 3492 4187 et
3548 4134 3746 4187 intelli-

2172 4231 2320 4286 gere,
2354 4228 2414 4274 et
2444 4220 2708 4289 cogitare,
2749 4230 2804 4274 et
2837 4222 3296 4286 animadvertere,
3328 4233 3385 4278 et
3420 4224 3574 4289 velle,
3602 4225 3744 4281 sicut

2167 4309 2337 4361 etiam
2378 4310 2622 4378 gignere,
2651 4314 2862 4380 Operari
2902 4313 3104 4383 aliquid
3137 4325 3240 4369 est.

2244 4400 2534 4467 Quocirca,
2567 4403 2822 4471 quoniam
2864 4405 3164 4457 secundum
3189 4407 3443 4477 gignendi
3473 4412 3743 4467 rationem

2105 4469 2149 4525 θ
2175 4491 2354 4548 Patris
2397 4469 2626 4562 persona
2650 4496 2901 4550 subsistit
2940 4510 2956 4561 ;
3009 4512 3104 4564 per
3137 4469 3311 4567 ipsum
3340 4501 3563 4569 gignere
3595 4506 3744 4573 quod

2172 4585 2388 4649 dicitur,
2423 4588 2588 4640 etiam
2621 4588 2916 4656 productor
2952 4587 3116 4643 Pater
3162 4593 3288 4645 erit.
3346 4592 3471 4647 Ideo
3500 4604 3572 4648 "et
3605 4610 3744 4648 con-

2172 4691 2299 4745 grue
2328 4692 2459 4731 sane
2485 4680 2778 4743 productor
2836 4694 2931 4748 per
2972 4681 3207 4736 Verbum
3239 4684 3421 4738 dictus
3451 4696 3535 4741 est
3568 4702 3585 4750 ;
3618 4686 3745 4754 Spi-

2170 4768 2413 4836 ritusque
2435 4783 2496 4820 ex
2536 4769 2695 4821 Patre
2718 4774 3035 4839 procedere.
3064 4770 3248 4841 Neque
3278 4774 3383 4828 hoc
3410 4775 3608 4842 solum,
3634 4781 3743 4834 sed

2164 4862 2223 4907 et
2254 4868 2350 4921 per
2382 4852 2579 4907 Filium
2606 4855 2744 4910 facta
2774 4872 2896 4911 esse
2924 4863 3129 4927 omnia,
3159 4863 3498 4931 accepimus.

2242 4944 2365 4998 Haec
2416 4954 2594 4999 autem
2625 4948 2885 5015 praedicta
2929 4952 3111 5005 omnia
3163 4953 3459 5020 roborant;
3509 4970 3746 5026 namque

2166 5044 2221 5088 et
2250 5037 2504 5089 traditum
2559 5039 2944 5094 commendant
2998 5044 3266 5109 ordinem,
3298 5044 3607 5117 Filiumque
3643 5066 3742 5103 ue-

2168 5128 2408 5181 eessario
2436 5128 2588 5197 prius
2616 5145 2800 5186 mente
2833 5135 3070 5203 concipi,
3100 5150 3261 5202 quam
3300 5138 3581 5207 Spiritum,
3614 5149 3667 5193 et
3708 5158 3741 5194 a

2170 5217 2330 5272 Patre
2357 5222 2572 5273 tertium
2631 5225 2924 5280 secundum
2953 5230 3294 5297 personalem
3347 5233 3593 5286 ordinem
3621 5248 3744 5287 esse

2174 5306 2433 5376 Spiritum
2454 5328 2469 5364 :
2502 5321 2661 5379 atque
2678 5330 2799 5368 cum
2823 5319 3012 5371 ordine
3028 5333 3377 5387 personarum
3400 5324 3468 5375 ad
3488 5323 3741 5387 invicem,

2172 5400 2262 5466 qui
2283 5417 2346 5455 ex
2377 5407 2724 5469 processibus
2745 5412 2906 5461 simul
2936 5410 3263 5478 declaratur,
3300 5413 3551 5467 essentia
3605 5426 3737 5480 quo-

2169 5507 2277 5561 que
2306 5495 2593 5551 roboratur
2622 5499 2896 5563 identitas,
2928 5515 3050 5555 cum
3075 5506 3265 5557 tertius
3306 5504 3478 5571 primo
3503 5519 3597 5574 per
3625 5519 3738 5558 me-

2170 5584 2315 5639 dium
2339 5584 2605 5657 jungitur,
2638 5588 2792 5659 juxta
2820 5589 3141 5661 Gregorium
3166 5591 3489 5662 Nysaenutn,
3520 5601 3739 5647 natura-
