4010 6220
237 352 339 416 133

1331 352 1731 414 ADVERSUS
1764 332 2083 417 caecos
2113 359 2255 419 LIB.
2286 360 2401 423 III.

3406 369 3508 434 134

228 469 377 538 lique
432 463 677 519 bonitate
721 478 783 518 se
843 463 1107 534 dignitate
1175 464 1321 534 regia
1393 482 1458 519 ex
1519 465 1682 521 Patre
1733 481 1829 536 per
1860 469 1907 527 Α
2006 468 2083 523 Es
2114 471 2314 540 quibus
2347 472 2399 526 id
2428 471 2594 527 etiam
2619 473 2874 530 admirari
2924 475 3073 545 licet,
3103 482 3397 552 quomodo,
3419 488 3511 554 qui

232 561 586 630 Unigeniturn
614 559 681 611 ad
712 556 975 626 Spiritum
1005 568 1257 612 sanctum
1292 574 1356 613 ex
1426 559 1586 615 Patre
1624 575 1817 631 proce-

228 656 375 717 dere,
412 668 520 708 non
544 659 726 705 tamen
748 665 816 704 ex
843 651 1177 720 productore
1200 650 1378 717 .Nam,
1409 654 1707 733 secundum
1729 669 1822 723 pa-

228 756 441 800 ternam
498 743 888 813 proprietatem
930 742 1111 797 Patris
1181 760 1418 813 persona
1490 746 1818 811 subsistens,

224 841 527 893 secundum
552 838 694 890 hanc
724 837 999 906 primitus,
1021 853 1084 892 ac
1102 839 1221 892 siue
1247 840 1425 893 medio
1448 856 1510 893 ex
1540 856 1599 895 se
1626 840 1816 894 Filium

224 932 397 1001 gignit
427 956 438 981 μ
463 930 741 999 gignendo
773 938 959 983 autem
984 929 1233 997 producit
1252 944 1302 983 et
1332 929 1593 998 Spiritum
1622 948 1635 984 :
1668 934 1815 985 illum

223 1024 448 1093 quidem
474 1022 827 1077 continenter
872 1037 938 1076 es
965 1023 1163 1092 primo;
1203 1024 1346 1075 hunc
1370 1034 1545 1076 autem
1573 1040 1670 1093 per
1690 1040 1814 1077 enm

222 1099 315 1183 qui
340 1124 433 1168 est
460 1115 817 1168 continenter
842 1129 907 1168 ex
939 1115 1136 1183 primo.
1168 1114 1277 1167 Nisi
1298 1130 1427 1183 ergo
1453 1116 1612 1170 Pater
1648 1127 1815 1183 esset,

220 1204 465 1275 profecto
486 1220 664 1274 neque
687 1207 983 1275 productor
1014 1215 1182 1261 esset.

290 1298 453 1352 [Inde
484 1300 654 1351 etiam
687 1298 897 1352 dictum
929 1309 1034 1363 est,
1088 1300 1296 1354 idcirco
1353 1301 1502 1355 illum
1551 1317 1615 1356 ex
1652 1302 1816 1357 Patre

218 1389 546 1456 procedere,
581 1391 841 1459 quoniam
891 1391 1157 1460 eﬂnlgeta
1213 1392 1371 1458 Elin,
1432 1404 1485 1451 et
1516 1410 1612 1463 per
1636 1397 1812 1465 ipsum

214 1492 313 1535 est.
335 1480 457 1536 Nisi
481 1484 631 1537 enim
673 1500 769 1553 per
792 1483 988 1538 Filium
1010 1496 1176 1548 esset,
1198 1503 1373 1557 neque
1402 1504 1429 1540 a
1468 1488 1627 1543 Patre
1643 1498 1808 1545 esset.

217 1576 407 1642 Itaque
440 1576 802 1645 pracogitato
839 1578 1054 1646 quidem
1079 1576 1218 1631 Filio
1254 1590 1475 1648 propter
1529 1590 1811 1650 paternam

216 1669 657 1733 generationem,
690 1672 991 1724 secundum
1016 1687 1175 1739 quam
1201 1671 1379 1726 Patris
1417 1688 1647 1739 persona
1689 1674 1814 1728 sub-

219 1762 357 1814 sistit
391 1779 407 1813 :
447 1777 549 1829 per
580 1760 775 1814 Filium
810 1777 939 1815 vero
982 1764 1309 1831 procedente
1339 1764 1546 1835 Spiritu
1584 1776 1808 1829 sancto,

220 1855 440 1922 proprie
471 1853 775 1907 admodum
802 1854 1039 1919 Spiritu-3
1075 1867 1297 1911 sanctus
1331 1873 1395 1911 es
1425 1859 1587 1912 Patre
1620 1874 1813 1927 procec

218 1947 339 1996 dere
374 1962 403 1996 a
430 1944 707 2013 theologis
737 1948 997 1999 asseritur
1029 1963 1042 2009 ;
1077 1956 1135 2000 ut
1188 1948 1279 2016 qui
1327 1964 1434 2002 non
1463 1949 1621 2003 aliter
1651 1965 1812 2018 quam

217 2050 278 2089 es
332 2035 501 2091 Patre
530 2052 628 2105 per
661 2037 1067 2104 generationem
1124 2040 1455 2107 producatur
1507 2057 1521 2094 :
1555 2040 1623 2095 ob
1647 2056 1807 2110 quam

217 2127 466 2195 profecto
500 2142 755 2191 causam,
791 2141 844 2182 et
879 2130 1053 2183 sancti
1080 2127 1267 2186 Patres
1316 2132 1663 2201 coniunctam
1690 2147 1813 2201 pro-

214 2220 440 2272 cedendi
484 2220 888 2283 definitionem,
922 2235 987 2275 ex
1047 2222 1205 2277 Patre
1242 2223 1384 2293 quod
1447 2224 1667 2289 dicitur,
1713 2240 1811 2296 pro

215 2324 275 2361 eo
304 2312 457 2376 quod
500 2320 587 2363 cst
624 2325 691 2363 ex
726 2309 885 2363 l‘atre
914 2325 1011 2378 per
1045 2310 1239 2366 Filium
1276 2315 1662 2383 suscipientes,
1698 2332 1810 2367 uta-

216 2399 471 2453 m’festins
509 2401 893 2470 explicueruut
949 2405 1097 2458 :ltoc
1141 2405 1318 2473 ipsum
1378 2421 1500 2461 esse
1557 2422 1623 2460 ex
1652 2407 1811 2462 Patre

218 2491 543 2557 procedere,
606 2491 808 2546 divinis
883 2493 1190 2548 rationibus
1249 2506 1649 2552 asseverantes.
1689 2497 1805 2553 Nisi

213 2583 354 2633 enim
394 2583 700 2635 secundum
757 2580 1557 2655 paternitatis\dcﬂnitiouem,
1597 2605 1797 2646 secun-

214 2674 337 2725 dum
364 2688 537 2742 quam
569 2673 745 2728 Patris
769 2691 996 2744 persona
1031 2679 1299 2742 subsistit,
1349 2682 1604 2736 nativitas
1660 2681 1808 2746 Filii,

215 2767 547 2834 priusquam
580 2769 859 2836 processio
914 2769 1152 2837 Spiritus
1188 2772 1540 2840 cogitaretur,
1597 2789 1802 2843 nequa-

215 2874 374 2926 quam
405 2875 472 2913 es
511 2861 674 2914 Patre
700 2862 1018 2928 procedere,
1052 2864 1148 2918 sed
1174 2878 1241 2918 ex
1287 2866 1619 2932 productorc
1653 2870 1803 2923 dice-

216 2961 383 3015 retur,
436 2962 608 3018 atque
646 2969 720 3017 ,εο
750 2956 941 3023 magis,
980 2970 1043 3008 ne
1072 2965 1129 3009 et
1181 2955 1417 3025 Spiritus
1457 2957 1627 3015 Filius
1685 2976 1808 3016 esse

214 3044 553 3110 quibusdam
618 3045 852 3101 fortasse
896 3048 1192 3111 videretur,
1232 3063 1353 3103 cum
1397 3052 1695 3119 procedere
1726 3054 1808 3106 di-

1930 560 2186 631 Spiritum
2226 576 2477 620 sanctum
2534 581 2602 621 ex
2634 568 2751 623 solo
2810 567 2971 625 Patre
2993 586 3114 626 esse
3146 573 3353 641 volunt,
3379 577 3510 631 dum

1928 654 2031 708 sibi
2066 656 2194 724 ipsis
2227 658 2450 712 nimium
2481 660 2777 730 indulgent,
2810 662 3162 720 substantiale
3182 666 3359 723 Patris
3384 684 3513 738 pro-

1928 746 2129 801 ducere
2180 758 2410 817 ponunt,
2443 755 2664 823 etquod
2714 755 2997 824 queritur,
3056 757 3110 811 iu
3142 776 3251 827 quo
3278 763 3507 816 multum

1926 837 2126 895 laboris
2180 851 2237 896 ut
2280 844 2490 897 ostendi
2536 858 2740 912 posset,
2802 850 3037 916 primum
3086 852 3374 920 oportebat
3417 869 3507 909 as-

1926 930 2091 992 sumi,
2125 932 2281 999 quasi
2316 948 2636 989 concessum
2661 939 2938 1009 accipiunt
2964 958 2977 1003 ;
3001 956 3125 995 cum
3158 958 3334 1012 neque
3360 958 3511 998 cum-

1926 1035 2117 1076 munes
2148 1024 2214 1076 de
2244 1024 2515 1081 'l‘tinitate
2552 1028 2926 1097 intelligentia:
2952 1033 3301 1101 permittant;
3334 1051 3509 1105 neque

1924 1112 1975 1167 id
1999 1128 2169 1169 sacras
2197 1115 2418 1171 Litterae
2453 1118 2688 1174 habeant
2723 1140 2737 1186 ;
2776 1138 2951 1192 neque
3002 1125 3140 1180 ullus
3192 1140 3505 1182 sanctorum

1923 1203 2144 1258 Patrum
2197 1206 2430 1273 dixerit,
2462 1210 2531 1263 ab
2575 1210 2882 1279 lmjusmodi
2918 1214 3274 1284 intelligentia
3314 1218 3510 1270 adver-

1926 1297 2107 1350 terint.
2142 1297 2268 1361 Sed,
2308 1315 2429 1353 cum
2468 1316 2642 1368 neque
2671 1318 2700 1355 a
2729 1303 3135 1372 disputantibus
3158 1307 3210 1359 id
3239 1306 3507 1360 conceda-

1925 1397 2031 1453 tur,
2068 1387 2173 1457 ipsi
2204 1399 2383 1444 tatncn
2415 1395 2573 1461 quasi
2612 1408 2710 1461 pro
2735 1409 3015 1461 concesso,
3051 1399 3195 1466 quod
3216 1398 3504 1465 quaeritur.

1922 1488 2120 1549 pra-ter
2166 1497 2381 1537 omnem
2444 1485 2710 1541 rationem
2772 1501 3166 1559 supponetttes,
3222 1498 3506 1557 putantso

1922 1572 2124 1640 aliquid
2167 1575 2518 1640 concludere,
2569 1578 2910 1649 plurimaque
2960 1582 3141 1650 inepta
3169 1592 3359 1636 cautra
3408 1594 3506 1635 eos

1921 1665 2010 1733 qui
2036 1681 2129 1733 per
2152 1664 2346 1721 Filium
2387 1680 2550 1737 atque
2591 1688 2617 1722 a
2644 1669 2782 1724 Filio
2815 1688 2939 1726 esse
2962 1674 3222 1741 Spiritum
3250 1684 3503 1726 sanctum

1920 1760 2274 1824 conllteutur,
2304 1761 2582 1829 colligunt.
2604 1762 2757 1827 Quod
2782 1764 2826 1817 si
2857 1766 2957 1817 tria
2979 1764 3318 1819 solummodo
3340 1767 3502 1819 trium

1851 1831 1888 1884 θ
1916 1840 2270 1918 personarum
2308 1853 2685 1909 substantialis
2722 1870 2843 1909 esse
2879 1871 3106 1911 necesse
3133 1866 3234 1921 est,
3276 1874 3343 1910 ne
3375 1858 3504 1923 plu-

1918 1942 2052 1993 rima
2086 1943 2316 1996 absurda
2363 1959 2425 1998 ac
2462 1945 2677 2013 indigna
2726 1958 3046 2013 sequantur,
3079 1947 3319 2015 solisque
3370 1963 3500 2015 pro-

1917 2034 2243 2100 prietatibus
2296 2037 2663 2102 pateruitatis,
2712 2047 2767 2089 et
2813 2038 3133 2097 nativitatis,
3161 2054 3224 2091 ac
3280 2054 3503 2107 proces~

1914 2125 2105 2188 siouis,
2159 2127 2523 2181 subsistentia:
2580 2128 2798 2181 modum
2856 2127 3323 2198 diﬂ’erentiamque
3371 2132 3498 2185 sub-

1915 2217 2242 2271 stantiarunt
2275 2215 2652 2286 intelligimus,
2684 2218 2836 2286 juxta
2898 2228 3208 2273 sanctorum
3274 2219 3495 2274 Patrum

1912 2308 2262 2362 traditionem
2294 2324 2309 2361 :
2342 2309 2532 2378 liquet,
2560 2320 2758 2378 pratter
2792 2310 3079 2379 pncdictas
3113 2312 3491 2381 proprietates,

1911 2399 2122 2453 nullum
2156 2398 2301 2453 aliud
2326 2398 2685 2454 substantiale
2734 2414 2877 2465 esse,
2910 2401 3281 2469 cujuscunque
3330 2404 3494 2454 trium

1911 2489 1964 2544 in
2014 2500 2202 2545 sancta
2261 2489 2533 2545 Trinitate
2571 2505 2927 2561 personarum
2957 2507 2973 2555 ;
3010 2490 3315 2561 falsumque
3342 2507 3486 2557 esse.

1909 2584 2050 2652 quod
2088 2582 2163 2636 illi
2184 2597 2281 2650 pro
2305 2596 2567 2638 concesso
2596 2594 2827 2652 ponunt,
2853 2582 3094 2654 falsaque
3118 2586 3321 2649 omnia,
3342 2600 3496 2655 quaa-

1912 2689 2016 2744 que
2079 2674 2183 2731 hoe
2211 2675 2402 2747 [posito
2456 2677 2803 2741 concludere,
2855 2687 3018 2746 atque
3046 2691 3275 2747 arguere
3300 2692 3360 2731 se
3393 2692 3497 2746 pu-

1910 2775 2070 2821 tant:
2122 2777 2455 2836 externaque
2515 2783 2578 2822 ac
2607 2768 2815 2836 putida,
2869 2784 2989 2839 qua:
3012 2778 3203 2823 contu
3247 2768 3492 2835 Latinos,

1914 2858 2027 2913 imo
2062 2874 2188 2913 vero
2230 2868 2419 2914 contra
2451 2872 2670 2915 sanctos
2702 2862 2892 2915 Patres
2932 2862 3261 2931 longissimis
3292 2872 3495 2916 tracta-

1909 2948 2055 3005 tibus
2085 2950 2461 3005 couscribunt.
2483 2967 2577 3021 per
2612 2968 2731 3021 quae
2767 2953 3117 3017 concludunt,
3168 2954 3240 3007 illi
3265 2955 3489 3023 quidem

1911 3040 2067 3106 nihil,
2095 3056 2310 3112 semper
2337 3053 2516 3097 autem
2549 3044 2601 3097 in
2636 3044 2914 3114 principiis
2941 3056 3251 3100 versantur.

216 3152 431 3190 teretur
452 3153 526 3190 ex
556 3136 737 3192 Patre.
767 3139 1018 3208 Congrne
1054 3141 1217 3206 igitur
1272 3142 1551 3195 innovatio
1598 3144 1807 3199 ordinis

1980 3134 2279 3215 coniicitur
2308 3127 2486 3189 autem
2519 3145 2573 3189 et
2602 3150 2668 3189 ex
2705 3138 2787 3190 his
2837 3151 2955 3203 quae
2981 3136 3122 3191 dicta
3169 3146 3318 3201 sunt,
3347 3138 3490 3208 quod

214 3244 373 3296 quem
417 3228 688 3282 Dominus
717 3231 960 3294 tradidit,
1001 3232 1168 3298 ipsius
1209 3231 1526 3288 substantiae
1559 3234 1811 3289 abolitio-

219 3337 338 3374 nem
397 3320 631 3385 habere,
687 3323 920 3391 ﬁdeique
960 3324 1123 3378 totius
1177 3324 1461 3395 abnegatio
1489 3340 1608 3380 esse
1661 3328 1804 3383 dicta

216 3423 313 3466 est.
358 3414 655 3481 Abnegant
688 3412 845 3466 iidem
877 3413 1109 3475 scilicet.
1139 3418 1231 3485 qui
1252 3416 1561 3485 producere
1590 3420 1804 3485 quidem

220 3516 273 3558 It
305 3504 681 3559 substantiale
712 3515 974 3571 ponentes
1003 3506 1199 3572 Patris,
1227 3524 1293 3563 ex
1331 3509 1450 3579 ipso
1483 3508 1602 3564 sine
1631 3511 1807 3565 medio

219 3598 522 3661 procudere
551 3594 818 3663 Spiritum
847 3596 1057 3651 dicunt.

285 3686 645 3739 Attestantur
664 3694 844 3739 autem
881 3688 964 3741 bis
992 3704 1112 3758 quae
1143 3688 1285 3743 dicta
1318 3701 1467 3756 sunt,
1514 3692 1643 3747 hinc
1678 3693 1805 3763 qui-

219 3779 339 3829 dem
376 3777 668 3846 Scnptura
691 3777 873 3831 divina
913 3778 1135 3847 ubique,
1167 3796 1287 3833 cum
1325 3782 1391 3835 de
1415 3783 1585 3837 tribus
1616 3799 1805 3853 perso-

221 3868 300 3920 ais
316 3868 583 3937 loquitur,
605 3869 844 3933 Patrem,
870 3882 920 3923 et
937 3869 1153 3935 Filium,
1184 3883 1237 3925 et
1263 3872 1522 3942 Spiritum
1556 3887 1804 3929 sanctum

223 3960 539 4022 ennutians,
570 3960 727 4027 quasi
759 3963 859 4014 ista
917 3960 1207 4025 sufﬁciant,
1236 3964 1446 4018 divinas
1500 3965 1621 4021 illas
1679 3967 1809 4021 sub-

220 4052 507 4105 sistentias
554 4052 998 4122 substantiasque
1048 4055 1603 4111 commendarc.ﬂinc
1642 4060 1804 4113 etiam

221 4146 490 4197 Doctores
547 4148 746 4207 sancti,
776 4160 899 4199 cum
937 4146 1003 4199 de
1032 4146 1483 4203 substantialibus
1501 4149 1805 4217 disserunt,

222 4236 364 4289 solas
386 4237 492 4288 has
514 4235 868 4293 discretionis
891 4238 1109 4289 tradunt
1150 4253 1362 4293 causas.
1389 4239 1479 4292 Ait
1506 4240 1648 4293 enim
1682 4255 1807 4294 san-

222 4337 340 4379 ctus
368 4326 619 4381 Joannes
649 4330 1037 4381 Damascenus:
1070 4326 1242 4382 Unum
1277 4328 1447 4383 Deum
1471 4333 1804 4400 agnoscimus

222 4421 271 4470 in
293 4421 423 4472 solis
454 4419 869 4487 proprietatibus
892 4420 1250 4484 paternitatis,
1274 4423 1587 4490 nativitatis,
1612 4434 1658 4477 et
1684 4441 1808 4494 pro-

1910 3241 2096 3280 corum
2128 3242 2246 3295 qua‘.
2272 3226 2526 3281 dicuntur
2553 3228 2605 3282 in
2627 3228 2738 3282 Deo
2761 3230 2863 3282 alia
2888 3228 3102 3298 quidem
3141 3231 3343 3285 nullam
3374 3230 3490 3285 dis-

1910 3321 2204 3373 cretionem
2255 3321 2509 3389 signant;
2544 3322 2637 3376 sed
2670 3322 2722 3375 in
2750 3330 2857 3375 tota
2888 3322 3168 3375 divinitate
3201 3323 3491 3377 indiscrete

1910 3410 2195 3465 dicuntur:
2250 3412 2365 3466 sive
2422 3413 2693 3477 absoluta,
2726 3414 3019 3467 secundum
3079 3428 3139 3467 se
3168 3416 3284 3483 ipsa
3341 3414 3488 3469 dicat

1908 3502 2197 3569 quispiam,
2230 3514 2287 3554 ut
2313 3508 2552 3572 sapiens,
2586 3504 2779 3566 bonus,
2808 3507 2936 3567 vita,
2962 3507 3183 3571 veritas,
3204 3510 3440 3561 essentia
3467 3525 3485 3562 :

1909 3595 2043 3657 sive,
2080 3610 2201 3663 qua:
2225 3608 2321 3661 per
2348 3608 2630 3648 excessum
2665 3596 2966 3663 negationis
2994 3597 3274 3686 dicuqtur,
3307 3608 3367 3651 ut
3401 3598 3487 3652 in-

1910 3684 2155 3744 tisibilis.
2182 3682 2768 3753 incomprehensibilis,
2790 3682 3349 3751 supersubstantialis:
3372 3689 3487 3742 sive

1908 3786 2028 3840 qua:
2064 3772 2314 3837 ,ltabitunt
2377 3776 2444 3823 ad
2479 3783 2787 3827 creaturam
2840 3774 3102 3842 indicant,
3160 3786 3217 3830 ut
3247 3786 3485 3843 creator,

1909 3878 2028 3929 rex,
2060 3866 2427 3934 omnipotens.
2464 3864 2582 3918 Alia
2649 3881 2775 3921 vero
2831 3870 3046 3937 propria
3107 3871 3161 3923 in
3220 3871 3489 3926 Trinitate

1912 3966 2064 4010 Slllll.

1979 4045 2046 4099 Et
2074 4045 2415 4115 propriorum
2452 4046 2555 4100 alia
2586 4046 2804 4115 quidem
2857 4049 3071 4107 duobus
3123 4054 3490 4110 communiter

1907 4149 2053 4205 sunt,
2089 4138 2308 4209 propria
2340 4153 2489 4202 vero,
2528 4138 2594 4191 ad
2627 4140 2913 4209 reliquam.
2936 4141 3032 4195 Est
3055 4144 3199 4197 enim
3244 4153 3298 4199 et
3326 4147 3489 4213 quid-

1906 4233 2032 4287 dam
2077 4233 2184 4284 tale
2229 4232 2530 4300 proprium,
2579 4231 2647 4283 ad
2675 4230 2823 4285 aliud
2870 4231 3095 4300 aliquid,
3137 4243 3195 4288 et
3225 4234 3371 4304 quod
3418 4236 3489 4290 ad

1907 4325 2126 4395 aiiquod
2172 4326 2371 4378 dicitur
2405 4323 2704 4392 pr0prium,
2740 4340 2845 4379 non
2865 4333 3045 4379 tamen
3080 4327 3379 4382 secundum
3402 4342 3489 4382 se-

1909 4418 2081 4485 lpsum
2133 4416 2433 4485 pr0prium,
2480 4414 2638 4480 quasi
2689 4414 3075 4468 commendare
3127 4416 3227 4470 hoc
3280 4417 3493 4485 aliquid

224 4508 496 4565 msionis,
526 4516 575 4559 et
612 4506 898 4558 secundum
932 4521 1171 4570 causam,
1197 4519 1243 4561 et
1265 4511 1499 4573 causale,
1526 4512 1799 4581 perfectio-
1835 4514 1879 4569 D
1906 4508 2115 4578 possit;
2173 4517 2228 4559 ut
2289 4508 2437 4560 verbi
2485 4508 2660 4576 gratia
2717 4507 2963 4576 bipedem
2993 4521 3138 4572 esse,
3166 4508 3378 4560 homini
3417 4509 3491 4560 ad

228 4614 442 4666 mque
464 4598 779 4651 substantia
802 4601 906 4651 sive
934 4598 1279 4653 subsistentia
1314 4601 1522 4654 modum
1547 4602 1804 4671 diﬁeren-

224 4695 345 4740 tim
386 4690 758 4757 intelligimus.
792 4689 945 4755 Quod
998 4692 1041 4745 si
1088 4692 1140 4744 in
1179 4692 1308 4746 solis
1377 4693 1806 4763 proprietatibus

226 4781 588 4835 dtIerrtttiatn
608 4782 973 4857 intelligimus
1004 4792 1058 4838 et
1083 4786 1211 4852 ipsa:
1240 4784 1367 4838 sola:
1414 4786 1624 4839 scilicet
1677 4801 1802 4855 per-

224 4889 379 4927 sonas
414 4874 807 4926 emnmendant
830 4891 849 4941 ;
874 4874 918 4927 si
944 4876 1109 4945 igitur
1136 4875 1252 4929 inec
1279 4890 1404 4928 vera
1434 4886 1580 4939 sunt,
1606 4879 1805 4946 produ-

224 4979 341 5015 cere
365 4979 597 5033 prorsus
622 4966 973 5021 snbstantiale
1006 4984 1109 5020 non
1132 4978 1234 5021 est.
1262 4965 1568 5022 Conficitur
1595 4980 1799 5033 autem,

228 5056 365 5118 quod
418 5056 515 5122 qui
570 5055 751 5108 Patris
794 5056 1197 5118 substantialia,
1228 5058 1381 5125 plura
1420 5072 1581 5125 quam
1632 5072 1797 5109 unum

227 5156 454 5211 prmum,
494 5148 991 5215 paternitatetnque
1015 5156 1068 5199 et
1096 5147 1533 5215 productionem,
1590 5148 1805 5217 ingeni-

229 5247 448 5305 umque
482 5248 538 5290 et
561 5252 807 5299 causam,
857 5237 1084 5291 veritate
1108 5237 1367 5291 excidunt
1399 5254 1413 5301 ;
1447 5236 1802 5308 plurimisque

228 5328 658 5383 absurditatibus
707 5338 957 5397 tenentur
993 5330 1201 5383 astricti
1247 5345 1263 5395 ;
1298 5330 1422 5381 dum
1454 5339 1506 5382 et
1554 5329 1805 5383 substan-

230 5422 357 5474 tiam
396 5420 574 5475 Patris
596 5422 951 5489 compositam
994 5422 1175 5476 dicere
1219 5434 1505 5490 coguntur,
1545 5421 1803 5476 traditos-

227 5527 332 5579 qne
363 5515 675 5568 divinarum
705 5528 1063 5584 personarum
1121 5529 1405 5584 processus
1453 5515 1690 5579 auferre,
1739 5530 1804 5569 ac

229 5604 427 5667 plores,
445 5620 607 5674 quam
633 5609 739 5660 sint
763 5607 969 5667 traditi,
994 5604 1215 5667 inferre,
1239 5616 1289 5658 et
1310 5620 1428 5673 qua:
1447 5604 1680 5659 absurda
1702 5608 1803 5660 hoc

232 5711 331 5749 suo
353 5711 617 5754 concesso
654 5701 777 5756 hinc
817 5716 1099 5770 emergere
1123 5700 1294 5756 cuivis
1309 5699 1660 5767 conspicuum
1681 5713 1802 5755 esse

236 5794 434 5851 νοιεδι.

1912 4614 2136 4666 equum,
2166 4609 2217 4651 et
2247 4611 2462 4661 canem,
2494 4597 2771 4666 proprium
2808 4598 3064 4665 est.fQua:
3090 4598 3254 4666 igitur
3275 4596 3495 4651 duobus

1910 4692 2273 4746 communiter
2307 4701 2434 4745 sunt
2461 4692 2657 4746 divinis
2713 4693 2958 4759 personis
2985 4691 3225 4759 propria,
3259 4692 3371 4746 hac
3404 4702 3493 4745 ta-

1912 4799 2033 4836 tnen
2070 4784 2136 4834 ad
2200 4782 2461 4849 reliquam
2512 4782 2729 4853 propria
2767 4800 2781 4837 :
2812 4792 2868 4834 ut
2902 4782 3142 4849 causale,
3205 4784 3485 4853 proprium

1908 4885 1990 4931 est
2021 4874 2141 4929 Filii
2176 4883 2231 4930 et
2258 4874 2429 4928 sancti
2468 4874 2702 4944 Spiritus
2722 4875 2787 4927 ad
2822 4875 3040 4927 Patrem
3073 4889 3089 4927 :
3125 4872 3339 4930 mittere
3388 4890 3490 4928 an-

1911 4978 2041 5033 tem,
2063 4971 2142 5021 vel
2169 4966 2436 5032 dare,‘vel
2463 4981 2715 5019 emanare
2741 4965 3001 5034 Spiritum
3034 4977 3305 5033 sanctum,
3337 4980 3493 5019 como

1913 5077 2073 5114 mune
2108 5071 2189 5114 est
2220 5058 2363 5113 Patri
2396 5070 2448 5113 et
2480 5059 2616 5114 Filio
2649 5063 2714 5113 ad
2750 5060 3010 5129 Spiritum
3040 5076 3055 5110 :
3098 5061 3352 5113 similiter
3384 5074 3486 5113 au-

1913 5160 2020 5205 tem
2067 5161 2120 5205 et
2178 5152 2418 5221 ipsorum
2470 5165 2613 5214 esse,
2643 5167 2706 5206 ac
2740 5154 2845 5206 dici
2904 5151 3165 5221 Spiritum
3210 5143 3483 5205 sanctum.

1910 5244 2088 5296 Patris
2114 5243 2257 5296 ειιίιη
2296 5253 2347 5297 ει
2367 5226 2497 5296 Ῥίιιί
2534 5243 2621 5295 ille
2659 5244 2892 5312 Spiritus
2917 5244 3158 5307 dicitur;
3198 5243 3270 5295 illi
3302 5254 3487 5298 autem

1911 5332 2070 5400 bujus
2098 5348 2201 5385 non
2235 5333 2512 5396 dicuntur,
2549 5348 2724 5401 neque
2754 5330 2935 5395 Pater,
2964 5348 3137 5399 neque
3163 5331 3355 5393 Filius.
3392 5348 3479 5387 ue~

1910 5439 2014 5492 que
2049 5424 2307 5492 Spiritus,
2338 5424 2429 5477 sed
2461 5438 2635 5491 neque
2659 5426 2742 5478 sui
2777 5425 2951 5493 ipsius
2971 5437 3055 5479 est
3082 5426 3336 5494 Spiritus,
3358 5427 3461 5492 Spi

1914 5516 2050 5569 ritus
2103 5523 2343 5569 sanctus.
2395 5513 2598 5567 Horum
2665 5527 2845 5570 autem
2894 5517 3113 5581 ςευεειε
3133 5518 3348 5583 quidem
3382 5531 3488 5570 nea
3560 5510 3563 5513 ’

1912 5607 2058 5661 mine
2092 5617 2301 5661 tantum
2326 5645 2341 5670 ,
2395 5609 2488 5661 sed
2517 5623 2624 5661 non
2677 5622 2758 5669 re.
2793 5624 3079 5664 commune
3112 5610 3294 5663 habet.
3339 5608 3485 5661 Prae.

1910 5698 2146 5749 dicatqu
2179 5697 2326 5749 enim
2347 5710 2432 5751 est
2454 5700 2626 5752 solum
2652 5699 2719 5752 de
2754 5711 2981 5770 utroque
3003 5702 3203 5757 dictum
3233 5702 3483 5766 ;idcirco

1917 5787 2079 5840 etiam
2108 5800 2215 5839 non
2248 5788 2540 5853 unutn,scd
2558 5788 2664 5843 duo
2691 5792 2927 5845 cattsuiia
2958 5793 3243 5856 dicuntur;
3271 5790 3475 5863 sienim
