4046 6204
506 370 607 435 135

1751 367 2155 428 MANUELIS
2191 366 2498 427 CALECIE

3649 368 3744 432 136

500 492 643 539 esset
677 482 892 536 causale
948 495 1033 537 res
1066 481 1117 535 itt
1148 480 1303 543 Filio,
1336 490 1388 535 et
1423 491 1611 536 sancto
1638 483 1862 553 Spiritu,
1898 496 2063 535 unum
2099 487 2141 542 Α
2176 497 2297 537 men
2330 482 2379 535 id
2421 491 2657 547 constat,
2697 482 2893 536 nullam
2924 497 3018 551 per
3044 483 3130 537 illa
3154 497 3439 552 personam
3465 499 3745 541 commen-

501 582 685 627 esseut
721 572 936 626 causale
993 574 1174 625 ambo.
1214 573 1423 626 Mittere
1471 583 1673 636 autem,
1710 584 1764 627 et
1795 586 2072 635 emanare,

504 676 664 734 atque
686 665 1127 733 aliabujusmodi.
1155 681 1257 717 una
1276 681 1360 720 res
1379 675 1504 719 sunt
1530 666 1581 718 in
1613 668 1787 726 Patre.
1817 682 1881 719 ac
1910 665 2069 728 Filio,

513 757 757 821 tttt'iSqtte
791 755 1143 818 mittentibus,
1175 766 1223 805 et
1251 756 1647 821 emanantibus,
1668 772 1807 811 unus
1834 758 1924 826 qui
1955 761 2075 811 mit—

494 846 593 904 tit,
640 857 744 907 est,
779 857 832 897 et
865 860 1004 897 unus
1046 845 1184 897 lous.
1214 845 1501 900 Ostensum
1528 856 1611 901 est
1633 850 1797 911 enim,
1830 850 2069 912 Patrem,

506 948 557 990 et
594 936 807 999 Filium,
836 936 1035 989 fontem
1076 952 1200 987 esse
1230 938 1401 991 sancti
1463 939 1720 1007 Spiritus,
1761 950 1922 1010 atque
1954 956 2075 995 om-
2112 941 2123 952 ‘

507 1029 593 1079 nia
633 1027 806 1079 Patris
869 1027 1065 1079 habere
1100 1026 1290 1080 Filium
1328 1030 1622 1083 secundum
1667 1034 1917 1086 eunnlem
1955 1048 2073 1086 mo-

417 1181 423 1193 .
503 1117 656 1179 dum,
692 1128 885 1185 pratter
906 1133 1089 1185 quam,
1118 1116 1331 1170 Patrem
1357 1135 1498 1173 esse.
1521 1121 1596 1175 Ac
1630 1121 1789 1175 Patre
1826 1123 2072 1179 mittente

508 1208 792 1275 Spiritum,
824 1208 987 1261 tnittit
1016 1210 1155 1261 lumc
1183 1217 1237 1260 et
1271 1209 1441 1263 Filius
1467 1227 1573 1264 una
1606 1212 1845 1275 datione,
1878 1223 1931 1267 et
1960 1229 2067 1267 una

502 1299 810 1367 largitione,
859 1308 915 1351 ut
940 1300 1012 1352 ait
1051 1313 1276 1367 magnus
1308 1299 1557 1355 Basilius.
1598 1301 1720 1356 l‘lzec
1753 1303 1913 1372 igitur
1940 1304 2072 1357 dua.

504 1405 621 1441 rum
678 1403 1029 1456 personarum
1072 1390 1135 1442 ad
1172 1388 1432 1457 reliquam
1490 1401 1615 1444 sunt
1684 1394 1921 1460 propria.
1953 1394 2068 1446 Alia

502 1494 653 1542 vero,
678 1480 836 1532 unius
868 1488 1098 1532 tantum.
1124 1481 1295 1549 Atque
1324 1483 1512 1534 borum
1541 1482 1683 1535 aliud
1706 1484 1917 1549 quidem
1951 1499 2074 1552 per-

507 1585 654 1621 sonae
674 1569 1031 1623 substantiale
1065 1580 1168 1634 est,
1204 1579 1261 1625 ut
1290 1572 1584 1640 paternitas
1612 1583 1666 1625 et
1707 1572 1989 1634 nativitas,
2018 1581 2072 1625 et

503 1658 794 1725 processio.
832 1657 987 1709 Aliud
1019 1668 1197 1713 autem
1232 1674 1511 1727 personam
1541 1660 1650 1725 jam
1685 1661 2068 1714 subsistentem

504 1752 769 1824 sequitur,
824 1753 915 1809 sed
950 1771 1055 1808 non
1108 1754 1262 1807 illam
1314 1752 1546 1815 statuit;
1583 1761 1660 1813 ut,
1695 1752 1983 1820 ingenitum
2016 1752 2067 1804 in

501 1847 677 1909 Patre,
708 1851 818 1901 sive
844 1849 1007 1900 etiam
1034 1846 1323 1910 producam
1361 1844 1412 1896 in
1448 1843 1563 1911 ipso
1594 1843 1733 1905 solo,
1765 1844 2063 1895 secundum

500 1954 619 2000 eos,
676 1939 764 2004 qui
791 1953 853 1990 ex
902 1936 1015 1988 solo
1047 1937 1202 1989 Patre
1239 1935 1531 2003 procedere
1568 1932 1830 2001 Spiritum
1859 1933 2064 1986 dicunt.

505 2027 689 2092 Neque
727 2026 911 2090 igitur,
949 2040 1068 2091 quae
1094 2024 1456 2077 communiter
1484 2023 1863 2090 praedicantur,
1902 2022 2067 2075 totius

497 2120 711 2173 deitatis
735 2115 1103 2170 substantialia
1140 2123 1303 2176 sunt;
1342 2112 1482 2165 nulla
1511 2111 1653 2164 enim
1690 2125 1783 2180 per
1814 2112 1899 2164 illa
1934 2112 2067 2166 sub-

499 2211 694 2266 stantia
756 2210 1083 2271 insinuatur,
1141 2220 1455 2273 ncouequa:
1488 2204 1698 2258 duobus
1748 2203 1962 2271 prepria
2001 2205 2066 2256 ad

498 2316 663 2353 unum
698 2308 861 2359 sunt;
898 2297 1037 2351 nulla
1072 2295 1215 2349 enim
1249 2309 1479 2362 persona
1526 2304 1607 2347 est
1645 2295 1857 2362 proprie
1877 2308 2069 2347 causa-

500 2393 587 2453 lis,
620 2406 790 2458 neque
839 2404 975 2441 unus
1004 2398 1108 2447 est,
1139 2386 1227 2455 qui
1268 2385 1431 2437 tnittit
1486 2384 1752 2451 Spiritum
1792 2396 2061 2438 sanctum.

500 2482 658 2535 Pater
686 2482 852 2543 enim,
877 2490 930 2533 et
954 2476 1121 2531 Filius
1159 2476 1321 2529 simul
1350 2490 1487 2528 unus
1521 2486 1626 2538 est,
1662 2474 1752 2542 qui
1802 2475 2062 2543 Spiritum

498 2580 742 2624 sanetum
769 2569 950 2621 mittit.
980 2566 1302 2620 Communia
1322 2564 1488 2627 enim,
1521 2578 1639 2631 qua:
1668 2578 1777 2616 rem
1806 2564 2067 2627 indicant,

494 2658 841 2730 singulariter
861 2657 1081 2726 quidem
1119 2655 1169 2706 in
1206 2654 1402 2708 divinis
1431 2656 1710 2718 dicuntur,
1741 2668 1845 2706 non
1884 2664 2065 2708 tamen

495 2766 598 2805 una
635 2764 861 2818 persona
888 2748 1180 2800 secundum
1212 2746 1359 2799 illaut
1394 2746 1734 2814 intelligitur.

571 2840 675 2892 Sed
708 2853 880 2907 neque
914 2840 1051 2906 quod
1082 2840 1241 2891 unius
1267 2837 1482 2904 quidem
1508 2836 1674 2889 solius
1694 2850 1935 2903 persona:
1963 2847 2069 2899 est,

495 2946 779 3000 personant
806 2937 992 2983 autem
1024 2929 1285 2997 sequitur,
1310 2927 1757 2991 sicutingenttum
1792 2931 1844 2980 in
1875 2928 2067 2983 Patre:

497 3024 599 3077 hoc
629 3021 769 3074 enim
803 3035 1141 3089 nequaquam
1173 3020 1333 3081 sisit,
1357 3019 1569 3086 negatio
1597 3033 1717 3071 cum
1749 3019 1840 3078 sit,
1874 3032 2070 3087 sequa-

2177 574 2290 627 dari
2320 590 2334 640 ;
2367 574 2479 628 sola
2510 574 2651 627 enim
2689 574 3065 629 substantialia
3098 575 3461 631 hancbabent
3523 579 3653 641 vim,
3692 590 3750 633 et

2174 680 2292 733 qua!
2325 666 2414 718 uni
2447 664 2784 719 substantiali
2815 669 3244 731 communicant,
3273 669 3317 723 si
3349 668 3565 737 quidem
3592 679 3742 724 esset

2174 756 2450 823 possibile,
2484 771 2702 811 necesse
2726 767 2867 810 esset
2888 773 3047 811 unam
3074 760 3235 811 etiam
3266 772 3389 812 esse
3418 774 3701 825 personam
3725 777 3744 823 ;

2174 845 2277 897 alia
2300 846 2771 907 vero,'nullatenns
2793 864 2807 901 :
2829 847 3006 917 itaque
3025 848 3153 903 solis
3179 849 3283 922 illis
3312 850 3483 903 tribus
3501 852 3739 918 proprie-

2187 935 2386 987 tatibus
2434 935 2629 988 dit‘inzr
2657 949 2901 1003 personae
2926 922 3447 990 t-tdiseernunturet
3473 953 3752 991 commen-

2174 1026 2629 1091 dantur;c:eteris
2646 1040 2773 1079 vero
2808 1037 3107 1080 noscuntur
3133 1026 3329 1080 solum.
3365 1027 3596 1098 Ideoque
3628 1032 3734 1083 Da-

2175 1130 2466 1169 mascenns
2500 1115 2551 1168 in
2579 1116 2711 1171 solis
2735 1115 2907 1168 tribus
2938 1116 3019 1168 bis
3040 1118 3466 1186 proprietatibus
3493 1122 3750 1174 substan-

2173 1206 2367 1259 tiarnm
2394 1205 2751 1283 differentiam
2779 1205 3023 1259 definivit
3067 1206 3315 1274 intelligi,
3366 1208 3522 1273 quasi
3558 1223 3750 1275 perso-

2175 1312 2272 1352 nas
2318 1299 2849 1363 commendantibus,
2915 1313 3022 1351 non
3064 1298 3497 1367 significantibus
3549 1301 3749 1364 solum,

2175 1400 2232 1442 ιιι
2261 1390 2350 1443 illa
2381 1398 2462 1443 est
2518 1390 2761 1459 ingeniti,
2797 1404 2916 1458 qua:
2945 1388 3122 1443 Patris
3158 1391 3360 1457 agnitio
3378 1400 3481 1455 est,
3514 1392 3610 1445 sed
3638 1407 3747 1445 non

2174 1480 2319 1532 illum
2358 1482 2699 1534 commendat
2743 1480 3102 1549 personaliter
3151 1497 3166 1545 ;
3202 1493 3396 1549 praeter
3440 1483 3584 1536 enim
3638 1495 3751 1536 tres

2174 1572 2457 1638 prtedictas
2481 1572 2813 1628 differentias
2865 1571 3276 1633 substantiales,
3321 1573 3531 1626 caneris
3564 1582 3623 1627 ιιι
3652 1588 3751 1626 no-

2174 1663 2411 1716 tionibus
2464 1663 2596 1718 solis
2646 1664 2841 1715 divina:
2906 1676 3150 1731 persona)
3197 1662 3602 1728 discernuntur,
3640 1679 3745 1716 non

2177 1765 2351 1807 tamen
2396 1764 2452 1807 ut
2500 1755 2844 1808 discretionis
2899 1753 3103 1818 causis,
3136 1750 3250 1805 sed‘
3298 1765 3357 1807 ut
3409 1754 3751 1811 discretionis

2178 1858 2385 1915 tantum
2412 1847 2603 1914 signis.

2240 1938 2313 1991 Ex
2347 1937 2543 2003 quibus
2582 1946 2815 2001 constat,
2842 1940 2983 2005 quod
3016 1940 3061 1993 si
3116 1940 3238 2008 quis
3289 1948 3596 1994 sanctorum
3646 1936 3751 1989 Pa-

2170 2035 2313 2079 trum
2366 2026 2512 2079 Patri
2562 2027 2849 2095 ingenitum
2890 2029 3144 2096 reddidit,
3202 2030 3252 2083 id
3282 2046 3384 2083 non
3418 2038 3473 2082 ut
3502 2030 3751 2083 substan-

2170 2118 2317 2180 tiale,
2360 2118 2452 2171 sed
2506 2128 2564 2171 ιιι
2615 2119 2965 2187 agnitionem,
3012 2131 3066 2173 et
3097 2124 3369 2190 proprium
3434 2121 3749 2191 simpliciter
3838 2172 3841 2173 ,

2169 2212 2439 2264 attribuit.
2483 2210 2539 2263 Si
2570 2211 2690 2278 quis
2724 2221 2903 2265 autem
2942 2211 3156 2266 Patrem
3188 2215 3484 2281 genitorem
3517 2230 3581 2269 ac
3616 2230 3740 2284 pro-

2167 2304 2443 2357 ductorem
2491 2301 2800 2372 appellavit,
2857 2314 2915 2358 ut
2970 2304 3263 2373 Gregorius
3313 2306 3619 2374 Tlieologus
3690 2308 3741 2360 in

2169 2396 2341 2462 primo
2370 2410 2618 2448 sermone
2692 2397 2756 2450 de
2799 2394 2957 2460 Filio,
2994 2399 3251 2465 genitoris
3278 2398 3491 2465 quidem
3528 2412 3743 2462 nomen,

2169 2498 2227 2541 ut
2249 2471 2610 2541 substantiale’
2639 2487 2790 2542 Patri
2824 2490 3115 2557 separavit.
3177 2490 3411 2558 ieqtale
3471 2492 3616 2543 enim
3660 2501 3746 2545 est

2168 2580 2380 2634 Patrem
2416 2595 2479 2634 ac
2510 2580 2818 2648 genitorem
2856 2580 3074 2640 dicere:
3106 2581 3308 2649 quippe
3337 2591 3388 2633 et
3423 2580 3742 2648 paternitas,

2166 2681 2223 2725 et
2282 2672 2533 2725 nativitas
2566 2669 2903 2741 tantumdem
2969 2670 3134 2725 valet.
3210 2669 3563 2725 Productoris
3613 2684 3742 2725 vero

2172 2778 2388 2827 nomen,
2428 2773 2485 2816 ut
2534 2776 2767 2831 sequens
2822 2772 3105 2831 paternam
3169 2762 3282 2828 jam
3351 2763 3740 2815 subsistentem

2170 2853 2548 2915 substantiam,
2607 2853 2953 2907 substantiali
3004 2852 3353 2933 paternitatis
3375 2852 3595 2922 proprio
3643 2854 3742 2906 ad-

2164 2943 2318 3015 jecit.

2241 3037 2318 3088 Ac
2352 3050 2561 3098 rursus,
2592 3035 2637 3089 si
2668 3036 2790 3105 quis
2852 3036 3174 3105 principium
3226 3036 3441 3090 Patrem
3500 3034 3741 3105 appella-

495 3124 686 3182 turque
723 3113 1105 3175 substantiam,
1130 3124 1291 3177 quam
1325 3107 1608 3162 alIirmatio
1663 3109 1917 3162 insinuat.
1955 3110 2066 3162 Ali-
2091 3165 2132 3221 ϐ
2170 3127 2267 3190 γει⁹
2301 3142 2406 3180 non
2442 3141 2571 3182 sane
2595 3129 2756 3181 etiam
2782 3127 3137 3181 subﬂamiaje
3171 3128 3288 3196 eius
3330 3128 3609 3197 proprium
3659 3129 3739 3181 ει,

496 3215 506 3221 .
668 3220 673 3221 ,
770 3205 780 3215 .
1074 3214 1175 3221 su
1214 3200 1640 3221 --ηιηηεμηη
1674 3200 1868 3221 λεὼ.--
1917 3211 2026 3221 --η
2244 3217 2291 3221 .-
2404 3217 2414 3221 -
2546 3206 2565 3214 α
2617 3219 2623 3221 Α
2914 3218 2923 3221 _
3230 3219 3239 3221 -
3308 3218 3335 3221 ,_
3602 3218 3612 3221 _
3660 3218 3670 3221 -

495 3215 703 3276 terque,
739 3205 780 3257 si
813 3201 1045 3271 genitum
1073 3214 1179 3251 non
1210 3213 1327 3252 esse
1352 3200 1643 3266 ingenitum
1670 3200 1887 3261 dicitur,
1912 3211 2059 3253 com-

493 3312 653 3350 mune
709 3295 939 3357 eritboc
970 3302 1022 3346 et
1061 3290 1286 3358 Spiritui
1319 3299 1523 3342 sancto.
1573 3288 1639 3342 Et
1666 3290 1778 3358 ipse
1812 3289 1952 3342 enim
1984 3298 2066 3343 est

491 3388 993 3455 ingenitus;ueque
1054 3382 1195 3435 enim
1257 3382 1469 3449 genitus
1502 3390 1625 3444 est;
1683 3380 2063 3434 substatttialia

492 3480 638 3531 enim
679 3489 1026 3544 personarum
1061 3474 1282 3526 omnino
1346 3473 1689 3526 consortium
1730 3474 2061 3540 reliquarum

493 3584 596 3622 non
629 3568 953 3634 admittunt:
983 3567 1076 3618 sed
1136 3579 1307 3632 neque
1352 3567 1651 3634 producere
1707 3564 2063 3626 substantiale

490 3675 611 3717 esse
645 3660 1001 3713 monstratum
1034 3666 1114 3710 est
1157 3674 1171 3709 :
1212 3657 1589 3725 paternitatem
1635 3666 1814 3710 autem
1886 3657 2061 3725 sequi,

491 3740 1015 3821 signiticativumque
1044 3748 1384 3803 solummodo
1408 3761 1526 3802 esse
1554 3756 1791 3816 paterna:
1817 3746 2063 3801 substan-

496 3844 603 3898 tiae.

562 3957 638 4010 lta
672 3957 835 4024 igitur
871 3965 980 4009 tres
1009 3954 1129 4006 illas
1151 3947 1533 4021 proprietates,
1561 3948 1722 4012 solas,
1751 3950 2055 4003 divinarum

491 4060 843 4117 personarum
873 4042 1256 4098 substantiales
1280 4056 1402 4095 esse
1423 4040 1707 4093 dicendum
1739 4050 1848 4094 est.
1884 4040 2058 4095 Patris

490 4139 708 4208 quidem
730 4138 1134 4207 paternitatem,
1180 4143 1340 4200 atque
1365 4135 1535 4202 ipstun
1569 4132 1806 4198 gignere,
1832 4133 1934 4186 hoc
1956 4144 2057 4193 est,

487 4246 551 4286 se
587 4234 759 4300 ipsum
798 4231 925 4282 dare
948 4228 1099 4281 alteri
1129 4239 1371 4293 persona:
1414 4226 1705 4277 secundum
1760 4225 2057 4278 nativitatis

490 4340 831 4397 processum.
892 4323 1013 4376 Filii
1079 4336 1207 4375 vero
1254 4319 1614 4381 nativitatem,
1648 4320 1927 4387 ipsumque
1957 4334 2054 4371 na-

490 4419 590 4482 sci,
616 4419 719 4471 hoc
770 4423 873 4476 est,
901 4416 1142 4482 accipere
1199 4410 1253 4463 in
1293 4410 1474 4478 seipso
1510 4408 1720 4463 Patrem
1767 4408 1921 4475 juxta
1953 4423 2054 4462 na-

2167 3217 2463 3283 gnilicavit,
2534 3206 2626 3271 sed
2656 3218 3015 3272 substantiam
3053 3217 3196 3270 illius
3229 3218 3471 3272 indicare
3529 3218 3722 3273 voluit.

2177 3308 2297 3377 lpse
2329 3310 2469 3371 enim
2499 3324 2563 3363 ex
2592 3309 2777 3375 nullo;
2816 3309 2986 3363 Filius
3029 3320 3231 3370 autem,
3264 3319 3317 3363 et
3351 3310 3586 3377 Spiritus
3609 3325 3737 3362 san-

2165 3408 2304 3460 ctus,
2335 3407 2388 3451 et
2427 3400 2605 3453 omnia
2631 3398 2775 3465 Filii,
2807 3409 2863 3453 et
2889 3399 3063 3453 sancti
3098 3399 3334 3467 Spiritus
3362 3402 3429 3453 ad
3481 3416 3602 3455 eum
3648 3416 3737 3453 re-

2164 3488 2429 3569 feruntur.
2460 3489 2618 3555 Nam,
2646 3499 2701 3544 et
2748 3491 2840 3560 qui
2873 3491 3130 3560 majorem
3157 3492 3293 3545 Filio
3312 3490 3529 3545 Patrem
3558 3507 3738 3546 causa:

2165 3581 2371 3634 ratione
2397 3582 2667 3647 dixerunt,
2701 3598 2807 3637 non
2841 3592 2897 3636 ut
2920 3584 3280 3637 substantiale
3349 3585 3528 3653 majus
3581 3585 3732 3646 illud.

2162 3672 2255 3725 sed
2297 3683 2352 3725 ιιι
2382 3674 2653 3727 notionem
2690 3673 2866 3729 l’atris
2920 3676 2983 3727 ad
3030 3674 3226 3727 Filium
3283 3683 3491 3727 tantum
3550 3675 3733 3727 reddi-

2161 3763 2354 3815 derunt
2379 3781 2392 3827 ;
2426 3764 2673 3816 similiter
2693 3773 2747 3819 et
2774 3766 2837 3818 de
2859 3780 2944 3828 eo,
2978 3765 3119 3834 quod
3175 3764 3291 3818 sine
3313 3765 3577 3835 principio
3600 3766 3738 3819 dici-

2166 3863 2274 3917 tur,
2304 3855 2827 3922 philosophandum.

2234 3944 2389 4010 Quod
2419 3947 2583 4016 igitur
2632 3948 2935 4002 divinarum
2997 3966 3346 4015 personarum
3379 3953 3445 4003 ad
3504 3952 3731 4006 invicem

2158 4036 2377 4090 habitus
2452 4052 2574 4090 cum
2632 4053 2815 4092 eorum
2884 4041 3200 4101 substantia:
3264 4039 3588 4103 diil'erentia,
3641 4058 3732 4097 se-

2158 4129 2391 4182 cundum
2445 4128 2657 4188 divinos
2714 4145 3045 4200 arcannsque
3103 4148 3387 4199 processus
3453 4144 3733 4201 appareat.

2158 4220 2423 4288 simulque
2448 4236 2569 4274 cum
2624 4222 2740 4290 ipso
2816 4223 3093 4276 relationis
3157 4224 3368 4288 habitu,
3428 4240 3610 4288 causa,
3678 4236 3735 4278 et

2112 4314 2121 4319 ’
2158 4312 2374 4364 causale
2401 4311 2559 4365 simul
2590 4313 2982 4375 introducatnr,
3027 4324 3182 4366 antea
3255 4315 3503 4383 plurimis
3564 4318 3729 4370 ratio-

2160 4406 2317 4458 nibus
2348 4408 2610 4460 constitit.
2646 4404 2802 4461 Nunc
2848 4416 3023 4460 autem
3064 4408 3375 4471 dicendum,
3457 4411 3732 4478 quomodo

488 4509 670 4565 scendi
733 4506 1155 4575 processionem.
1202 4500 1386 4555 Sancti
1444 4511 1620 4553 autem
1655 4498 1891 4567 Spiritus
1927 4515 2050 4567 pro-
2079 4500 2131 4557 ι)
2160 4496 2453 4549 secundum
2488 4511 2731 4563 causam,
2759 4508 2814 4550 et
2848 4498 3065 4551 causale
3108 4498 3303 4562 solmn,
3348 4507 3402 4552 et
3432 4500 3729 4555 secundum

487 4602 809 4659 cessionem,
832 4598 1114 4664 ipsumque
1131 4594 1444 4661 procedere,
1476 4592 1525 4643 id
1551 4599 1653 4653 est,
1682 4592 1735 4643 in
1766 4592 2054 4659 semetipso

492 4693 706 4743 Patrem
744 4704 807 4740 ac
870 4686 1060 4739 Filium
1093 4686 1335 4752 accipere
1361 4721 1376 4747 ,
1424 4684 1715 4736 secundum
1760 4684 2054 4735 naturalem

489 4780 935 4847 essentialemque
988 4791 1297 4845 processum
1346 4790 1411 4828 ex
1478 4775 1643 4828 Patre
1670 4788 1765 4842 per
1830 4775 2050 4827 Filium.

490 4873 735 4941 Istasque
770 4886 870 4923 non
896 4868 1067 4923 solum
1090 4864 1495 4929 substantiales,
1519 4866 1610 4918 sed
1655 4874 1706 4917 et
1744 4865 2055 4932 personales

487 4966 649 5019 etiam
687 4965 921 5033 preprie,
956 4973 1010 5015 et
1043 4960 1298 5019 maxime,
1330 4966 1383 5011 et
1415 4954 1841 5024 peculiarissime
1871 4956 2056 5008 dicen-

492 5059 640 5115 dum,
678 5066 859 5122 utpote
890 5068 1148 5122 personas
1168 5050 1631 5107 commendantes.
1964 5082 1971 5085 -
2046 5111 2054 5118 _

561 5145 753 5206 Porro,
788 5161 903 5212 qua:
929 5145 1199 5212 proprium
1237 5139 1438 5206 aliquid
1458 5140 1679 5190 duarum
1698 5149 2052 5202 personarum

489 5236 555 5289 ad
587 5237 847 5305 reliquam
907 5234 1207 5293 insinuant,
1237 5228 1615 5296 pt'oprielalcs.
1659 5240 1754 5279 seu
1784 5226 2050 5289 ηοιίοιιθεν

486 5342 578 5380 seu
610 5330 761 5395 signa
789 5327 1017 5378 duarum
1058 5324 1361 5388 aliquarum
1391 5331 1743 5385 personarum
1795 5318 2049 5369 vocanda:

488 5429 635 5470 sunt.
696 5414 847 5478 Quod
870 5416 913 5466 si
955 5412 1038 5466 cui
1070 5411 1277 5478 placeat
1313 5414 1365 5459 et
1398 5421 1459 5459 ea
1494 5404 1793 5474 personalia
1846 5405 2047 5467 dicere,

485 5520 550 5556 eo
573 5506 710 5571 quod
744 5500 989 5567 personis
1039 5495 1319 5560 attributa,
1385 5508 1491 5547 non
1524 5504 1700 5547 tamen
1732 5492 2042 5546 communia

489 5594 726 5646 Otttttlttttt
753 5596 923 5650 sunt;
984 5587 1143 5639 liceat
1192 5586 1371 5638 dicere
1393 5585 1445 5637 id
1493 5583 1732 5652 quidem,
1773 5582 1899 5635 dttm
1963 5592 2048 5634 ta-

565 5704 677 5765 (57)
731 5701 805 5756 De
839 5700 1149 5753 notionibus
1192 5697 1497 5752 divinarum
1535 5710 1894 5766 personarum
1928 5692 2049 5750 vide
2087 5691 2150 5747 υ.
2186 5692 2448 5769 Thomam
2479 5712 2494 5749 t
2546 5712 2598 5766 q.
2632 5697 2666 5751 (ι
2690 5697 2799 5760 .25,

490 5773 758 5827 Valentia.

2158 4581 2272 4649 ipsa
2332 4588 2485 4653 prius
2549 4586 2743 4640 divina:
2793 4600 3038 4654 personae
3098 4586 3506 4655 discernuntur,
3567 4600 3734 4657 atque

2154 4673 2273 4742 ipsa
2305 4678 2644 4731 discretionis
2683 4693 2846 4732 causa
2878 4687 3042 4743 ειιιιι,;
3096 4694 3212 4745 qua:
3262 4693 3450 4741 causa,
3486 4686 3541 4733 et
3598 4694 3733 4733 cau-

2154 4771 2289 4829 sale,
2322 4770 2702 4824 substantiales
2732 4770 3089 4838 proprietates
3117 4809 3133 4834 ,
3202 4773 3371 4838 ipsum
3399 4773 3572 4827 Patris
3637 4788 3733 4827 suo

2155 4860 2609 4926 persubstantiale
2637 4874 2855 4926 nomen,
2902 4870 2956 4914 et
2990 4874 3101 4913 rem
3131 4859 3273 4923 Filii.
3304 4874 3357 4916 et
3380 4864 3556 4919 sancti
3604 4862 3731 4933 Spi-

2155 4948 2288 5003 ritus
2328 4950 2728 5006 commendant.

2224 5040 2620 5109 Praesupposito
2672 5042 2837 5110 igitur
2897 5047 3155 5101 unitatem
3219 5047 3273 5101 in
3336 5046 3621 5111 Triuitate,
3671 5056 3731 5101 et

2152 5128 2468 5182 Trinitatem
2502 5130 2555 5182 in
2608 5131 2815 5187 unitate
2843 5148 2967 5189 esse
3050 5135 3355 5199 colendam,
3420 5140 3720 5191 secundum

2154 5220 2270 5273 fidei
2295 5220 2640 5287 positionem.
2675 5233 2728 5276 et
2769 5224 2836 5277 ab
2866 5224 2949 5279 bis
2971 5241 3090 5295 qua!
3115 5244 3142 5279 a
3177 5228 3382 5283 sanctis
3408 5229 3548 5281 dicta
3571 5237 3722 5291 sunt,

2153 5326 2257 5364 non
2321 5312 2679 5377 discedentes,
2732 5312 3070 5371 Damasceno
3118 5317 3360 5384 quidem,
3423 5318 3722 5372 secundum

2155 5415 2371 5454 causam
2423 5404 2717 5456 etcausale
2744 5402 3101 5457 differentiam
3152 5407 3203 5456 in
3232 5406 3428 5458 divinis
3474 5402 3723 5474 personis

2152 5490 2514 5561 intelligente;
2567 5492 2808 5562 Nysseno
2868 5504 3046 5549 autem
3106 5495 3368 5564 GregOrio
3436 5496 3714 5549 dicente:

2158 5580 2595 5638 lucommutubile
2628 5599 2833 5639 natura:
2886 5588 3047 5651 ipsius
3103 5589 3510 5647 considerantes,
3568 5586 3718 5651 dilic-

2895 5708 2949 5753 et
3038 5697 3166 5753 ibid.
3249 5697 3571 5769 Gregorium
3655 5699 3726 5752 de
