4010 6220
285 331 382 392 13⁸1

1348 314 1750 377 ABVERSUS
1790 310 2106 371 GRAECOS
2136 310 2279 373 LIB.
2329 310 2447 369 lli.

3409 299 3511 383 ias

282 440 502 495 rentinm
526 438 803 490 secundum
840 449 1076 497 causam,
1110 443 1154 486 et
1178 434 1409 498 causale,
1444 445 1544 484 non
1574 440 1845 497 negamus;
1874 420 1925 483 Α
1952 418 2141 485 Filius,
2176 429 2228 474 et
2260 420 2495 489 Spiritus
2524 419 2590 472 ad
2634 419 2848 472 Putrem
2885 416 3271 477 uniuuturNet
3312 416 3509 467 discet“

281 530 332 582 in
365 543 467 597 quo
498 523 635 589 solo,
662 521 885 578 alterum
916 525 979 577 ab
1011 521 1180 576 altera
1242 519 1500 590 distingui
1558 516 1846 580 deprehen-

280 621 451 675 dimus
472 638 492 685 ;
522 618 662 688 quod
690 614 1089 688 proposuimus,
1155 612 1510 673 habebimus;
1553 610 1676 678 quia
1708 605 1849 661 enim

282 715 381 767 tria
412 712 502 766 illa
533 727 697 764 unum
728 724 848 763 cum
882 707 989 762 sint
1029 704 1327 762 secundum
1364 700 1679 762 essentiam,
1730 696 1852 753 sine

281 818 443 860 causa
477 801 693 872 Quidem
729 817 851 857 esse
872 800 1077 865 omnia,
1106 795 1361 866 possibile
1400 810 1507 848 non
1539 801 1659 858 esti;
1691 790 1851 845 aliam

285 912 413 951 vero
438 910 661 952 causam
686 909 747 950 se
771 894 1130 962 antiquiorem
1175 888 1403 951 habere,
1464 886 1622 956 longe
1652 884 1858 953 impos-

282 987 494 1040 sibilius
523 1001 538 1039 :
571 993 762 1047 restat,
785 992 847 1037 ut
872 982 1031 1036 trium
1053 981 1280 1036 istorum
1302 992 1490 1040 unum,
1524 974 1853 1043 reliquorum

280 1093 445 1133 causa
477 1079 571 1132 sit.
606 1073 960 1129 Procedentia
994 1070 1301 1142 igiturinde
1337 1065 1596 1137 possibile
1639 1079 1750 1119 non
1773 1071 1859 1118 est

281 1169 613 1242 producendi
652 1182 896 1237 persona:
928 1165 1159 1229 ratione,
1214 1170 1336 1216 esse
1367 1160 1577 1224 eadem;
1620 1157 1855 1226 seipsum

282 1264 427 1318 enim
464 1260 670 1330 aliquid
699 1261 1013 1328 producere,
1046 1269 1110 1311 ac
1146 1256 1226 1309 sui
1261 1252 1431 1323 ipsius
1464 1264 1683 1305 causam
1715 1262 1855 1312 esse,

280 1354 547 1425 possibile
581 1360 687 1406 non
736 1356 843 1405 est.

347 1447 542 1513 itaque
579 1439 933 1513 procedentia
961 1448 1183 1494 necesse
1229 1444 1309 1490 est
1352 1433 1709 1505 personaliter
1755 1428 1857 1485 dis-

287 1540 501 1609 tingui;
535 1538 685 1591 unita
714 1534 932 1604 quidem
994 1531 1291 1587 secundum
1350 1528 1639 1584 essentiam
1669 1544 1684 1593 ;
1718 1524 1863 1579 nulla

288 1633 443 1699 enim~
472 1631 528 1683 in
582 1643 645 1682 ea
732 1625 992 1681 discretio
1049 1622 1388 1678 conceditur:
1433 1622 1660 1675 discreta
1715 1634 1863 1685 vero,

285 1722 586 1778 secundum
630 1718 983 1783 substantias,
1060 1731 1158 1771 seu
1226 1728 1520 1784 personas;
1596 1721 1651 1767 et
1688 1725 1864 1781 neque

285 1825 511 1885 propter
546 1813 799 1867 unionem
828 1824 1087 1879 personas
1119 1806 1381 1889 confundi
1413 1824 1429 1874 ;
1455 1821 1625 1875 neque
1642 1814 1864 1875 propter

288 1905 702 1965 discretionem,
722 1900 1013 1955 essentiam
1035 1897 1228 1954 dividi.
1289 1895 1529 1953 Perfecta
1558 1896 1700 1951 enim
1731 1892 1864 1963 illic,

285 2006 337 2050 et
373 2009 593 2049 summa
625 1992 777 2059 unio,
820 2000 981 2060 atque
1036 1988 1318 2045 discretio.
1376 1986 1548 2055 Atque
1608 1985 1864 2039 unionem

287 2086 508 2155 quidem
535 2084 716 2137 unitas
741 2082 1011 2147 essentim,
1042 2090 1101 2136 ul
1130 2079 1336 2135 dictum
1390 2087 1493 2145 est,
1547 2076 1713 2143 facit;
1754 2075 1867 2130 dis-

290 2178 593 2231 cretionem
654 2188 805 2238 vero,
858 2170 1158 2226 secundum
1217 2184 1460 2233 causam,
1520 2178 1574 2223 et
1628 2165 1866 2229 causale,

293 2265 426 2319 ﬁdes
467 2262 787 2319 conﬁtetur.
824 2260 1001 2332 Atque
1030 2276 1091 2316 ea
1120 2268 1205 2316 est
1248 2269 1366 2328 quae
1438 2259 1731 2314 secundum
1786 2271 1865 2322 se,

292 2372 466 2425 neque
493 2365 713 2424 propter
735 2353 878 2409 aliud
918 2368 1004 2409 res
1029 2353 1261 2408 maxime
1289 2363 1343 2405 et
1375 2352 1514 2415 unit,
1557 2361 1613 2405 et
1661 2348 1868 2405 discer-

296 2448 399 2499 uit.
460 2446 736 2499 Discretio
783 2444 989 2498 scilicet
1053 2440 1353 2497 secundum
1418 2454 1660 2504 causam,
1706 2447 1871 2507 atquc

292 2540 537 2594 causale.
568 2538 751 2606 Neque
778 2540 920 2592 enim
950 2535 1334 2592 discretionem
1381 2531 1552 2601 magis
1628 2529 1869 2586 confusi1

292 2645 393 2683 one
432 2628 665 2683 liberam
696 2627 935 2696 cogitare
960 2638 1246 2695 possumus
1274 2640 1289 2688 ;
1333 2635 1505 2690 neque
1539 2617 1869 2674 consortium

296 2721 532 2772 duorum
565 2717 871 2785 aliquorum
904 2714 1100 2783 majus,
1132 2726 1292 2781 quam
1346 2720 1468 2763 cuin
1527 2707 1753 2763 alterum
1808 2721 1873 2760 ex

297 2810 468 2863 altero
503 2821 629 2862 esse
686 2807 901 2862 habeat.
961 2803 1207 2873 Namque
1286 2801 1583 2855 secundum
1629 2808 1870 2863 causam,

295 2912 348 2957 et
377 2900 603 2956 causale
645 2900 915 2954 invenitur
953 2896 1159 2966 aliquid
1184 2885 1483 2951 secundum
1537 2890 1871 2961 :equivocatn

297 3007 550 3055 causam,
580 2992 685 3049 sibi
719 2990 896 3046 simile
925 2992 1231 3060 producens
1255 2988 1308 3041 in
1342 2984 1531 3040 eadem
1568 2982 1788 3052 specie:
1821 2991 1879 3036 et
1918 3008 1923 3013 ~

1958 522 2163 568 nuntur
2224 512 2521 567 secundum
2583 511 2791 566 scilicet
2852 509 3086 580 speciem
3160 508 3519 577 appositionis

1956 620 2152 669 causa,
2185 613 2347 673 atque
2381 604 2639 658 causalis.

2026 696 2260 751 Necesse
2284 695 2572 763 estigitur,
2603 695 2647 750 si
2675 680 3013 749 discernendi
3040 702 3187 757 sunt,
3212 692 3295 748 vel
3323 686 3520 749 Filium

1960 782 2199 857 Spiritus
2254 788 2429 840 sancti
2469 801 2590 841 esse
2648 800 2896 847 causam,
2948 785 3028 839 vel
3073 778 3333 851 Spiritum
3378 784 3521 837 Filii.

1960 879 2064 934 Sed
2099 893 2323 933 causam
2370 877 2587 947 quidem
2634 891 2757 931 esse
2793 873 2915 929 Filii
2966 874 3230 945 Spiritum
3271 885 3526 929 constare

1962 984 2067 1022 non
2100 973 2309 1037 potest;
2340 968 2468 1037 quia
2502 967 2694 1022 tertius
2724 977 2752 1019 a
2782 965 2955 1041 Patre
2985 966 3214 1021 traditus
3239 973 3340 1029 est,
3370 966 3522 1033 juxta

1962 1057 2303 1128 personalem
2356 1057 2627 1121 ordinem,
2675 1057 2799 1124 quia
2837 1057 3095 1111 naturalis
3131 1066 3184 1111 et
3216 1057 3524 1111 cssentialis

1963 1148 2207 1216 Operatio
2263 1156 2317 1200 ct
2354 1146 2526 1200 virtus
2572 1147 2690 1201 Filii
2727 1138 2962 1217 Spiritus
3003 1158 3120 1214 cst;
3170 1139 3295 1217 quia
3351 1149 3529 1217 imago

1964 1238 2080 1308 eius
2107 1254 2229 1295 esse
2254 1238 2487 1305 dicitur;
2512 1238 2765 1310 quoniam
2793 1240 3026 1309 Spiritus
3051 1236 3168 1295 Filii
3198 1256 3225 1293 a
3259 1236 3524 1310 theologia

1966 1331 2199 1384 traditur
2229 1348 2242 1384 :
2272 1330 2364 1398 qui
2417 1329 2660 1398 profecto
2709 1330 2883 1385 sancti
2920 1328 3153 1398 Spiritus
3187 1328 3357 1385 Filius
3408 1347 3530 1385 esse

1968 1439 2073 1478 non
2130 1424 2350 1479 dicitur.
2407 1422 2592 1493 Neque
2641 1424 2783 1477 enim
2844 1431 3256 1489 convertuntur,
3316 1434 3531 1493 propter

1968 1518 2304 1587 personalem
2336 1519 2606 1586 ordinem,
2635 1526 2800 1588 atque
2830 1518 2884 1572 id
2917 1517 3149 1572 maxime
3178 1518 3431 1588 quoniam
3467 1533 3530 1570 ex

1970 1608 2127 1665 Patre
2149 1624 2244 1680 per
2272 1608 2465 1664 Filium
2499 1623 2621 1665 esse
2653 1608 2887 1678 Spiritus
2921 1610 3174 1672 traditur,
3206 1624 3309 1662 non
3355 1619 3531 1661 tamen

1970 1715 2001 1755 e
2039 1711 2250 1755 contra.
2288 1699 2592 1759 Tolleretur
2624 1710 2804 1755 autem
2839 1712 2891 1754 et
2922 1701 2997 1768 id,
3030 1701 3172 1770 quod
3210 1712 3530 1756 concessum

1967 1801 2073 1858 est,
2120 1792 2315 1847 Filium
2354 1807 2474 1847 esse
2507 1807 2575 1847 ex
2635 1791 2791 1847 Patre
2828 1793 2944 1847 sine
2993 1792 3169 1846 medio
3218 1810 3231 1844 :
3279 1792 3357 1846 sic
3389 1793 3533 1845 enim

1966 1894 2111 1939 esset
2142 1884 2311 1939 Filius
2338 1900 2404 1940 ex
2433 1884 2593 1940 Patre
2618 1900 2715 1955 per
2740 1884 3023 1954 Spiritum,
3050 1894 3103 1939 et
3135 1890 3534 1954 consequenter

1971 1976 2208 2046 Spiritus
2235 1976 2415 2042 Pater,
2457 1978 2869 2033 communicatis
2901 1978 2973 2044 ei,
3019 1978 3316 2034 secundum
3354 1987 3533 2046 pater-

1970 2068 2157 2123 uitatis
2183 2068 2470 2124 rationem.

2039 2156 2229 2217 Restat
2294 2162 2478 2234 itaque
2518 2163 2756 2232 ,Filium
2824 2177 3042 2220 causam
3111 2177 3232 2221 esse
3301 2160 3537 2233 Spiritus

1970 2254 2192 2322 sancti,
2234 2254 2605 2326 Spiritumque
2650 2270 2747 2325 per
2796 2256 2995 2325 ipsum,
3029 2267 3083 2312 et
3134 2260 3200 2311 ab
3234 2257 3351 2324 ipso
3394 2272 3536 2311 esse.

1972 2334 2084 2401 Hae
2117 2356 2245 2416 ergo
2269 2345 2497 2412 ratione,
2522 2355 2577 2402 et
2606 2347 2864 2402 unientur
2891 2349 2957 2403 ad
2986 2349 3215 2404 invicem
3250 2359 3305 2403 et
3332 2350 3539 2403 discer-

1972 2444 2190 2502 nentur,
2237 2437 2379 2507 quod
2434 2436 2599 2492 etiam
2645 2435 2922 2507 Nyssenus
2953 2438 3232 2507 indicavit,
3266 2440 3457 2495 dicens
3487 2440 3538 2493 in

1972 2528 2088 2584 sola
2148 2530 2449 2585 secundum
2517 2544 2762 2595 causam,
2824 2540 2877 2587 et
2943 2533 3163 2588 causale
3229 2533 3540 2589 dill‘erentia

1973 2618 2185 2676 divinas
2217 2635 2479 2688 personas
2508 2621 2574 2676 ad
2606 2622 2837 2679 invicem
2868 2624 3146 2695 distingui.
3185 2625 3369 2693 Neque
3393 2626 3540 2681 enim

1974 2711 2040 2766 de
2066 2710 2182 2766 solo
2216 2704 2375 2767 Patre
2399 2711 2468 2767 ad
2491 2700 2710 2773 Filium.
2742 2724 2795 2768 et
2822 2713 3083 2783 Spiritum
3119 2725 3369 2769 sanetum
3403 2716 3544 2770 dixit

1976 2803 2091 2858 haec
2134 2820 2146 2855 :
2183 2802 2256 2856 ita
2309 2804 2450 2857 enim
2512 2804 2682 2860 solius
2713 2806 2777 2859 ad
2837 2821 2899 2860 ea
2949 2822 3069 2875 qua:
3119 2821 3185 2863 ex
3242 2808 3361 2879 ipso
3395 2818 3541 2867 sunt,

1979 2894 2367 2949 discretionem
2420 2894 2771 2961 tradidisset,
2806 2911 2981 2965 neque
3030 2897 3321 2969 adjeeisset
3361 2920 3371 2953 :
3410 2898 3543 2969 Ejus

1928 3012 1929 3015 η
1977 2998 2198 3055 quoque,
2234 2985 2373 3053 quod
2401 3000 2465 3041 ea:
2503 3002 2669 3041 causa
2713 2996 2814 3051 est,
2856 2988 3015 3041 aliam
3049 3006 3259 3043 rursum
3301 2991 3544 3058 cli/feren-

299 3080 603 3133 semiudum
635 3079 857 3150 quidem
913 3076 1057 3148 quod
1116 3090 1301 3139 causa,
1361 3083 1416 3129 et
1470 3074 1691 3128 causale
1739 3078 1870 3151 sunt
1900 3095 1946 3157 ο
1979 3073 2110 3129 tiam
2154 3072 2519 3145 intelligimus.
2552 3072 2676 3133 Haec
2709 3087 2890 3133 autem
2922 3091 2975 3133 et
3008 3080 3093 3134 bis
3128 3094 3246 3150 quae
3294 3081 3544 3149 superius

298 3174 574 3240 oppesita,
630 3172 697 3225 ad
724 3171 953 3225 invicem
1000 3166 1450 3224 habebunt.-ldeo
1482 3166 1646 3220 etiam
1684 3177 1874 3219 neces-

298 3268 449 3320 sario
512 3266 926 3318 discernentur:
989 3260 1286 3316 secundum
1347 3255 1697 3327 autemquod
1743 3270 1876 3311 cau-

294 3358 431 3418 saie,
462 3369 533 3409 ex
560 3368 724 3410 causa
756 3369 885 3418 esse,
919 3361 1081 3421 atque
1113 3350 1408 3407 essentiam
1459 3348 1679 3417 accipit,
1730 3360 1880 3403 com—

298 3448 663 3501 :nnuieabunt
694 3445 946 3507 invicem,
978 3441 1213 3496 maxime
1239 3454 1363 3495 cum
1405 3439 1623 3509 proprie
1651 3437 1717 3492 ad
1741 3436 1880 3493 invi-

297 3555 417 3593 cem
448 3552 553 3607 per
580 3546 833 3591 naturam
867 3535 1122 3590 habeant.
1158 3532 1358 3587 Filium
1400 3532 1562 3599 igitur
1605 3544 1670 3584 ex
1720 3527 1881 3585 Patre

301 3627 639 3692 uasci,lides
689 3627 849 3681 nobis
918 3640 981 3680 ac
1036 3624 1227 3694 religio
1281 3623 1465 3678 tradit.
1521 3621 1586 3676 Et
1614 3621 1874 3690 quoniam

301 3719 611 3772 secundum
645 3718 699 3771 id
736 3717 876 3785 quod
902 3717 1121 3786 gignere
1147 3726 1201 3768 et
1233 3714 1382 3769 nasci
1432 3713 1651 3777 dicitur,
1711 3724 1879 3780 oppo-

302 3810 435 3861 sitio
465 3822 673 3869 causa,
744 3816 799 3860 et
852 3805 1109 3869 causalis,
1172 3804 1472 3860 secundum
1523 3818 1586 3857 ea
1640 3816 1760 3870 qua:
1807 3790 1880 3856 ‘ad

306 3898 513 3966 aliquid
556 3897 830 3960 dicuntur,
888 3894 1181 3963 inspicitur
1212 3892 1509 3949 secundum
1563 3890 1616 3945 id
1643 3888 1882 3959 quidem,

304 3992 450 4059 quod
480 3987 630 4041 aliud
670 3988 784 4051 dat,
859 3985 1004 4041 aliud
1091 3987 1215 4041 inde
1276 3985 1529 4054 prodiens
1588 3983 1881 4039 essentiam

305 4078 530 4146 accipit,
574 4076 695 4130 dua:
718 4075 1031 4131 necessario
1062 4088 1309 4145 personae
1336 4072 1717 4143 intelliguntur
1739 4070 1883 4143 elus-
1936 4069 1941 4074 ’

308 4169 425 4223 deni
474 4176 711 4220 natura.

379 4259 647 4322 Rursum,
678 4257 891 4312 dicente
936 4255 1217 4326 Scriptura
1250 4254 1415 4310 Deum
1449 4267 1513 4309 ex
1536 4253 1662 4309 'Deo
1693 4261 1885 4326 proce-

312 4351 472 4414 dere;
514 4348 818 4403 secundum
842 4348 1083 4403 eamdem
1110 4347 1372 4401 rationein
1403 4345 1672 4415 Oppositio
1691 4360 1890 4400 secuna

1981 3166 2240 3233 diximus,
2289 3174 2612 3224 consonant.
2644 3169 2786 3227 Ante
2820 3171 2963 3226 enim
2999 3171 3259 3241 Spiritum
3294 3184 3541 3229 sanctum

1979 3245 2181 3313 Filium
2222 3250 2446 3328 intelligi
2489 3274 2712 3315 necesse
2742 3270 2859 3327 est;
2902 3262 3255 3333 habitumque
3284 3265 3347 3318 ad
3386 3266 3547 3320 alter-

1980 3354 2166 3402 utrum
2222 3348 2426 3403 habere
2478 3347 2675 3404 Filium
2718 3359 2781 3405 et
2841 3350 3128 3421 Spiritum,
3176 3351 3546 3425 inajoremqne

1983 3440 2187 3511 Spiritu
2228 3440 2422 3497 Filium
2465 3457 2645 3498 causa:
2682 3445 2896 3501 ratione
2939 3446 3084 3510 dici;
3120 3455 3279 3517 atque
3323 3463 3352 3501 a
3384 3449 3544 3514 Filio,

1983 3531 2182 3586 habere
2234 3547 2377 3599 esse,
2431 3542 2489 3588 ut
2524 3533 2616 3603 qui
2669 3534 2736 3588 ab
2766 3535 2886 3604 ipso
2910 3537 3164 3606 accipiat,
3196 3547 3249 3595 et
3282 3554 3403 3610 quae
3441 3542 3546 3596 alia

1982 3625 2234 3696 praedicta
2267 3636 2414 3683 sunt.

2054 3716 2108 3772 Si
2148 3719 2269 3787 quis
2320 3727 2503 3773 autem
2535 3718 2779 3788 ohjiciat,
2833 3721 3132 3792 Nysseuum
3177 3723 3336 3793 aliam
3382 3728 3551 3795 prelis

1986 3818 2190 3865 tentem
2223 3808 2583 3865 diﬂ‘erentiam
2613 3822 2801 3882 aperte
2830 3814 3002 3869 videri
3054 3817 3190 3870 velle
3242 3832 3348 3873 non
3404 3820 3550 3889 ejus-

1985 3901 2127 3954 modi
2162 3910 2212 3955 et
2249 3892 2335 3957 hic
2362 3902 2412 3955 iu
2453 3890 2611 3968 Filio,
2657 3911 2710 3957 et
2742 3902 2968 3973 Spiritu,
2997 3908 3208 3974 qualem
3253 3911 3552 3967 secundum

1986 3998 2230 4053 causam,
2267 3998 2325 4045 et
2351 3992 2570 4046 causale
2605 3991 2842 4047 reddidit
2877 4012 2891 4049 :
2925 3994 3064 4051 scite
3103 4000 3371 4062 convenit,
3404 4000 3549 4054 illum

1986 4074 2150 4137 aliam
2180 4078 2484 4138 secundum
2515 4098 2827 4148 numerum,
2859 4101 2966 4141 non
3015 4092 3310 4145 secundum
3351 4091 3554 4144 discre-

1989 4160 2151 4224 tionis
2179 4162 2414 4241 speciem
2445 4186 2624 4227 causa:
2659 4183 2711 4227 et
2743 4175 2979 4229 causalis
3002 4177 3219 4244 dicere;
3255 4188 3312 4232 ut
3344 4180 3554 4234 discer-

1988 4272 2187 4316 nantur
2213 4263 2431 4333 quidem
2458 4264 2688 4331 scilicet,
2723 4279 2828 4321 non
2874 4274 3053 4323 tamen
3089 4271 3384 4325 secundum
3421 4288 3557 4326 cau-

1991 4366 2129 4419 sam,
2160 4362 2215 4408 et
2244 4353 2465 4410 causale
2500 4372 2513 4409 :
2549 4357 2843 4411 secundum
2896 4360 3113 4413 modum
3164 4376 3288 4416 vero
3321 4362 3554 4416 alterum

314 4440 437 4495 dum
477 4454 731 4502 causam,
784 4448 842 4493 et
903 4438 1125 4492 causale
1173 4438 1338 4492 etiam
1400 4436 1488 4490 hic
1547 4435 1876 4505 intelligitur,

1992 4459 2114 4499 cum
2144 4446 2545 4510 disceniantur,
2577 4458 2725 4515 puta,
2765 4449 2905 4504 sicut
2932 4452 3205 4506 contraria
3237 4453 3555 4508 discernun-

318 4533 614 4586 secnndum
648 4544 808 4598 quam
842 4528 1265 4599 oppositionem,
1293 4534 1348 4582 et
1392 4526 1632 4582 discerni
1681 4527 1772 4581 illa
1819 4528 1886 4580 ab

320 4625 549 4678 invicem
581 4632 640 4676 et
668 4621 806 4673 uniri
846 4620 988 4674 licet.
1038 4618 1113 4674 Ita
1148 4616 1311 4687 igitur
1337 4616 1527 4684 Filius,
1561 4625 1618 4672 el
1649 4615 1888 4687 Spiritus

320 4726 542 4770 sanctus
577 4729 649 4768 ex
705 4712 865 4766 Patre
911 4726 1034 4767 cum
1080 4710 1211 4776 sint,
1266 4719 1316 4764 et
1350 4710 1509 4775 uniti,
1557 4718 1611 4763 et
1666 4707 1885 4763 discreti

320 4818 459 4861 53M.

383 4901 664 4953 Caeterum
694 4899 819 4966 quia
851 4905 1072 4966 propter
1117 4894 1404 4948 Trinitatis
1436 4893 1680 4947 ordinem
1727 4904 1891 4962 atque

320 4990 745 5054 confessionem,
793 5004 898 5043 non
930 4987 1103 5057 magis
1127 4987 1385 5043 convenit
1428 4986 1525 5038 ista
1564 4987 1630 5038 ad
1678 4985 1887 5038 Patrem

321 5094 372 5134 et
402 5083 645 5135 discreta
693 5090 760 5149 et,
789 5080 939 5134 unita
976 5068 1116 5143 esse,
1160 5072 1321 5147 quam
1371 5076 1482 5129 sint
1541 5059 1888 5129 ad'inviceni
1938 5098 1943 5103 ι

324 5170 487 5225 Filius
511 5182 569 5226 et
598 5170 835 5240 Spiritus
864 5178 1085 5224 sanctus
1109 5185 1125 5234 ;
1157 5168 1292 5223 alias
1319 5167 1515 5236 quippe
1551 5160 1892 5233 inaequalitas

328 5265 377 5317 in
410 5264 682 5317 Trinitate
710 5272 878 5325 esset,
912 5275 1089 5330 neque
1133 5259 1198 5313 ad
1244 5259 1477 5321 invicem
1512 5257 1892 5311 discerneren-

328 5364 427 5405 tur.
460 5354 519 5406 Si
554 5363 738 5407 autem
773 5368 877 5405 non
911 5350 1379 5411 discernerentur,
1429 5364 1532 5401 una
1576 5347 1736 5399 etiam
1771 5358 1895 5414 per-

327 5461 457 5499 sona
512 5457 693 5508 esset;
743 5446 944 5513 quippe
1005 5443 1215 5496 sublata
1269 5440 1532 5495 relatione
1590 5439 1892 5492 secundum

327 5550 567 5597 causam,
607 5546 772 5602 atque
808 5534 1047 5597 causale,
1084 5535 1197 5587 sola
1242 5530 1485 5585 essentia
1542 5530 1891 5597 relinquitur.

327 5632 850 5699 Constanquoniam
881 5640 934 5684 et
963 5629 1155 5695 Filius,
1190 5639 1243 5681 et
1277 5626 1516 5697 Spiritus
1550 5636 1791 5686 sanctus,
1830 5626 1895 5677 ad

332 5736 382 5773 se
415 5723 650 5775 invicem
680 5731 737 5774 et
767 5721 898 5774 uniti
928 5730 981 5775 et
1009 5719 1230 5773 discreti
1263 5727 1409 5785 sunt,
1440 5716 1892 5788 quemadmodum

568 5820 833 5877 ίίτιιυι..
876 5819 986 5877 Gtt.
1034 5815 1211 5876 CLII.

1993 4546 2079 4591 tur
2102 4535 2167 4590 ad
2221 4537 2477 4605 invicem,
2529 4540 2609 4593 vel
2657 4557 2777 4609 quae
2803 4545 3097 4596 secundum
3131 4543 3467 4613 negationem
3502 4559 3558 4600 ct

1991 4626 2400 4681 allirmationem
2429 4640 2579 4693 sunt,
2615 4630 2692 4683 vel
2727 4646 2846 4700 qua:
2875 4633 3170 4685 secutulqu
3200 4634 3555 4699 privationem

1990 4728 2043 4772 et
2066 4717 2306 4771 habitum
2331 4735 2344 4781 ;
2374 4720 2458 4772 vel
2492 4722 2791 4775 secundum
2820 4721 3023 4790 aliquid
3055 4723 3199 4777 aliud
3223 4726 3554 4794 huiusmodi.

1995 4808 2215 4885 Constat
2252 4818 2432 4864 autem
2472 4817 2527 4864 et
2573 4812 2696 4879 quia
2754 4815 2937 4880 aliam,
2988 4831 3091 4871 non
3141 4817 3363 4873 alteram
3400 4822 3553 4875 dixit.

1994 4899 2146 4952 Alius
2199 4902 2344 4954 enini
2381 4901 2522 4971 quod
2574 4903 2793 4968 dicitur,
2844 4907 2896 4959 in
2946 4909 3028 4961 itis
3063 4925 3179 4975 qu;e
3228 4912 3328 4962 sub
3367 4913 3554 4965 eadem

1996 4991 2176 5060 specie
2227 4999 2352 5044 sunt
2396 5002 2449 5046 et
2498 4993 2863 5064 adducuntur,
2888 4997 3085 5053 Graecae
3112 5001 3397 5054 locutionis
3428 5019 3575 5070 usus

1995 5079 2239 5150 proferre
2273 5085 2584 5149 consuevit;
2618 5083 2789 5140 altera
2823 5103 2948 5142 vero
2983 5098 3037 5144 el.
3082 5091 3359 5156 alterius,
3386 5092 3436 5146 in

1996 5188 2115 5242 qua:
2146 5173 2226 5226 vel
2278 5176 2479 5244 specie,
2526 5178 2605 5228 vel
2648 5192 2845 5246 genere
2876 5179 3151 5245 dill‘ernnI,
3183 5183 3418 5257 dicitur;

1997 5263 2136 5318 forte
2181 5265 2404 5319 abusive
2432 5266 2677 5333 dicatur;
2715 5270 2858 5337 quod
2888 5272 3127 5339 profecto
3159 5272 3371 5325 abusive
3424 5294 3556 5328 utiu-

1997 5363 2159 5422 quam
2234 5352 2489 5409 Ecclesia:
2557 5359 2810 5426 magister
2874 5361 2925 5412 in
2996 5362 3192 5415 divinis
3252 5366 3553 5431 ptisUibsa-l;

2000 5457 2209 5505 verum,
2237 5446 2335 5499 etsi
2371 5450 2550 5513 specie
2599 5448 2868 5510 eamdem,
2903 5448 2957 5500 in
2981 5461 3241 5517 quantum
3280 5452 3380 5504 sub
3407 5471 3557 5503 culti-

1999 5534 2118 5586 de‘m
2152 5532 2384 5600 speciem
2415 5535 2725 5598 adducitur,
2757 5549 2935 5591 causa:
2964 5546 3017 5592 et
3047 5543 3282 5594 causalis
3308 5542 3473 5595 sciliu
3498 5552 3514 5592 t
3542 5559 3553 5593 :

1998 5627 2123 5692 quia
2168 5635 2341 5680 tamen
2372 5626 2556 5689 etiam,
2590 5629 2733 5697 quod
2778 5634 2894 5684 sine
2928 5630 3105 5685 medio
3134 5647 3198 5684 ex
3243 5632 3441 5701 aliquo,
3482 5634 3559 5684 κατι

2000 5717 2140 5787 quod
2194 5732 2288 5786 per
2332 5718 2548 5787 aliquod
2591 5722 2790 5790 prodit,
2846 5722 3061 5778 causale
3101 5737 3275 5777 caus-cc
3325 5732 3425 5785 est,
3463 5701 3557 5790 per

3135 5836 3170 5872 0
