4046 6204
468 404 573 472 13,9

1724 365 2132 464 MANUELIS
2159 406 2461 466 cunae

3587 409 3687 473 140

453 529 613 585 quam
648 512 848 582 prodit,
875 521 928 567 et
961 511 1191 566 maxime
1221 526 1342 565 cum
1381 528 1669 581 proci'ssns
1701 515 2014 582 :cquivucus
2044 513 2085 575 Α
2192 513 2465 585 Nyssenus
2497 515 2692 586 quippe
2721 496 3018 586 hl‘t'ROI'iliS
3040 520 3356 574 discernens
3380 520 3489 574 ait:
3526 502 3716 575 Aliud.

451 607 638 667 fuerit,
673 604 792 659 Filii
849 593 977 659 vero
1011 606 1082 659 sit
1136 605 1443 659 immediata
1477 608 1754 671 nativitas,
1779 605 2011 673 Spiritus

449 708 625 748 autem
694 697 924 748 mediata
985 698 1264 766 processio
1319 711 1414 766 per
1467 694 1662 749 Filium
1722 695 1838 763 ejus
1895 705 2009 762 est,

447 789 718 855 simulque
783 788 1002 842 causale
1057 786 1304 855 utrisque
1361 786 1630 850 reddidit,
1687 797 1741 840 et
1795 785 2016 841 causale

449 881 738 933 insinuans
806 878 1042 933 Verbum
1106 894 1172 934 ex
1231 896 1392 934 causa
1459 895 1603 943 esse,
1662 878 2014 934 subdividens

448 977 609 1026 etiam
646 973 710 1024 ad
750 973 1002 1036 invicem,
1052 972 1354 1024 secundum
1406 987 1620 1025 causam
1672 980 1726 1025 et
1774 970 2010 1036 causale,

447 1062 704 1118 discrevit
766 1061 969 1130 aliquid
1022 1061 1242 1132 quidem
1291 1063 1636 1116 continenter
1671 1076 1736 1116 ex
1783 1063 1956 1131 primo
1996 1079 2010 1117 :

450 1155 592 1207 aliud
619 1169 746 1205 vero
777 1169 872 1222 per
910 1151 961 1207 id
992 1153 1135 1222 quod
1168 1161 1310 1206 esset
1336 1153 1677 1206 continenter
1700 1165 1762 1205 es
1799 1153 2012 1220 primo;
2057 1171 2062 1176 ·

454 1248 505 1299 in
536 1245 647 1300 sola
695 1261 928 1314 namque
961 1260 1120 1298 causa
1168 1255 1220 1297 et
1255 1243 1454 1296 causali
1505 1243 1717 1296 divinas
1755 1256 2033 1311 personas.

451 1335 686 1389 discerni
722 1334 1197 1404 deprehendimus.
1233 1331 1296 1384 Et
1332 1333 1587 1400 quoniam
1610 1327 1772 1385 Pater
1797 1333 2013 1399 quidem

451 1430 595 1496 quod
651 1426 873 1489 dicitur,
945 1427 1252 1493 gignentem
1316 1424 1544 1489 indicat,
1606 1421 1774 1477 Filius
1833 1433 2014 1477 autem

451 1527 802 1581 nascentem,
858 1526 1081 1570 sanctus
1130 1530 1258 1568 vero
1313 1515 1552 1584 Spiritus
1608 1515 2015 1584 procedentem,

447 1625 543 1662 seu
593 1609 935 1678 inSpiratum,
969 1621 1147 1662 causte
1178 1621 1306 1674 ergo
1339 1616 1389 1659 et
1423 1606 1682 1673 causalis,
1719 1607 1833 1660 sive
1867 1607 2017 1676 prin-

451 1703 604 1770 cipii,
630 1711 682 1755 ct
712 1715 900 1761 eorum
935 1716 1053 1769 qua:
1089 1709 1214 1752 sunt
1243 1713 1303 1751 ex
1340 1698 1607 1767 principio
1641 1697 1857 1751 nomina
1893 1708 2018 1752 Sttnt

447 1802 646 1845 sanctae
707 1800 762 1845 et
825 1789 1364 1858 supersubstantialis
1419 1786 1704 1843 Trinitatis
1771 1790 2013 1851 nomina,

2122 607 2256 658 enim
2286 619 2359 659 est
2419 608 2740 664 continenter
2769 626 2833 662 ex
2885 612 3081 678 primo;
3121 613 3271 666 aliud
3309 628 3399 682 per
3430 613 3507 679 id,
3553 617 3690 684 quod

2117 707 2190 749 es!
2239 698 2572 752 continenter
2611 716 2675 753 ex
2705 701 2913 770 primo;
2969 704 3112 771 quod
3166 705 3312 758 enim
3352 713 3479 759 ante
3526 707 3691 760 etiam

2119 783 2377 852 diximus,
2409 804 2630 844 causam
2679 792 2980 848 etcausale
3029 807 3321 862 processus
3368 795 3677 866 huiusmodi

2123 880 2546 947 commendant;
2577 883 2681 936 nisi
2714 883 2857 938 enim
2891 899 3183 951 processus
3206 887 3259 940 in
3289 886 3488 944 divinis
3520 900 3692 951 esset.

2116 969 2359 1036 profecto
2413 987 2590 1042 neque
2628 974 2910 1040 discretio,
2964 991 3140 1047 neque
3190 993 3452 1035 numerus
3500 995 3690 1050 perso-

2119 1076 2308 1115 narum
2348 1073 2527 1128 esset;
2563 1079 2916 1134 personarum
2947 1083 3078 1123 vero
3097 1084 3360 1125 numerus
3383 1073 3688 1125 secundum

2115 1168 2360 1218 causam,
2396 1164 2450 1209 et
2489 1156 2706 1212 causole
2746 1151 2938 1213 divinae
2978 1159 3635 1231 persnnwdistingnitur.

2187 1245 2362 1297 Simul
2409 1258 2588 1301 autem
2620 1239 2860 1315 constat,
2885 1252 3051 1306 etiam
3084 1252 3378 1307 secundum
3407 1255 3682 1308 contraria

2118 1335 2383 1402 possibile
2419 1353 2524 1390 non
2561 1354 2683 1392 esse
2711 1339 2923 1396 divinas
2956 1341 3192 1398 discerni
3221 1358 3515 1412 personas;
3555 1361 3686 1399 con-

2120 1426 2290 1480 traria
2347 1429 2489 1481 enim
2549 1428 2859 1486 differentes
2904 1433 3116 1501 species
3171 1435 3576 1501 commendant,
3629 1447 3688 1489 ut

2119 1517 2302 1574 album
2346 1530 2400 1572 et
2436 1521 2674 1591 nigrum,
2716 1534 2769 1577 et
2806 1525 3072 1582 rationale
3117 1535 3169 1580 et
3199 1527 3537 1591 irrationale,
3566 1542 3685 1580 cor-

2118 1624 2328 1679 pusque
2357 1620 2409 1666 et
2437 1611 2796 1683 incorporale.
2829 1615 2971 1670 Deus
2999 1629 3178 1671 autem
3211 1633 3314 1672 una
3345 1618 3553 1687 species
3577 1629 3685 1679 est,

2117 1715 2455 1772 quacunque
2487 1708 2699 1759 tandem
2732 1707 2824 1773 sit,
2850 1706 2892 1760 si
2925 1708 3029 1762 dici
3075 1707 3258 1774 liceat,
3287 1719 3342 1764 et
3371 1725 3477 1764 una
3522 1709 3684 1763 trium

2117 1792 2356 1846 essentia
2391 1803 2446 1847 et
2473 1795 2653 1850 unitas
2685 1805 2788 1852 est.
3221 1794 3234 1807 ’

447 1880 626 1935 Patris
659 1881 886 1942 scilicet,
919 1889 970 1933 et
1027 1879 1170 1942 Filii,
1221 1887 1272 1932 ct
1305 1878 1480 1932 sancti
1512 1878 1772 1946 Spiritus.
1807 1879 1869 1933 Et
1897 1879 2022 1948 quia
2056 1889 2096 1944 Β
2195 1878 2380 1949 Neque
2401 1887 2700 1939 secundum
2724 1887 3078 1956 privationem
3105 1892 3320 1959 quidem
3344 1869 3684 1960 etbabitum,

449 1973 772 2042 paternitas,
819 1981 872 2023 et
906 1971 1184 2038 nativitas,
1218 1980 1380 2038 atque
1415 1969 1693 2039 processio
1736 1968 1863 2022 solae
1894 1977 2019 2022 sunt

460 2061 846 2116 substantiales
903 2063 1264 2134 proprietates
1312 2071 1666 2128 personarum
1707 2079 1720 2115 :
1777 2060 2019 2129 proprie-

460 2166 601 2209 tates
632 2169 759 2208 vero
804 2155 943 2208 idem
994 2169 1132 2216 csse,
1161 2153 1303 2224 quod
1353 2152 1710 2216 substantias,
1739 2161 2016 2208 ostensum

451 2257 533 2300 est
583 2246 878 2301 secundum
929 2245 1237 2314 theologum
1285 2241 1606 2310 Gregorium
1653 2260 1667 2297 :
1705 2241 2012 2297 substantia

451 2351 602 2400 vero,
645 2337 760 2388 sive
790 2348 1016 2401 persona
1052 2333 1292 2395 Patrem,
1329 2341 1384 2386 et
1425 2329 1640 2397 Filium,
1667 2342 1722 2386 et
1751 2332 2015 2402 Spiritum

449 2435 701 2482 sanctum
766 2425 963 2495 signat.
1021 2424 1098 2477 ita
1143 2423 1288 2478 enim
1344 2419 1711 2478 Damascenus
1768 2424 2017 2479 delinivit

448 2521 635 2574 dicens
663 2535 676 2570 :
707 2515 892 2571 Deitas
936 2526 1181 2569 naturam
1213 2513 1448 2579 indicat;
1480 2515 1641 2572 Pater
1675 2526 1850 2569 autem
1877 2517 2016 2586 quod

447 2614 664 2675 dicitur,
714 2609 1108 2672 substantiam;
1160 2611 1285 2677 quia
1337 2609 1494 2663 etiam
1545 2610 1838 2663 substantia
1873 2625 2015 2663 com-

446 2718 600 2757 ntttne
637 2719 754 2757 cunt
793 2704 1006 2772 proprio
1039 2711 1137 2755 est.
1187 2699 1413 2756 Consmt
1456 2701 1572 2755 haec
1603 2702 1820 2755 nomina
1857 2699 2013 2755 indu—

444 2809 573 2849 ecre
628 2793 1013 2848 diseretiOnem
1051 2794 1415 2863 personalem,
1469 2805 1533 2846 ac
1583 2791 1888 2847 necessario
1927 2791 2008 2846 di-

445 2892 625 2938 screta
662 2882 896 2951 signare.

512 2974 780 3039 Quocirca
847 2982 907 3026 et.
973 2970 1085 3025 haec
1142 2970 1256 3024 sola
1309 2969 1528 3039 proprie
1590 2971 1896 3040 personalia
1957 2983 2009 3026 et

440 3063 821 3122 substantialis
857 3071 1005 3128 sunt,
1033 3075 1152 3132 quae
1175 3075 1374 3127 causae,
1405 3063 1743 3134 causalisque
1766 3063 2008 3118 babitum

444 3160 684 3229 signant,
743 3153 1067 3222 singulaque
1120 3153 1348 3224 singulis
1404 3156 1623 3226 proprie
1688 3157 2006 3219 redduntur,

444 3222 588 3304 nulla
630 3246 1037 3301 communitatis
1075 3222 1286 3303 ratione
1333 3222 1674 3310 introducta;
1709 3247 2014 3304 sttﬂiciuut-
2037 3222 2081 3280 c

450 3355 558 3411 que
608 3353 708 3408 per
755 3348 816 3393 se
847 3339 963 3408 ipsa
1014 3335 1364 3393 discretionis
1409 3340 1790 3394 commendare
1844 3339 2009 3421 ratio-

444 3449 589 3487 nem.
631 3431 809 3486 Patris
838 3439 983 3487 enim
1017 3441 1179 3499 super
1209 3429 1565 3487 substantiale
1603 3447 1797 3488 nomen
1845 3443 1897 3486 et
1927 3449 2012 3487 res

443 3539 662 3577 causam
726 3523 930 3578 indicat
984 3521 1132 3584 Filii,
1189 3532 1242 3577 et
1299 3519 1423 3577 Filii
1475 3523 1662 3590 etiam,
1719 3532 1773 3588 et
1834 3519 2010 3576 sancti

444 3615 682 3684 Spiritus
722 3614 998 3671 similiter.
1043 3613 1282 3681 Quorum
1313 3613 1483 3670 Filius
1517 3616 1734 3684 quidem
1765 3614 2008 3668 habitum

444 3707 510 3760 ad
573 3706 790 3760 Patrem
851 3707 1053 3776 signat,
1117 3715 1340 3760 sanctus
1407 3716 1588 3759 autem
1643 3705 1879 3775 Spiritus
1943 3705 2008 3758 ad

447 3799 848 3868 proauctorem,
881 3797 994 3852 sive
1025 3797 1322 3866 spirantem
1349 3796 1585 3852 causalis
1609 3789 1812 3852 habere
1842 3793 2010 3851 ratio-

447 3901 569 3945 nem
607 3871 862 3954 tratlllur,
913 3887 1152 3943 maxime
1200 3901 1322 3942 cum
1365 3885 1543 3943 dictus
1582 3886 1650 3943 sit
1679 3889 2007 3957 spiraculum

447 3981 869 4051 omnipotentis;
923 3979 1155 4048 Filiique
1206 3979 1536 4050 spiraculum
1589 3995 1713 4036 esse
1768 3979 2009 4051 Spiritus

447 4082 691 4135 sanctus,
727 4067 1057 4137 spiraculum
1092 4083 1220 4122 vero
1253 4067 1511 4137 spirantis
1533 4077 1649 4138 est;
1685 4080 1738 4126 et
1773 4069 2008 4141 Spiritus

448 4184 476 4216 a
509 4163 763 4231 spirando
805 4160 1185 4215 denominatus
1231 4169 1335 4214 est.
1387 4160 1452 4215 Et
1487 4162 1628 4217 sicut
1657 4162 1732 4217 ait
1784 4179 2010 4233 magnus

447 4229 795 4319 Athanasius,
829 4249 1066 4322 Spiritus
1106 4251 1404 4322 proceSSio,
1432 4252 1703 4322 spiracuio
1736 4229 2007 4309 assimila-

450 4358 558 4401 tur.
591 4343 826 4414 Spiritus
855 4348 1032 4397 autem
1065 4345 1335 4413 processio
1359 4359 1644 4413 processus
1675 4355 1759 4402 est
1786 4361 1798 4401 :
1825 4349 2008 4417 itaque

451 4448 506 4492 et
551 4435 856 4506 inspiratio.
911 4431 1048 4488 Nam
1107 4446 1158 4490 et
1205 4433 1440 4506 Spiritus
1473 4439 1770 4512 procedens
1809 4439 2009 4497 dicitur

2121 1981 2241 2038 qua:
2303 1972 2450 2026 enim
2512 1971 2831 2046 imperfecte
2892 1980 3134 2046 habent,
3187 1983 3481 2038 secundum
3545 1987 3686 2039 hanc

2120 2063 2523 2132 appositionem
2584 2067 3016 2136 discernuntur,
3085 2073 3249 2129 veluti
3303 2077 3370 2131 ab
3437 2090 3683 2146 aSpcetu,

2121 2153 2339 2210 caecitas
2374 2167 2428 2210 et
2477 2171 2507 2209 a
2555 2173 2700 2213 cteco
2743 2162 2949 2217 videns.
2992 2159 3142 2220 Nulla
3179 2182 3307 2222 vero
3353 2168 3582 2238 privatio
3629 2169 3684 2224 in

2120 2243 2233 2299 Deo
2284 2245 2483 2301 summi
2521 2249 2646 2304 boni
2679 2261 2792 2318 est;
2847 2255 3046 2334 quippe
3101 2258 3528 2326 perfectissimus
3562 2271 3681 2326 est;

2117 2343 2170 2387 et
2223 2334 2654 2392 substantiarum
2686 2339 2959 2410 quaelibet
3009 2346 3246 2413 perfecta
3278 2358 3394 2415 est;
3433 2349 3684 2418 Deusquo

2117 2435 2267 2484 totus
2305 2443 2370 2482 ex
2425 2438 2535 2484 toto
2583 2447 2765 2499 verus,
2803 2449 2866 2490 ac
2923 2437 3197 2505 perlectus
3249 2450 3330 2494 est
3383 2444 3679 2497 secundum

2117 2515 2242 2574 ﬁdei
2274 2521 2597 2588 positiones,
2633 2523 2727 2579 sed
2761 2540 2934 2596 neque
2955 2537 3012 2582 ut
3039 2529 3330 2586 altirtnatio
3357 2543 3412 2586 et
3444 2534 3680 2602 negatio.

2116 2610 2274 2679 Nam,
2309 2613 2610 2668 secundum
2655 2615 2798 2670 hanc
2844 2611 3236 2688 oppositiouetn
3269 2638 3391 2692 qua:
3441 2635 3565 2677 sunt
3611 2625 3684 2679 ab
3741 2638 3745 2644 '

2117 2703 2204 2759 bis
2231 2720 2353 2776 qua:
2386 2722 2493 2762 non
2525 2715 2676 2774 sunt,
2709 2709 3113 2775 discernuntur,
3147 2721 3205 2767 ut
3242 2728 3272 2766 a
3304 2712 3437 2768 falso
3466 2729 3676 2768 verum.

2124 2795 2290 2852 Porro
2322 2799 2376 2853 in
2425 2799 2534 2854 Deo
2580 2799 2759 2856 nullus
2791 2817 2896 2857 non
2932 2805 3151 2858 essendi
3200 2804 3350 2859 locus
3398 2814 3501 2858 est.
3538 2804 3681 2860 Deus

2113 2890 2258 2943 enim
2327 2891 2559 2946 essentia
2623 2892 3160 2962 supersubstantialis
3221 2905 3328 2961 est,
3392 2896 3687 2966 virtusque

2112 2981 2262 3035 onmi
2293 2984 2495 3037 virtute
2522 2983 2772 3054 superior
2796 2995 2850 3040 et
2881 2986 3256 3051 excellentior,
3281 2997 3441 3056 atque
3470 2989 3679 3042 incom-

2113 3075 2389 3128 mutabilis
2417 3076 2642 3131 veritas.
2697 3074 2836 3131 Deus
2869 3077 3006 3131 enim
3048 3093 3104 3131 se
3131 3078 3322 3147 ,t'psum
3355 3095 3544 3147 negare
3575 3095 3683 3132 non

2111 3173 2301 3230 potest,
2336 3173 2392 3218 ut
2430 3166 2505 3220 ait
2530 3166 2729 3222 Paulus
2752 3169 2794 3222 '.

2187 3253 2456 3310 Praeterea
2495 3272 2601 3310 non
2637 3266 2718 3312 est
2753 3258 2990 3327 negatio,
3031 3260 3172 3327 quod
3209 3258 3504 3314 afﬁrmatio
3544 3259 3676 3314 sim-

2117 3346 2353 3412 pliciter.
2401 3347 2636 3403 Persona
2682 3359 2868 3404 autem
2915 3364 3021 3404 una
3051 3360 3133 3406 est
3161 3350 3502 3420 simpliciter,
3534 3354 3678 3420 quod

2115 3440 2318 3505 altera;
2355 3441 2648 3494 secundum
2677 3441 2968 3517 {elationes
3000 3443 3217 3512 quidem
3251 3441 3390 3506 dure,
3417 3442 3682 3510 simplici-

2117 3539 2198 3585 ter
2227 3541 2406 3587 autem
2440 3549 2568 3587 una.
2596 3533 2731 3586 Nam
2770 3535 3066 3590 secundum
3115 3535 3433 3599 essentiam,
3459 3546 3512 3590 et
3557 3549 3680 3590 esse

2061 3678 2076 3682 _
2117 3624 2298 3679 unitas
2327 3627 2404 3681 cis
2434 3638 2514 3682 est
2555 3646 2570 3684 :
2621 3627 2735 3697 Ego
2787 3628 2929 3682 enim
2973 3638 3023 3682 et
3068 3628 3254 3693 Pater,
3287 3627 3479 3696 inquit,
3514 3643 3676 3680 unum

2113 3731 2292 3769 sumus
2322 3716 2384 3770 δε
2415 3727 2469 3771 et
2516 3721 2729 3786 negatio
2754 3721 2971 3789 quidem
3020 3720 3265 3789 sequitur
3309 3716 3376 3774 ea
3412 3734 3529 3788 qua:
3583 3732 3678 3786 per

2115 3805 2222 3861 alia
2255 3810 2545 3865 indiscreta
2577 3819 2743 3878 sunt;
2770 3812 2983 3882 signum
3013 3813 3156 3868 enim
3179 3812 3546 3876 discretionis,
3569 3827 3675 3866 non

2114 3910 2295 3976 autem
2352 3902 2738 3960 discretionem
2795 3905 2947 3960 facit.
2998 3906 3171 3964 Homo
3222 3906 3367 3961 enim
3421 3917 3474 3962 et
3529 3907 3675 3959 aliud

2115 3991 2392 4060 quodlibet
2451 3993 2651 4048 animal
2703 3995 2916 4052 ratione
2969 4006 3024 4050 et
3090 3997 3390 4066 privatione
3451 3995 3677 4051 rationis

2114 4085 2538 4150 discernuntur;
2580 4101 2705 4154 cum
2739 4087 3078 4152 irrationale,
3113 4098 3172 4144 ut
3203 4090 3415 4158 species
3449 4089 3504 4143 in
3538 4089 3678 4143 divi-

2114 4169 2363 4229 sionibus
2392 4175 2713 4242 accipiatur.
2750 4176 3018 4231 Caeterum
3076 4194 3182 4252 non
3219 4193 3285 4232 eo
3330 4180 3473 4248 quod
3514 4179 3677 4234 homo

2111 4273 2218 4328 est,
2252 4273 2310 4319 et
2354 4266 2516 4320 homo
2559 4281 2662 4322 non
2705 4278 2807 4322 est.
2848 4267 2965 4322 Non
3014 4271 3157 4323 enim
3194 4271 3297 4325 hoc
3329 4280 3434 4335 est,
3477 4282 3674 4338 equum

2112 4372 2256 4425 esse,
2303 4357 2448 4427 quod
2484 4359 2756 4414 hominem
2813 4375 2922 4416 non
2969 4377 3113 4418 esse.
3141 4363 3407 4429 Quoniam
3452 4377 3583 4417 vero
3621 4364 3676 4419 in

2113 4450 2200 4506 bis
2233 4465 2353 4520 quat
2391 4449 2460 4506 ad
2511 4452 2738 4522 aliquid,
2787 4468 2908 4522 qua:
2939 4454 2991 4509 in
3024 4456 3260 4510 essentia
3313 4454 3675 4525 inspiciuntur

449 4537 674 4602 propter
719 4539 1034 4600 processum
1085 4527 1316 4595 scilicet,
1365 4532 1666 4585 secundum
1725 4548 1885 4604 quem
1938 4551 2003 4590 ex
2039 4542 2410 4615 Dsecundum
2458 4544 2670 4600 scilicet
2726 4559 2948 4600 causam
3003 4556 3058 4600 et
3105 4547 3342 4611 causale,
3400 4548 3673 4616 reperitur

447 4623 610 4678 Patre
638 4636 734 4690 per
763 4621 962 4676 Filium
991 4619 1256 4690 procedit.

515 4715 744 4771 Constat
777 4715 961 4782 itaque
991 4713 1378 4769 substantiales
1419 4715 1798 4786 proprietates,
1829 4727 2010 4786 pater-

449 4807 676 4860 nitatem
703 4813 758 4859 et
787 4805 1151 4868 nativitatem,
1177 4813 1229 4858 et
1257 4807 1681 4872 processionem,
1713 4810 2006 4862 secundum

449 4908 696 4957 causam;
729 4895 970 4957 causale,
1006 4894 1218 4948 divinas
1262 4896 1478 4964 signare
1508 4911 1802 4966 personas;
1852 4909 2012 4968 atque

450 4985 574 5040 ideo
625 4975 1013 5039 substantiales
1059 4994 1112 5036 et
1168 4985 1421 5055 proprias
1477 4987 1772 5041 secundum
1825 5002 1904 5052 se,
1947 5002 2010 5041 ac

455 5077 670 5148 proprie
711 5075 838 5140 dici,
871 5074 1112 5143 solisque
1139 5073 1222 5127 his
1253 5075 1679 5144 proprietatibus
1705 5075 2007 5130 divinarum

452 5186 812 5246 personarum
869 5169 1227 5225 dillerentiatn
1284 5169 1526 5240 intelligi.
1587 5169 1650 5224 Et
1705 5169 1837 5224 illud
1887 5172 2011 5224 item

452 5275 692 5329 constat,
735 5263 1092 5332 proprietates
1125 5261 1340 5328 quidem
1371 5259 1665 5316 secundum
1692 5275 1932 5324 causam,
1963 5273 2014 5316 et

449 5355 669 5411 causale
701 5353 1061 5408 subsistentes
1093 5352 1400 5422 cogitationi
1438 5366 1729 5420 processus
1751 5355 2006 5422 ingerere,

448 5458 769 5514 rursumque
797 5455 1085 5511 processus
1120 5452 1362 5506 causam,
1395 5452 1449 5496 et
1480 5443 1716 5504 causale,
1741 5437 2008 5510 simulque

451 5537 832 5594 discretionem
869 5532 1198 5588 subinterre.
1242 5532 1345 5587 Ista
1370 5532 1512 5586 enim
1562 5547 1657 5604 per
1691 5533 2012 5590 alterutrum

452 5631 799 5700 colliguntur.

523 5811 544 5843 ‘
574 5809 756 5865 l't'iut.
791 5824 854 5874 tt,
883 5767 967 5863 i3.
1044 5805 1063 5838 ⁸
1087 5804 1243 5864 Joan.
1274 5824 1330 5874 ι,
1357 5807 1446 5864 50.

2113 4633 2316 4704 aliquid
2365 4634 2541 4690 simile
2593 4635 2697 4691 sibi
2739 4635 3066 4706 producens.
3120 4640 3171 4693 in
3226 4641 3412 4694 eadem
3468 4641 3672 4710 specie,

2113 4725 2410 4780 secundum
2447 4727 2732 4782 univocam
2785 4744 3036 4796 causam;
3078 4730 3218 4784 Deus
3273 4741 3451 4785 autem
3507 4747 3670 4786 unum

2110 4823 2196 4867 est
2247 4817 2513 4878 essentia;
2567 4819 2690 4880 tria,
2742 4817 3193 4875 substantialibus
3248 4811 3676 4889 proprietatibus

2113 4909 2409 4960 secundum
2438 4923 2660 4962 causam
2695 4919 2749 4962 et
2785 4909 3035 4976 eausale;
3065 4912 3336 4980 appositio
3379 4913 3674 4967 secundum

2112 5010 2330 5050 causam
2363 5007 2417 5050 et
2449 4997 2668 5052 causale
2696 4999 2748 5052 in
2779 5001 2879 5061 bis.
2903 5015 3023 5069 qua:
3059 5006 3125 5057 ad
3157 5003 3362 5073 aliquid
3392 5006 3671 5071 dicuntur,

2110 5086 2286 5141 locum
2321 5088 2484 5142 habet
2513 5089 2568 5142 in
2591 5098 2776 5144 sancta
2811 5090 3096 5147 Trinitate.
3132 5094 3255 5149 ideo
3287 5107 3340 5150 et
3367 5096 3666 5151 secundum

2111 5177 2276 5230 solum
2311 5191 2531 5230 causam
2578 5189 2631 5232 et
2666 5183 2901 5244 causale,
2947 5193 3000 5236 et
3044 5200 3074 5238 a
3127 5183 3404 5256 Scriptura
3457 5199 3670 5251 sancta,

2109 5278 2162 5323 et
2202 5285 2232 5322 a
2284 5270 2490 5323 sanctis
2539 5269 2810 5337 Patribus,
2857 5275 3067 5330 divinas
3099 5294 3360 5346 personas
3414 5281 3674 5343 discerni,

2113 5359 2369 5413 traditum
2402 5369 2504 5414 est.
2537 5359 2714 5417 Patris
2743 5364 2886 5418 enim
2918 5366 2984 5420 ad
3013 5365 3209 5422 Filium
3246 5371 3437 5424 tradita
3471 5371 3673 5424 discre-

2118 5453 2209 5514 tio,
2235 5465 2410 5504 causte
2442 5460 2496 5506 et
2542 5454 2776 5509 causalis
2810 5464 2922 5522 est;
2955 5457 3138 5514 itidem
3172 5461 3416 5528 producti
3459 5471 3512 5515 et
3548 5478 3677 5530 pro-

2116 5542 2381 5597 ducentis.

2187 5630 2412 5690 Constat
2440 5645 2617 5692 autem
2651 5651 2714 5695 ex
2748 5638 3062 5707 pnctuissis,
3098 5641 3225 5708 quia
3257 5642 3504 5713 ingenui,
3527 5645 3678 5714 geni~
