4010 6220
279 370 363 432 iii

1364 373 1770 437 ADVERSUS
1810 378 2127 439 GRAICOS
2168 381 2311 440 LIB.
2361 381 2475 441 ili.

3431 385 3535 450 142

276 489 413 551 tique
445 484 660 537 ratione
682 481 843 537 Pater
873 496 906 538 a
936 482 1075 540 Filio
1097 497 1205 539 non
1233 488 1456 555 proprie
1500 488 1850 545 discernitur.
1886 495 1930 551 Α
2029 493 2295 557 Quoniam
2356 494 2521 563 igitur
2584 495 2858 561 accidens,
2914 500 3358 571 consortiumque
3424 522 3528 561 non

270 578 454 641 Νιιῳιθ
492 588 558 626 νο
605 572 749 642 quod
772 572 866 628 ’est
912 574 1066 630 nasci
1096 582 1152 631 et
1180 589 1290 629 non
1326 574 1500 631 nasci.
1534 576 1659 631 llaec
1702 578 1848 633 enim

267 668 419 734 quasi
452 728 453 735 η
487 664 857 720 contradictio
921 664 1047 722 sibi.
1093 666 1325 726 invicem
1384 668 1633 737 opposita
1699 679 1845 725 sunt.

271 758 479 811 Distatn
532 767 617 811 est
665 766 852 813 autem
904 755 1323 815 atlirmationem
1376 768 1432 815 et
1479 760 1847 828 negationem,

267 852 411 901 nulla
466 862 634 915 pose
665 847 877 903 ratione
909 847 1248 913 discernere,
1298 849 1393 907 sed
1445 852 1601 920 sequi
1635 867 1699 906 ea
1729 866 1851 923 qua:

266 945 372 1011 jam
420 956 517 1010 per
565 942 671 993 alia
731 939 969 997 discreta
1016 948 1166 1005 sunt,
1200 954 1323 997 cum
1379 941 1450 997 sit
1503 942 1851 1001 discretionis

269 1035 477 1103 signum
516 1049 532 1088 :
566 1032 731 1089 sicuti
768 1031 1069 1101 ingenitum
1095 1031 1240 1103 quod
1283 1032 1503 1098 dicitur,
1525 1035 1637 1103 jam
1670 1036 1848 1091 subsi-

265 1138 497 1179 stentem
560 1124 779 1179 Patrem
838 1122 1183 1190 aiﬁrmativa,
1240 1123 1295 1179 id
1348 1133 1432 1181 est
1500 1124 1849 1184 substantiali

266 1217 625 1285 prnprietate,
682 1214 1011 1284 pateraitate
1047 1214 1285 1282 scilicet,
1337 1219 1608 1286 sequitur.
1664 1218 1853 1290 Itaque

266 1309 561 1373 ingenitum
612 1312 669 1360 et
714 1305 952 1376 genitum
986 1303 1189 1374 Patris,
1236 1314 1292 1361 et
1326 1305 1450 1363 Filii
1498 1309 1566 1364 ad
1614 1310 1849 1369 invisent

264 1399 651 1452 discretionem
720 1412 828 1453 non
892 1397 1053 1463 facit,
1112 1400 1209 1453 sed
1277 1401 1645 1458 subsistentes
1710 1406 1845 1474 jam,

261 1504 423 1559 atque
492 1491 768 1546 discretos
828 1490 1281 1548 substantialihus
1346 1507 1535 1548 eorum
1606 1497 1850 1574 proprie—

262 1584 461 1635 t.-;ihus
519 1568 821 1636 secundum
873 1596 1094 1637 causam
1134 1594 1188 1638 et
1226 1584 1466 1650 causale,
1494 1568 1849 1654 .paternlta-te

263 1693 323 1728 ac
354 1678 645 1729 nativitate
678 1676 921 1731 discerni
955 1675 1251 1745 signiﬁcat.
1290 1676 1554 1733 Similiter
1592 1689 1646 1734 et
1690 1679 1755 1735 de
1784 1696 1846 1734 eo

264 1769 403 1834 quod
440 1775 527 1820 est
560 1765 709 1822 nasci
741 1775 796 1822 et
828 1781 939 1821 non
969 1770 1143 1832 nasci,
1179 1766 1492 1823 dicendum.

330 1856 564 1913 Constat
594 1866 774 1910 autem
812 1871 877 1911 ex
914 1857 1022 1923 his,
1049 1866 1103 1912 et
1140 1871 1235 1911 eos
1260 1859 1365 1937 qui
1379 1857 1566 1915 dicunt
1593 1871 1847 1931 oportere

266 1951 498 2015 primum
532 1961 657 2003 esse
697 1946 916 2003 Patrem
952 1956 1004 2003 et
1034 1947 1256 2015 Filium,
1300 1949 1497 2005 deinde
1532 1950 1698 2006 alium
1728 1954 1848 2024 qui-

262 2041 378 2091 dem
433 2041 687 2108 gignere,
720 2039 878 2109 longe
920 2054 949 2093 a
1001 2041 1212 2094 decenti
1268 2043 1609 2098 confessione
1646 2060 1848 2101 sanctae

266 2129 563 2184 Trinitatis
594 2129 875 2185 aberrare.
904 2129 1060 2186 Nulla
1093 2133 1235 2188 enim
1263 2133 1373 2190 illic
1399 2135 1611 2199 estalia
1644 2137 1846 2192 discre-

264 2220 421 2274 tionis
463 2219 799 2288 diﬂ‘crentia,
832 2229 1031 2289 praeter
1068 2237 1186 2277 eam
1220 2205 1338 2291 qua:
1376 2226 1675 2279 secundum
1723 2240 1848 2281 cau-

265 2328 373 2361 sam
406 2322 461 2363 et
498 2311 724 2367 causale
754 2326 819 2367 ex
852 2312 1204 2383 processibus
1242 2322 1488 2385 apparet.
1528 2314 1642 2370 Hoc
1668 2315 1844 2386 ipsum

266 2404 426 2467 cnim,
456 2404 609 2469 quod
640 2402 779 2458 alius
813 2402 885 2458 sit
918 2417 1103 2470 causa,
1139 2404 1278 2461 alius
1330 2407 1578 2473 causale;
1632 2408 1734 2463 hoc
1762 2419 1845 2462 est

267 2495 399 2545 alius
449 2494 677 2556 quidem
715 2492 785 2547 sit
829 2492 1016 2561 Pater,
1044 2493 1186 2550 alius
1216 2494 1408 2562 Filius,
1461 2511 1722 2566 personas
1771 2501 1846 2556 si-

272 2586 375 2637 mil
404 2596 457 2638 et
485 2584 874 2639 discretionem
906 2585 1108 2655 signat.
1141 2584 1349 2655 itaque,
1389 2589 1434 2641 si
1465 2589 1682 2657 quidem
1727 2606 1849 2660 pra-

271 2693 453 2729 cessus
506 2692 620 2731 non
674 2686 843 2742 esset,
889 2686 947 2731 ut
994 2676 1196 2731 dictum
1234 2685 1315 2733 est
1360 2680 1626 2749 profecto,
1672 2698 1847 2752 neque

270 2783 527 2822 numerus
562 2781 925 2835 personarum
953 2778 1120 2834 esset,
1155 2782 1559 2842 consequenter
1593 2789 1721 2830 vero
1746 2780 1846 2832 nec

272 2862 529 2913 Trinitas.

334 2956 435 3007 Alii
472 2955 642 3008 etiam
692 2954 807 3008 sine
838 2953 1205 3024 processibus,
1249 2957 1340 3025 qui
1372 2968 1499 3012 sunt
1547 2963 1842 3015 secundum

273 3062 487 3098 causam
522 3057 576 3099 et
603 3046 837 3111 causale,
868 3048 971 3100 tria
1012 3056 1221 3115 ponunt
1255 3063 1375 3106 esse
1420 3048 1590 3105 Deum
1624 3068 1637 3103 :
1683 3062 1737 3107 et
1772 3054 1843 3108 ita

274 3140 397 3190 aihil
435 3138 753 3205 prohibebit
782 3153 897 3203 cas,
951 3139 1053 3194 tria
1089 3156 1213 3196 cum
1248 3143 1379 3207 sint,
1428 3144 1482 3197 in
1517 3143 1629 3200 Deo
1676 3146 1915 3220 conll-c
1948 3143 2037 3188 ῑυε
2081 3145 2303 3195 “Delus
2348 3154 2363 3192 ε

272 3232 388 3295 teri,
433 3230 739 3284 secundum
792 3245 853 3286 se
909 3231 1029 3286 sine
1084 3232 1350 3288 relatione
1394 3235 1464 3288 ad
1499 3234 1840 3301 alterutrum,

270 3324 403 3388 quod
459 3338 588 3374 cum
646 3322 900 3378 cssentiae
956 3322 1218 3379 unitatem
1283 3324 1463 3393 tollat,
1512 3326 1839 3383 Arianorum

270 3414 566 3479 propositio
594 3423 700 3466 est.
1690 3438 1693 3439 ⁷

335 3502 449 3557 Non
477 3505 657 3557 solum
683 3519 814 3575 ergo
833 3520 938 3560 non
963 3514 1181 3576 oportet
1204 3507 1440 3576 primum
1462 3521 1582 3564 esse
1601 3507 1839 3575 Patrem,

267 3596 458 3648 deinde
494 3595 821 3663 genitorem,
861 3610 1071 3663 verum,
1116 3612 1184 3652 ne
1236 3599 1465 3669 cogitari
1521 3600 1571 3655 id
1624 3603 1841 3670 quidem

269 3691 541 3741 convenit.
577 3689 713 3747 Nam
761 3688 808 3744 si
854 3691 1027 3759 ipsum
1058 3691 1280 3761 gignere
1328 3691 1504 3747 Patris
1554 3708 1838 3761 personam

269 3784 462 3849 signat,
502 3781 776 3847 quomoda
810 3781 1028 3836 sublato
1058 3796 1126 3837 eo
1175 3783 1294 3852 ipso
1325 3786 1566 3855 gignere,
1591 3786 1702 3856 jam
1738 3786 1843 3840 erit

270 3870 466 3924 Puer?
498 3874 605 3922 Aut
652 3872 801 3923 enim
837 3886 1012 3941 neque
1063 3871 1225 3928 Pater
1267 3877 1427 3935 erit..
1447 3878 1491 3930 si
1525 3879 1707 3933 dicere
1756 3879 1841 3934 fas

268 3971 366 4023 εει,
419 3975 515 4014 aut
553 3976 702 4017 certe
750 3963 1024 4031 confusio,
1076 3976 1169 4019 aut
1217 3968 1440 4020 tertium
1492 3971 1596 4023 erit
1638 3972 1841 4040 aliquid

270 4058 561 4108 secundum
615 4069 674 4109 se
724 4065 780 4109 et
829 4058 1159 4123 absolutum,
1216 4061 1447 4114 divisum
1498 4062 1563 4117 ab
1606 4044 1840 4118 essentia

272 4146 382 4199 Filii
432 4158 490 4200 et
544 4145 804 4216 Spiritus.
856 4148 909 4202 ld
966 4154 1140 4219 ipsum
1192 4162 1375 4207 autem
1430 4162 1484 4208 et
1535 4155 1601 4209 de
1654 4167 1842 4223 sancto

272 4240 471 4304 Spiritu
500 4241 812 4294 dicendum.
837 4241 944 4296 Sed
970 4243 1072 4297 ista
1096 4259 1227 4299 sane
1249 4247 1535 4314 phantasia
1560 4248 1840 4301 hominum

274 4346 448 4381 eorum
486 4340 595 4394 est,
628 4332 718 4398 qui
749 4344 993 4386 sanetam
1044 4334 1367 4389 Trinitatem
1397 4336 1552 4405 quasi
1596 4347 1706 4390 tres
1741 4338 1842 4389 ho-

277 4420 435 4469 mines
481 4424 548 4469 ad
602 4419 836 4487 seipsam
892 4420 1092 4475 habere
1148 4432 1375 4489 pomtnt,
1424 4423 1585 4492 eique
1624 4424 1843 4493 indigne

1956 580 2241 637 admittere
2285 583 2424 638 divit
2457 599 2518 640 ea
2569 600 2666 655 per
2694 602 2813 657 qua:
2865 588 3125 659 cujusque
3171 606 3530 660 personarum

1953 671 2259 739 proprietas
2290 677 2728 741 commendatur,
2767 689 2823 733 et
2868 694 2964 749 per
2998 696 3118 749 qua
3148 682 3378 753 singulm
3414 686 3531 740 itta-

1960 776 2079 816 rum
2110 762 2347 821 discreta
2370 767 2731 836 accipiuntur,
2773 771 2844 825 de
2865 773 3103 842 prapriis
3124 778 3417 832 secundum
3448 793 3528 846 se,

1956 853 2521 926 substantialibusque
2554 860 2867 917 nationibus
2898 867 3116 934 proprie
3146 868 3386 923 disserit.
3420 872 3529 925 lta-

1953 956 2060 1011 quc
2097 945 2355 1012 possibile
2402 963 2508 1003 non
2540 958 2643 1015 est,
2691 950 2744 1003 in
2789 953 2979 1008 eadem
3018 968 3273 1024 persona,
3308 959 3531 1017 alterius

1953 1032 2116 1087 etiam
2181 1035 2571 1105 proprietatem
2635 1038 2850 1109 inspici.
2918 1042 3075 1099 Nulla
3124 1047 3274 1102 enim
3331 1050 3385 1104 in
3443 1052 3531 1108 bis

1953 1126 2343 1192 communitas,
2376 1137 2472 1183 aut
2508 1132 2793 1187 conversio
2846 1134 3143 1192 inducitur.
3194 1137 3321 1195 Hoc.
3359 1143 3525 1197 etiam

1954 1216 2253 1273 secundum
2299 1220 3036 1293 quamdamoppositionem
3086 1232 3378 1303 contingit,
3432 1250 3528 1305 per

1954 1320 2115 1372 quam
2152 1320 2368 1366 nonest
2397 1327 2587 1382 unum,
2616 1316 2760 1385 quod
2799 1328 2882 1373 est
2917 1319 3171 1385 alterum,
3224 1329 3523 1381 secundum

1954 1396 2168 1454 scilicet
2230 1402 2593 1469 appositionis
2660 1405 2943 1472 rationem,
3011 1412 3312 1466 secundum
3360 1429 3523 1484 quam

1955 1499 2129 1553 neque
2159 1491 2224 1543 ad
2255 1489 2488 1546 invicem
2518 1505 2872 1550 convertunt.

2022 1576 2287 1642 Quoniam
2330 1582 2497 1651 igitur
2545 1584 2598 1639 in
2633 1588 2746 1641 sola
2777 1600 3030 1643 causa-et
3069 1592 3278 1646 causali
3325 1593 3523 1649 divime

1953 1680 2196 1733 personae
2262 1671 2672 1737 discernuntur,
2729 1677 2980 1747 istudque
3043 1682 3424 1739 universaliter
3469 1697 3526 1738 et

1952 1757 2177 1815 diﬂiuite
2201 1762 2404 1817 dictant
2428 1774 2531 1832 est,
2550 1776 2605 1820 et
2627 1768 2741 1836 ipsa
2764 1782 3021 1837 pratterea
3049 1784 3237 1828 natura
3260 1776 3522 1842 dictante;

1955 1862 2130 1916 neque
2155 1852 2303 1906 enim
2335 1868 2458 1909 esse
2486 1867 2670 1926 posset
2696 1860 2813 1915 sine
2840 1860 3030 1919 ordine
3062 1862 3321 1927 Trinitas.
3348 1868 3521 1921 maxi-

1954 1952 2039 1993 me
2085 1956 2206 1996 cum
2263 1943 2429 2000 etiam
2491 1948 2681 2003 tertius
2726 1963 2791 2004 ex
2842 1956 3017 2020 primo
3054 1957 3374 2011 naturaliter
3428 1974 3525 2027 per

1952 2032 2186 2103 medium
2251 2039 2549 2103 procedere
2600 2056 2701 2108 pro
2753 2044 3009 2099 confesso
3069 2046 3363 2113 habeatur;
3418 2051 3519 2104 tria

1954 2130 2130 2174 tamen
2155 2137 2275 2181 esse
2323 2127 2441 2182 sine
2469 2143 2732 2197 processu
2767 2141 2821 2186 et
2865 2134 3077 2201 ordine,
3113 2139 3375 2204 possibile
3403 2150 3521 2207 est;

1912 2256 1931 2267 .
1953 2227 2189 2283 cumque
2216 2226 2274 2271 et
2316 2219 2448 2281 fides
2479 2234 2837 2290 personarum
2872 2226 3077 2282 indicet
3109 2231 3523 2299 discretionem,

1953 2316 2165 2361 constat
2204 2309 2470 2376 profecta,
2525 2315 2570 2368 si
2619 2315 2961 2374 discernendi
3017 2322 3127 2375 siut
3179 2325 3245 2377 ad
3288 2326 3517 2381 invicem

1954 2392 2122 2453 Filius
2150 2408 2201 2452 et
2228 2398 2484 2469 Spiritus,
2511 2420 2617 2460 non
2648 2406 2753 2460 alia
2780 2409 3109 2465 discretione
3134 2428 3293 2482 quam
3319 2430 3520 2470 secun-

1950 2486 2075 2542 dum
2124 2504 2348 2545 causam
2398 2504 2452 2550 et
2489 2496 2709 2553 causale
2762 2501 3073 2571 necessario
3126 2504 3519 2562 discernendos

1952 2592 2094 2646 esse,
2137 2582 2353 2651 qualem
2396 2585 2449 2640 in
2490 2589 2678 2644 eadem
2713 2605 2936 2659 genere,
2971 2596 3135 2650 etiam
3174 2597 3224 2653 in
3260 2600 3420 2655 Patre
3450 2605 3518 2655 ad

1952 2670 2148 2729 Filium
2180 2684 2236 2730 et
2264 2674 2528 2746 Spiritum
2559 2692 2807 2738 sanctum
2838 2688 3290 2753 deprehendimus
3326 2710 3339 2746 :
3374 2694 3519 2747 illam

1952 2764 2165 2833 quidem
2198 2770 2589 2839 generationis,
2631 2772 2773 2829 hanc
2798 2791 2924 2831 vero
2958 2783 3327 2847 processionis
3360 2789 3522 2841 ratio-

1952 2870 2041 2923 ne,
2090 2859 2384 2915 secundum
2425 2877 2608 2931 quam,
2663 2881 2837 2938 neque
2897 2869 3063 2926 Filius
3112 2874 3350 2942 Spiritus
3398 2889 3516 2943 est,

1952 2964 2128 3020 neque
2156 2951 2396 3022 Spiritus
2419 2955 2592 3012 Filius
2620 2975 2633 3012 :
2660 2962 3133 3026 quemadmodum,
3161 2983 3337 3037 neque
3362 2942 3520 3026 βδέω·

1950 3040 2122 3097 Filius
2156 3054 2275 3111 est,.
2293 3060 2469 3116 neque
2510 3046 2685 3106 Filius
2716 3050 2897 3117 Pater,
2935 3069 3109 3124 neque
3153 3058 3312 3113 Pater
3347 3064 3522 3129 Spiri-

2411 3155 2585 3208 neque
2636 3141 2874 3211 Spiritus
2932 3148 3093 3203 Pater
3144 3163 3249 3215 est,
3301 3166 3525 3224 propter
3604 3174 3616 3187 ι

1950 3224 2319 3287 necessariam
2375 3232 2590 3289 scilicet
2620 3251 2799 3292 cauete
2842 3243 3183 3313 causalisque
3226 3250 3526 3312 appositio.

1950 3335 2092 3387 nem,
2127 3323 2275 3377 nulla
2329 3324 2381 3379 in
2430 3324 2517 3382 his
2541 3331 2922 3399 conversione,
2955 3335 3069 3390 sive
3093 3324 3239 3391 omni
3268 3356 3520 3396 commu-

1949 3410 2110 3466 nione
2159 3414 2507 3484 subrepente.
2539 3418 2674 3474 Nam
2736 3423 2782 3476 si
2811 3420 3034 3480 ‘nnllam
3069 3431 3519 3487 communitatem

1946 3504 2247 3559 secundum
2310 3506 2698 3566 discretionem
2764 3521 3136 3574 convertenda
3204 3520 3516 3591 intelligere

1948 3591 2219 3656 convenit,
2254 3608 2481 3650 necesse
2520 3606 2602 3651 est
2634 3600 2767 3654 duas
2799 3605 3134 3661 substantias
3180 3612 3245 3662 ad
3283 3613 3512 3666 invicem

1946 3682 2114 3738 verbo
2156 3683 2315 3739 simul
2356 3686 2554 3756 accipi,
2606 3691 3095 3760 conversionisque
3146 3711 3367 3753 servare
3426 3702 3511 3752 di-

1948 3772 2243 3842 gnitatem;
2269 3778 2511 3832 converti
2550 3779 2695 3834 enim
2745 3784 2795 3835 in
2838 3782 3053 3845 duobus
3078 3787 3310 3854 dicitur;
3344 3807 3519 3860 neque

1948 3866 2090 3921 enim
2126 3865 2342 3923 Patrem
2392 3871 2608 3938 quidem
2658 3884 2710 3927 et
2741 3873 2959 3938 Filium,
3004 3881 3274 3945 quomodo
3320 3860 3518 3936 liam-nt

1946 3957 2012 4013 ad
2066 3958 2321 4024 invicem,
2359 3961 2630 4028 inspicere
2660 3972 2895 4033 Oportet,
2923 3966 3115 4021 Filium
3144 3983 3353 4023 vero‘et
3389 3971 3514 4038 Spil
3562 3978 3582 3991 ‘

1950 4049 2113 4104 ritqu
2151 4065 2255 4104 non
2305 4060 2541 4121 oportet.
2576 4051 2650 4107 Ita
2688 4057 2833 4109 enim
2866 4061 3240 4127 conversionis
3283 4066 3520 4132 dignitas

1949 4145 2198 4210 personis
2222 4148 2589 4203 communiter
2619 4163 2722 4202 non
2759 4152 3092 4205 redderetur.
3254 4154 3259 4159 ’

2018 4236 2283 4302 Quoniam
2319 4253 2449 4295 vero
2481 4244 2849 4297 communiter
2884 4246 3107 4302 reddere
3160 4263 3380 4305 necesse
3413 4263 3518 4314 est,

1947 4330 2047 4384 sed
2078 4340 2135 4384 et
2162 4332 2420 4387 discretio
2450 4335 2760 4391 necessaria
2801 4345 2906 4400 est,
2936 4339 3041 4393 nisi
3080 4341 3221 4394 dicat
3248 4344 3515 4412 quisniam

1947 4421 2243 4476 secundum
2304 4438 2526 4478 causam
2585 4435 2641 4481 et
2695 4430 2911 4481 causale
2970 4443 3000 4482 a
3058 4430 3195 4485 Filio
3251 4431 3516 4500 Spiritum

277 4506 557 4571 applicmtl,
585 4521 707 4575 quae
737 4508 787 4560 in
819 4510 1045 4563 materia
1078 4512 1423 4578 contingunt,
1444 4526 1676 4581 eamque
1702 4513 1838 4565 nihil

1949 4515 2209 4581 discerni,
2238 4531 2416 4583 neque
2453 4518 2884 4577 conversionem.
2921 4535 3098 4589 neque
3132 4524 3516 4579 discretione-ui

276 4596 676 4651 insensibilibus
706 4610 967 4666 praestare
996 4602 1260 4656 sentiunt.
1313 4600 1484 4657 Porro
1511 4603 1626 4656 haec
1651 4603 1840 4672 opinio

274 4691 332 4739 de
357 4689 467 4741 Deo
496 4698 688 4743 nostra
730 4689 1125 4760 indignissime,
1158 4708 1221 4747 ac
1253 4695 1661 4750 dementissime
1708 4710 1843 4765 prae-

274 4780 516 4831 stamitur.

338 4869 561 4937 mgnus
604 4883 865 4938 praeterea
906 4872 1192 4943 Dionysius
1216 4876 1450 4931 discreta
1486 4878 1623 4931 dixit
1665 4878 1841 4932 Patris

271 4962 795 5028 Supersubslattlialc
836 4979 1031 5019 nomen
1067 4978 1121 5019 et
1165 4982 1303 5034 rem,
1345 4982 1398 5024 et
1422 4968 1542 5024 Filii
1579 4980 1633 5025 et
1664 4974 1839 5027 salicti

270 5049 523 5117 Soiritus,
550 5069 678 5108 cum
723 5054 866 5115 nulla
910 5056 965 5111 in
1008 5058 1092 5113 his
1123 5060 1435 5126 conversio,
1472 5062 1586 5121 sive
1614 5062 1840 5123 amitino

269 5152 625 5207 continuantes
652 5150 1061 5212 intraducalur.
1094 5154 1329 5211 Basilius
1350 5158 1502 5221 item,
1533 5156 1585 5211 in
1615 5157 1840 5224 epistola

269 5244 333 5294 ad
378 5242 706 5312 Gregorium
766 5243 1012 5309 fratrem,
1062 5248 1143 5300 de
1197 5246 1498 5303 dilhrentia
1560 5249 1834 5312 esset-tur,

270 5344 423 5395 atoue
452 5336 770 5391 substantiae
800 5338 873 5393 ait
909 5356 922 5391 :
963 5338 1229 5405 Quocirca
1254 5342 1307 5391 in
1336 5324 1578 5394 ouantia:
1602 5357 1837 5394 comnm-

272 5427 457 5487 nr‘ute,
487 5431 727 5483 notiones
759 5446 878 5497 quw
906 5432 959 5483 in
1003 5442 1183 5485 sancta
1222 5422 1481 5486 Trinitate
1503 5435 1837 5500 conspiciun-

271 5524 373 5579 tur,
404 5521 608 5575 uallum
637 5524 905 5587 accidens,
942 5523 1249 5591 nullumque
1289 5528 1609 5578 consortium
1638 5529 1836 5579 admit-

267 5620 368 5662 tere
425 5612 670 5678 dicimus,
728 5630 829 5681 per
884 5632 1016 5685 quas
1082 5618 1372 5683 proprietas
1430 5621 1832 5672 commendatur

264 5721 630 5770 personarum,
675 5724 789 5776 quc
818 5710 875 5761 in
930 5708 1033 5775 ﬁde
1086 5712 1395 5773 traduntur,
1443 5729 1559 5767 cum
1610 5717 1830 5785 singula?

264 5798 486 5861 propriis
516 5798 817 5853 nationibus
855 5800 1082 5854 discreta
1123 5801 1508 5870 intelliguntur.

1948 4606 2027 4673 eis
2079 4608 2290 4669 reddet,
2348 4609 2657 4677 peribitque
2706 4609 2779 4664 illi
2818 4611 2937 4665 Filii
2988 4616 3520 4682 supersubstantiale

1948 4712 2144 4753 nomen
2178 4709 2231 4753 et
2262 4711 2371 4764 res,
2417 4700 2653 4755 discreto
2698 4716 2726 4755 a
2775 4701 2911 4756 Filio
2938 4714 2993 4757 et
3044 4716 3233 4760 sancta
3270 4706 3507 4777 Spiritu;

1949 4788 2091 4851 nulla
2132 4788 2352 4857 quidem
2389 4794 2770 4855 conversione,
2815 4795 2930 4851 sala
2975 4811 3102 4849 vero
3132 4804 3520 4855 comunitate

1948 4881 2329 4948 subintrante;
2361 4892 2524 4950 atque
2569 4884 2640 4943 ita
2673 4900 2778 4940 una
2821 4902 3056 4954 persona
3096 4893 3200 4943 erit
3251 4891 3419 4949 Filius
3464 4907 3513 4945 et

1950 4976 2209 5046 Spiritus,
2255 4993 2361 5034 non
2407 4983 2473 5035 ad
2505 4982 2738 5036 invicem
2780 4985 3028 5050 discreti,
3064 4990 3159 5042 sed
3193 4988 3299 5042 bac
3325 4991 3518 5043 absur-

1947 5071 2077 5123 dum
2104 5080 2207 5125 est.
2248 5070 2443 5137 Neque
2471 5072 2615 5125 enim
2658 5086 2812 5127 esset
2837 5073 3080 5132 Trinitas
3119 5079 3282 5141 Deus,
3325 5083 3518 5137 contu...

1946 5160 2137 5227 siaque
2175 5173 2530 5226 personarum
2575 5173 2935 5229 sequeretur;
2985 5175 3038 5220 et
3066 5169 3110 5221 si
3139 5170 3269 5237 quid
3306 5182 3389 5226 est
3424 5177 3521 5231 hu-

1938 5250 2203 5313 jusmodi.
2241 5251 2405 5304 Filius
2438 5252 2616 5320 itaque
2656 5270 2685 5307 a
2722 5254 2926 5322 Spiritu
2954 5273 3131 5313 causa:
3168 5265 3518 5335 causalisqne

1949 5341 2156 5395 ratione
2186 5331 2532 5398 discernitur.
2573 5345 2700 5409 Sed,
2730 5348 2778 5401 si
2810 5349 2914 5403 hac
2948 5361 3053 5415 est,
3088 5356 3247 5407 etiam
3287 5374 3351 5414 ex
3378 5359 3515 5417 Filio

1946 5446 2049 5489 est.
2082 5433 2276 5489 Filium
2312 5435 2455 5488 enim
2482 5438 2547 5490 de
2581 5437 2784 5505 Spiritu
2817 5456 2962 5502 esse,
2993 5444 3043 5496 id
3076 5448 3340 5516 prohibet,
3369 5458 3512 5521 quod

1946 5530 2058 5597 ipse
2092 5544 2187 5599 per
2215 5530 2409 5585 Filium
2448 5542 2553 5587 est.
2583 5532 2778 5588 Verum
2809 5536 3045 5606 Spiritus
3074 5544 3317 5610 profecto
3341 5547 3512 5613 Spiri-

1946 5636 2031 5680 tus
2056 5639 2164 5678 non
2198 5633 2361 5687 esset,
2394 5627 2918 5697 proprietaterillius,
2950 5649 3070 5702 qua:
3099 5648 3183 5690 (‘st
3214 5642 3508 5693 secundum

1945 5731 2228 5786 processus
2280 5716 2570 5779 rationem,
2611 5729 2751 5775 mota
2802 5736 2818 5776 :
2864 5729 3141 5794 quomoda
3175 5729 3317 5782 enim
3367 5742 3511 5785 esset

1942 5809 2264 5875 substantia,
2314 5813 2660 5867 suhstautiali
2719 5814 2892 5883 ipsius
2949 5821 3283 5890 proprietate
3330 5824 3509 5875 mota?
