4046 6204
440 376 547 444 H3

1694 374 2093 435 MANUEIJS
2117 376 2426 437 CALEQE

3576 381 3683 444 ιιι

435 489 720 558 Quomodo
746 494 933 543 autem
966 494 1108 542 esset
1146 486 1474 556 proprietas,
1500 500 1618 555 qua:
1648 499 1919 550 movetur,
1945 502 2006 541 ac
2038 490 2081 547 Α
2113 487 2181 541 ab
2208 489 2312 543 hoc
2336 488 2520 554 Pater;
2556 504 2660 543 non
2697 499 2877 545 tamen
2909 492 2961 545 in
3020 502 3283 561 quantum
3336 492 3573 561 Spiritus
3609 504 3693 550 est

433 582 655 643 decidit.
688 590 746 634 ttt
776 581 852 633 ait
878 578 1160 646 theologus
1192 576 1505 646 Gregorius.

508 670 680 726 Simul
698 670 859 725 etiam
877 677 1101 738 apparet
1121 668 1415 723 secundum
1434 669 1806 724 conversionis
1838 685 1894 723 ra
1904 668 2007 724 tio-

441 778 564 818 nent
586 762 756 830 ipsius
782 764 961 831 magni
985 758 1227 831 Dionysii
1260 759 1530 814 intentio:
1563 760 1681 829 qtti,
1724 761 2009 831 principali

2116 581 2340 650 proprie
2364 581 2516 649 juxta
2554 584 2967 638 substantiaiem
2993 586 3378 653 proprietatem
3411 590 3690 648 suam,setl

2114 672 2167 726 itt
2210 682 2493 743 quamtum
2542 674 2883 728 solummodo
2903 690 2966 728 ex
2985 675 3166 739 Patre,
3200 686 3363 745 atque
3399 678 3470 729 ita
3510 676 3693 731 Solum

2114 773 2171 818 ut
2190 763 2410 820 causaie
2428 764 2769 821 discernetur
2789 781 2817 819 a
2842 766 3137 833 Patre,non
3166 775 3347 822 tamen
3394 768 3692 823 secundum

434 863 632 916 deitate
656 854 869 908 Patrem
901 854 964 905 ad
981 850 1171 907 Filium
1188 861 1242 905 et
1264 850 1522 920 Spiritum
1544 859 1787 906 sanctum
1811 851 2015 907 discer-
2047 866 2083 901 ο
2114 857 2497 927 proprietatem
2550 871 2725 913 suam.
2756 856 2847 914 Sic
2906 868 3085 913 autem
3104 860 3350 914 eumdem
3384 860 3600 915 habebit
3622 864 3691 914 ad

434 966 563 1005 nere
588 942 1128 1010 sidetur,utqnidam
1147 950 1419 996 asserunt.
1471 940 1667 998 Namsi
1728 942 2013 999 conversio

430 1043 645 1111 quidem
667 1043 719 1093 in
743 1037 948 1091 duobus
972 1035 1215 1090 terminis
1268 1034 1788 1103 inspiciturtdictum
1815 1048 1894 1092 est
1912 1052 2013 1091 au-

432 1142 561 1194 tem,
618 1133 688 1183 ita
743 1130 958 1183 divinas
1011 1144 1270 1195 personas
1337 1130 1403 1181 ad
1449 1129 1680 1182 invicem
1754 1130 2013 1196 discerni,

430 1224 490 1278 tit
549 1223 689 1276 nulla
748 1231 925 1275 tamen
992 1221 1273 1273 consertio
1351 1221 1661 1287 subrepat;
1718 1234 1823 1287 non
1858 1220 2016 1275 aliter

430 1314 807 1369 conversionis
884 1313 1023 1365 ratio
1118 1318 1409 1375 servatur,
1491 1311 1595 1365 nisi
1666 1313 1783 1364 dum
1849 1313 2017 1368 simul

398 1434 399 1439 η
430 1420 678 1475 persona:
704 1405 767 1458 ad
818 1403 1048 1457 invicem
1102 1403 1476 1468 inspiriantnr.
1511 1403 1708 1469 Itaque-
1736 1403 2018 1472 principali

429 1500 630 1550 deitate
662 1495 873 1549 Patrem
905 1496 969 1546 ad
993 1479 1165 1546 solum
1218 1490 1409 1545 Filiunt
1427 1492 1730 1555 conferens,
1789 1494 1962 1562 ipsum
1990 1511 2018 1546 a

430 1587 570 1642 Filio
596 1586 901 1653 distinguit.
925 1584 1056 1638 Nam
1096 1584 1138 1637 si
1174 1585 1333 1637 Pater
1365 1595 1417 1637 et
1467 1583 1659 1648 Filius,
1707 1594 1765 1637 ιιι
1838 1600 1897 1639 se
1953 1584 2018 1637 ad

432 1670 663 1733 iuvicctn
708 1677 959 1740 habeant,
985 1676 1381 1743 inspiciuntur;
1436 1672 1595 1727 Pater
1630 1676 1848 1743 quidem
1900 1675 2019 1729 Filii

429 1759 574 1832 fons,
646 1770 813 1823 Filius
849 1784 1001 1831 vero,
1036 1783 1142 1820 non
1178 1768 1355 1821 Patris
1386 1768 1506 1821 l'ons
1528 1777 1632 1834 est,
1666 1770 1819 1823 sicuti
1849 1784 2022 1838 neque

428 1865 590 1917 linter
651 1861 1040 1929 Filius,neqne
1079 1858 1250 1913 Filius
1301 1858 1478 1913 Pater.
1516 1860 1591 1912 Ex
1650 1859 1811 1914 Patre
1866 1861 2010 1915 enim

429 1947 620 2011 Filius,
654 1962 763 1999 non
797 1958 974 2000 tamen
1009 1962 1073 2000 ex
1134 1945 1274 2000 Filio
1324 1944 1523 2000 Pater:
1577 1949 1837 2011 maxime,
1884 1966 2009 2005 cum

429 2040 678 2091 etdivina
708 2038 988 2107 generatio
1050 2033 1321 2105 gignendo
1364 2035 1431 2088 ad
1459 2035 1533 2097 id,
1565 2040 1708 2105 quod
1743 2039 2007 2107 gignitur,

437 2130 683 2183 habitum
727 2128 948 2189 habeat,
998 2126 1090 2180 sed
1126 2140 1231 2177 non
1282 2123 1350 2178 ad
1418 2125 1491 2189 id,
1523 2126 1665 2192 quod
1736 2128 2002 2194 procedit.

430 2226 611 2291 Atque
631 2225 732 2275 hoc
760 2222 964 2275 indicat
985 2221 1171 2281 etiam,
1198 2221 1341 2284 quod
1370 2219 1637 2286 sequitur,
1685 2235 1800 2271 cum
1834 2218 2007 2274 Filius

428 2317 590 2370 Pater
620 2331 718 2368 non
745 2315 832 2375 sit,
858 2329 1021 2381 neque
1044 2310 1381 2365 Paterlt‘ilius
1414 2312 1586 2380 ;quod
1618 2312 1835 2379 quidem
1870 2312 1980 2366 indi

429 2416 519 2461 cat
549 2403 1127 2473 supersubstantialcm
1187 2403 1332 2455 illam
1403 2402 1638 2456 divinam
1698 2405 2007 2473 generatio-

430 2510 553 2551 nem
594 2511 697 2549 non
740 2494 982 2548 converti
1006 2494 1072 2546 ad
1118 2493 1369 2558 invicem,
1419 2492 1635 2546 Patrem
1688 2495 1914 2559 scilicet,
1944 2509 2007 2549 ac

368 2572 373 2575 Δ
430 2587 647 2642 Filium.
682 2588 744 2639 Et
770 2586 1018 2656 quoniam
1042 2583 1414 2639 conversionis
1440 2583 1671 2650 dignitas
1724 2585 2010 2641 discretio-

432 2682 518 2736 nis
538 2672 703 2734 caus'a
720 2677 1081 2734 communiter
1109 2676 1351 2744 personis
1398 2677 1705 2730 necessario
1733 2679 2000 2731 reddenda

430 2782 536 2840 est;
587 2774 775 2827 eadem
834 2768 1078 2840 profecto
1130 2768 1514 2822 conversionis
1559 2768 1768 2822 ratione
1817 2770 2001 2824 dicere

432 2878 746 2935 possumus,
770 2878 890 2915 cum
950 2876 1055 2915 non
1086 2860 1155 2915 sit
1184 2859 1341 2913 Pater
1372 2859 1630 2927 Spiritus,
1666 2875 1841 2928 neque
1880 2860 2001 2931 Spi-

431 2961 567 3013 ritus
600 2956 779 3010 Pater:
814 2954 1073 3025 quoniam
1109 2952 1196 3006 ille
1227 2953 1441 3020 quidem
1492 2950 1613 3008 fuas
1657 2966 1711 3007 et
1742 2953 1893 3007 radix
1921 2963 2004 3009 est

430 3046 580 3112 Filii,
612 3062 675 3100 ac
706 3030 959 3114 Spiritus.
991 3041 1123 3107 Qua
1149 3043 1291 3096 enim
1322 3041 1466 3107 Filii,
1503 3060 1566 3097 ac
1613 3042 1847 3111 Spiritus
1876 3053 2002 3097 sunt

2119 947 2339 1004 Patrem
2370 949 2642 1017 habitum,
2669 952 3010 1022 quemetiam
3037 951 3230 1006 Filius.
3262 954 3437 1020 Atque
3461 953 3561 1017 ita,
3589 969 3693 1006 non

2114 1041 2242 1104 erit,
2272 1054 2437 1108 quam
2493 1040 2785 1109 quaerimus
2845 1054 3193 1109 personarum
3212 1040 3424 1110 propria
3445 1040 3698 1094 discretio

2118 1129 2416 1185 secundum
2452 1146 2614 1200 quam
2677 1131 2825 1185 nulla
2901 1132 3269 1185 communitas
3333 1128 3586 1193 infertur,
3641 1139 3695 1182 et

2118 1236 2281 1292 quam
2313 1223 2591 1282 accidens.
2624 1223 3069 1292 consortiumque
3092 1236 3196 1276 non
3244 1222 3530 1276 admittere
3578 1237 3695 1275 ma~

2119 1329 2261 1384 guns
2293 1314 2471 1370 voluit
2492 1314 2727 1370 Basilius
2755 1314 2957 1370 dicere.

2190 1442 2293 1498 Sed
2330 1457 2526 1513 neque,
2553 1453 2611 1498 ut
2634 1442 2853 1513 quidant
2881 1443 2932 1497 id
2981 1442 3186 1496 dictum
3243 1452 3542 1511 exponunt,
3572 1442 3693 1495 Filii

2121 1536 2188 1588 ad
2203 1535 2467 1604 Spiritum
2483 1535 2863 1590 discretionem
2888 1535 3041 1589 nobis
3058 1534 3297 1590 tradidit.
3323 1533 3388 1588 Et
3407 1548 3554 1589 certe
3570 1550 3692 1589 cum

2122 1636 2268 1682 esset
2316 1627 2615 1696 pollicitus,
2683 1626 3050 1681 omnitnodam
3112 1626 3494 1680 sedivinarum
3567 1640 3693 1694 per-

2125 1731 2382 1770 sonarum
2437 1704 2820 1770 discretionem
2916 1718 3283 1770 traditurum:
3340 1724 3393 1770 et
3447 1716 3688 1769 addidit:

2056 1827 2099 1880 η
2126 1806 2211 1859 Ita
2248 1823 2342 1861 nos
2379 1806 2556 1860 divino
2597 1816 2647 1860 et
2683 1808 2832 1861 unire
2859 1806 3048 1871 Verbo,
3106 1818 3153 1860 et
3187 1807 3482 1861 discernere
3504 1808 3687 1860 stude-

2121 1915 2261 1961 mus,
2289 1900 2425 1952 sicut
2461 1900 2639 1952 divina
2665 1899 2781 1967 ipsa
2811 1909 2858 1952 et
2889 1899 3127 1962 unita,“
3148 1899 3376 1953 discreta
3434 1898 3689 1951 sunt.lta-

2119 2007 2228 2060 que
2276 1991 2431 2058 jufta
2502 1989 2880 2044 conversionis
2912 1991 3201 2054 rationem,
3236 1999 3291 2044 et
3320 2002 3415 2059 per
3439 1989 3514 2052 id.
3544 1990 3689 2057 quod

2118 2083 2347 2148 addidit,
2383 2082 2683 2152 perlectum
2716 2080 3429 2150 discretionis-conjunctae,
3464 2088 3522 2134 ut
3574 2078 3692 2132 dic-

2119 2183 2230 2227 tnnt
2257 2181 2358 2235 est,
2410 2170 2628 2224 tradidit
2659 2171 2900 2236 modum;
2938 2185 3115 2224 causa:
3166 2176 3217 2222 et
3258 2167 3494 2222 causalis
3534 2164 3687 2220 scili-

2113 2272 2219 2325 eet,
2253 2261 2554 2318 secundum
2599 2275 2760 2329 quem
2802 2275 2866 2314 ex
2922 2259 3082 2315 Patre
3140 2274 3234 2327 per
3259 2256 3451 2313 Filium
3496 2272 3690 2327 proce-

2115 2356 2241 2410 dere
2264 2370 2292 2408 a
2335 2354 2547 2409 caeteris
2577 2352 2893 2409 doctoribus
2940 2352 3138 2409 divinis
3172 2350 3479 2406 rationibus
3526 2364 3687 2403 mon-

2121 2458 2324 2503 εηηιιτ.
2405 2456 2409 2460 ”

2186 2563 2449 2618 Praeterea
2505 2561 2760 2630 quoniant
2804 2562 2985 2616 omnia
3032 2575 3152 2629 qua:
3188 2561 3241 2615 in
3290 2561 3398 2617 Deo
3428 2562 3686 2618 dicuntur

2113 2657 2495 2720 communiter,
2529 2662 2583 2709 et
2608 2654 3128 2709 incontmutabiliter
3158 2656 3408 2723 personis
3448 2657 3685 2711 reddun-

2113 2762 2200 2806 tur
2264 2751 2350 2803 nbi
2411 2748 2689 2804 relationis
2746 2748 3018 2817 oppositio
3074 2762 3183 2801 non
3233 2748 3433 2813 obstat,
3487 2749 3686 2805 dicitur

2113 2850 2289 2895 autent
2322 2840 2458 2893 Deus
2482 2853 2545 2893 ex
2564 2837 2674 2894 Deo
2703 2852 2846 2902 esse,
2874 2838 3268 2907 inspiciendum
3293 2839 3339 2893 si
3366 2854 3472 2894 non
3502 2842 3685 2895 cinni-

2112 2933 2210 2988 bus
2240 2931 2514 3002 personis,
2551 2945 2645 3000 per
2690 2930 2931 3000 aliquam
2975 2930 3368 3001 oppositiouem
3412 2934 3682 3001 congruit.

2112 3027 2379 3096 Quoniam
2421 3026 2584 3096 igitur
2612 3026 2753 3082 Deus
2778 3040 2843 3080 ex
2874 3027 3004 3092 Deo,
3038 3028 3183 3098 quod
3218 3028 3438 3091 dicitur,
3470 3045 3684 3101 proces-

434 3143 503 3197 ad
544 3142 693 3196 illum
738 3124 1067 3193 referuntur.
1107 3138 1344 3205 Spiritus
1385 3147 1565 3190 autem
1622 3134 1802 3192 Patris
1841 3150 2002 3191 causa

2108 3135 2224 3176 sum
2253 3134 2318 3175 ex
2352 3119 2532 3188 aliquo
2554 3120 2838 3186 designat:
2871 3117 3032 3201 Pater
3055 3134 3181 3176 vero
3206 3135 3313 3176 non
3347 3123 3591 3189 procedit
3615 3138 3682 3178 ex

434 3250 541 3290 non
571 3244 673 3288 est.
705 3234 967 3286 Similiter
986 3241 1040 3285 et
1084 3232 1137 3282 in
1165 3230 1323 3291 Filio,
1371 3238 1423 3283 et
1447 3228 1651 3297 Spiritu
1698 3230 2006 3284 dicendum.

433 3328 623 3397 Neque
653 3327 798 3380 enim
826 3324 999 3377 Filius
1023 3322 1279 3390 Spiritus,
1313 3336 1488 3387 neque
1521 3319 1756 3390 Spiritus
1831 3320 2004 3375 Filius

433 3430 537 3474 est.
606 3417 788 3487 Neque
816 3418 949 3470 enim
981 3416 1253 3476 convertit,
1292 3415 1466 3482 inquit
1497 3413 1773 3485 Nysscnns
1834 3416 2005 3481 ,Imbiv

435 3529 519 3573 ius
553 3517 660 3569 ista
684 3510 1077 3579 consequentia.
1114 3506 1224 3561 lloc
1244 3516 1422 3558 autem
1447 3507 1742 3561 secundum
1768 3508 1999 3576 aliquam

432 3611 653 3665 omnino
681 3602 1072 3673 oppositionem
1106 3598 1387 3668 contingit;
1473 3604 1633 3668 atque
1672 3616 1733 3652 ea
1771 3611 2005 3670 estquae

434 3715 612 3755 causa;
640 3695 983 3762 causalisqtte
1033 3692 1238 3744 ratione
1260 3689 1502 3744 redditur
1519 3694 1814 3746 secundum
1839 3710 2002 3762 quant

433 3793 636 3847 dictum
695 3798 800 3851 est,
855 3785 1002 3839 aliud
1066 3783 1279 3853 quidem
1371 3782 1831 3837 continénler'ex
1893 3781 2008 3850 pri-

433 3900 543 3948 mo,
596 3854 739 3935 aliud
790 3894 884 3947 per
912 3879 985 3938 id,
1016 3876 1161 3944 quod
1195 3885 1279 3930 est
1303 3878 1650 3929 continenter
1695 3889 1759 3927 ex
1800 3874 1995 3941 primo.

464 3959 473 3969 ’
500 3975 766 4027 Praeterea
827 3980 881 4022 et
914 3967 1079 4021 Filius
1115 3968 1233 4022 fons
1258 3968 1426 4021 sancti
1476 3964 1710 4035 Spiritus
1740 3983 1768 4019 a
1799 3968 2006 4023 sanctis

432 4064 684 4119 Patrihus
716 4060 1019 4128 appellatus
1044 4068 1127 4111 est
1156 4076 1168 4111 ε
1193 4073 1368 4126 neque
1394 4059 1497 4112 hoc
1554 4058 1753 4123 solum,
1811 4074 1997 4113 verum

430 4158 593 4211 etiam
624 4156 769 4209 solus
802 4153 976 4206 Filius
1015 4151 1272 4229 fonsesse
1329 4150 1502 4204 sancti
1556 4150 1790 4215 Spiritus
1854 4167 2001 4207 assc-

430 4248 588 4307 ritur,
617 4246 756 4300 sicut
786 4246 836 4296 itt
858 4242 1314 4312 consequentibus
1380 4246 1773 4299 monstrabitur
1804 4262 1819 4299 :
1851 4248 1998 4315 quod

433 4339 597 4391 etiam
631 4336 745 4406 plus
768 4343 874 4398 est,
901 4348 1061 4402 quain
1099 4330 1407 4400 requiratur
1441 4334 1508 4386 ad
1551 4333 1605 4386 id
1631 4337 1775 4404 quod
1805 4350 2005 4405 prapo-

430 4434 663 4489 suimus.
693 4428 759 4481 Et
786 4437 935 4483 certe
957 4427 1215 4495 possibile
1234 4442 1341 4481 non
1373 4435 1459 4482 est
1478 4427 1630 4497 juxta
1668 4444 1791 4483 eum
1839 4445 2001 4500 quem

2108 3215 2323 3282 aliquo;
2358 3227 2534 3281 neque
2589 3214 2734 3267 enim
2794 3214 3027 3269 causalis
3072 3223 3189 3279 est;
3239 3223 3489 3270 cmterum
3544 3217 3684 3274 Deus

2109 3308 2325 3376 quidem
2353 3315 2454 3370 est,
2497 3320 2562 3359 ex
2626 3307 2731 3360 Deo
2766 3317 2943 3360 autem
2972 3320 3078 3360 non
3112 3317 3216 3371 est,
3268 3310 3428 3363 aliter
3480 3309 3682 3379 quippe

2107 3398 2225 3453 sine
2254 3397 2517 3467 principio
2542 3386 2648 3451 non
2677 3405 2822 3451 esset
2854 3412 2867 3450 :
2906 3399 3230 3466 principium
3258 3398 3338 3453 sui
3359 3402 3681 3469 pra-cogita-

2111 3503 2243 3556 tum,
2270 3490 2495 3555 habens,
2519 3488 2973 3559 quemadmodum
3003 3497 3057 3544 et
3086 3488 3275 3554 Filius,
3310 3506 3486 3560 neque
3508 3494 3675 3547 radix

2106 3597 2161 3643 et
2190 3586 2309 3641 lous
2338 3584 2474 3651 Filii,
2503 3583 2847 3652 Spiritusque
2879 3583 3168 3637 diceretur.
3201 3582 3304 3644 Sed
3322 3581 3512 3648 Filius,
3537 3586 3679 3641 Dens

2107 3694 2228 3734 cum
2281 3678 2373 3739 sit,
2406 3691 2470 3729 ex
2530 3674 2641 3729 Deo
2695 3674 2857 3728 Patre
2900 3688 3019 3729 esse
3049 3675 3285 3741 dicitur;
3340 3686 3392 3729 et
3437 3678 3677 3747 Spiritus

2104 3780 2328 3826 sanctus
2358 3770 2500 3824 Dens
2540 3782 2662 3821 cum
2696 3767 2788 3831 sit,
2813 3780 2878 3821 ex
2918 3765 3029 3821 Deo
3065 3766 3249 3821 itidem
3285 3768 3443 3823 Patre
3481 3770 3679 3836 praedi—

2105 3873 2289 3927 catur;
2322 3870 2715 3929 attestaturque
2744 3859 2830 3914 bis
2858 3859 3018 3913 etiam
3060 3859 3182 3914 ﬁdei
3214 3861 3406 3928 positio
3433 3877 3676 3916 commu—

2104 3957 2298 4023 nisque
2327 3952 2583 4007 Ecclesia
2618 3951 2801 4019 opinio
2833 3967 2846 4003 :
2879 3949 2948 4002 ita
2986 3952 3241 4018 quoniam
3274 3953 3411 4005 Deus
3444 3966 3507 4006 ex
3544 3951 3672 4017 Deo,

2103 4046 2247 4118 quod
2311 4046 2527 4109 dicitur,
2564 4043 2699 4097 Filio
2758 4052 2813 4096 et
2876 4041 3102 4111 Spiritui
3153 4053 3341 4096 saneto
3383 4043 3673 4110 convenit;

2104 4145 2268 4206 atque
2304 4134 2432 4189 hinc
2474 4147 2653 4189 causa:
2685 4131 3024 4201 causalisque
3059 4132 3269 4187 ratione
3304 4148 3331 4185 a
3374 4131 3530 4187 Patre
3560 4134 3675 4187 dis-

2103 4236 2424 4293 cernuntur,
2488 4218 2589 4283 sub
2654 4224 2954 4283 intellectis
3015 4223 3223 4280 scilicet
3294 4223 3675 4281 differentibus

2102 4316 2421 4372 substantias
2481 4314 2866 4384 processibus,
2925 4313 3065 4369 Deus
3116 4325 3298 4369 autem
3345 4324 3430 4369 est
3477 4316 3669 4381 Filius,

2105 4408 2247 4464 Deus
2270 4406 2505 4473 item,et
2528 4404 2763 4475 Spiritus
2788 4414 3008 4460 sanctus
3040 4422 3057 4461 :
3090 4419 3310 4462 necesse
3345 4416 3449 4468 est.
3473 4408 3518 4462 si
3549 4390 3673 4462 ΙΜἓὶ

430 4524 648 4593 quidam
678 4521 1050 4583 introducunt,
1099 4517 1392 4572 secundum
1416 4496 1591 4574 sancti
1615 4496 1999 4590 Spiritus'pro-
2030 4505 2075 4562 Ῐ)
2105 4497 2372 4570 ιπεηοίρια
2395 4512 2646 4593 Ακτνξτέ
2669 4497 2945 4593 Δίηνίοωθ
3001 4496 3250 4593 νοξωξδιξε
3269 4535 3285 4562 ι
3340 4507 3431 4593 {ut
3475 4497 3671 4553 Filim“

432 4630 673 4677 cessum,
710 4609 903 4666 Filium
937 4610 1142 4664 fontem
1199 4623 1328 4664 esse
1358 4609 1531 4665 sancti
1585 4609 1841 4680 Spiritus.
1892 4611 1998 4667 Eos

430 4708 599 4772 enim,
626 4706 720 4775 qui
763 4707 833 4759 ita
855 4713 1084 4775 ponunt,
1148 4702 1381 4772 plurima
1412 4706 1725 4759 necessario
1759 4705 1996 4761 absurda

427 4800 608 4871 sequi,
631 4812 797 4866 supra
865 4804 1227 4861 monstratum
1254 4802 1358 4848 est.
1417 4792 1534 4849 Non
1562 4794 1725 4864 igitur
1758 4806 1826 4850 ex
1886 4796 1998 4850 sola

430 4888 810 4946 conversionis
850 4888 1065 4941 ratione
1096 4885 1274 4939 sancti
1295 4884 1397 4938 viri
1427 4885 1594 4941 claret
1619 4887 1847 4942 intentio
1866 4905 1881 4954 ;
1900 4891 1998 4943 sed

429 4985 595 5039 etiam
620 4995 685 5036 ex
708 4983 774 5034 e'o
794 4980 937 5048 quod
962 4975 1543 5046 supersubstautialem
1556 4975 1797 5033 divinam
1830 4993 1999 5047 gene-

429 5073 695 5127 rationem
725 5070 939 5125 Patrem
960 5066 1333 5137 appellaverit.
1354 5064 1546 5121 Divina
1590 5069 1735 5123 enim
1766 5082 1998 5136 genera-

428 5167 522 5229 tio,
560 5166 631 5219 ita
667 5162 841 5225 Patri,
873 5163 1017 5217 sicut
1037 5158 1274 5230 genitori
1296 5170 1639 5232 congruens,
1664 5159 1731 5242 ad
1766 5175 1998 5215 nascett'

432 5266 537 5312 tem
560 5256 754 5311 Filiutn
783 5270 827 5309 ri
843 5254 1044 5308 dditur.
1554 5324 1565 5327 ν

497 5349 689 5412 Porro,
721 5347 764 5400 si
798 5346 919 5414 quis
982 5345 1110 5397 illud
1165 5343 1326 5398 etiam
1391 5342 1457 5395 ad
1481 5341 1738 5409 Spiritum
1774 5343 1998 5398 recidere

429 5447 683 5500 conetur;
744 5434 972 5501 primum
1025 5434 1242 5500 quidem
1283 5430 1447 5483 etiam
1507 5428 1768 5497 Spiritum
1800 5430 1994 5485 Filium

423 5543 543 5583 esse
573 5530 756 5581 dicere
788 5535 1028 5592 cogetur.
1103 5522 1288 5575 Divina
1357 5522 1559 5591 quippe
1608 5530 1907 5592 generatio,
1942 5537 1997 5578 tit

426 5620 684 5676 diximus.
720 5615 949 5683 genitori
995 5610 1249 5677 congruit
1306 5612 1625 5679 genitorque
1682 5615 1747 5667 ad
1795 5612 1991 5668 Filium

421 5708 678 5763 reicrtur.
723 5705 1039 5758 Dcindcctsi
1082 5701 1315 5769 Spiritus
1345 5718 1371 5753 a
1406 5700 1566 5757 Patre
1597 5706 1788 5758 divinzc
1835 5720 1995 5774 gene-

426 5798 649 5853 rationis
685 5799 894 5850 ratione
922 5794 1286 5848 dist'et'nitut':
1323 5794 1649 5850 discernitur
1697 5798 1908 5866 quidem
1937 5808 1988 5852 ει

2107 4592 2273 4647 Deum
2304 4607 2370 4645 ex
2395 4589 2506 4645 Deo
2540 4587 2746 4659 Spiritu
2776 4603 2915 4652 esse,
2948 4598 3041 4641 aut
3070 4587 3328 4657 Spiritum
3363 4589 3527 4643 Deum
3551 4604 3671 4642 esse

2100 4698 2167 4737 ex
2202 4681 2314 4737 Deo
2360 4681 2527 4747 Filio;
2578 4694 2683 4735 non
2720 4678 2863 4734 enim
2914 4679 3085 4749 magis
3150 4675 3317 4735 Deum
3357 4680 3425 4760 de
3454 4679 3564 4733 Deo
3605 4681 3672 4733 ad

2100 4774 2315 4830 Patrem
2394 4782 2716 4840 utrumque,
2783 4785 2942 4841 quam
3004 4771 3068 4824 ad
3131 4770 3360 4825 invicem
3420 4772 3673 4825 convenit

2100 4865 2225 4920 dici.

2163 4974 2308 5036 Nam
2333 4978 2613 5034 relationis
2657 4975 2926 5046 oppositio
2956 4991 3061 5030 non
3099 4977 3200 5030 hoc
3232 4976 3501 5041 prohibet.
3532 4960 3669 5032 'Ete-

2100 5072 2212 5128 nim
2244 5071 2547 5140 paternitas
2576 5068 2793 5139 quidem
2824 5068 2890 5120 ad
2919 5066 3248 5122 nativitatem
3273 5066 3585 5136 opponitur,
3610 5082 3670 5125 ut

2097 5162 2343 5233 gignere,
2381 5160 2525 5231 quod
2579 5158 2805 5224 dicitur,
2847 5159 2915 5213 ad
2971 5157 3047 5223 id,
3079 5155 3224 5227 quod
3267 5167 3354 5214 est
3400 5158 3585 5223 nasci,
3616 5168 3673 5214 ct

2100 5253 2431 5322 producere,
2474 5252 2540 5307 ad
2591 5251 2643 5304 id
2685 5253 2828 5320 quod
2856 5258 2942 5304 est
2983 5250 3227 5319 produci.
3257 5248 3417 5305 Nasci
3446 5264 3574 5306 vero
3614 5260 3672 5306 et

2101 5345 2411 5412 procedere,
2469 5342 2536 5395 ad
2588 5342 2818 5396 invicem
2882 5356 2988 5394 non
3037 5351 3401 5409 opponentur.
3434 5340 3492 5394 Si
3524 5341 3668 5395 enim

2097 5441 2443 5500 apponuntur
2466 5441 2519 5485 et
2551 5431 2957 5492 discernuntur,
2978 5431 3198 5485 omnino
3226 5431 3391 5484 etiam
3426 5430 3667 5500 gignere,

2082 5535 2146 5589 ,ει
2170 5525 2485 5592 producere,
2518 5523 2585 5575 ad
2609 5523 2837 5576 invicem
2868 5533 3231 5592 opponentur:
3262 5522 3435 5592 Atque
3462 5523 3533 5576 ita
3566 5524 3672 5577 erit

2096 5614 2256 5667 Pater
2310 5614 2428 5666 dua:
2509 5629 2788 5682 personae,
2863 5614 3268 5683 compositaque
3338 5610 3666 5678 substantia,

2095 5707 2435 5774 maximeque
2464 5710 2614 5775 juxta
2643 5720 2737 5759 eos
2772 5705 2887 5774 qui,
2925 5718 2985 5759 ut
3013 5706 3215 5761 dictuttt
3243 5716 3346 5772 est,
3371 5707 3671 5776 producere

2093 5798 2452 5853 substantialc
2504 5806 2727 5865 ponunt.
2788 5796 2895 5850 Aut
2940 5797 3122 5868 igitur
3178 5800 3300 5853 duae
3348 5800 3671 5853 substantiae
