4010 6220
366 308 395 324 Ι

293 411 391 474 HS

1340 400 1768 479 ,ADVERSUS
1810 397 2122 459 GRECOS
2164 386 2306 459 LiB’.
2346 396 2459 457 ΙΙΙ.

3428 378 3528 443 156

284 522 436 572 l‘ater
463 513 588 577 erit,
612 526 744 583 quas
778 510 979 566 scilicet
1015 510 1233 581 gignere
1258 518 1310 563 et
1342 511 1639 579 producere
1672 508 1845 573 signa-
1880 512 1926 567 Α
1956 520 2178 564 sanctus
2210 522 2223 560 :
2254 506 2534 576 quoniam,
2564 513 2621 559 ut
2651 503 2906 568 diximus,
2938 502 3081 558 nulla
3118 501 3397 559 relationis
3424 506 3549 574 ob-V

244 610 247 617 ’
286 612 380 672 hit,
412 617 470 660 nt
520 607 584 660 ad
644 607 747 661 duo
789 605 977 668 etiam,
1028 612 1077 657 et
1124 603 1263 670 quod
1309 602 1570 665 nascitur,
1617 611 1670 654 et
1704 602 1849 668 quod

286 700 601 769 pmiueitur
628 697 844 767 proprie
863 696 1049 752 referri
1077 695 1267 763 possit,
1292 703 1383 750 aut
1409 694 1551 764 quod
1592 694 1851 764 gignitur,

285 806 331 843 et
375 792 520 861 quod
568 790 908 861 producitur,
947 805 1050 843 una
1083 804 1314 858 persona
1359 788 1499 855 erit;
1550 787 1765 856 quippe.
1798 794 1851 839 et

290 884 445 937 Pater
480 882 733 951 gignens,
762 895 824 934 ac
855 880 1176 951 producens,
1200 892 1303 933 una
1328 891 1552 952 persona
1574 872 1675 936 est.
1704 877 1857 932 Sicut

286 979 425 1031 enim
485 989 662 1045 neque
709 976 872 1030 Pater
920 976 988 1030 ad
1032 990 1091 1031 se
1122 975 1321 1046 ipsum,
1363 979 1657 1031 secundum
1708 974 1852 1045 quod

285 1068 508 1136 gignere
564 1072 619 1120 et
674 1066 973 1134 producere
1030 1065 1253 1133 dicitur,
1299 1066 1627 1121 discernitur
1676 1084 1691 1121 :
1739 1068 1853 1131 ita,

290 1171 464 1224 neque
496 1156 644 1223 quod
688 1155 946 1226 gignitur,
975 1164 1136 1224 atque
1186 1155 1523 1225 producitur.
1557 1158 1623 1211 ad
1654 1170 1717 1212 ea
1746 1156 1856 1211 dis-

287 1256 565 1310 cernetnr,
608 1246 673 1300 ad
726 1261 847 1315 quae
890 1246 1111 1317 gignere
1157 1260 1221 1301 ac
1250 1248 1551 1317 producere
1596 1246 1857 1301 redditur.

290 1337 427 1390 Nihil
457 1338 647 1407 itaque
667 1335 915 1406 prohibet
946 1336 1226 1394 relationis
1268 1336 1552 1408 oppositio,
1590 1337 1757 1391 Deum
1792 1349 1860 1391 ex

290 1427 397 1479 Deo
428 1442 557 1481 esse
582 1428 709 1493 dici,
733 1429 798 1481 ad
834 1419 1062 1482 invicem
1103 1426 1295 1482 Filium
1335 1436 1388 1483 et
1419 1426 1705 1499 Spiritum.
1743 1424 1861 1481 Nisi

288 1532 465 1571 autem
522 1518 643 1573 hac
691 1520 806 1584 sit,
858 1520 1159 1574 communis
1219 1519 1456 1575 essentia
1512 1517 1860 1587 relinquitur,

289 1609 588 1663 secundum
643 1624 807 1679 quam
866 1608 1009 1663 nulla
1060 1609 1317 1663 discretio
1357 1607 1502 1675 Filii,
1536 1617 1592 1665 et
1627 1607 1865 1678 Spiritus

290 1702 595 1769 inspicitur.
629 1698 756 1757 ideo
784 1701 947 1770 etiam
983 1702 1294 1757 necessario
1335 1682 1860 1770 sequiturfFilium,

1957 609 2064 654 stat
2112 600 2404 669 oppositio,
2432 606 2524 651 aut
2568 595 2763 651 Filium
2797 605 2965 650 totum
3001 609 3064 649 ex
3090 592 3228 649 Filio
3262 602 3376 648 toto
3402 594 3530 649 sub-

1957 691 2187 753 sistere;
2220 689 2309 757 qui
2332 687 2475 741 enim
2507 688 2607 744 hoc
2633 695 2814 754 negat,
2840 695 2933 740 aut
2963 697 3127 742 totam
3158 699 3318 739 unam
3343 700 3531 753 perso-

1960 798 2107 843 nam,
2142 780 2333 835 Filium
2374 792 2425 836 et
2458 782 2718 851 Spiritum
2750 792 2994 839 sanctum
3030 788 3397 850 confitebitur,
3432 792 3528 839 aut

1961 887 2068 927 non
2098 881 2267 927 totum
2294 886 2359 926 ex
2384 879 2497 927 toto
2524 887 2644 927 esse
2674 871 2891 941 Fllium,
2912 890 3088 942 neque
3122 886 3290 931 totum
3322 892 3385 930 ex
3417 885 3530 928 toto

1963 976 2084 1018 esse
2132 959 2396 1031 Spiritum
2453 968 2722 1026 sanctum,
2756 973 2867 1030 aut,
2895 978 3072 1034 neque
3132 966 3329 1021 Filium
3360 966 3529 1020 Deum

1966 1063 2138 1109 totum
2166 1067 2306 1115 esse,
2341 1066 2517 1122 neque
2554 1053 2813 1123 Spiritum
2839 1056 3008 1111 Deum
3040 1065 3234 1122 totum,
3268 1067 3360 1111 aut
3386 1056 3533 1112 aliud

1969 1156 2139 1201 totum
2169 1157 2290 1201 esse
2319 1142 2554 1210 Filium,
2584 1156 2642 1201 et
2674 1145 2819 1201 aliud
2872 1156 3042 1203 totum
3087 1148 3359 1217 Spiritum
3406 1163 3537 1201 san-

1967 1248 2138 1305 ctum,
2170 1238 2264 1294 sed
2325 1238 2427 1292 ista
2485 1236 2730 1307 profecto
2781 1241 2963 1309 inepta
3005 1249 3059 1296 et
3091 1242 3327 1298 absurda
3390 1250 3534 1295 sunt.

1969 1329 2154 1402 Neque
2195 1330 2341 1386 enim
2394 1328 2656 1395 Trinitas,
2708 1345 2885 1403 neque
2943 1334 3193 1389 essentia
3238 1332 3421 1388 unitas
3464 1332 3537 1386 ita

1973 1434 2304 1482 servaretur.

2041 1516 2331 1574 Enimvero
2376 1518 2627 1588 quoniam
2662 1525 2882 1588 propter
2913 1516 2999 1570 illa
3032 1531 3162 1586 qua:
3202 1516 3346 1573 dicta
3391 1527 3539 1583 sunt,

1972 1604 2141 1663 Filius
2201 1617 2347 1663 totus
2401 1624 2465 1662 ex
2519 1614 2636 1662 toto
2683 1608 2753 1662 sit
2793 1604 2953 1661 Filio.
3008 1608 3076 1661 At
3109 1605 3230 1662 Filii
3265 1612 3459 1673 totum,
3488 1616 3542 1661 et

1971 1698 2151 1755 Patria
2186 1706 2382 1764 totum,
2425 1714 2591 1760 unum
2634 1707 2806 1755 totum
2848 1713 2969 1754 esse
3012 1704 3309 1755 secundum
3348 1713 3543 1754 essen-

290 1802 345 1846 et
386 1792 658 1861 Spiritum
712 1808 871 1848 unam
924 1808 1208 1865 personam
1253 1806 1396 1862 esse,
1428 1793 1577 1849 nulla
1638 1793 1863 1849 relativa
1898 1835 1942 1891 Β
1971 1791 2124 1850 tiam.
2169 1800 2382 1845 servata
2429 1789 2639 1845 scilicet
2674 1789 3014 1859 Oppositione
3062 1791 3342 1861 gignendi,
3377 1798 3543 1859 atque

291 1885 635 1951 oppositione
675 1886 1017 1945 obsistente:
1064 1884 1359 1956 neutrique
1408 1885 1626 1952 horum,
1686 1895 1744 1940 ut
1799 1886 1867 1939 ad

295 1974 528 2031 invicem
563 1974 708 2033 Deus
734 1990 801 2029 es
835 1977 942 2030 Deo
970 1977 1179 2031 dicatur
1202 1992 1355 2041 esse,
1390 1978 1742 2033 concedetur.

360 2065 499 2119 Nam
548 2068 593 2121 si
640 2068 763 2136 quis
810 2068 911 2121 hoc
947 2076 1131 2139 neget,
1172 2084 1391 2124 necesse
1444 2069 1550 2124 erit
1596 2078 1655 2123 ut
1710 2070 1869 2123 simul

294 2166 451 2226 neget
508 2157 596 2213 vel
659 2156 822 2212 Deum
875 2173 941 2214 ex
982 2159 1094 2215 Deo
1143 2161 1525 2228 esseFiiium,
1567 2161 1649 2216 vel
1701 2162 1868 2215 Deum

294 2260 453 2317 atque
506 2264 573 2303 ex
629 2248 737 2306 Deo
777 2265 899 2305 esse
952 2251 1214 2322 Spiritum
1262 2262 1509 2307 sanctum
1570 2260 1663 2306 aut
1706 2252 1869 2307 alium

294 2339 462 2395 Deum
508 2355 631 2397 esse
686 2341 906 2409 Filium,
957 2344 1123 2398 alium
1187 2344 1448 2413 Spiritum
1505 2352 1776 2399 sanctum.
1813 2342 1872 2397 Si

288 2432 437 2486 enim
462 2445 759 2504 utrumque
783 2435 977 2490 Filium
1001 2446 1053 2491 et
1084 2434 1347 2507 Spiritum
1382 2445 1629 2492 sanctum
1662 2435 1874 2490 scilicet

297 2525 359 2577 ad
394 2524 617 2579 Patrem
654 2512 889 2596 quidem,
949 2527 1114 2581 Deum
1145 2543 1208 2585 ex
1258 2528 1365 2584 Deo
1420 2527 1527 2583 dici
1585 2528 1871 2591 concedet,

300 2632 401 2669 non
434 2626 620 2671 autem
652 2618 812 2672 etiam
838 2620 902 2672 ad
934 2620 1180 2682 invicem,
1202 2634 1266 2674 ex
1309 2619 1532 2673 dimidio
1566 2617 1671 2672 illis
1706 2618 1872 2672 Deum

301 2720 366 2760 ex
419 2707 535 2762 Deo
585 2722 727 2775 esse,
779 2702 982 2764 reddet.
1022 2708 1202 2764 Veluti
1262 2710 1326 2764 ad
1378 2709 1597 2763 Patrem
1658 2708 1873 2777 quidem

305 2799 493 2863 lilium,
541 2808 599 2854 et
650 2801 912 2869 Spiritum
962 2809 1210 2855 sanctum
1270 2800 1516 2857 ordinem
1565 2799 1767 2856 habere
1811 2814 1876 2854 ac

306 2890 540 2945 discerni
568 2891 888 2956 concedens,
919 2906 1027 2951 non
1051 2891 1214 2946 etiam
1242 2891 1312 2946 ad
1348 2891 1583 2947 invicem
1604 2890 1877 2945 ‘ordinem

308 2981 531 3047 habere,
563 2992 722 3051 atque
760 2983 991 3038 discerni
1031 2983 1381 3051 concederet,
1416 2997 1589 3054 neque
1634 2985 1701 3038 ad
1734 2982 1878 3037 invi-

308 3086 418 3125 cem
467 3073 746 3140 perfectas
783 3089 904 3129 esse
952 3075 1290 3155 substantias
1350 3072 1725 3130 conﬁteretur.
1771 3075 1877 3128 Sed

1969 1879 2251 1935 nascendi.
2288 1878 2474 1949 Itaque
2506 1890 2653 1935 totus
2685 1896 2751 1935 ex
2775 1879 2936 1936 Patre
2960 1890 3090 1946 toto,
3126 1892 3179 1937 et
3211 1881 3367 1945 Filio,
3387 1881 3543 1949 quasi

1966 1983 2035 2023 ετ
2070 1983 2182 2025 uno
2204 1976 2319 2024 toto
2347 1969 2582 2040 Spiritus
2602 1980 2708 2037 est,
2733 1971 2897 2025 veluti
2916 1986 2979 2025 es
3014 1971 3198 2036 Patre,
3230 1981 3284 2025 et
3310 1968 3541 2032 Filio,ut

1971 2074 2037 2115 ex
2093 2074 2199 2113 uno
2241 2058 2349 2113 Deo
2397 2056 2410 2113 ὲ
2452 2058 2751 2114 secundum
2811 2060 3027 2128 quidem
3087 2059 3539 2129 significationem

1971 2146 2109 2226 ejtts,
2142 2163 2284 2226 quod
2328 2168 2411 2213 est
2440 2166 2585 2213 totus
2621 2166 2676 2212 et
2707 2155 2850 2209 Deus
2885 2172 2897 2205 :
2939 2162 3013 2217 et,
3040 2151 3083 2205 si
3114 2151 3240 2218 quid
3286 2149 3428 2201 aliud
3466 2149 3544 2203 eis

1973 2252 2038 2305 ad
2068 2250 2300 2305 invicem
2336 2264 2624 2305 commune
2660 2256 2765 2313 est,
2796 2245 3057 2301 relatione
3088 2258 3190 2296 non
3223 2242 3542 2303 obsistente,

1973 2358 2094 2397 cum
2145 2358 2309 2395 unum
2362 2342 2492 2406 sint,
2525 2338 2820 2395 secundum
2871 2352 3021 2401 rem;
3063 2333 3362 2389 secundum
3417 2347 3545 2387 vero

1974 2434 2375 2503 paternitatem,
2412 2439 2464 2486 et
2519 2431 2886 2493 nativitatem,
2921 2427 3234 2482 substantiis
3259 2424 3542 2496 [hyposta-

1977 2524 2164 2598 tibus],
2192 2534 2249 2579 ut
2279 2524 2481 2579 dictum
2514 2529 2615 2588 est,
2633 2522 3007 2576 discernantur
3035 2535 3049 2571 :
3083 2518 3339 2587 quoniam
3370 2517 3421 2569 in
3453 2516 3541 2569 his

1975 2617 2195 2687 quidem
2216 2615 2483 2687 oppositio
2512 2615 2794 2684 inspicitur
2830 2632 2843 2668 :
2884 2613 2937 2665 in
2970 2612 3056 2665 his
3087 2620 3265 2664 autem
3303 2608 3543 2662 nomini.

1976 2694 2100 2775 bus,
2132 2708 2275 2764 Deus
2330 2718 2382 2763 et
2429 2716 2595 2773 totus,
2652 2706 2861 2761 scilicet
2892 2706 3088 2758 unitas.
3116 2707 3285 2773 igitur
3332 2717 3360 2754 a
3411 2701 3548 2755 Filio

1976 2802 2272 2857 secundum
2314 2816 2495 2856 causa:
2530 2800 2867 2866 causaiisque
2910 2798 3172 2852 rationem
3221 2796 3551 2850 discernitur

1980 2890 2217 2960 Spiritus
2245 2900 2490 2947 sanctus.
2517 2890 2669 2956 Quod
2693 2888 2736 2943 si
2762 2898 2907 2942 totus
2931 2900 2991 2939 ex
3022 2885 3309 2941 totoPatre
3330 2883 3548 2948 dicitur,

1978 2983 2069 3039 sed
2092 2997 2157 3038 ex
2181 2982 2341 3037 Patre
2388 2998 2483 3052 per
2516 2981 2712 3036 Filium
2749 2996 2868 3036 esse
2910 2996 2938 3035 a
2972 2980 3242 3047 theologis
3272 2992 3553 3033 assevera-

1980 3082 2087 3139 tur,
2126 3073 2204 3128 sic
2226 3071 2371 3127 enim
2409 3069 2664 3125 Ecclesia:
2696 3068 2936 3137 magistri
2974 3068 3307 3135 complexam
3332 3080 3556 3137 proces-

308 3164 444 3217 enim
483 3161 657 3219 Filius
692 3164 831 3220 Deus
856 3180 978 3219 cum
1004 3166 1073 3219 sit
1096 3180 1160 3220 ex
1186 3164 1316 3230 Deo,
1345 3166 1412 3220 de
1449 3172 1638 3219 sancto
1672 3163 1875 3234 Spiritu
1905 3165 1948 3223 (Γ.
1981 3165 2149 3222 sionis
2192 3165 2366 3218 sancti
2411 3162 2649 3233 Spiritus
2688 3160 3054 3215 definitionem
3100 3160 3245 3213 illius
3289 3159 3551 3212 substan-

309 3270 408 3310 non
448 3262 559 3319 est,
592 3263 813 3327 prepter
847 3256 936 3310 illa
971 3270 1090 3326 qua:
1117 3266 1420 3322 sequuntur
1450 3256 1713 3311 absurda.

380 3346 476 3401 Est
533 3348 695 3418 igitur
744 3348 887 3403 Deus
936 3363 1002 3404 ex
1056 3350 1162 3405 Deo
1194 3349 1336 3404 Filio
1376 3348 1613 3419 Spiritus
1639 3356 1881 3413 sanctus,

311 3439 752 3507 quandoquidem
808 3440 969 3493 etiam
1020 3454 1118 3509 per
1171 3439 1346 3509 ipsum
1392 3439 1687 3510 procedere
1731 3452 1884 3495 asse—

312 3533 500 3584 ritur:
542 3532 764 3601 solaque
819 3548 981 3588 causa
1038 3543 1091 3588 et
1126 3533 1328 3593 causali
1388 3532 1599 3589 divinas
1650 3531 1883 3588 discerni

312 3636 596 3688 personas,
624 3638 723 3690 pro
751 3623 1000 3679 confesso
1027 3624 1276 3679 habetur.
1303 3622 1369 3678 Et
1397 3624 1650 3694 quoniam
1687 3638 1887 3679 secun-

314 3714 437 3767 dum
476 3715 551 3778 id,
578 3716 721 3783 quod
776 3717 916 3771 Deus
958 3728 1061 3781 est,
1117 3732 1222 3771 non
1289 3717 1620 3773 discernitur
1666 3731 1697 3770 a
1749 3715 1890 3770 Filio

317 3804 515 3871 Pater;
558 3821 682 3859 nam
738 3807 781 3861 si
826 3813 1053 3877 uterque
1100 3809 1267 3873 Deus,
1290 3823 1397 3863 non
1431 3817 1609 3863 tamen
1640 3809 1744 3863 duo
1775 3807 1886 3874 dii,

320 3913 452 3951 unus
507 3897 653 3953 enim
711 3898 850 3953 Deus
909 3912 991 3955 est
1023 3919 1036 3954 :
1070 3910 1283 3957 constat
1321 3916 1388 3957 ex
1429 3900 1591 3958 Patre
1629 3911 1683 3957 et
1727 3901 1889 3966 Filio.

321 3990 486 4043 veluti
539 4004 605 4043 ex
663 4006 772 4045 uno
826 3992 956 4056 Deo,
986 4008 1106 4047 esse
1155 3992 1415 4064 Spiritum
1454 4002 1706 4049 sanctum
1739 4009 1891 4050 :non

322 4080 622 4135 secundum
648 4082 791 4152 quod
822 4084 946 4147 duo,
965 4084 1056 4136 sed
1085 4083 1379 4138 secundum
1401 4084 1544 4154 quod
1564 4099 1726 4137 unum
1744 4092 1892 4149 sunt,

324 4172 654 4237 producendi
702 4175 915 4228 ratione
946 4174 1165 4229 scilicet
1195 4174 1425 4230 servatis
1469 4174 1894 4245 preprietatibus

326 4263 601 4329 gignendi,
633 4276 699 4317 ac
730 4263 982 4318 nascendi
1027 4280 1043 4318 :
1099 4261 1240 4320 Deus
1290 4278 1419 4320 vero
1451 4270 1535 4320 est
1566 4272 1619 4320 et
1657 4262 1897 4334 Spiritus

327 4364 546 4411 Sanetus
576 4354 894 4424 productus,
925 4357 1038 4412 sive
1076 4356 1379 4426 procedens
1412 4358 1708 4414 secundum
1736 4372 1893 4413 suam

1985 3259 2073 3313 tite
2103 3257 2499 3329 explicitcrunt,
2540 3262 2593 3309 et
2640 3251 2934 3309 secundum
2962 3252 3081 3307 illos
3115 3267 3239 3306 cum
3275 3268 3339 3305 ex
3373 3249 3553 3313 Patre,

1985 3348 2215 3413 dicatur,
2264 3356 2359 3400 aut
2389 3361 2454 3400 ex
2506 3345 2663 3399 Patre
2694 3354 2806 3398 toto
2854 3342 3158 3413 intelligere
3201 3340 3475 3405 convenit,
3504 3339 3552 3391 si

1985 3454 2128 3495 cura:
2170 3437 2325 3493 nobis
2353 3445 2437 3492 est
2472 3437 2624 3507 juxta
2668 3436 2878 3490 illorum
2907 3435 3279 3499 traditionem,
3314 3441 3367 3488 et
3395 3432 3553 3486 simul

1987 3530 2136 3587 initia
2170 3530 2293 3585 [idci
2342 3532 2641 3595 servando,
2675 3529 2968 3601 secundum
3013 3528 3257 3582 ordinem
3307 3524 3557 3581 dili'eren-

1989 3622 2121 3680 tium
2152 3636 2531 3693 processuum,
2561 3629 2722 3691 atque
2771 3620 3098 3674 eoorientem
3149 3620 3217 3671 ab
3258 3617 3344 3671 his
3380 3631 3556 3671 causa:

1987 3713 2298 3781 causalique
2336 3713 2755 3777 discretionem,
2793 3711 3004 3765 divinas
3060 3707 3391 3783 distinguere
3431 3721 3557 3773 per-

1988 3822 2169 3874 sonas,
2202 3807 2436 3861 maxime
2480 3821 2602 3861 eum
2670 3805 2845 3859 Patris
2896 3811 3065 3856 totum
3124 3816 3228 3854 non
3284 3799 3426 3852 aliud
3485 3798 3559 3851 sit

1989 3917 2150 3971 quam
2199 3909 2366 3955 totum
2408 3898 2563 3969 Filii}:
2611 3914 2778 3956 unum
2809 3896 2950 3951 enim
2985 3904 3061 3948 est
3098 3902 3265 3948 totum
3290 3935 3303 3957 ,
3336 3892 3475 3945 sicut
3503 3899 3559 3943 et

1990 3991 2203 4045 illorum
2248 4004 2354 4043 una
2393 3988 2627 4042 essentia
2660 3994 2743 4040 est
2776 4004 2789 4040 :
2826 3985 2914 4039 ubi
2959 3984 3165 4039 scilicet
3217 3998 3323 4036 non
3383 3981 3565 4035 obstat

1990 4080 2269 4136 relationis
2318 4062 2606 4148 oppositio.
2647 4077 2885 4147 Spiritus
2935 4085 3111 4129 autem
3161 4083 3304 4128 totus
3340 4073 3556 4142 quidem

1991 4177 2094 4234 est,
2127 4168 2479 4238 ejusdemque
2514 4167 2762 4222 essentia:
2788 4180 2907 4219 cum
2944 4164 3103 4218 Patre
3134 4172 3187 4217 et
3221 4162 3381 4227 Filio,
3412 4170 3558 4217 totus

1991 4277 2122 4318 vero
2146 4263 2465 4332 productus,
2495 4260 2610 4314 sive
2632 4258 2930 4328 procedens
2952 4266 3052 4322 est,
3084 4256 3380 4310 secundum
3408 4269 3558 4307 suam

1994 4351 2402 4407 substantialern
2428 4350 2838 4420 proprietatem.
2862 4346 2977 4403 Non
3006 4355 3181 4414 potest
3208 4357 3388 4401 autem
3418 4346 3558 4398 idem

329 4447 740 4502 substantialem
794 4449 1203 4518 proprietatem.
1251 4448 1373 4502 Non
1418 4457 1594 4503 autem
1636 4449 1893 4517 possibile
1922 4507 1962 4518 ᾳ
1993 4457 2115 4498 esse
2171 4443 2313 4511 quod
2372 4441 2640 4511 producit,
2671 4448 2725 4495 et
2766 4439 2909 4509 quod
2946 4438 3291 4508 producitur;
3320 4435 3455 4489 nihil
3483 4443 3564 4488 est

331 4547 429 4603 est,
458 4538 601 4591 idem
641 4507 954 4608 essm-quod
980 4538 1248 4609 producit,
1279 4547 1333 4594 et
1374 4539 1516 4610 quod
1549 4507 1889 4611 producitur.
1918 4507 1970 4565 D
1996 4535 2138 4590 enim
2177 4507 2318 4604 quod
2362 4507 2441 4587 sui
2480 4533 2651 4602 ipsius
2683 4507 2852 4587 causa
2878 4507 2996 4585 siti:
3042 4538 3094 4585 et
3121 4528 3282 4585 simul
3311 4529 3563 4580 ἱηιπιοιιί-

335 4638 547 4699 propter
583 4631 914 4685 immobilem
951 4637 1365 4701 proprietatem.

403 4720 697 4787 Praeterea,
727 4722 1022 4777 secundum
1060 4724 1302 4779 eamdem
1329 4726 1619 4788 rationem,
1640 4724 1895 4794 quoniam

340 4811 471 4866 Deus
504 4821 671 4877 totus,
702 4827 767 4866 ex
820 4821 933 4868 toto
970 4813 1021 4868 in
1055 4814 1251 4869 divinis
1284 4816 1532 4885 personis
1557 4832 1585 4869 a
1624 4816 1896 4884 theologis

337 4905 614 4965 asseritur,
668 4902 809 4960 Deus
855 4904 1000 4959 enim
1038 4916 1247 4973 partem
1305 4921 1410 4960 non
1468 4907 1629 4961 habet
1665 4917 1762 4961 :et
1792 4922 1895 4960 non

338 4996 501 5063 magis
534 5010 877 5065 quascunque
908 4996 1210 5050 substantia
1240 4997 1419 5051 minus
1453 5006 1535 5051 est
1568 4996 1708 5049 Dens
1735 5006 1896 5059 totus,

335 5097 492 5153 atque
538 5086 839 5153 perfectus,
874 5102 1032 5156 quam
1082 5097 1191 5143 tota
1226 5088 1389 5142 simul
1419 5098 1604 5142 sancta
1638 5086 1899 5153 Trinitas,

337 5178 630 5231 secundum
685 5177 808 5233 lidei
855 5178 1213 5253 positionem;
1246 5179 1403 5231 aliter
1427 5178 1575 5232 enim
1605 5194 1671 5233 ex
1704 5178 1904 5247 imper-

340 5268 489 5324 fectis
509 5278 656 5324 esset
684 5270 841 5333 Deus,
869 5278 1031 5338 atque
1052 5283 1118 5323 ex
1150 5269 1396 5337 partibus
1423 5278 1733 5326 constaret:
1758 5268 1903 5337 quod

342 5372 514 5415 autem
550 5361 752 5417 dicitur
783 5371 927 5416 totus
959 5376 1024 5415 ex
1056 5370 1190 5427 toto,
1211 5362 1421 5417 acausa
1455 5374 1578 5417 esse
1607 5359 1900 5429 signiﬁcat.

343 5454 678 5522 Quapropter
722 5453 881 5508 Pater
911 5452 1128 5522 quidem
1173 5461 1319 5507 totus
1344 5461 1447 5517 est,
1470 5467 1539 5506 ex
1571 5461 1682 5507 toto
1721 5461 1901 5506 autem

343 5561 445 5598 non
476 5557 578 5609 est,
609 5562 641 5600 a
670 5546 817 5599 nullo
862 5546 1003 5599 enim
1037 5554 1143 5600 est.
1188 5544 1355 5600 Filius
1394 5554 1579 5599 autem
1628 5554 1793 5608 totus,
1836 5559 1903 5599 ex

342 5636 500 5691 Patre
526 5648 640 5693 toto
661 5647 762 5704 est,
790 5646 844 5692 et
869 5634 1105 5705 Spiritus
1123 5646 1284 5701 totus,
1312 5650 1377 5692 ex
1401 5645 1512 5691 toto
1528 5635 1688 5691 Patre
1710 5636 1903 5692 simili-
1938 5704 1952 5719 .

343 5739 447 5787 ter.
468 5732 707 5785 Necesse
727 5740 972 5799 estergo,
997 5730 1041 5784 si
1072 5728 1223 5783 initia
1245 5729 1363 5782 lidci
1394 5743 1615 5782 servare
1632 5729 1902 5791 volumus,

342 5834 488 5879 totus
516 5838 640 5879 cum
670 5825 740 5878 sit
763 5820 927 5879 Filius
957 5820 1098 5877 Deus
1131 5828 1383 5893 totusque
1405 5821 1472 5876 sit
1506 5818 1641 5875 Deus
1674 5819 1906 5889 Spiritus

2001 4623 2105 4677 lem
2149 4622 2530 4691 proprietatem
2579 4622 2782 4675 servari
2816 4633 3038 4674 necesse
3075 4624 3158 4672 est
3199 4624 3419 4685 propter
3461 4616 3564 4668 itit-

2003 4710 2255 4767 mobilem
2298 4711 2622 4766 beatissima:
2653 4709 2939 4765 Trinitatis
2970 4707 3241 4761 ordinem.

2074 4800 2363 4865 Praeterea,
2401 4801 2639 4857 onmium
2671 4801 2945 4855 nominum
2980 4814 3098 4866 qua:
3124 4798 3229 4853 Deo
3280 4799 3564 4867 assignan-

2007 4901 2114 4956 tur,
2159 4907 2220 4946 ca
2257 4890 2470 4960 quidem
2524 4907 2644 4959 quce
2693 4889 3096 4959 quomodolibet
3134 4890 3359 4943 relative
3405 4889 3458 4940 in
3501 4905 3565 4937 eo

2007 4983 2110 5037 dici
2163 4993 2422 5050 possunt,
2474 4995 2737 5050 personas
2792 4981 3047 5048 signant;
3097 4978 3339 5045 quaedam
3404 4991 3565 5040 veru,

2008 5090 2174 5128 unum
2207 5074 2368 5127 Deum
2402 5072 2710 5135 indiscrete,
2724 5066 3126 5124 commendant.
3158 5070 3388 5121 Prorsus
3421 5082 3571 5127 vero,

2008 5168 2097 5223 ubi
2134 5182 2237 5221 non
2272 5164 2492 5220 obsistit
2522 5163 2803 5231 relationis
2844 5160 3112 5231 eppositio
3135 5199 3149 5220 .
3200 5172 3305 5213 non
3347 5159 3572 5211 reddere

2008 5259 2378 5329 qualecunque
2447 5268 2657 5311 nomen;
2704 5254 2761 5307 in
2781 5251 2919 5306 ‘Deo
2995 5251 3219 5314 dicitur,
3280 5263 3567 5317 personam

2010 5352 2306 5409 secundum
2363 5350 2652 5405 essentiam
2720 5346 3040 5400 imminuere
3104 5351 3226 5407 est,
3280 5342 3365 5398 cui
3439 5341 3570 5396 illud

2011 5458 2208 5499 nomen
2234 5441 2513 5511 aptissime
2538 5453 2858 5508 congruum,
2885 5437 3182 5515 secupdum
3234 5436 3311 5489 rei
3360 5434 3571 5504 signiti-

2010 5534 2279 5590 eationem
2305 5548 2412 5587 non
2441 5531 2702 5587 redditur.
2726 5531 2881 5593 Puta,
2908 5527 3070 5581 Pater
3096 5527 3314 5596 quidem
3353 5541 3549 5580 nomen

2010 5638 2065 5686 et
2084 5626 2253 5683 Filius
2278 5636 2334 5681 et
2352 5625 2585 5695 Spiritus
2606 5632 2846 5687 sanctus,
2862 5621 3289 5692 paternitasquc,
3309 5627 3362 5673 et
3383 5619 3577 5673 nativi—

2012 5733 2113 5788 tas,
2149 5732 2201 5775 ct
2256 5718 2554 5790 processio,
2580 5731 2871 5783 causaque,
2895 5724 2947 5769 et
2976 5713 3209 5776 causaie,
3246 5721 3297 5766 ct
3333 5711 3571 5780 gignere.

2014 5826 2065 5872 et
2093 5813 2265 5883 gigni,
2320 5810 2469 5865 relati
2522 5810 2589 5864 ad
2645 5807 2871 5862 invicem
2919 5805 3021 5861 dici
3063 5818 3183 5859 cum
3224 5802 3465 5871 possint,
3520 5800 3571 5849 in
