4046 6204
443 327 545 391 147

1692 328 2079 389 MANUELIS
2115 329 2416 392 CALEC/E

3573 330 3672 395 148

440 446 708 506 Τιιῑςιὶωῑθ
776 460 1035 517 personas
1100 448 1423 513 indicantia,
1490 451 1735 519 personis
1784 448 1998 516 proprie
2028 452 2071 508 Α
2171 451 2758 521 thterum,sicutqute
2782 451 3084 505 communia
3114 460 3237 505 sunt
3272 447 3442 513 Patri,
3471 459 3523 502 ct
3558 448 3635 502 Fit
3662 458 3699 495 η

445 538 761 599 redduntur.
819 537 925 590 Aut
954 536 1099 595 enim
1154 551 1512 607 personarum
1566 539 1897 605 substantia,
1920 546 2013 593 aut

442 630 679 699 ipsarum
746 627 1105 696 significatira
1166 636 1334 684 sunt..
1391 628 1621 699 Sapiens
1702 639 1901 693 autem,
1954 639 2013 684 et

442 721 925 792 benns,etjustus,
982 728 1035 775 et
1067 733 1303 787 creator,
1345 731 1399 777 et
1427 737 1656 792 qumque
1679 721 1804 777 talia
1844 737 2010 776 unum

442 810 646 878 aliquid
682 811 972 870 indiscrete
1020 818 1186 870 Deum
1221 817 1460 885 signant.
1488 813 1562 868 Ex
1588 814 1675 870 his
1713 813 1860 869 enim
1888 814 2011 868 nul-

446 900 550 954 lam
581 903 831 973 cogimur
877 907 1259 962 discretionem
1312 906 1625 978 intelligere
1666 905 1724 960 in
1778 905 1891 961 Deo
1942 904 2013 968 ad

441 990 677 1059 seipsum
710 997 1069 1062 personalem,
1090 998 1190 1053 nisi
1205 998 1499 1054 secundum
1524 996 1771 1068 quaedam
1792 998 2013 1052 nomina

444 1083 509 1135 ad
531 1094 831 1141 creaturam
844 1087 1020 1144 solum
1034 1089 1146 1149 sive
1174 1088 1348 1157 potius
1400 1097 1668 1145 creatura
1696 1088 1765 1145 ad
1820 1088 2011 1154 Deum;

422 1171 613 1241 'justus
679 1176 823 1231 enim
889 1178 957 1231 ad
1009 1188 1313 1236 creaturam
1375 1188 1430 1234 et
1487 1189 1720 1243 creator,
1763 1189 1819 1235 et
1842 1180 2015 1234 omni-

441 1273 634 1330 potens
650 1267 776 1322 dicit
788 1283 871 1323 nr.

371 1339 380 1350 ’
510 1354 958 1412 Substantialium
986 1373 1132 1424 vero,
1163 1358 1697 1428 substantiarumqne
1743 1359 2016 1430 signiﬁca-

444 1444 669 1501 tivorum
698 1449 999 1509 nominum;
1036 1451 1140 1504 alia
1172 1450 1386 1521 quidem
1422 1465 1771 1519 personarum
1814 1451 2003 1523 singu-

440 1533 506 1589 lis
535 1550 697 1592 unum
728 1537 823 1593 uni
854 1539 1073 1608 proprie
1108 1540 1385 1607 redditur;
1458 1555 1686 1611 quaeque
1758 1541 2016 1597 substan-

443 1624 590 1679 tialia
649 1627 890 1705 ipsorum
920 1639 1067 1696 sunt,
1093 1631 1252 1684 sicuti
1304 1633 1623 1701 paternitas,
1656 1640 1711 1687 et
1763 1632 2017 1690 nativitas

436 1724 597 1787 atque
635 1720 933 1787 processio,
968 1719 1127 1775 Pater
1158 1728 1209 1777 et
1237 1720 1275 1774 F
1281 1722 1424 1789 ilius,
1456 1731 1509 1777 et
1530 1723 1844 1791 procedens.
1895 1725 2015 1781 Alia

437 1822 564 1864 vero
594 1808 830 1876 duobus,
863 1822 921 1867 ut
952 1814 1188 1876 causaLe,
1210 1823 1268 1868 et
1298 1815 1460 1878 mitti,
1514 1823 1567 1869 et
1602 1814 1768 1871 Deum
1794 1831 1867 1885 ex
1903 1817 2012 1872 Deo

433 1898 967 1972 esse,Spiritumque
1024 1892 1282 1963 etPatris
1341 1913 1394 1958 et
1425 1904 1543 1959 Filii
1596 1903 1859 1974 Spiritum
1882 1907 2017 1971 diei.

433 1988 645 2047 Mittere
667 2004 882 2062 quoque
906 2003 960 2048 et
988 2008 1265 2054 emanare.
1286 2003 1338 2049 et
1393 1995 1720 2062 profundere
1772 1994 2006 2059 Patrem,

431 2090 485 2135 et
506 2078 700 2139 Filium
743 2082 1024 2155 Spiritum.
1084 2085 1344 2140 Aliavero
1368 2085 1540 2140 tribus
1592 2084 2009 2141 incommutabi-

432 2172 554 2228 liter
568 2174 891 2242 redduntur;
922 2184 976 2231 et
1005 2191 1165 2229 unum
1214 2175 1375 2230 Deum
1394 2175 1507 2231 sine
1536 2168 1643 2229 ulla
1685 2174 2006 2239 differentia,

431 2268 492 2315 ut
530 2261 735 2317 dictum
766 2272 867 2330 est,
901 2266 1133 2335 signant.
1170 2263 1368 2319 Verum
1447 2268 1745 2334 producere
1787 2266 2004 2335 quidem

431 2351 605 2406 sancti
626 2350 857 2421 Spiritus
877 2368 983 2409 non
1014 2365 1095 2411 e5t
1124 2370 1139 2418 ;
1196 2356 1297 2409 hoc
1324 2355 1465 2409 enim
1520 2356 1801 2412 relationis
1861 2367 2006 2413 vetat

431 2443 719 2512 oppositio,
757 2444 1058 2513 quodenim
1116 2445 1369 2514 producit
1392 2446 1480 2509 ,ad
1532 2442 1586 2500 id
1617 2450 1758 2518 quod
1802 2450 2005 2517 produ-

434 2534 599 2603 citur,
624 2537 931 2606 oppositum
984 2548 1099 2604 est;
1133 2537 1276 2607 quod
1309 2550 1486 2592 autem
1512 2538 1852 2609 producitur,
1880 2539 2005 2612 Spi~

433 2626 570 2683 ritus
637 2636 863 2685 san-ctus
917 2637 1049 2688 est:
1107 2626 1426 2697 dictumque
1474 2637 1701 2686 estesse
1749 2631 2001 2700 impossi-

431 2718 559 2782 bile,
585 2720 733 2775 idem
760 2736 879 2775 esse
903 2721 1046 2791 quod
1082 2720 1355 2791 producit,
1406 2729 1460 2776 et
1483 2720 1622 2791 quod
1647 2722 2003 2793 producitur;

432 2810 563 2865 nihil
601 2812 746 2866 enim
798 2821 881 2866 est
913 2815 1054 2883 quod
1108 2814 1279 2882 ipsum
1319 2816 1406 2871 sui
1435 2829 1596 2871 causa
1631 2814 1727 2881 sit;
1781 2826 1834 2871 et
1861 2816 2003 2871 nulla

430 2913 659 2969 persona
721 2903 953 2971 seipsam
1001 2906 1269 2974 producit,
1304 2908 1445 2963 sicut
1490 2907 1630 2962 etin
1694 2904 2003 2962 hominibus

429 2993 657 3061 exempli
709 3008 890 3061 causa,
925 2996 1035 3050 fieri
1052 2999 1349 3063 cernimus,
1373 3013 1607 3068 namque
1662 3007 1717 3054 et
1745 2999 1884 3068 apud
1910 3014 2004 3054 nos

429 3083 725 3152 cujuspiam
779 3086 938 3152 (ilius,
974 3103 1077 3141 non
1137 3098 1219 3145 est
1291 3090 1404 3159 ipse
1483 3092 1683 3160 seipso,
1717 3104 1890 3161 neque
1922 3089 2001 3145 Sui
2035 3131 2075 3183 ε

429 3174 600 3245 ipsius
622 3177 840 3242 dicitur,
863 3178 955 3232 sed
984 3180 1187 3248 patris:
1212 3190 1265 3236 et
1293 3197 1465 3250 neque
1485 3182 1625 3237 ﬁlius
1654 3193 1812 3251 pater
1826 3182 2004 3253 patris

429 3266 516 3323 sui
540 3276 644 3337 est,
675 3281 1015 3338 nequcpater
1052 3271 1197 3328 ﬁlius
1257 3272 1473 3337 filiisui,
1529 3285 1747 3344 propter
1790 3275 2006 3346 opposi-

430 3358 591 3415 tionis
617 3360 898 3427 rationem,
918 3364 1214 3418 secundum
1263 3379 1500 3430 causam,
1535 3376 1587 3420 et
1612 3364 1847 3430 causale,
1887 3382 2006 3435 quae

430 3463 537 3505 non
562 3452 851 3506 convertit.

498 3540 563 3596 Et
588 3550 734 3597 certe
750 3542 1008 3612 possibile
1025 3552 1108 3601 est
1134 3543 1380 3598 eumdem
1405 3551 1457 3598 et
1506 3552 1715 3611 patrem
1775 3558 1918 3609 esse,
1943 3555 1998 3597 et

425 3629 720 3698 tilium,sed
756 3647 857 3686 non
892 3634 1190 3688 secundum
1218 3634 1378 3696 idem,
1422 3633 1536 3687 sive
1590 3633 1657 3687 ad
1724 3633 1862 3687 idem
1899 3634 1998 3685 .Ad

426 3722 570 3778 aliud
605 3738 756 3789 vero,
799 3727 1142 3796 atquealiud,
1171 3733 1421 3794 utraque.
1473 3706 1579 3778 Sed
1628 3722 1733 3777 hoc
1790 3724 1842 3778 in
1895 3723 2003 3777 Deo

424 3811 599 3867 locum
631 3830 737 3868 non
771 3814 1107 3869 habet.Tres
1142 3814 1285 3869 enim
1335 3826 1595 3882 personas
1652 3812 1796 3868 solas
1829 3811 1997 3868 Deum

421 3919 562 3971 esse,
600 3904 731 3959 fides
767 3905 930 3959 tradit
957 3924 969 3958 :
1000 3906 1201 3974 quibus
1234 3908 1596 3974 pmprictates
1659 3919 1773 3960 suae
1802 3906 1999 3958 immo-

422 3997 596 4061 biles,
630 4005 832 4051 etratze
875 4006 1112 4051 manent.
1157 3996 1273 4052 Non
1299 4014 1429 4069 ergo
1495 4001 1818 4070 producere,
1880 4014 2002 4069 pro-

423 4087 568 4140 ducti
602 4085 834 4154 Spiritus
886 4097 989 4151 est,
1019 4088 1112 4141 sed
1173 4087 1333 4144 Pater
1382 4092 1680 4158 producere
1736 4089 1997 4161 Spiritum

421 4179 699 4233 ass-ritur.
726 4178 1036 4234 Secundum
1067 4182 1169 4236 hoc
1194 4183 1338 4238 enim
1387 4198 1419 4238 a
1455 4183 1683 4252 Spiritu.
1733 4195 1792 4239 ut
1826 4200 1993 4239 causa

423 4287 450 4322 ει
485 4272 688 4343 causali
723 4271 1073 4327 discernitur.

491 4363 759 4429 Qmeritur
788 4376 1013 4428 autemt.
1044 4382 1111 4421 an
1162 4379 1215 4422 ct
1239 4368 1373 4423 Filio
1402 4370 1695 4437 producere
1718 4384 2000 4424 commune

2118 552 2267 612 puta,
2334 544 2514 607 bonus,
2545 543 2773 610 rapiens,
2826 554 3048 607 creator,
3082 552 3190 597 etc.
3221 557 3344 598 cum
3414 556 3517 596 non
3545 558 3696 611 aqua

2117 637 2220 691 iter
2244 646 2301 691 et
2331 635 2744 691 immutabiliter
2769 634 2904 689 Filio
2938 634 3234 698 reddimus,
3270 634 3536 688 minorem
3568 633 3672 686 Pa-

2131 728 2232 783 tris
2254 726 2493 783 essentia
2519 724 2643 780 Filii
2675 725 2962 780 essentiam
3029 724 3259 779 l'acimus
3320 744 3335 779 :
3363 724 3435 778 ita
3493 726 3694 795 quippe

2123 833 2235 878 nou
2272 817 2382 874 erit
2410 818 2649 886 sapiens,
2681 828 2739 871 et
2770 824 2987 871 creator
3018 830 3162 871 unus
3191 815 3372 879 Pater,
3403 824 3458 871 et
3503 815 3671 870 Filios

2117 911 2320 966 Eodem
2357 912 2537 975 modo,
2570 909 2662 982 qui
2697 909 2999 977 producere
3032 902 3170 964 Filio
3205 907 3507 982 abstulerit,
3545 910 3693 964 nulla

2115 1002 2472 1073 appositionis
2510 1001 2833 1057 necessitate
2862 1001 2967 1057 hoc
3029 1000 3132 1072 ipsi
3190 999 3416 1057 reddere
3454 1001 3690 1066 valente,

2115 1092 2236 1148 Filii
2264 1092 2499 1151 essentia
2534 1090 2710 1147 Patris
2723 1093 3012 1147 essentiam
3030 1092 3289 1149 minorem
3322 1101 3544 1163 cogetur
3561 1107 3697 1147 con-

2119 1185 2289 1239 literi.

2190 1276 2382 1342 Porro,
2410 1278 2455 1331 si
2478 1276 2599 1346 quis
2616 1274 2930 1345 Dionysium
2964 1272 3227 1342 allegans,
3267 1272 3339 1326 ita
3373 1271 3687 1342 illumloqui

2118 1377 2344 1433 asserat,
2375 1369 2706 1431 communia,
2740 1378 2793 1422 et
2822 1368 2973 1421 unita
3019 1365 3168 1423 Patri
3225 1376 3278 1425 et
3309 1364 3469 1435 Filio,
3505 1372 3693 1419 sancto

2114 1460 2278 1514 etiam
2339 1458 2565 1528 Spiritui
2600 1462 2933 1528 communia,
2978 1462 3159 1517 divina
3192 1461 3331 1516 ratio
3386 1458 3628 1523 assignat
3665 1471 3681 1509 :

2117 1549 2218 1605 hoc
2243 1551 2393 1604 illum
2424 1552 2489 1605 de
2516 1551 2599 1606 his
2624 1566 2751 1621 qua:
2774 1554 2947 1610 tribus
2998 1551 3368 1609 iuditl‘erenter
3440 1549 3682 1604 reddun-

2119 1651 2226 1705 tur,
2257 1642 2459 1697 dixisse
2486 1644 2718 1710 noverit,
2756 1659 2817 1700 ac
2841 1645 2908 1701 de
2934 1645 3017 1701 his
3044 1659 3161 1715 qua:
3212 1644 3467 1699 dicuntur
3517 1648 3683 1693 natu-

2117 1732 2358 1801 ralia.,in
2389 1734 2583 1802 quibus
2612 1748 2783 1805 neque
2826 1736 3087 1793 discretio
3115 1736 3243 1801 ulla,
3277 1749 3450 1805 neque
3486 1733 3680 1788 relatio

2122 1822 2422 1889 inspicitur.
2460 1822 2663 1882 Idcirco
2686 1827 2848 1881 etiam
2879 1826 3178 1882 communia
3245 1834 3293 1879 et
3325 1824 3472 1878 unita
3505 1823 3673 1885 dixit;

2122 1904 2423 1983 producere
2442 1924 2634 1979 autem
2664 1918 2730 1983 ad
2764 1917 2813 1973 id
2866 1917 3009 1991 quod
3048 1911 3401 1984 producitur,
3460 1913 3683 1967 relative

2117 1999 2422 2067 opponitur.
2457 2000 2641 2067 Etest,
2679 2004 2821 2073 quod
2894 2004 3230 2071 producitur,
3263 2000 3494 2071 Spiritus
3527 2016 3686 2055 sanc-

2118 2095 2223 2140 tus.
2246 2086 2509 2144 Possibile
2543 2104 2670 2145 vero
2696 2104 2802 2145 non
2837 2091 3087 2157 cst,idem
3135 2084 3438 2160 esse,quod
3473 2090 3678 2155 produ-

2116 2179 2208 2233 cit.
2240 2178 2424 2250 Neqne
2454 2181 2688 2253 seipsum
2734 2183 2980 2251 producit
3042 2180 3296 2252 Spiritus;
3354 2178 3487 2235 nihil
3540 2181 3682 2235 enim

2117 2270 2198 2323 sui
2226 2273 2395 2338 ipsius
2426 2286 2589 2326 causa
2626 2287 2747 2328 esse
2766 2283 2940 2343 potest
2976 2291 2991 2330 :
3028 2288 3202 2344 neque
3230 2273 3483 2339 alterum,
3514 2286 3681 2342 prop-

2116 2368 2196 2414 ter
2228 2362 2477 2417 traditam
2509 2364 2664 2420 nobis
2679 2365 3021 2421 Trinitatem.

2181 2450 2495 2523 Commune,
2521 2455 2683 2525 igitur
2719 2466 2800 2513 est
2829 2456 2996 2524 Patri,
3029 2468 3082 2513 et
3109 2458 3246 2515 Filio
3288 2458 3604 2529 producere;
3630 2466 3686 2511 ει

2113 2550 2194 2595 est
2241 2534 2420 2613 Pater,
2466 2556 2520 2603 et
2546 2544 2713 2606 Filius
2754 2565 2891 2605 unus
2917 2552 3088 2606 sancti
3123 2551 3351 2622 Spiritus
3370 2552 3680 2621 productor.

2113 2634 2252 2685 sicut
2287 2642 2510 2701 et;uuus
2534 2646 2695 2705 totus,
2714 2649 2767 2695 et
2802 2656 2940 2701 unus
2966 2642 3429 2706 mittcns,scrvata
3478 2638 3683 2697 scilicet

2113 2726 2482 2794 generationis
2524 2729 2925 2800 nativitatisque
2975 2730 3315 2785 discretione.
3381 2726 3555 2799 Atque
3610 2730 3683 2782 ita

2118 2820 2284 2879 Filius
2320 2831 2577 2881 a.sancto
2614 2819 2817 2892 Spiritu
2881 2838 3090 2888 causa},
3121 2822 3466 2890 causalisque
3520 2821 3683 2875 ratio-

2114 2930 2180 2968 ne
2240 2914 2809 2983 discernitur;quia,
2875 2925 2928 2969 et
2996 2929 3096 2983 per
3122 2910 3323 2969 Filium
3388 2912 3682 2981 procedere

2110 3004 2310 3058 dicitur
2345 3024 2361 3069 ;
2402 3003 2669 3073 Patcrque
2729 3004 3017 3072 productor
3070 3017 3165 3071 per
3256 2999 3505 3056 Verbum
3551 3015 3682 3055 esse

2111 3105 2163 3147 et
2182 3110 2249 3149 ex
2281 3092 2420 3148 Filio
2444 3110 2561 3149 esse
2588 3095 2808 3159 habere,
2861 3109 2982 3148 cum
3013 3093 3081 3147 ab
3111 3093 3226 3162 ipso
3249 3090 3481 3161 accipiat
3498 3088 3681 3160 Spiri-

2114 3195 2221 3251 tus,
2240 3201 2267 3239 a
2285 3184 2576 3255 Theologis
2595 3186 2876 3240 asseritur.

2185 3277 2256 3329 Ex
2290 3276 2481 3343 quibus
2520 3276 2724 3331 ctillud
2774 3286 3011 3342 constat,
3060 3275 3359 3344 producere
3393 3274 3535 3343 quod
3586 3272 3670 3326 di-

2110 3364 2273 3429 t‘ilttr,
2303 3365 2477 3419 Patris
2513 3365 2868 3421 substantiale
2895 3380 2998 3419 non
3027 3380 3182 3432 esse;
3243 3366 3345 3420 hoc
3399 3372 3576 3417 autem
3618 3372 3674 3416 et

2092 3471 2269 3524 supra
2301 3465 2658 3510 monstratum
2689 3464 2794 3510 est.
2820 3456 3271 3525 Attcstanturque
3302 3456 3385 3509 his
3414 3470 3445 3508 a
3473 3454 3678 3509 sanctis

2111 3546 2357 3601 Patribos
2388 3546 2544 3601 dictae
2603 3548 2905 3612 sententiae,
2950 3548 3148 3617 quibus
3183 3556 3433 3602 asserunt
3479 3544 3675 3599 Filium

2107 3639 2344 3693 omnium
2371 3647 2718 3708 paternorum
2740 3640 3003 3695 bonorum
3036 3639 3305 3694 haeredem
3341 3653 3484 3703 esse,
3515 3649 3675 3706 atque

2106 3732 2286 3787 omnia
2312 3733 2496 3787 Patris
2535 3732 2734 3788 habere
2793 3732 2953 3801 bona,
2993 3734 3226 3803 propria,
3278 3741 3437 3801 atque
3488 3733 3676 3799 przeci-

2106 3838 2229 3888 pua,
2264 3822 2551 3890 omniaque
2606 3820 2983 3893 habere,'qu:e
3022 3823 3201 3878 Patris
3235 3831 3409 3887 sunt,
3458 3822 3560 3877 nisi
3617 3822 3665 3872 id

2105 3915 2300 3979 solum,
2336 3913 2478 3983 quod
2511 3913 2669 3969 Pater
2703 3930 2808 3974 non
2857 3925 2981 3981 eSt;
3054 3914 3497 3985 generatorisque
3553 3910 3676 3978 Spi-

2107 4007 2269 4063 ritum
2297 4009 2499 4064 habere
2551 4006 2744 4063 Filium
2795 4009 3025 4077 preprire
3067 4014 3271 4059 natura:
3324 4006 3544 4068 bonum,
3594 4006 3676 4055 vi-

2107 4113 2364 4166 veusque,
2401 4108 2452 4152 et
2482 4096 2909 4152 subslantialiter
2936 4097 3153 4150 insitum
3184 4114 3198 4159 ;
3242 4094 3379 4148 sicut
3408 4103 3462 4148 et
3492 4092 3673 4148 Pater.

2109 4190 2264 4243 Libet
2288 4202 2464 4244 tamen
2498 4199 2551 4242 et
2580 4189 2681 4241 ista
2714 4189 2928 4243 addere.

2178 4282 2414 4333 Sanctus
2456 4280 2619 4350 igitur
2648 4276 2880 4349 Cyrillus
2933 4279 2984 4332 in
3029 4265 3321 4332 Thesauri;
3346 4279 3455 4332 ait:
3522 4276 3674 4333 Sicut

2108 4375 2267 4427 arbor
2296 4372 2572 4440 prodeunti
2599 4387 2662 4425 cx
2683 4387 2734 4424 se
2765 4370 2985 4439 fructui,
3015 4369 3326 4439 qualitatem
3378 4385 3527 4421 suam
3576 4386 3673 4421 na-

418 4467 538 4508 cum
567 4454 729 4510 Patre
757 4456 850 4510 sit.
875 4455 937 4511 Ει
966 4458 1217 4527 quoniam
1247 4458 1425 4513 Patris
1445 4461 1511 4513 ad
1556 4457 1747 4513 Filium
1812 4475 2007 4513 secuu-
2035 4467 2083 4525 ι)
2112 4468 2331 4521 (malem
2360 4465 2494 4536 ferre
2532 4466 2664 4528 dat;
2692 4464 2765 4517 ita
2803 4472 2849 4517 et
2882 4460 3076 4525 Filius,
3113 4479 3145 4516 a
3203 4462 3365 4516 Patre
3415 4463 3677 4528 accepisse

415 4545 540 4600 dum
567 4549 939 4616 paternitatem
958 4557 1012 4602 et
1032 4550 1388 4612 nativitatem.
1418 4567 1621 4615 causae,
1659 4551 2006 4620 causalisque

415 4637 679 4705 oppositio
724 4654 830 4693 non
886 4641 1134 4710 prohibet
1163 4642 1282 4707 hoc,
1322 4658 1495 4711 neque
1554 4643 1659 4696 ulla
1705 4643 1830 4698 hinc
1874 4656 2007 4697 con‘

415 4728 555 4785 fusio
583 4731 828 4799 sequitur
853 4749 868 4797 ;
891 4734 1039 4788 nasci
1080 4736 1221 4787 enim
1254 4734 1319 4786 ad
1348 4733 1566 4802 gignere
1590 4734 1732 4802 quod
1782 4732 2001 4791 dicitur.

416 4836 521 4876 non
558 4823 623 4876 ad
656 4822 958 4891 producere
983 4824 1211 4880 relative
1238 4825 1549 4893 opponitur,
1592 4833 1647 4877 et
1712 4822 1880 4878 Filius
1932 4823 1998 4877 ad

412 4909 650 4976 Patrem,
706 4912 801 4965 sed
870 4928 975 4966 non
1042 4915 1108 4967 ad
1165 4916 1566 4981 productorem,
1627 4915 1679 4969 in
1741 4925 1997 4983 quantum

412 5002 598 5068 Filius,
626 5003 879 5072 refertur;
904 5006 1125 5071 idcirco,
1154 5007 1286 5061 nihil
1332 5010 1500 5075 cogit,
1540 5009 1839 5074 producere
1855 5010 1998 5079 quod

407 5097 631 5159 dicitur,
657 5113 684 5147 a
717 5094 856 5149 Filio
882 5097 1119 5159 auferre,
1182 5100 1326 5152 sicut
1385 5101 1627 5168 cogimur
1654 5116 1682 5154 a
1745 5100 1881 5155 Filio
1911 5100 1993 5169 gi-

405 5203 572 5252 gnere
606 5189 827 5241 omnino
882 5188 1249 5256 tollere;n’on
1310 5190 1361 5243 id
1399 5191 1741 5257 permittente
1806 5191 1978 5261 ipsius

404 5277 471 5331 ad
505 5277 713 5332 Patrem
737 5279 1096 5347 oppositione,
1132 5282 1474 5349 paternitatis
1527 5283 1755 5348 scilicet,
1785 5291 1838 5337 et
1858 5284 1997 5339 nati-

409 5369 638 5435 vitatis;
672 5372 846 5431 ne,vcl
877 5366 1245 5443 una'persona
1276 5374 1535 5437 Patenac
1579 5374 1746 5431 Filius
1777 5376 1851 5431 sit
1908 5372 1990 5431 vel
2028 5386 2041 5423 i~

408 5460 552 5517 idem
582 5462 764 5527 simul,
830 5463 992 5519 Pater
1014 5476 1069 5520 et
1111 5465 1299 5529 Filius,
1349 5478 1401 5522 et
1454 5477 1699 5523 neutrum
1755 5470 1989 5538 preprie.

405 5553 675 5620 Quoniam
706 5556 895 5625 itaque
920 5558 1203 5613 reiatioois
1222 5557 1343 5612 Filii
1374 5560 1437 5612 ad
1488 5558 1700 5613 Patrem
1725 5559 1990 5628 oppositio

405 5658 513 5697 non
544 5645 734 5715 cogita
765 5645 919 5710 Filio,
952 5649 1251 5714 producere
1282 5650 1423 5717 quod
1462 5650 1679 5715 dicitur,
1739 5650 1983 5712 auferre,
2014 5672 2023 5679 -

402 5751 690 5794 commune
718 5740 929 5808 penitus
961 5751 1043 5794 est
1072 5741 1237 5805 Patri,
1272 5757 1333 5795 ac
1399 5742 1553 5806 l’itio,
1585 5742 1900 5811 producere.

2116 4559 2442 4628 intelligitur,
2481 4570 2596 4626 qua:
2629 4555 2729 4608 sibi
2764 4563 2885 4609 sunt
2922 4556 3117 4618 omnia,
3163 4571 3283 4608 cum
3317 4555 3382 4608 sit
3419 4555 3526 4623 ipse
3558 4571 3673 4607 om-

2113 4654 2200 4706 nia
2234 4666 2352 4721 qua:
2377 4649 2542 4703 Pater
2569 4657 2642 4702 est
2676 4658 2863 4717 pra’ter
2889 4646 3054 4701 solum
3074 4646 3286 4700 Patrem
3323 4663 3452 4700 esse.

2184 4742 2249 4796 Et
2286 4758 2474 4796 rursus
2513 4742 2566 4795 in
2599 4739 2805 4796 eisdem
2860 4754 2873 4792 :
2920 4738 3042 4793 Non
3073 4749 3128 4792 ut
3172 4741 3410 4809 indigens
3441 4757 3471 4791 a
3510 4739 3674 4792 Patre

2110 4836 2368 4900 accepisse
2418 4830 2594 4885 Filius
2631 4831 2868 4894 dicitur;
2903 4830 3058 4883 habet
3106 4831 3292 4898 quippe
3324 4830 3669 4899 naturaliter,

2104 4924 2524 4993 propriunt‘cum
2559 4923 2628 4975 sit
2663 4922 2825 4989 ipsius
2860 4919 3085 4974 Verbum
3128 4930 3175 4972 et
3210 4920 3473 4984 splendor,
3494 4921 3673 4972 omnia

2102 5029 2216 5083 qua:
2250 5012 2362 5081 ejus
2397 5019 2540 5078 sunt,
2574 5018 2763 5076 pra’ter
2814 5009 2985 5063 solum
3032 5026 3141 5063 esse
3191 5020 3236 5062 ct
3277 5010 3382 5062 dici
3432 5006 3667 5061 Patrem.

2106 5106 2240 5158 Dicit
2268 5115 2441 5157 autent
2487 5118 2539 5156 se
2576 5119 2609 5154 a
2653 5100 2817 5156 Patre
2856 5102 3133 5168 accepisse,
3170 5101 3530 5154 Itwrcticorum
3557 5100 3672 5165 opi-

2102 5199 2304 5259 niones,
2354 5208 2407 5249 ut
2449 5195 2586 5250 Deus
2632 5197 2971 5264 pra'veniens.
3018 5211 3077 5247 ac
3116 5192 3394 5263 jugulans.
3438 5191 3519 5244 Ne
3549 5186 3667 5258 quis

2098 5291 2234 5342 enim
2272 5287 2468 5341 Filium
2519 5288 2798 5352 inspiciens
2836 5284 3014 5340 Patris
3051 5286 3226 5337 ontnia
3258 5282 3553 5340 habentem.
3600 5298 3667 5334 ea:

2100 5376 2263 5427 multa
2292 5375 2437 5427 ualde
2467 5376 2830 5438 similitudine,
2872 5385 2921 5428 et
2983 5372 3353 5425 indcntutabili
3392 5373 3668 5424 identitate

2095 5475 2302 5533 putaret
2341 5466 2576 5519 eumdem
2607 5483 2717 5519 esse
2744 5466 2955 5518 Patrem
2980 5476 3027 5517 et
3058 5463 3275 5526 Filium,
3299 5464 3414 5515 etin
3444 5461 3665 5516 Sabellii

2094 5552 2320 5613 errarent
2354 5560 2649 5624 laberetur;
2702 5559 2996 5612 necessario
3026 5575 3076 5610 se
3128 5574 3157 5608 a
3190 5556 3349 5609 Patre
3402 5555 3662 5622 accepisse

2094 5653 2190 5715 ait,
2257 5661 2311 5703 ut
2376 5668 2544 5705 sermo
2612 5651 2863 5719 inferens,
2930 5664 3089 5701 unum
3154 5650 3358 5715 quidem
3427 5650 3658 5703 dantem,

2094 5744 2371 5796 secundum
2420 5760 2537 5797 vero
2588 5744 2940 5804 accipientem,
2974 5739 3284 5793 dualitatcm
3336 5740 3388 5792 in
3429 5738 3659 5801 propriis
