4046 6204
382 346 476 414 151
1630 360 2024 421 MANUELIS
2052 365 2355 428 CALECIE

3506 358 3607 427 152

449 466 712 533 Quoniam
750 468 915 540 igitur
962 474 1254 527 secundum
1292 475 1681 532 substantiales
1721 492 1941 547 proces-
1971 484 2014 540 Α
2046 492 2248 538 nuntur
2276 500 2475 551 causa,
2514 500 2577 539 ea
2626 499 2745 541 esse
2780 485 2996 554 quidem
3028 493 3081 540 et
3125 470 3177 539 in
3215 496 3398 547 causa,
3430 481 3605 551 ipsam

378 573 474 613 sus
503 574 858 627 personarum
892 565 1209 619 substantia
1247 565 1639 634 significantur,
1669 570 1942 637 simulque

376 666 498 703 cunt
550 653 740 707 ordine
795 669 956 707 causa
1009 663 1064 709 et
1100 658 1330 710 'causale
1383 656 1634 723 infertur,
1682 668 1738 714 et
1768 659 1941 717 Filius

377 740 591 810 quidem
647 746 946 801 secundum
1002 760 1321 815 processum
1370 764 1550 814 suum,
1607 751 1725 805 sine
1765 752 1941 807 medio

378 848 441 897 es
481 832 638 887 Patre
659 835 932 904 gignitur;
972 836 1205 907 Spiritus
1235 850 1416 893 autem
1442 842 1594 909 juxta
1628 856 1940 910 processum

376 939 532 979 suum
573 939 638 981 ex
700 927 858 983 Patre
909 930 1156 999 procedit
1209 948 1223 985 :
1274 931 1415 997 ideo,
1465 932 1554 987 ille
1590 933 1809 1002 quidem
1847 948 1943 1009 per

377 1018 716 1073 nativitatem
777 1034 919 1087 esse,
972 1022 1063 1083 hic
1117 1030 1303 1088 autem
1370 1036 1468 1091 per
1532 1026 1939 1094 processionem

376 1109 576 1163 habere
627 1124 750 1171 esse
796 1122 1163 1177 asseveratur,
1200 1115 1395 1170 merito
1422 1115 1611 1171 ambos
1658 1130 1726 1171 ex
1780 1117 1941 1173 Patre

375 1199 595 1266 quidem
661 1200 815 1255 aiunt
874 1216 1015 1269 esse,
1073 1218 1261 1259 verum
1340 1205 1659 1264 substantia
1721 1207 1942 1263 diﬂ‘erre

376 1291 557 1367 modo.

418 1428 617 1484 Porro
675 1443 800 1484 cum
859 1428 1284 1489 substantlarum
1344 1434 1519 1490 modis
1568 1436 1828 1493 discretio
1888 1447 1943 1495 et

376 1535 564 1587 causa,
591 1530 755 1591 atque
784 1522 1005 1578 causale
1033 1522 1195 1578 simul
1248 1523 1497 1590 infertur,
1533 1526 1584 1581 id
1615 1528 1813 1598 quippe
1858 1536 1944 1585 est

300 1690 309 1696 .
377 1613 585 1675 dicere,
627 1613 772 1667 aliud
816 1614 1035 1682 quidem
1083 1630 1208 1671 esse
1260 1616 1604 1674 continenter
1642 1634 1708 1674 ex
1743 1620 1940 1690 primo,

377 1704 523 1759 aliml
562 1719 687 1763 vero
726 1720 828 1774 per
875 1706 927 1759 id
970 1707 1116 1775 quod
1147 1706 1220 1763 sit
1261 1709 1607 1764 continenter
1632 1725 1699 1765 ex
1746 1712 1939 1779 primo.

380 1796 486 1851 Sed
532 1806 585 1850 et
632 1797 837 1864 dicere,
870 1799 1149 1869 proprium
1183 1800 1404 1870 quidem
1436 1800 1560 1857 Filii
1606 1785 1941 1859 nativitatem
1969 1824 2018 1885 Β

377 1903 523 1954 esse,
561 1889 797 1953 Spiritus
830 1899 1007 1945 autem
1033 1892 1463 1961 processionem,
1494 1895 1628 1949 nihil
1656 1896 1800 1957 aliud
1837 1897 1941 1953 sibi
1984 1904 1987 1905 '

375 1980 511 2046 vult,
542 1981 643 2036 uisi
678 1982 820 2049 quod
848 1980 1017 2037 Filius
1050 1984 1266 2052 quidem
1300 2000 1363 2038 ex
1400 1985 1560 2047 Patre
1589 1988 1710 2043 sine
1744 1991 1941 2054 medio,

378 2072 618 2140 Spiritus
671 2080 854 2126 autem
913 2088 1009 2142 per
1070 2072 1266 2130 Filium
1320 2074 1622 2143 procedit:
1685 2077 1945 2147 illumque

377 2165 671 2233 procedere
730 2166 906 2231 fateri,
956 2181 1061 2220 non
1112 2175 1294 2221 autem
1352 2166 1527 2222 instar
1562 2166 1705 2222 Filii.
1758 2168 1944 2238 Neque

377 2259 524 2312 enim
562 2258 862 2313 nativitatis
915 2260 1144 2319 ratione,
1199 2257 1293 2313 sed
1344 2260 1712 2327 processionis
1748 2261 1945 2316 discer-

379 2351 560 2404 nentis
589 2359 674 2404 est
716 2349 1050 2415 immediate,
1087 2350 1229 2419 quod
1260 2349 1460 2405 dicitur
1492 2361 1548 2406 et
1571 2351 1822 2414 mediante.
1850 2353 1943 2407 sed

376 2451 433 2498 et
489 2440 630 2510 quod
680 2439 758 2495 ait
811 2439 951 2493 idem
1008 2438 1314 2509 theologus,
1369 2440 1554 2494 omnia
1608 2453 1726 2508 qua
1783 2439 1945 2495 habet

377 2534 573 2598 Filius,
618 2532 852 2603 Spiritus
904 2541 1051 2595 sunt,
1100 2540 1298 2601 prater
1344 2530 1669 2597 nativitatis,
1715 2531 1945 2601 Filiique

378 2627 641 2680 rationem
670 2662 688 2689 ,
720 2624 863 2679 idem
895 2623 1096 2693 signat,
1126 2622 1283 2692 quasi
1323 2622 1527 2677 diceret
1555 2630 1751 2690 prater
1775 2636 1942 2690 quam

377 2732 498 2773 esse
542 2717 661 2771 sine
694 2714 896 2771 medio.
941 2715 1065 2783 Ipse
1097 2714 1243 2770 enim
1286 2727 1384 2784 per
1427 2712 1627 2770 Filium
1678 2714 1940 2784 procedit.

378 2807 547 2863 Filius
586 2816 766 2863 autem
800 2822 895 2875 per
929 2807 1142 2862 Patrem
1184 2806 1450 2873 nascitur,
1486 2812 1541 2861 et
1579 2815 1942 2876 praeterquam

377 2902 519 2957 alius
560 2901 774 2970 quidem
808 2898 976 2955 Filius
1007 2907 1112 2963 est,
1156 2896 1295 2955 alius
1325 2906 1506 2952 autem
1537 2896 1780 2966 Spiritus
1817 2912 1973 2952 sane.

378 3004 518 3048 ctus.
558 2990 677 3061 ipse
702 2993 845 3047 enim
873 2999 957 3045 est
981 2990 1071 3060 qui
1105 2991 1180 3043 ait
1205 2987 1576 3045 emanationis
1618 2988 1942 3059 habitusque

376 3090 441 3146 ad
477 3087 709 3143 invicem
742 3085 1126 3148 differentiam,
1154 3083 1487 3139 difi‘ereutem
1522 3098 1734 3153 quoque
1766 3083 1940 3152 appel-

376 3182 631 3237 lationem
686 3179 790 3233 illis
839 3177 1062 3240 fecisse;
1101 3186 1494 3246 proptereaque
1546 3174 1686 3230 idem
1726 3184 1831 3241 est,
1875 3190 1939 3229 ac

375 3273 421 3330 si
475 3271 704 3329 dixisset
757 3278 1119 3340 praterquam
1171 3266 1308 3323 alius
1357 3264 1576 3337 quidem
1624 3279 1784 3321 causa
1836 3272 1940 3331 est,

376 3364 516 3418 alius
547 3362 805 3430 causale;
836 3362 879 3416 si
907 3372 1081 3416 autem
1110 3360 1382 3432 Nysseuns
1407 3373 1621 3430 quoque
1652 3357 1940 3423 discrevit,

375 3457 504 3511 dum
539 3436 684 3509 aliud
718 3455 854 3510 dixit
888 3474 901 3508 :
953 3454 1337 3519 Continenter,
1367 3452 1540 3515 aliud,
1594 3468 1686 3522 per
1716 3452 1769 3506 id
1802 3452 1941 3522 quod

376 3548 743 3611 continenter;
782 3556 837 3601 et
868 3546 913 3601 si
948 3546 1070 3614 quis
1116 3554 1295 3599 autem
1335 3544 1741 3614 processionem
1773 3542 1938 3597 alium

376 3638 697 3695 substantia
731 3640 950 3693 modum
995 3652 1118 3693 esse
1164 3636 1326 3705 dixit,
1370 3647 1567 3707 prater
1597 3637 1937 3691 nativitatem

375 3730 682 3785 immediate
710 3742 773 3783 ex
807 3729 1005 3798 primo,
1029 3738 1082 3782 et
1112 3741 1207 3796 per
1236 3727 1471 3783 medium
1499 3742 1564 3782 ex
1594 3728 1770 3798 primo
1804 3727 1938 3782 insi-

375 3837 546 3886 nuare
573 3822 709 3878 vult.
942 3848 971 3889 χ

446 3954 525 4008 Ad
577 3968 696 4008 eam
752 3956 883 4008 vero
934 3953 1147 4008 confert
1200 3952 1638 4023 intelligentiam,
1688 3963 1742 4009 et
1795 3954 1936 4022 quod

374 4044 573 4100 dicitur
600 4042 845 4098 sufficere
885 4041 950 4097 ad
993 4043 1391 4111 discretionem,
1426 4046 1665 4114 genitum
1698 4060 1761 4099 ac
1812 4060 1939 4114 pro-

375 4135 576 4188 cedens
626 4134 841 4199 dicere;
891 4133 1234 4202 procedentis
1279 4136 1422 4190 enim
1474 4136 1613 4189 ratio
1651 4146 1767 4199 est,
1819 4150 1940 4190 esse

373 4240 471 4295 per
510 4226 770 4294 genitum.
820 4225 1005 4298 Itaque
1054 4241 1239 4280 verum
1289 4228 1341 4281 id
1375 4227 1593 4295 quidem
1645 4238 1746 4292 est,
1796 4228 1938 4295 quod

375 4310 661 4385 processus
698 4306 925 4388 divinas
954 4317 1268 4372 discernunt
1298 4333 1578 4387 personas,
1609 4332 1799 4373 verum
1830 4332 1935 4372 non

374 4407 492 4465 sine
543 4408 735 4463 ordine
784 4415 834 4483 et
882 4407 1001 4461 sine
1054 4406 1336 4461 intellectu
1371 4407 1435 4461 ad
1487 4407 1738 4474 invicem,
1774 4418 1937 4477 atque

1980 3052 1989 3055 ι
2047 3046 2197 3092 terna
2246 3036 2549 3108 preprietas
2597 3056 2611 3092 :

1965 3153 2008 3209 ο
2045 3131 2186 3197 quod
2216 3130 2551 3184 substantias
2599 3128 2895 3185 secundum
2935 3144 3070 3194 rem,
3101 3128 3216 3197 jam
3252 3142 3413 3196 supra
3455 3142 3611 3181 mon-

2046 590 2171 629 vero
2201 577 2512 631 nullatenus
2542 577 2869 632 discernere.

2114 665 2302 735 Itaque
2324 667 2604 736 aequaliter
2627 680 2680 721 et
2714 668 2768 721 in
2796 668 3121 736 producente
3147 667 3276 722 etin
3302 670 3603 736 productis.

2044 758 2126 813 vel
2165 759 2502 825 discernent,
2528 758 2613 813 vel
2642 774 2747 815 non
2779 760 3124 825 discernent;
3168 759 3213 815 si
3250 761 3419 828 enim,
3453 766 3605 816 verbi

2044 849 2241 920 gratia,
2275 851 2416 906 idem
2454 844 2617 907 homo
2654 862 2874 921 generet
2910 851 3101 914 tilium.
3138 859 3422 921 artemque
3453 868 3605 907 suam

2043 941 2320 1011 pingendi,
2351 952 2409 995 ut
2441 941 2513 996 ita
2546 942 2809 1003 dicamus.
2854 942 3007 997 illum
3049 943 3260 1010 doceat,
3291 954 3481 997 natura
3512 958 3607 1013 pe-

2043 1031 2211 1098 nitus,
2238 1043 2293 1087 et
2327 1047 2416 1089 ars
2455 1033 2568 1087 filio
2608 1048 2671 1088 ac
2701 1033 2965 1104 discipulo
3000 1048 3122 1089 cum
3157 1033 3349 1099 insint,
3378 1032 3523 1111 sicut
3551 1042 3605 1088 et

2044 1123 2099 1179 in
2135 1133 2305 1194 patre,
2356 1133 2412 1181 et
2457 1126 2738 1196 magistro,
2787 1140 2893 1180 non
2943 1124 3112 1195 magis
3154 1125 3405 1191 alterum,
3437 1140 3602 1194 quam

2043 1217 2270 1271 alterum
2306 1218 2358 1271 in
2397 1217 2550 1287 plura
2582 1216 2807 1281 dividet,
2849 1232 2914 1272 eo
2962 1217 3102 1285 quod
3158 1216 3213 1270 in
3262 1225 3491 1283 utroque
3533 1218 3606 1272 sit

2043 1307 2231 1363 eadem
2256 1308 2605 1365 discretionis
2629 1323 2795 1364 causa
2828 1324 2842 1362 :
2875 1322 3219 1378 rursumque,
3242 1306 3287 1362 si
3314 1307 3436 1377 quis
3466 1306 3607 1361 idem

2044 1400 2116 1457 sit
2170 1408 2345 1470 pater,
2400 1410 2457 1457 et
2491 1401 2819 1457 lectuiorum
2854 1401 3027 1466 faber,
3057 1408 3107 1454 et
3152 1410 3341 1455 natura
3386 1399 3604 1470 quidem

2043 1489 2211 1546 filium
2240 1492 2449 1563 gignat,
2481 1502 2601 1548 arte
2637 1506 2765 1549 vero
2805 1489 3060 1548 lectulum
3096 1488 3282 1557 faciat,
3313 1489 3365 1544 iu
3411 1488 3611 1544 lectulo

2043 1570 2376 1654 quidcm‘ac
2433 1585 2565 1652 tilio,
2612 1584 2737 1654 quia
2790 1592 2876 1641 est
2922 1588 3241 1638 naturarum
3296 1582 3604 1645 diversitas,

2044 1690 2165 1746 qua
2188 1675 2420 1746 subjecti
2445 1677 2657 1751 ratione
2682 1675 2799 1746 ipsa
2822 1674 3180 1741 discernitur;
3207 1674 3437 1729 alterum
3460 1675 3605 1729 enim

2046 1766 2210 1835 homo
2249 1775 2353 1833 est,
2392 1766 2625 1823 alterum
2668 1765 2872 1831 lignum
2906 1781 2922 1820 :
2959 1766 3102 1835 quod
3135 1762 3350 1833 quidem
3379 1762 3603 1833 lignum,

2046 1856 2092 1912 si
2132 1856 2352 1926 quidem
2405 1856 2544 1926 patri
2575 1863 2630 1911 et
2664 1856 2843 1926 opifici
2888 1856 3114 1921 inesset,
3150 1853 3606 1924 quemadmodum

2045 1954 2100 2001 et
2129 1946 2311 2011 homo,
2341 1955 2397 2001 et
2424 1945 2573 1999 illum
2614 1943 2928 1999 necessario
2953 1942 3291 1997 discerneret
3334 1940 3387 1995 in
3418 1940 3606 2010 plures

2045 2051 2333 2093 causarum
2402 2034 2758 2092 substantias.
2818 2032 2914 2088 Vel
2967 2032 3234 2101 siquidem
3292 2033 3605 2102 productrix

2045 2129 2175 2200 ligni
2227 2136 2421 2183 natura
2469 2126 2739 2182 fabricare
2768 2125 2953 2191 sciret,
2983 2132 3132 2179 esset
3164 2132 3228 2178 et
3273 2131 3402 2179 tunc
3440 2123 3609 2177 veluti

2046 2234 2235 2285 causa,
2269 2219 2474 2288 lignum
2506 2225 2560 2273 et
2593 2216 2765 2280 faber,
2798 2216 2939 2271 idem
2981 2214 3275 2270 secundum
3302 2212 3610 2281 subjectum

2045 2310 2305 2374 existens,
2339 2310 2411 2363 ita
2450 2318 2503 2363 et
2530 2307 2760 2363 lectulus
2791 2320 3037 2378 germen,
3071 2306 3210 2359 idem
3259 2320 3349 2358 ars
3391 2312 3445 2358 et
3493 2304 3607 2357 lec-

2049 2402 2210 2467 tulus,
2253 2415 2428 2470 neque
2470 2399 2666 2470 magis,
2714 2400 2855 2471 quod
2903 2398 3171 2467 producit.
3252 2412 3412 2467 quam
3462 2398 3608 2466 quod

2045 2491 2388 2562 producitur,
2441 2491 2805 2546 diseernetur.
2843 2488 3032 2559 itaque
3082 2502 3206 2543 eum
3265 2487 3610 2542 discretionis

2046 2598 2223 2637 causa
2257 2582 2309 2636 in
2346 2581 2593 2651 utrisque
2623 2581 2909 2650 aequaliter
2946 2580 3173 2644 fuerint.
3203 2594 3364 2635 causa
3398 2578 3610 2634 scilicet

2044 2678 2209 2739 atque
2256 2670 2483 2736 causali,
2537 2671 2826 2740 aqualiter
2860 2671 2973 2740 ipsa
3032 2670 3323 2725 discernet.
3377 2667 3613 2739 Gignero

2046 2770 2226 2817 autem
2269 2770 2435 2835 atque
2476 2760 2801 2833 producere,
2851 2763 2905 2816 in
2937 2777 3045 2816 una
3085 2754 3386 2833 eademque
3416 2768 3609 2816 natura

2044 2865 2151 2917 est.
2184 2854 2239 2908 in
2264 2869 2395 2924 qua,
2417 2863 2470 2911 et
2501 2853 2649 2924 gigni
2678 2864 2732 2909 et
2760 2855 3080 2924 procedere.

2111 2945 2342 3002 Constat
2391 2946 2555 3002 etiam
2587 2946 2809 3016 gignere
2848 2945 2988 3000 idem
3030 2938 3171 3011 esse,
3201 2944 3346 3016 quod
3376 2954 3464 3001 est
3516 2959 3609 3014 pa-

2659 3036 3024 3105 proprietates
3069 3051 3220 3100 vero.
3271 3036 3413 3091 idem
3462 3050 3609 3099 esse,

2047 3230 2277 3277 stratum
2328 3228 2434 3278 est.
2486 3219 2621 3276 'l‘res
2653 3230 2834 3276 autem
2883 3220 3197 3276 substantia
3239 3217 3609 3293 [hypostasesi

2049 3314 2208 3371 Pater
2239 3323 2321 3369 est
2362 3322 2419 3369 et
2455 3313 2625 3369 Filius
2664 3322 2720 3368 et
2751 3312 2987 3382 Spiritus
3023 3322 3280 3377 sanctus;
3318 3310 3475 3366 Pater
3510 3326 3609 3365 au-

2048 3415 2157 3459 tem
2192 3415 2247 3461 et
2272 3405 2445 3462 Filius
2487 3413 2544 3460 et
2576 3404 2815 3472 Spiritus
2845 3414 3068 3460 sanctus
3113 3417 3276 3459 verus
3316 3402 3459 3460 Deus
3502 3414 3609 3471 est,

2048 3498 2289 3552 Trinitas
2319 3513 2445 3562 una,
2485 3508 2541 3552 et
2567 3496 3112 3566 supersubstantialis
3136 3496 3396 3552 essentia.

2120 3589 2385 3646 Similiter
2408 3601 2458 3645 et
2495 3592 2562 3645 de
2591 3604 2658 3645 eo
2687 3590 2827 3660 quod
2862 3597 2941 3643 est
2991 3590 3161 3653 nasci,
3194 3598 3249 3643 et
3273 3589 3340 3643 de
3368 3602 3435 3642 eo
3461 3587 3607 3656 quod

2046 3692 2130 3738 est
2163 3682 2480 3751 procedere,
2525 3681 2838 3739 dicendum.
2872 3679 2979 3736 lsta
3022 3681 3188 3750 igitur
3236 3681 3517 3749 aequaliter
3546 3680 3600 3733 in

2046 3774 2377 3845 producente
2412 3782 2468 3828 et
2517 3773 2833 3843 productis;
2870 3772 2955 3828 vel
2999 3772 3332 3835 discernent,
3373 3771 3455 3825 vel
3504 3786 3609 3824 non

2047 3868 2399 3922 discerneut:
2440 3865 2485 3920 si
2522 3866 2742 3935 quidem
2773 3865 2939 3934 lgitur
2963 3865 3296 3928 discernent,
3334 3865 3451 3917 dua
3482 3864 3612 3917 sub-

1996 4004 2011 4027 ,
2046 3957 2260 4014 stantia
2290 3954 2656 4029 [hypostases]
2682 3955 2787 4011 erit
2814 3953 2999 4021 Pater,
3034 3952 3288 4021 gignendi
3316 3951 3524 4007 scilicet
3545 3965 3611 4005 se

2046 4046 2378 4114 producendi
2421 4044 2629 4099 ratione
2659 4061 2676 4101 :
2708 4044 2793 4099 sin
2826 4058 2954 4098 vero
2980 4044 3093 4097 hac
3133 4042 3187 4095 in
3217 4040 3373 4096 Patre
3412 4041 3615 4096 discre—

2048 4136 2211 4190 tionis
2259 4151 2425 4192 causa
2481 4149 2586 4190 non
2639 4135 2769 4200 sint,
2820 4124 2996 4201 neque
3048 4131 3221 4187 Filius
3267 4141 3323 4187 et
3373 4133 3612 4200 Spiritus

2047 4226 2337 4291 nascendi,
2393 4226 2826 4295 procedendique
2864 4226 3074 4280 ratione
3125 4234 3349 4295 propter
3393 4225 3610 4281 easdem

2046 4330 2239 4372 causas
2286 4316 2665 4372 discernentur
2710 4318 2778 4372 ab
2827 4316 3057 4370 invicem
3106 4316 3233 4371 :sic
3279 4325 3456 4370 autem
3508 4316 3613 4370 erit

2046 4424 2148 4463 una
2193 4423 2427 4479 persona
2469 4408 2638 4463 Filius
2675 4418 2727 4463 et
2776 4408 3008 4478 Spiritus
3050 4418 3288 4463 sanctus.
3317 4405 3432 4461 Non
3466 4408 3609 4461 enim

374 4500 792 4570 oppositionem,
820 4486 1159 4553 nativitatem
1186 4507 1309 4552 ante
1343 4513 1656 4567 processum
1685 4500 1937 4570 cogitari,
1972 4504 2014 4559 ι)
2045 4502 2225 4556 dicere
2273 4515 2587 4570 possumus,
2620 4514 2742 4556 esse
2776 4499 2980 4569 aliquid
3024 4500 3077 4553 in
3107 4499 3385 4568 productis
3418 4500 3518 4552 hoc
3558 4499 3610 4549 in

376 4594 891 4659 processionemque
950 4604 1047 4658 per
1105 4589 1441 4643 nativitatem
1497 4604 1640 4655 esse,
1697 4593 1821 4660 quia
1884 4600 1941 4646 et

376 4685 615 4755 Spiritus
665 4699 759 4751 per
788 4682 985 4736 Filimn
1036 4691 1138 4745 est,
1182 4696 1246 4736 ac
1300 4690 1582 4751 propterea
1633 4684 1940 4739 necessario

373 4792 597 4833 causam
644 4786 697 4830 et
723 4774 936 4830 causale
966 4775 1266 4845 subiugeri,
1301 4776 1396 4831 sed
1437 4777 1579 4829 enim
1610 4776 1940 4844 impossibile

374 4880 481 4933 est,
512 4867 741 4936 utjuxta
778 4866 990 4919 illorum
1017 4865 1321 4936 opinionem
1355 4866 1526 4928 nasci,
1566 4880 1627 4920 ac
1652 4869 1940 4935 procedere

376 4963 738 5031 discernatur.
795 4958 955 5018 Nam.
1007 4959 1052 5013 si
1104 4958 1302 5011 nullam
1350 4960 1745 5028 oppositiouem
1780 4960 1830 5013 in
1880 4977 1939 5014 su

377 5051 511 5119 ipsis
540 5053 885 5108 continentes
920 5052 1235 5105 discernere
1270 5049 1594 5112 sufﬁcerent,
1649 5060 1707 5103 ut
1757 5050 1940 5103 dicunt

377 5145 601 5214 prolatae
640 5157 907 5217 persona,
958 5142 1146 5197 eadem
1182 5141 1397 5195 ratione
1435 5140 1724 5205 sufﬁceret,
1755 5149 1810 5195 et
1853 5140 1933 5207 gi-

376 5222 563 5302 gnere,
584 5244 637 5286 et
659 5232 962 5302 producere
988 5247 1106 5301 quae
1136 5231 1281 5286 Patri
1314 5232 1517 5296 insunt,
1541 5233 1595 5286 in
1626 5231 1938 5287 differentes

376 5306 551 5392 ipsum
607 5337 869 5392 personas
920 5323 1191 5378 scindere.
1243 5322 1585 5392 lmpossibile
1635 5332 1721 5377 est
1767 5322 1938 5387 enim,

378 5424 731 5485 apertamque
784 5414 950 5468 habet
998 5414 1465 5477 contrarietatem,
1506 5413 1773 5483 principia
1813 5428 1941 5482 pro-

376 5507 491 5573 pria
524 5520 587 5559 ac
619 5504 931 5560 discernere
960 5506 1171 5569 idonea,
1197 5518 1320 5559 esse
1360 5504 1592 5572 uspiam,
1633 5512 1795 5574 atque
1830 5505 1939 5561 illic

376 5598 758 5652 discretionem
788 5610 892 5650 non
920 5610 1059 5649 esse.
1081 5595 1279 5660 Veluti,
1304 5597 1348 5648 si
1373 5595 1496 5664 quis
1522 5596 1664 5650 dicat
1691 5597 1935 5665 peritiam

378 5666 597 5755 quidem
649 5687 702 5740 in
756 5687 937 5755 aliquo
976 5702 1117 5751 esse,
1172 5691 1345 5753 ipsum
1381 5700 1509 5739 vero
1553 5688 1786 5755 peritum
1830 5704 1975 5742 non‘

378 5796 514 5849 esse.
555 5780 695 5838 Idem
737 5797 866 5849 ergo
898 5792 980 5835 est
1011 5782 1173 5835 ctiam
1222 5780 1419 5845 dicere,
1464 5796 1557 5848 per
1584 5796 1703 5851 qua
1734 5781 1934 5837 discer-

2050 4591 2168 4649 loco
2207 4593 2555 4648 discretionis
2583 4606 2829 4656 causam,
2879 4593 3022 4647 sicut
3069 4592 3122 4646 in
3176 4591 3369 4646 lectulo
3397 4600 3449 4647 et
3501 4590 3613 4644 filio

2046 4686 2363 4739 discernens
2390 4693 2581 4739 natura
2610 4683 2887 4749 diderens,
2921 4684 3063 4754 quod
3100 4684 3152 4737 iu
3184 4693 3337 4753 patre
3374 4698 3477 4736 non
3508 4692 3611 4736 est.

2048 4777 2163 4832 Una
2193 4776 2337 4832 enim
2367 4778 2530 4831 trium
2561 4777 2820 4841 essentia,
2846 4791 2912 4830 ac
2945 4786 3140 4830 natura
3170 4785 3275 4842 est,
3320 4791 3383 4832 ac
3418 4785 3614 4844 praeter

2046 4867 2432 4931 differentiam,
2456 4883 2577 4938 qua
2597 4869 2892 4923 secundum
2931 4883 3148 4923 causam
3180 4877 3235 4924 et
3266 4867 3480 4923 causale
3506 4852 3617 4932 est,

2047 4960 2218 5015 sancti
2245 4960 2443 5013 nullam
2468 4959 2625 5013 aliam
2649 4959 2975 5028 intelligunt.

2116 5052 2384 5118 Quoniam
2437 5050 2600 5119 igitur
2633 5050 2875 5120 gignere,
2912 5066 2977 5106 ac
3015 5054 3309 5120 producere
3341 5053 3389 5103 in
3438 5051 3615 5104 Patris

2047 5153 2239 5198 natura
2284 5157 2407 5206 cum
2455 5142 2588 5207 sint,
2640 5140 2855 5198 Patrem
2911 5145 2964 5195 in
3006 5145 3141 5197 duas
3189 5158 3451 5210 personas
3507 5160 3612 5194 Itutt

2044 5237 2364 5291 discernunt
2404 5251 2418 5289 :
2460 5234 2689 5298 idcirco,
2722 5249 2895 5304 neque
2924 5234 2980 5289 in
3014 5234 3159 5299 Filii,
3191 5250 3254 5288 ac
3284 5235 3456 5290 sancti
3489 5233 3611 5302 Spi-

2047 5326 2184 5380 ritus
2222 5334 2416 5378 natura
2470 5325 2646 5388 nasci,
2692 5340 2756 5380 ac
2803 5326 3099 5392 procedere
3149 5340 3274 5378 cum
3319 5325 3413 5386 sit,
3468 5325 3616 5391 ipsos

2046 5418 2338 5481 discernet,
2371 5417 2474 5471 nisi
2503 5418 2651 5472 aliud
2682 5418 3006 5487 adjiciatur;
3039 5417 3144 5472 hoc
3170 5425 3276 5480 est,
3305 5415 3405 5469 nisi
3445 5429 3615 5483 oppo-

2046 5507 2297 5562 sitionem
2335 5509 2569 5567 habeant
2598 5508 2663 5562 ad
2694 5508 2947 5573 invicem.
2984 5506 3139 5565 Unde
3171 5506 3262 5574 qui
3290 5520 3408 5559 .eos
3450 5503 3617 5559 variis

2014 5618 2019 5623 ·
2049 5600 2413 5667 processibus,
2438 5600 2694 5663 nascendi
2719 5600 2930 5654 scilicet
2948 5614 3007 5665 ac
3028 5596 3356 5667 procedendi
3381 5595 3614 5649 discerni

2049 5693 2322 5753 dixerunt,
2360 5691 2441 5744 vel
2490 5692 2866 5758 personalibus
2913 5690 3337 5758 proprietatibus
3389 5687 3614 5741 reintiu‘

2050 5784 2151 5839 sibi
2176 5782 2403 5837 invicem
2442 5784 2637 5851 opponi
2672 5782 2991 5851 intelligunt,
3025 5790 3079 5834 ut
3111 5782 3310 5841 dictum
3339 5792 3438 5845 cst.
3474 5777 3613 5830 Sub~
