  <div class='ocr_page' id='page_1' title='image "/cluster/home/n/w/nwhite01/storage/ocr_20150623/152/hvd.32044073502635/088.png"; bbox 0 0 4046 6204; ppageno 0'>
   <div class='ocr_carea' id='block_1_1' title="bbox 353 383 452 408">
    <p class='ocr_par' dir='ltr' id='par_1_1' title="bbox 353 383 452 408">
     <span class='ocr_line' id='line_1_1' title="bbox 353 383 452 408; baseline 0.03 -3"><span class='ocrx_word' id='word_1_1' title='bbox 353 383 452 408; x_wconf 60' lang='grc' dir='ltr'><strong>ενα</strong></span> 
     </span>
    </p>
   </div>
   <div class='ocr_carea' id='block_1_2' title="bbox 357 410 453 447">
    <p class='ocr_par' dir='ltr' id='par_1_2' title="bbox 357 410 453 447">
     <span class='ocr_line' id='line_1_2' title="bbox 357 410 453 447; baseline 0.021 -12"><span class='ocrx_word' id='word_1_2' title='bbox 357 418 378 447; x_wconf 66' lang='grc' dir='ltr'><strong><em>ι</em></strong></span> <span class='ocrx_word' id='word_1_3' title='bbox 388 410 453 446; x_wconf 58' lang='lat' dir='ltr'><strong>ﬂ.)</strong></span> 
     </span>
    </p>
   </div>
   <div class='ocr_carea' id='block_1_3' title="bbox 1436 387 2517 452">
    <p class='ocr_par' dir='ltr' id='par_1_3' title="bbox 1436 387 2517 452">
     <span class='ocr_line' id='line_1_3' title="bbox 1436 387 2517 452; baseline 0.006 -9"><span class='ocrx_word' id='word_1_4' title='bbox 1436 387 1835 447; x_wconf 76' lang='lat' dir='ltr'><strong>ADVERSUS</strong></span> <span class='ocrx_word' id='word_1_5' title='bbox 1863 388 2181 446; x_wconf 52' lang='lat' dir='ltr'><strong>GRHECOS</strong></span> <span class='ocrx_word' id='word_1_6' title='bbox 2213 388 2359 449; x_wconf 86' lang='lat' dir='ltr'><strong>LIB.</strong></span> <span class='ocrx_word' id='word_1_7' title='bbox 2410 389 2517 452; x_wconf 90' lang='lat' dir='ltr'><strong>III.</strong></span> 
     </span>
    </p>
   </div>
   <div class='ocr_carea' id='block_1_4' title="bbox 3496 393 3599 459">
    <p class='ocr_par' dir='ltr' id='par_1_4' title="bbox 3496 393 3599 459">
     <span class='ocr_line' id='line_1_4' title="bbox 3496 393 3599 459; baseline -0.019 0"><span class='ocrx_word' id='word_1_8' title='bbox 3496 393 3599 459; x_wconf 77' lang='grc'><strong>154</strong></span> 
     </span>
    </p>
   </div>
   <div class='ocr_carea' id='block_1_5' title="bbox 351 482 3595 574">
    <p class='ocr_par' dir='ltr' id='par_1_5' title="bbox 351 482 3595 574">
     <span class='ocr_line' id='line_1_5' title="bbox 351 482 3595 574; baseline 0.003 -26"><span class='ocrx_word' id='word_1_9' title='bbox 351 495 634 548; x_wconf 84' lang='lat' dir='ltr'><strong>stantiales</strong></span> <span class='ocrx_word' id='word_1_10' title='bbox 671 496 818 547; x_wconf 74' lang='lat' dir='ltr'><strong>rnim</strong></span> <span class='ocrx_word' id='word_1_11' title='bbox 864 510 987 548; x_wconf 90' lang='lat' dir='ltr'><strong>cum</strong></span> <span class='ocrx_word' id='word_1_12' title='bbox 1030 496 1141 549; x_wconf 91' lang='lat' dir='ltr'><strong>sint</strong></span> <span class='ocrx_word' id='word_1_13' title='bbox 1185 496 1508 551; x_wconf 66' lang='lat' dir='ltr'><strong>substantia?</strong></span> <span class='ocrx_word' id='word_1_14' title='bbox 1538 514 1650 553; x_wconf 77' lang='lat' dir='ltr'><strong>suze</strong></span> <span class='ocrx_word' id='word_1_15' title='bbox 1683 482 1921 552; x_wconf 79' lang='lat' dir='ltr'><strong>iudicant</strong></span> <span class='ocrx_word' id='word_1_16' title='bbox 1954 500 1996 554; x_wconf 82' lang='grc' dir='ltr'><strong>Α</strong></span> <span class='ocrx_word' id='word_1_17' title='bbox 2030 499 2174 553; x_wconf 88' lang='lat' dir='ltr'><strong>tione</strong></span> <span class='ocrx_word' id='word_1_18' title='bbox 2229 499 2293 552; x_wconf 90' lang='lat' dir='ltr'><strong>ad</strong></span> <span class='ocrx_word' id='word_1_19' title='bbox 2351 500 2647 566; x_wconf 87' lang='lat' dir='ltr'><strong>spirantem</strong></span> <span class='ocrx_word' id='word_1_20' title='bbox 2702 498 3032 564; x_wconf 75' lang='lat' dir='ltr'><strong>Subsistens,</strong></span> <span class='ocrx_word' id='word_1_21' title='bbox 3070 500 3176 558; x_wconf 83' lang='lat' dir='ltr'><strong>nisi</strong></span> <span class='ocrx_word' id='word_1_22' title='bbox 3227 502 3523 574; x_wconf 85' lang='lat' dir='ltr'><strong>inspiretur</strong></span> <span class='ocrx_word' id='word_1_23' title='bbox 3566 523 3595 558; x_wconf 87' lang='lat' dir='ltr'><strong>a</strong></span> 
     </span>
    </p>
   </div>
   <div class='ocr_carea' id='block_1_6' title="bbox 355 586 1921 651">
    <p class='ocr_par' dir='ltr' id='par_1_6' title="bbox 355 586 1921 651">
     <span class='ocr_line' id='line_1_6' title="bbox 355 586 1921 651; baseline 0.002 -12"><span class='ocrx_word' id='word_1_24' title='bbox 355 587 609 649; x_wconf 84' lang='lat' dir='ltr'><strong>medium,</strong></span> <span class='ocrx_word' id='word_1_25' title='bbox 643 586 956 641; x_wconf 66' lang='lat' dir='ltr'><strong>substantiae</strong></span> <span class='ocrx_word' id='word_1_26' title='bbox 987 598 1163 641; x_wconf 90' lang='lat' dir='ltr'><strong>autem</strong></span> <span class='ocrx_word' id='word_1_27' title='bbox 1192 592 1382 642; x_wconf 91' lang='lat' dir='ltr'><strong>modus</strong></span> <span class='ocrx_word' id='word_1_28' title='bbox 1412 591 1587 644; x_wconf 91' lang='lat' dir='ltr'><strong>solum</strong></span> <span class='ocrx_word' id='word_1_29' title='bbox 1627 591 1921 651; x_wconf 82' lang='lat' dir='ltr'><strong>secundum</strong></span> 
     </span>
    </p>
   </div>
   <div class='ocr_carea' id='block_1_7' title="bbox 353 681 1919 750">
    <p class='ocr_par' dir='ltr' id='par_1_7' title="bbox 353 681 1919 750">
     <span class='ocr_line' id='line_1_7' title="bbox 353 681 1919 750; baseline 0.002 -20"><span class='ocrx_word' id='word_1_30' title='bbox 353 696 569 733; x_wconf 77' lang='lat' dir='ltr'><strong>causam</strong></span> <span class='ocrx_word' id='word_1_31' title='bbox 602 690 665 743; x_wconf 77' lang='lat' dir='ltr'><strong>et</strong></span> <span class='ocrx_word' id='word_1_32' title='bbox 695 681 913 733; x_wconf 86' lang='lat' dir='ltr'><strong>causale</strong></span> <span class='ocrx_word' id='word_1_33' title='bbox 945 686 1183 741; x_wconf 86' lang='lat' dir='ltr'><strong>constat,</strong></span> <span class='ocrx_word' id='word_1_34' title='bbox 1221 696 1427 748; x_wconf 67' lang='lat' dir='ltr'><strong>nempe“</strong></span> <span class='ocrx_word' id='word_1_35' title='bbox 1462 684 1631 745; x_wconf 90' lang='lat' dir='ltr'><strong>enim,</strong></span> <span class='ocrx_word' id='word_1_36' title='bbox 1666 682 1919 750; x_wconf 90' lang='lat' dir='ltr'><strong>quoniam</strong></span> 
     </span>
    </p>
   </div>
   <div class='ocr_carea' id='block_1_8' title="bbox 352 770 1920 844">
    <p class='ocr_par' dir='ltr' id='par_1_8' title="bbox 352 770 1920 844">
     <span class='ocr_line' id='line_1_8' title="bbox 352 770 1920 844; baseline 0.003 -22"><span class='ocrx_word' id='word_1_37' title='bbox 352 773 404 823; x_wconf 92' lang='lat' dir='ltr'><strong>in</strong></span> <span class='ocrx_word' id='word_1_38' title='bbox 439 770 551 824; x_wconf 89' lang='lat' dir='ltr'><strong>sola</strong></span> <span class='ocrx_word' id='word_1_39' title='bbox 583 786 749 825; x_wconf 89' lang='lat' dir='ltr'><strong>causa</strong></span> <span class='ocrx_word' id='word_1_40' title='bbox 780 781 834 825; x_wconf 90' lang='lat' dir='ltr'><strong>et</strong></span> <span class='ocrx_word' id='word_1_41' title='bbox 878 772 1080 826; x_wconf 84' lang='lat' dir='ltr'><strong>causali</strong></span> <span class='ocrx_word' id='word_1_42' title='bbox 1114 772 1324 826; x_wconf 89' lang='lat' dir='ltr'><strong>divinas</strong></span> <span class='ocrx_word' id='word_1_43' title='bbox 1353 788 1618 840; x_wconf 80' lang='lat' dir='ltr'><strong>personas</strong></span> <span class='ocrx_word' id='word_1_44' title='bbox 1661 774 1920 844; x_wconf 85' lang='lat' dir='ltr'><strong>distingui</strong></span> 
     </span>
    </p>
   </div>
   <div class='ocr_carea' id='block_1_9' title="bbox 355 859 1921 929">
    <p class='ocr_par' dir='ltr' id='par_1_9' title="bbox 355 859 1921 929">
     <span class='ocr_line' id='line_1_9' title="bbox 355 859 1921 929; baseline 0.003 -18"><span class='ocrx_word' id='word_1_45' title='bbox 355 862 555 913; x_wconf 76' lang='lat' dir='ltr'><strong>dictum</strong></span> <span class='ocrx_word' id='word_1_46' title='bbox 604 868 707 922; x_wconf 90' lang='lat' dir='ltr'><strong>est,</strong></span> <span class='ocrx_word' id='word_1_47' title='bbox 766 859 936 928; x_wconf 90' lang='lat' dir='ltr'><strong>liquet</strong></span> <span class='ocrx_word' id='word_1_48' title='bbox 984 862 1238 929; x_wconf 82' lang='lat' dir='ltr'><strong>quoniam</strong></span> <span class='ocrx_word' id='word_1_49' title='bbox 1287 861 1379 915; x_wconf 90' lang='lat' dir='ltr'><strong>ubi</strong></span> <span class='ocrx_word' id='word_1_50' title='bbox 1432 861 1623 917; x_wconf 87' lang='lat' dir='ltr'><strong>relatio</strong></span> <span class='ocrx_word' id='word_1_51' title='bbox 1659 878 1764 918; x_wconf 91' lang='lat' dir='ltr'><strong>non</strong></span> <span class='ocrx_word' id='word_1_52' title='bbox 1814 872 1921 928; x_wconf 90' lang='lat' dir='ltr'><strong>est,</strong></span> 
     </span>
    </p>
   </div>
   <div class='ocr_carea' id='block_1_10' title="bbox 357 951 1923 1026">
    <p class='ocr_par' dir='ltr' id='par_1_10' title="bbox 357 951 1923 1026">
     <span class='ocr_line' id='line_1_10' title="bbox 357 951 1923 1026; baseline 0.004 -22"><span class='ocrx_word' id='word_1_53' title='bbox 357 966 527 1019; x_wconf 88' lang='lat' dir='ltr'><strong>neque</strong></span> <span class='ocrx_word' id='word_1_54' title='bbox 559 952 816 1005; x_wconf 75' lang='lat' dir='ltr'><strong>discretio</strong></span> <span class='ocrx_word' id='word_1_55' title='bbox 847 952 975 1006; x_wconf 89' lang='lat' dir='ltr'><strong>erit.</strong></span> <span class='ocrx_word' id='word_1_56' title='bbox 1006 951 1193 1021; x_wconf 97' lang='lat' dir='ltr'><strong>Itaque</strong></span> <span class='ocrx_word' id='word_1_57' title='bbox 1222 954 1288 1006; x_wconf 90' lang='lat' dir='ltr'><strong>ad</strong></span> <span class='ocrx_word' id='word_1_58' title='bbox 1325 969 1489 1024; x_wconf 89' lang='lat' dir='ltr'><strong>quam</strong></span> <span class='ocrx_word' id='word_1_59' title='bbox 1534 955 1770 1010; x_wconf 83' lang='lat' dir='ltr'><strong>refertur</strong></span> <span class='ocrx_word' id='word_1_60' title='bbox 1800 972 1923 1026; x_wconf 87' lang='lat' dir='ltr'><strong>per-</strong></span> 
     </span>
    </p>
   </div>
   <div class='ocr_carea' id='block_1_11' title="bbox 357 1043 1921 1117">
    <p class='ocr_par' dir='ltr' id='par_1_11' title="bbox 357 1043 1921 1117">
     <span class='ocr_line' id='line_1_11' title="bbox 357 1043 1921 1117; baseline 0.002 -19"><span class='ocrx_word' id='word_1_61' title='bbox 357 1059 606 1099; x_wconf 87' lang='lat' dir='ltr'><strong>sonarum</strong></span> <span class='ocrx_word' id='word_1_62' title='bbox 639 1043 917 1111; x_wconf 70' lang='lat' dir='ltr'><strong>qutrlibet,</strong></span> <span class='ocrx_word' id='word_1_63' title='bbox 965 1043 1032 1098; x_wconf 84' lang='lat' dir='ltr'><strong>ab</strong></span> <span class='ocrx_word' id='word_1_64' title='bbox 1076 1044 1163 1097; x_wconf 90' lang='lat' dir='ltr'><strong>illa</strong></span> <span class='ocrx_word' id='word_1_65' title='bbox 1198 1045 1311 1100; x_wconf 83' lang='lat' dir='ltr'><strong>sola</strong></span> <span class='ocrx_word' id='word_1_66' title='bbox 1358 1047 1519 1101; x_wconf 89' lang='lat' dir='ltr'><strong>etiam</strong></span> <span class='ocrx_word' id='word_1_67' title='bbox 1565 1047 1921 1117; x_wconf 76' lang='lat' dir='ltr'><strong>personaliter</strong></span> 
     </span>
    </p>
   </div>
   <div class='ocr_carea' id='block_1_12' title="bbox 356 1133 1920 1204">
    <p class='ocr_par' dir='ltr' id='par_1_12' title="bbox 356 1133 1920 1204">
     <span class='ocr_line' id='line_1_12' title="bbox 356 1133 1920 1204; baseline 0.003 -18"><span class='ocrx_word' id='word_1_68' title='bbox 356 1134 703 1188; x_wconf 86' lang='lat' dir='ltr'><strong>discernitur.</strong></span> <span class='ocrx_word' id='word_1_69' title='bbox 737 1133 877 1204; x_wconf 82' lang='lat' dir='ltr'><strong>Ergo</strong></span> <span class='ocrx_word' id='word_1_70' title='bbox 912 1143 967 1188; x_wconf 90' lang='lat' dir='ltr'><strong>et</strong></span> <span class='ocrx_word' id='word_1_71' title='bbox 991 1133 1304 1190; x_wconf 74' lang='lat' dir='ltr'><strong>differentes</strong></span> <span class='ocrx_word' id='word_1_72' title='bbox 1342 1136 1408 1190; x_wconf 88' lang='lat' dir='ltr'><strong>ad</strong></span> <span class='ocrx_word' id='word_1_73' title='bbox 1444 1136 1655 1191; x_wconf 84' lang='lat' dir='ltr'><strong>Patrem</strong></span> <span class='ocrx_word' id='word_1_74' title='bbox 1699 1138 1817 1191; x_wconf 81' lang='lat' dir='ltr'><strong>Filii</strong></span> <span class='ocrx_word' id='word_1_75' title='bbox 1856 1152 1920 1191; x_wconf 86' lang='lat' dir='ltr'><strong>ac</strong></span> 
     </span>
    </p>
   </div>
   <div class='ocr_carea' id='block_1_13' title="bbox 358 1224 1917 1293">
    <p class='ocr_par' dir='ltr' id='par_1_13' title="bbox 358 1224 1917 1293">
     <span class='ocr_line' id='line_1_13' title="bbox 358 1224 1917 1293; baseline 0 -13"><span class='ocrx_word' id='word_1_76' title='bbox 358 1226 590 1293; x_wconf 85' lang='lat' dir='ltr'><strong>Spiritus</strong></span> <span class='ocrx_word' id='word_1_77' title='bbox 618 1224 934 1288; x_wconf 89' lang='lat' dir='ltr'><strong>relationes,</strong></span> <span class='ocrx_word' id='word_1_78' title='bbox 962 1240 1055 1280; x_wconf 87' lang='lat' dir='ltr'><strong>eos</strong></span> <span class='ocrx_word' id='word_1_79' title='bbox 1094 1241 1125 1280; x_wconf 92' lang='lat' dir='ltr'><strong>a</strong></span> <span class='ocrx_word' id='word_1_80' title='bbox 1168 1226 1325 1281; x_wconf 83' lang='lat' dir='ltr'><strong>Patre</strong></span> <span class='ocrx_word' id='word_1_81' title='bbox 1360 1227 1533 1283; x_wconf 92' lang='lat' dir='ltr'><strong>solum</strong></span> <span class='ocrx_word' id='word_1_82' title='bbox 1577 1229 1917 1293; x_wconf 81' lang='lat' dir='ltr'><strong>discernunt,</strong></span> 
     </span>
    </p>
   </div>
   <div class='ocr_carea' id='block_1_14' title="bbox 358 1314 1916 1383">
    <p class='ocr_par' dir='ltr' id='par_1_14' title="bbox 358 1314 1916 1383">
     <span class='ocr_line' id='line_1_14' title="bbox 358 1314 1916 1383; baseline 0.003 -14"><span class='ocrx_word' id='word_1_83' title='bbox 358 1332 454 1369; x_wconf 88' lang='lat' dir='ltr'><strong>non</strong></span> <span class='ocrx_word' id='word_1_84' title='bbox 503 1326 687 1369; x_wconf 85' lang='lat' dir='ltr'><strong>autem</strong></span> <span class='ocrx_word' id='word_1_85' title='bbox 746 1314 815 1369; x_wconf 87' lang='lat' dir='ltr'><strong>ad</strong></span> <span class='ocrx_word' id='word_1_86' title='bbox 868 1316 1135 1383; x_wconf 80' lang='lat' dir='ltr'><strong>invicem,</strong></span> <span class='ocrx_word' id='word_1_87' title='bbox 1185 1318 1292 1374; x_wconf 91' lang='lat' dir='ltr'><strong>nisi</strong></span> <span class='ocrx_word' id='word_1_88' title='bbox 1354 1319 1518 1374; x_wconf 89' lang='lat' dir='ltr'><strong>etiam</strong></span> <span class='ocrx_word' id='word_1_89' title='bbox 1568 1322 1635 1374; x_wconf 88' lang='lat' dir='ltr'><strong>ad</strong></span> <span class='ocrx_word' id='word_1_90' title='bbox 1690 1319 1916 1375; x_wconf 85' lang='lat' dir='ltr'><strong>invicem</strong></span> 
     </span>
    </p>
   </div>
   <div class='ocr_carea' id='block_1_15' title="bbox 359 1409 685 1462">
    <p class='ocr_par' dir='ltr' id='par_1_15' title="bbox 359 1409 685 1462">
     <span class='ocr_line' id='line_1_15' title="bbox 359 1409 685 1462; baseline -0.003 0"><span class='ocrx_word' id='word_1_91' title='bbox 359 1409 685 1462; x_wconf 81' lang='lat' dir='ltr'><strong>referantur.</strong></span> 
     </span>
    </p>
   </div>
   <div class='ocr_carea' id='block_1_16' title="bbox 419 1498 1919 1568">
    <p class='ocr_par' dir='ltr' id='par_1_16' title="bbox 419 1498 1919 1568">
     <span class='ocr_line' id='line_1_16' title="bbox 419 1498 1919 1568; baseline 0.002 -17"><span class='ocrx_word' id='word_1_92' title='bbox 419 1498 686 1554; x_wconf 60' lang='lat' dir='ltr'><strong>Praeterea</strong></span> <span class='ocrx_word' id='word_1_93' title='bbox 712 1498 754 1554; x_wconf 92' lang='lat' dir='ltr'><strong>si</strong></span> <span class='ocrx_word' id='word_1_94' title='bbox 782 1501 1056 1554; x_wconf 87' lang='lat' dir='ltr'><strong>nascendo</strong></span> <span class='ocrx_word' id='word_1_95' title='bbox 1078 1513 1107 1553; x_wconf 88' lang='lat' dir='ltr'><strong>a</strong></span> <span class='ocrx_word' id='word_1_96' title='bbox 1134 1498 1341 1568; x_wconf 84' lang='lat' dir='ltr'><strong>Spiritu</strong></span> <span class='ocrx_word' id='word_1_97' title='bbox 1371 1508 1563 1555; x_wconf 89' lang='lat' dir='ltr'><strong>sancto</strong></span> <span class='ocrx_word' id='word_1_98' title='bbox 1587 1499 1919 1555; x_wconf 81' lang='lat' dir='ltr'><strong>discernitur</strong></span> 
     </span>
    </p>
   </div>
   <div class='ocr_carea' id='block_1_17' title="bbox 355 1590 1953 1660">
    <p class='ocr_par' dir='ltr' id='par_1_17' title="bbox 355 1590 1953 1660">
     <span class='ocr_line' id='line_1_17' title="bbox 355 1590 1953 1660; baseline 0.001 -15"><span class='ocrx_word' id='word_1_99' title='bbox 355 1590 537 1653; x_wconf 78' lang='lat' dir='ltr'><strong>Filius,</strong></span> <span class='ocrx_word' id='word_1_100' title='bbox 589 1590 850 1645; x_wconf 87' lang='lat' dir='ltr'><strong>discretio</strong></span> <span class='ocrx_word' id='word_1_101' title='bbox 893 1599 1074 1645; x_wconf 83' lang='lat' dir='ltr'><strong>autem</strong></span> <span class='ocrx_word' id='word_1_102' title='bbox 1107 1590 1159 1646; x_wconf 92' lang='lat' dir='ltr'><strong>in</strong></span> <span class='ocrx_word' id='word_1_103' title='bbox 1196 1593 1447 1660; x_wconf 84' lang='lat' dir='ltr'><strong>personis</strong></span> <span class='ocrx_word' id='word_1_104' title='bbox 1484 1592 1684 1648; x_wconf 82' lang='lat' dir='ltr'><strong>divinis</strong></span> <span class='ocrx_word' id='word_1_105' title='bbox 1716 1607 1914 1648; x_wconf 88' lang='lat' dir='ltr'><strong>secun-</strong></span> <span class='ocrx_word' id='word_1_106' title='bbox 1946 1649 1953 1655; x_wconf 72' lang='grc'><strong>,</strong></span> 
     </span>
    </p>
   </div>
   <div class='ocr_carea' id='block_1_18' title="bbox 354 1682 1916 1751">
    <p class='ocr_par' dir='ltr' id='par_1_18' title="bbox 354 1682 1916 1751">
     <span class='ocr_line' id='line_1_18' title="bbox 354 1682 1916 1751; baseline 0.003 -15"><span class='ocrx_word' id='word_1_107' title='bbox 354 1685 472 1737; x_wconf 86' lang='lat' dir='ltr'><strong>dum</strong></span> <span class='ocrx_word' id='word_1_108' title='bbox 506 1682 787 1751; x_wconf 84' lang='lat' dir='ltr'><strong>oppositas</strong></span> <span class='ocrx_word' id='word_1_109' title='bbox 819 1682 1110 1738; x_wconf 84' lang='lat' dir='ltr'><strong>relationes</strong></span> <span class='ocrx_word' id='word_1_110' title='bbox 1130 1693 1234 1749; x_wconf 90' lang='lat' dir='ltr'><strong>est,</strong></span> <span class='ocrx_word' id='word_1_111' title='bbox 1258 1692 1315 1739; x_wconf 90' lang='lat' dir='ltr'><strong>ut</strong></span> <span class='ocrx_word' id='word_1_112' title='bbox 1344 1684 1575 1739; x_wconf 82' lang='lat' dir='ltr'><strong>diximus</strong></span> <span class='ocrx_word' id='word_1_113' title='bbox 1600 1699 1615 1737; x_wconf 92' lang='lat'><strong>:</strong></span> <span class='ocrx_word' id='word_1_114' title='bbox 1638 1685 1916 1751; x_wconf 89' lang='lat' dir='ltr'><strong>nativitas,</strong></span> 
     </span>
    </p>
   </div>
   <div class='ocr_carea' id='block_1_19' title="bbox 354 1775 1913 1848">
    <p class='ocr_par' dir='ltr' id='par_1_19' title="bbox 354 1775 1913 1848">
     <span class='ocr_line' id='line_1_19' title="bbox 354 1775 1913 1848; baseline 0.001 -18"><span class='ocrx_word' id='word_1_115' title='bbox 354 1776 405 1830; x_wconf 88' lang='lat' dir='ltr'><strong>in</strong></span> <span class='ocrx_word' id='word_1_116' title='bbox 450 1783 714 1843; x_wconf 85' lang='lat' dir='ltr'><strong>quantum</strong></span> <span class='ocrx_word' id='word_1_117' title='bbox 750 1775 1011 1830; x_wconf 83' lang='lat' dir='ltr'><strong>nativitas</strong></span> <span class='ocrx_word' id='word_1_118' title='bbox 1059 1776 1126 1831; x_wconf 88' lang='lat' dir='ltr'><strong>ad</strong></span> <span class='ocrx_word' id='word_1_119' title='bbox 1160 1777 1590 1845; x_wconf 89' lang='lat' dir='ltr'><strong>processionem,</strong></span> <span class='ocrx_word' id='word_1_120' title='bbox 1644 1779 1797 1848; x_wconf 86' lang='lat' dir='ltr'><strong>quasi</strong></span> <span class='ocrx_word' id='word_1_121' title='bbox 1847 1778 1913 1832; x_wconf 86' lang='lat' dir='ltr'><strong>ad</strong></span> 
     </span>
    </p>
   </div>
   <div class='ocr_carea' id='block_1_20' title="bbox 2028 588 3599 657">
    <p class='ocr_par' dir='ltr' id='par_1_20' title="bbox 2028 588 3599 657">
     <span class='ocr_line' id='line_1_20' title="bbox 2028 588 3599 657; baseline 0.007 -17"><span class='ocrx_word' id='word_1_122' title='bbox 2028 588 2185 654; x_wconf 70' lang='lat' dir='ltr'><strong>Filio,</strong></span> <span class='ocrx_word' id='word_1_123' title='bbox 2240 589 2307 641; x_wconf 86' lang='lat' dir='ltr'><strong>ah</strong></span> <span class='ocrx_word' id='word_1_124' title='bbox 2360 588 2451 641; x_wconf 90' lang='lat' dir='ltr'><strong>illo</strong></span> <span class='ocrx_word' id='word_1_125' title='bbox 2502 589 2859 657; x_wconf 80' lang='lat' dir='ltr'><strong>personaliter</strong></span> <span class='ocrx_word' id='word_1_126' title='bbox 2912 606 3017 645; x_wconf 93' lang='lat' dir='ltr'><strong>non</strong></span> <span class='ocrx_word' id='word_1_127' title='bbox 3068 592 3303 657; x_wconf 75' lang='lat' dir='ltr'><strong>differet,</strong></span> <span class='ocrx_word' id='word_1_128' title='bbox 3346 596 3438 649; x_wconf 89' lang='lat' dir='ltr'><strong>sed</strong></span> <span class='ocrx_word' id='word_1_129' title='bbox 3492 613 3599 652; x_wconf 88' lang='lat' dir='ltr'><strong>una</strong></span> 
     </span>
    </p>
   </div>
   <div class='ocr_carea' id='block_1_21' title="bbox 2025 680 3597 756">
    <p class='ocr_par' dir='ltr' id='par_1_21' title="bbox 2025 680 3597 756">
     <span class='ocr_line' id='line_1_21' title="bbox 2025 680 3597 756; baseline 0.008 -23"><span class='ocrx_word' id='word_1_130' title='bbox 2025 696 2148 733; x_wconf 87' lang='lat' dir='ltr'><strong>cum</strong></span> <span class='ocrx_word' id='word_1_131' title='bbox 2185 680 2272 733; x_wconf 93' lang='lat' dir='ltr'><strong>illo</strong></span> <span class='ocrx_word' id='word_1_132' title='bbox 2316 695 2546 746; x_wconf 78' lang='lat' dir='ltr'><strong>persona</strong></span> <span class='ocrx_word' id='word_1_133' title='bbox 2578 682 2680 733; x_wconf 90' lang='lat' dir='ltr'><strong>erit</strong></span> <span class='ocrx_word' id='word_1_134' title='bbox 2734 681 3046 737; x_wconf 79' lang='lat' dir='ltr'><strong>differentes</strong></span> <span class='ocrx_word' id='word_1_135' title='bbox 3096 685 3301 740; x_wconf 81' lang='lat' dir='ltr'><strong>habens</strong></span> <span class='ocrx_word' id='word_1_136' title='bbox 3335 689 3597 756; x_wconf 90' lang='lat' dir='ltr'><strong>rationes,</strong></span> 
     </span>
    </p>
   </div>
   <div class='ocr_carea' id='block_1_22' title="bbox 2026 770 3597 841">
    <p class='ocr_par' dir='ltr' id='par_1_22' title="bbox 2026 770 3597 841">
     <span class='ocr_line' id='line_1_22' title="bbox 2026 770 3597 841; baseline 0.005 -17"><span class='ocrx_word' id='word_1_137' title='bbox 2026 780 2084 824; x_wconf 93' lang='lat' dir='ltr'><strong>ut</strong></span> <span class='ocrx_word' id='word_1_138' title='bbox 2113 780 2193 823; x_wconf 80' lang='lat' dir='ltr'><strong>est</strong></span> <span class='ocrx_word' id='word_1_139' title='bbox 2244 770 2392 823; x_wconf 90' lang='lat' dir='ltr'><strong>nasci</strong></span> <span class='ocrx_word' id='word_1_140' title='bbox 2426 781 2477 822; x_wconf 91' lang='lat' dir='ltr'><strong>et</strong></span> <span class='ocrx_word' id='word_1_141' title='bbox 2523 770 2800 837; x_wconf 70' lang='lat' dir='ltr'><strong>inspirari,</strong></span> <span class='ocrx_word' id='word_1_142' title='bbox 2839 786 2903 825; x_wconf 93' lang='lat' dir='ltr'><strong>eo</strong></span> <span class='ocrx_word' id='word_1_143' title='bbox 2938 773 3082 841; x_wconf 89' lang='lat' dir='ltr'><strong>quod</strong></span> <span class='ocrx_word' id='word_1_144' title='bbox 3120 776 3322 829; x_wconf 90' lang='lat' dir='ltr'><strong>nullam</strong></span> <span class='ocrx_word' id='word_1_145' title='bbox 3362 777 3597 832; x_wconf 81' lang='lat' dir='ltr'><strong>habeant</strong></span> 
     </span>
    </p>
   </div>
   <div class='ocr_carea' id='block_1_23' title="bbox 2024 859 3597 932">
    <p class='ocr_par' dir='ltr' id='par_1_23' title="bbox 2024 859 3597 932">
     <span class='ocr_line' id='line_1_23' title="bbox 2024 859 3597 932; baseline 0.008 -21"><span class='ocrx_word' id='word_1_146' title='bbox 2024 859 2089 911; x_wconf 88' lang='lat' dir='ltr'><strong>ad</strong></span> <span class='ocrx_word' id='word_1_147' title='bbox 2120 859 2347 913; x_wconf 88' lang='lat' dir='ltr'><strong>invicem</strong></span> <span class='ocrx_word' id='word_1_148' title='bbox 2381 860 2810 927; x_wconf 86' lang='lat' dir='ltr'><strong>oppositionem,</strong></span> <span class='ocrx_word' id='word_1_149' title='bbox 2848 872 2944 916; x_wconf 88' lang='lat' dir='ltr'><strong>aut</strong></span> <span class='ocrx_word' id='word_1_150' title='bbox 2989 864 3233 920; x_wconf 91' lang='lat' dir='ltr'><strong>habitum</strong></span> <span class='ocrx_word' id='word_1_151' title='bbox 3268 886 3281 922; x_wconf 92' lang='lat'><strong>:</strong></span> <span class='ocrx_word' id='word_1_152' title='bbox 3322 869 3430 932; x_wconf 90' lang='lat' dir='ltr'><strong>vel,</strong></span> <span class='ocrx_word' id='word_1_153' title='bbox 3456 871 3597 924; x_wconf 87' lang='lat' dir='ltr'><strong>sicut</strong></span> 
     </span>
    </p>
   </div>
   <div class='ocr_carea' id='block_1_24' title="bbox 2024 948 3599 1027">
    <p class='ocr_par' dir='ltr' id='par_1_24' title="bbox 2024 948 3599 1027">
     <span class='ocr_line' id='line_1_24' title="bbox 2024 948 3599 1027; baseline 0.008 -25"><span class='ocrx_word' id='word_1_154' title='bbox 2024 951 2141 1002; x_wconf 76' lang='lat' dir='ltr'><strong>dna:</strong></span> <span class='ocrx_word' id='word_1_155' title='bbox 2202 948 2525 1017; x_wconf 83' lang='lat' dir='ltr'><strong>simpliciter</strong></span> <span class='ocrx_word' id='word_1_156' title='bbox 2583 948 2900 1007; x_wconf 73' lang='lat' dir='ltr'><strong>differentes</strong></span> <span class='ocrx_word' id='word_1_157' title='bbox 2963 966 3161 1020; x_wconf 89' lang='lat' dir='ltr'><strong>erunt,</strong></span> <span class='ocrx_word' id='word_1_158' title='bbox 3212 956 3599 1027; x_wconf 82' lang='lat' dir='ltr'><strong>habebuntth</strong></span> 
     </span>
    </p>
   </div>
   <div class='ocr_carea' id='block_1_25' title="bbox 2023 1039 3593 1115">
    <p class='ocr_par' dir='ltr' id='par_1_25' title="bbox 2023 1039 3593 1115">
     <span class='ocr_line' id='line_1_25' title="bbox 2023 1039 3593 1115; baseline 0.008 -23"><span class='ocrx_word' id='word_1_159' title='bbox 2023 1039 2379 1093; x_wconf 71' lang='lat' dir='ltr'><strong>differentiam</strong></span> <span class='ocrx_word' id='word_1_160' title='bbox 2404 1039 2678 1102; x_wconf 61' lang='lat' dir='ltr'><strong>essentia},</strong></span> <span class='ocrx_word' id='word_1_161' title='bbox 2702 1054 2809 1094; x_wconf 90' lang='lat' dir='ltr'><strong>non</strong></span> <span class='ocrx_word' id='word_1_162' title='bbox 2834 1044 3170 1111; x_wconf 87' lang='lat' dir='ltr'><strong>personalem</strong></span> <span class='ocrx_word' id='word_1_163' title='bbox 3200 1055 3430 1115; x_wconf 88' lang='lat' dir='ltr'><strong>tantum,</strong></span> <span class='ocrx_word' id='word_1_164' title='bbox 3453 1050 3593 1115; x_wconf 87' lang='lat' dir='ltr'><strong>quod</strong></span> 
     </span>
    </p>
   </div>
   <div class='ocr_carea' id='block_1_26' title="bbox 2022 1130 2697 1201">
    <p class='ocr_par' dir='ltr' id='par_1_26' title="bbox 2022 1130 2697 1201">
     <span class='ocr_line' id='line_1_26' title="bbox 2022 1130 2697 1201; baseline 0.001 -16"><span class='ocrx_word' id='word_1_165' title='bbox 2022 1133 2236 1201; x_wconf 83' lang='lat' dir='ltr'><strong>penitus</strong></span> <span class='ocrx_word' id='word_1_166' title='bbox 2269 1130 2560 1186; x_wconf 89' lang='lat' dir='ltr'><strong>absurdum</strong></span> <span class='ocrx_word' id='word_1_167' title='bbox 2591 1141 2697 1186; x_wconf 86' lang='lat' dir='ltr'><strong>est.</strong></span> 
     </span>
    </p>
   </div>
   <div class='ocr_carea' id='block_1_27' title="bbox 2091 1222 3598 1294">
    <p class='ocr_par' dir='ltr' id='par_1_27' title="bbox 2091 1222 3598 1294">
     <span class='ocr_line' id='line_1_27' title="bbox 2091 1222 3598 1294; baseline 0.004 -15"><span class='ocrx_word' id='word_1_168' title='bbox 2091 1225 2278 1287; x_wconf 90' lang='lat' dir='ltr'><strong>Porro,</strong></span> <span class='ocrx_word' id='word_1_169' title='bbox 2322 1222 2367 1278; x_wconf 93' lang='lat' dir='ltr'><strong>si</strong></span> <span class='ocrx_word' id='word_1_170' title='bbox 2409 1224 2532 1291; x_wconf 85' lang='lat' dir='ltr'><strong>quis</strong></span> <span class='ocrx_word' id='word_1_171' title='bbox 2581 1232 2770 1293; x_wconf 79' lang='lat' dir='ltr'><strong>pergat</strong></span> <span class='ocrx_word' id='word_1_172' title='bbox 2806 1227 3166 1294; x_wconf 89' lang='lat' dir='ltr'><strong>contendere,</strong></span> <span class='ocrx_word' id='word_1_173' title='bbox 3198 1231 3478 1287; x_wconf 88' lang='lat' dir='ltr'><strong>nativitate</strong></span> <span class='ocrx_word' id='word_1_174' title='bbox 3508 1232 3598 1287; x_wconf 86' lang='lat' dir='ltr'><strong>Fi-</strong></span> 
     </span>
    </p>
   </div>
   <div class='ocr_carea' id='block_1_28' title="bbox 2022 1313 3595 1389">
    <p class='ocr_par' dir='ltr' id='par_1_28' title="bbox 2022 1313 3595 1389">
     <span class='ocr_line' id='line_1_28' title="bbox 2022 1313 3595 1389; baseline 0.004 -20"><span class='ocrx_word' id='word_1_175' title='bbox 2022 1315 2153 1369; x_wconf 91' lang='lat' dir='ltr'><strong>lium</strong></span> <span class='ocrx_word' id='word_1_176' title='bbox 2225 1330 2334 1369; x_wconf 88' lang='lat' dir='ltr'><strong>non</strong></span> <span class='ocrx_word' id='word_1_177' title='bbox 2381 1329 2409 1367; x_wconf 93' lang='lat' dir='ltr'><strong>a</strong></span> <span class='ocrx_word' id='word_1_178' title='bbox 2445 1313 2603 1367; x_wconf 85' lang='lat' dir='ltr'><strong>Patre</strong></span> <span class='ocrx_word' id='word_1_179' title='bbox 2637 1315 2833 1379; x_wconf 86' lang='lat' dir='ltr'><strong>solum,</strong></span> <span class='ocrx_word' id='word_1_180' title='bbox 2888 1317 2982 1371; x_wconf 88' lang='lat' dir='ltr'><strong>sed</strong></span> <span class='ocrx_word' id='word_1_181' title='bbox 3018 1318 3180 1372; x_wconf 90' lang='lat' dir='ltr'><strong>etiam</strong></span> <span class='ocrx_word' id='word_1_182' title='bbox 3219 1317 3425 1389; x_wconf 82' lang='lat' dir='ltr'><strong>Spiritu</strong></span> <span class='ocrx_word' id='word_1_183' title='bbox 3477 1323 3595 1376; x_wconf 90' lang='lat' dir='ltr'><strong>dis-</strong></span> 
     </span>
    </p>
   </div>
   <div class='ocr_carea' id='block_1_29' title="bbox 2020 1405 3592 1476">
    <p class='ocr_par' dir='ltr' id='par_1_29' title="bbox 2020 1405 3592 1476">
     <span class='ocr_line' id='line_1_29' title="bbox 2020 1405 3592 1476; baseline 0.004 -15"><span class='ocrx_word' id='word_1_184' title='bbox 2020 1406 2193 1471; x_wconf 88' lang='lat' dir='ltr'><strong>cerni,</strong></span> <span class='ocrx_word' id='word_1_185' title='bbox 2239 1419 2308 1461; x_wconf 91' lang='lat' dir='ltr'><strong>ne</strong></span> <span class='ocrx_word' id='word_1_186' title='bbox 2338 1405 2415 1459; x_wconf 89' lang='lat' dir='ltr'><strong>sic</strong></span> <span class='ocrx_word' id='word_1_187' title='bbox 2446 1405 2665 1472; x_wconf 88' lang='lat' dir='ltr'><strong>quidem</strong></span> <span class='ocrx_word' id='word_1_188' title='bbox 2709 1406 2952 1476; x_wconf 68' lang='lat' dir='ltr'><strong>effugiet,</strong></span> <span class='ocrx_word' id='word_1_189' title='bbox 3002 1423 3071 1462; x_wconf 91' lang='lat' dir='ltr'><strong>ne</strong></span> <span class='ocrx_word' id='word_1_190' title='bbox 3100 1408 3246 1464; x_wconf 85' lang='lat' dir='ltr'><strong>dicat</strong></span> <span class='ocrx_word' id='word_1_191' title='bbox 3279 1422 3332 1464; x_wconf 92' lang='lat' dir='ltr'><strong>et</strong></span> <span class='ocrx_word' id='word_1_192' title='bbox 3365 1427 3394 1465; x_wconf 90' lang='lat' dir='ltr'><strong>a</strong></span> <span class='ocrx_word' id='word_1_193' title='bbox 3453 1412 3592 1468; x_wconf 85' lang='lat' dir='ltr'><strong>Filio</strong></span> 
     </span>
    </p>
   </div>
   <div class='ocr_carea' id='block_1_30' title="bbox 2019 1496 3598 1569">
    <p class='ocr_par' dir='ltr' id='par_1_30' title="bbox 2019 1496 3598 1569">
     <span class='ocr_line' id='line_1_30' title="bbox 2019 1496 3598 1569; baseline 0.002 -16"><span class='ocrx_word' id='word_1_194' title='bbox 2019 1497 2271 1569; x_wconf 84' lang='lat' dir='ltr'><strong>inspirari</strong></span> <span class='ocrx_word' id='word_1_195' title='bbox 2323 1496 2581 1567; x_wconf 91' lang='lat' dir='ltr'><strong>Spiritum</strong></span> <span class='ocrx_word' id='word_1_196' title='bbox 2618 1508 2863 1552; x_wconf 88' lang='lat' dir='ltr'><strong>sanctum</strong></span> <span class='ocrx_word' id='word_1_197' title='bbox 2896 1515 2914 1566; x_wconf 72' lang='grc' dir='ltr'>ς</span> <span class='ocrx_word' id='word_1_198' title='bbox 2942 1499 3142 1569; x_wconf 83' lang='lat' dir='ltr'><strong>quippe</strong></span> <span class='ocrx_word' id='word_1_199' title='bbox 3184 1498 3303 1554; x_wconf 84' lang='lat' dir='ltr'><strong>Filii</strong></span> <span class='ocrx_word' id='word_1_200' title='bbox 3338 1503 3598 1557; x_wconf 84' lang='lat' dir='ltr'><strong>terminus</strong></span> 
     </span>
    </p>
   </div>
   <div class='ocr_carea' id='block_1_31' title="bbox 2018 1590 3597 1661">
    <p class='ocr_par' dir='ltr' id='par_1_31' title="bbox 2018 1590 3597 1661">
     <span class='ocr_line' id='line_1_31' title="bbox 2018 1590 3597 1661; baseline 0.002 -16"><span class='ocrx_word' id='word_1_201' title='bbox 2018 1600 2120 1655; x_wconf 91' lang='lat' dir='ltr'><strong>est,</strong></span> <span class='ocrx_word' id='word_1_202' title='bbox 2160 1600 2469 1647; x_wconf 83' lang='lat' dir='ltr'><strong>consortem</strong></span> <span class='ocrx_word' id='word_1_203' title='bbox 2519 1598 2573 1645; x_wconf 93' lang='lat' dir='ltr'><strong>et</strong></span> <span class='ocrx_word' id='word_1_204' title='bbox 2616 1590 2886 1645; x_wconf 78' lang='lat' dir='ltr'><strong>lneredem</strong></span> <span class='ocrx_word' id='word_1_205' title='bbox 2932 1604 3055 1645; x_wconf 86' lang='lat' dir='ltr'><strong>esse</strong></span> <span class='ocrx_word' id='word_1_206' title='bbox 3097 1600 3449 1661; x_wconf 89' lang='lat' dir='ltr'><strong>paternorum</strong></span> <span class='ocrx_word' id='word_1_207' title='bbox 3479 1610 3597 1648; x_wconf 77' lang='lat' dir='ltr'><strong>om-</strong></span> 
     </span>
    </p>
   </div>
   <div class='ocr_carea' id='block_1_32' title="bbox 2017 1678 3589 1751">
    <p class='ocr_par' dir='ltr' id='par_1_32' title="bbox 2017 1678 3589 1751">
     <span class='ocr_line' id='line_1_32' title="bbox 2017 1678 3589 1751; baseline 0.001 -16"><span class='ocrx_word' id='word_1_208' title='bbox 2017 1682 2168 1736; x_wconf 89' lang='lat' dir='ltr'><strong>nium</strong></span> <span class='ocrx_word' id='word_1_209' title='bbox 2211 1681 2498 1737; x_wconf 88' lang='lat' dir='ltr'><strong>bonorum.</strong></span> <span class='ocrx_word' id='word_1_210' title='bbox 2542 1678 2729 1751; x_wconf 89' lang='lat' dir='ltr'><strong>Itaque</strong></span> <span class='ocrx_word' id='word_1_211' title='bbox 2766 1695 2887 1735; x_wconf 93' lang='lat' dir='ltr'><strong>cum</strong></span> <span class='ocrx_word' id='word_1_212' title='bbox 2927 1682 3139 1737; x_wconf 83' lang='lat' dir='ltr'><strong>caeteris</strong></span> <span class='ocrx_word' id='word_1_213' title='bbox 3190 1695 3218 1735; x_wconf 92' lang='lat' dir='ltr'><strong>a</strong></span> <span class='ocrx_word' id='word_1_214' title='bbox 3260 1680 3424 1737; x_wconf 83' lang='lat' dir='ltr'><strong>Patre</strong></span> <span class='ocrx_word' id='word_1_215' title='bbox 3482 1683 3589 1739; x_wconf 86' lang='lat' dir='ltr'><strong>sibi</strong></span> 
     </span>
    </p>
   </div>
   <div class='ocr_carea' id='block_1_33' title="bbox 2020 1770 3596 1842">
    <p class='ocr_par' dir='ltr' id='par_1_33' title="bbox 2020 1770 3596 1842">
     <span class='ocr_line' id='line_1_33' title="bbox 2020 1770 3596 1842; baseline 0.001 -15"><span class='ocrx_word' id='word_1_216' title='bbox 2020 1772 2255 1841; x_wconf 89' lang='lat' dir='ltr'><strong>Spiritus</strong></span> <span class='ocrx_word' id='word_1_217' title='bbox 2318 1786 2536 1842; x_wconf 89' lang='lat' dir='ltr'><strong>quoque</strong></span> <span class='ocrx_word' id='word_1_218' title='bbox 2586 1786 2749 1826; x_wconf 84' lang='lat' dir='ltr'><strong>causa</strong></span> <span class='ocrx_word' id='word_1_219' title='bbox 2805 1770 2929 1836; x_wconf 84' lang='lat' dir='ltr'><strong>erit,</strong></span> <span class='ocrx_word' id='word_1_220' title='bbox 2979 1785 3043 1825; x_wconf 88' lang='lat' dir='ltr'><strong>ac</strong></span> <span class='ocrx_word' id='word_1_221' title='bbox 3093 1782 3377 1841; x_wconf 88' lang='lat' dir='ltr'><strong>propterea</strong></span> <span class='ocrx_word' id='word_1_222' title='bbox 3429 1788 3596 1829; x_wconf 85' lang='lat' dir='ltr'><strong>causa</strong></span> 
     </span>
    </p>
   </div>
   <div class='ocr_carea' id='block_1_34' title="bbox 351 1839 1914 1941">
    <p class='ocr_par' dir='ltr' id='par_1_34' title="bbox 351 1868 1914 1941">
     <span class='ocr_line' id='line_1_34' title="bbox 351 1868 1914 1941; baseline 0.005 -22"><span class='ocrx_word' id='word_1_223' title='bbox 351 1869 657 1935; x_wconf 79' lang='lat' dir='ltr'><strong>oppositam</strong></span> <span class='ocrx_word' id='word_1_224' title='bbox 686 1868 1007 1924; x_wconf 87' lang='lat' dir='ltr'><strong>relationem</strong></span> <span class='ocrx_word' id='word_1_225' title='bbox 1039 1871 1349 1926; x_wconf 89' lang='lat' dir='ltr'><strong>reducetur.</strong></span> <span class='ocrx_word' id='word_1_226' title='bbox 1384 1868 1496 1926; x_wconf 85' lang='lat' dir='ltr'><strong>Hoc</strong></span> <span class='ocrx_word' id='word_1_227' title='bbox 1522 1882 1703 1927; x_wconf 90' lang='lat' dir='ltr'><strong>autem</strong></span> <span class='ocrx_word' id='word_1_228' title='bbox 1742 1870 1914 1941; x_wconf 86' lang='lat' dir='ltr'><strong>possi-</strong></span> 
     </span>
    </p>
   </div>
   <div class='ocr_carea' id='block_1_35' title="bbox 2014 1839 3596 1941">
    <p class='ocr_par' dir='ltr' id='par_1_35' title="bbox 2018 1862 3596 1933">
     <span class='ocr_line' id='line_1_35' title="bbox 2018 1862 3596 1933; baseline 0.001 -12"><span class='ocrx_word' id='word_1_229' title='bbox 2018 1866 2355 1921; x_wconf 90' lang='lat' dir='ltr'><strong>discernetur</strong></span> <span class='ocrx_word' id='word_1_230' title='bbox 2419 1879 2451 1918; x_wconf 91' lang='lat' dir='ltr'><strong>a</strong></span> <span class='ocrx_word' id='word_1_231' title='bbox 2517 1874 2704 1919; x_wconf 88' lang='lat' dir='ltr'><strong>sancto</strong></span> <span class='ocrx_word' id='word_1_232' title='bbox 2778 1862 3025 1933; x_wconf 86' lang='lat' dir='ltr'><strong>Spiritu,</strong></span> <span class='ocrx_word' id='word_1_233' title='bbox 3078 1879 3237 1933; x_wconf 71' lang='lat' dir='ltr'><strong>quae,</strong></span> <span class='ocrx_word' id='word_1_234' title='bbox 3279 1866 3334 1919; x_wconf 89' lang='lat' dir='ltr'><strong>in</strong></span> <span class='ocrx_word' id='word_1_235' title='bbox 3367 1869 3596 1923; x_wconf 88' lang='lat' dir='ltr'><strong>termino</strong></span> 
     </span>
    </p>
   </div>
   <div class='ocr_carea' id='block_1_36' title="bbox 349 1958 1915 2032">
    <p class='ocr_par' dir='ltr' id='par_1_36' title="bbox 349 1958 1915 2032">
     <span class='ocr_line' id='line_1_36' title="bbox 349 1958 1915 2032; baseline 0.003 -19"><span class='ocrx_word' id='word_1_236' title='bbox 349 1958 452 2013; x_wconf 82' lang='lat' dir='ltr'><strong>bile</strong></span> <span class='ocrx_word' id='word_1_237' title='bbox 494 1973 602 2012; x_wconf 93' lang='lat' dir='ltr'><strong>non</strong></span> <span class='ocrx_word' id='word_1_238' title='bbox 637 1967 741 2014; x_wconf 88' lang='lat' dir='ltr'><strong>est.</strong></span> <span class='ocrx_word' id='word_1_239' title='bbox 784 1959 966 2015; x_wconf 82' lang='lat' dir='ltr'><strong>Solam</strong></span> <span class='ocrx_word' id='word_1_240' title='bbox 1001 1962 1144 2016; x_wconf 91' lang='lat' dir='ltr'><strong>enim</strong></span> <span class='ocrx_word' id='word_1_241' title='bbox 1189 1961 1257 2014; x_wconf 90' lang='lat' dir='ltr'><strong>ad</strong></span> <span class='ocrx_word' id='word_1_242' title='bbox 1287 1962 1673 2032; x_wconf 85' lang='lat' dir='ltr'><strong>paternitatem</strong></span> <span class='ocrx_word' id='word_1_243' title='bbox 1714 1963 1785 2017; x_wconf 89' lang='lat' dir='ltr'><strong>ita</strong></span> <span class='ocrx_word' id='word_1_244' title='bbox 1820 1965 1915 2018; x_wconf 79' lang='lat' dir='ltr'><strong>fta-</strong></span> 
     </span>
    </p>
   </div>
   <div class='ocr_carea' id='block_1_37' title="bbox 353 2049 1915 2121">
    <p class='ocr_par' dir='ltr' id='par_1_37' title="bbox 353 2049 1915 2121">
     <span class='ocr_line' id='line_1_37' title="bbox 353 2049 1915 2121; baseline 0.003 -17"><span class='ocrx_word' id='word_1_245' title='bbox 353 2050 476 2113; x_wconf 83' lang='lat' dir='ltr'><strong>bet;</strong></span> <span class='ocrx_word' id='word_1_246' title='bbox 525 2049 795 2121; x_wconf 90' lang='lat' dir='ltr'><strong>simulque</strong></span> <span class='ocrx_word' id='word_1_247' title='bbox 830 2053 901 2105; x_wconf 87' lang='lat' dir='ltr'><strong>ita</strong></span> <span class='ocrx_word' id='word_1_248' title='bbox 934 2052 1035 2108; x_wconf 93' lang='lat' dir='ltr'><strong>erit</strong></span> <span class='ocrx_word' id='word_1_249' title='bbox 1064 2052 1298 2121; x_wconf 88' lang='lat' dir='ltr'><strong>Spiritus</strong></span> <span class='ocrx_word' id='word_1_250' title='bbox 1333 2053 1454 2109; x_wconf 87' lang='lat' dir='ltr'><strong>Filii</strong></span> <span class='ocrx_word' id='word_1_251' title='bbox 1498 2056 1681 2119; x_wconf 90' lang='lat' dir='ltr'><strong>Pater,</strong></span> <span class='ocrx_word' id='word_1_252' title='bbox 1720 2054 1915 2109; x_wconf 84' lang='lat' dir='ltr'><strong>multa-</strong></span> 
     </span>
    </p>
   </div>
   <div class='ocr_carea' id='block_1_38' title="bbox 347 2141 1915 2217">
    <p class='ocr_par' dir='ltr' id='par_1_38' title="bbox 347 2141 1915 2217">
     <span class='ocr_line' id='line_1_38' title="bbox 347 2141 1915 2217; baseline 0.003 -23"><span class='ocrx_word' id='word_1_253' title='bbox 347 2156 449 2211; x_wconf 90' lang='lat' dir='ltr'><strong>que</strong></span> <span class='ocrx_word' id='word_1_254' title='bbox 478 2141 829 2210; x_wconf 84' lang='lat' dir='ltr'><strong>impossibilia</strong></span> <span class='ocrx_word' id='word_1_255' title='bbox 858 2153 1173 2211; x_wconf 85' lang='lat' dir='ltr'><strong>sequentur.</strong></span> <span class='ocrx_word' id='word_1_256' title='bbox 1202 2146 1364 2215; x_wconf 85' lang='lat' dir='ltr'><strong>Atqui</strong></span> <span class='ocrx_word' id='word_1_257' title='bbox 1407 2162 1585 2217; x_wconf 89' lang='lat' dir='ltr'><strong>neque</strong></span> <span class='ocrx_word' id='word_1_258' title='bbox 1614 2146 1915 2201; x_wconf 87' lang='lat' dir='ltr'><strong>secundum</strong></span> 
     </span>
    </p>
   </div>
   <div class='ocr_carea' id='block_1_39' title="bbox 345 2226 1916 2306">
    <p class='ocr_par' dir='ltr' id='par_1_39' title="bbox 345 2226 1916 2306">
     <span class='ocr_line' id='line_1_39' title="bbox 345 2226 1916 2306; baseline 0.003 -20"><span class='ocrx_word' id='word_1_259' title='bbox 345 2232 800 2287; x_wconf 85' lang='lat' dir='ltr'><strong>contradictionis</strong></span> <span class='ocrx_word' id='word_1_260' title='bbox 841 2235 1238 2305; x_wconf 86' lang='lat' dir='ltr'><strong>oppositionem</strong></span> <span class='ocrx_word' id='word_1_261' title='bbox 1282 2238 1428 2306; x_wconf 89' lang='lat' dir='ltr'><strong>quod</strong></span> <span class='ocrx_word' id='word_1_262' title='bbox 1460 2226 1724 2300; x_wconf 84' lang='lat' dir='ltr'><strong>nascitur,</strong></span> <span class='ocrx_word' id='word_1_263' title='bbox 1751 2237 1820 2291; x_wconf 88' lang='lat' dir='ltr'><strong>ab</strong></span> <span class='ocrx_word' id='word_1_264' title='bbox 1851 2251 1916 2291; x_wconf 89' lang='lat' dir='ltr'><strong>eo</strong></span> 
     </span>
    </p>
   </div>
   <div class='ocr_carea' id='block_1_40' title="bbox 344 2322 1916 2395">
    <p class='ocr_par' dir='ltr' id='par_1_40' title="bbox 344 2322 1916 2395">
     <span class='ocr_line' id='line_1_40' title="bbox 344 2322 1916 2395; baseline 0.006 -24"><span class='ocrx_word' id='word_1_265' title='bbox 344 2322 485 2387; x_wconf 90' lang='lat' dir='ltr'><strong>quod</strong></span> <span class='ocrx_word' id='word_1_266' title='bbox 515 2335 622 2374; x_wconf 92' lang='lat' dir='ltr'><strong>non</strong></span> <span class='ocrx_word' id='word_1_267' title='bbox 655 2322 921 2387; x_wconf 89' lang='lat' dir='ltr'><strong>nascitur,</strong></span> <span class='ocrx_word' id='word_1_268' title='bbox 951 2323 1205 2392; x_wconf 89' lang='lat' dir='ltr'><strong>distingui</strong></span> <span class='ocrx_word' id='word_1_269' title='bbox 1243 2334 1417 2393; x_wconf 84' lang='lat' dir='ltr'><strong>potest</strong></span> <span class='ocrx_word' id='word_1_270' title='bbox 1453 2343 1466 2379; x_wconf 91' lang='lat'><strong>:</strong></span> <span class='ocrx_word' id='word_1_271' title='bbox 1503 2326 1701 2395; x_wconf 90' lang='lat' dir='ltr'><strong>quippe</strong></span> <span class='ocrx_word' id='word_1_272' title='bbox 1726 2324 1916 2394; x_wconf 88' lang='lat' dir='ltr'><strong>hujus-</strong></span> 
     </span>
    </p>
   </div>
   <div class='ocr_carea' id='block_1_41' title="bbox 346 2410 1915 2485">
    <p class='ocr_par' dir='ltr' id='par_1_41' title="bbox 346 2410 1915 2485">
     <span class='ocr_line' id='line_1_41' title="bbox 346 2410 1915 2485; baseline 0.006 -24"><span class='ocrx_word' id='word_1_273' title='bbox 346 2410 488 2462; x_wconf 86' lang='lat' dir='ltr'><strong>rnodi</strong></span> <span class='ocrx_word' id='word_1_274' title='bbox 521 2410 806 2477; x_wconf 82' lang='lat' dir='ltr'><strong>discretio,</strong></span> <span class='ocrx_word' id='word_1_275' title='bbox 842 2428 944 2467; x_wconf 92' lang='lat' dir='ltr'><strong>non</strong></span> <span class='ocrx_word' id='word_1_276' title='bbox 984 2422 1064 2467; x_wconf 91' lang='lat' dir='ltr'><strong>est</strong></span> <span class='ocrx_word' id='word_1_277' title='bbox 1104 2413 1221 2469; x_wconf 85' lang='lat' dir='ltr'><strong>Filii</strong></span> <span class='ocrx_word' id='word_1_278' title='bbox 1265 2424 1319 2469; x_wconf 91' lang='lat' dir='ltr'><strong>et</strong></span> <span class='ocrx_word' id='word_1_279' title='bbox 1358 2415 1617 2485; x_wconf 87' lang='lat' dir='ltr'><strong>Spiritus,</strong></span> <span class='ocrx_word' id='word_1_280' title='bbox 1660 2417 1714 2470; x_wconf 88' lang='lat' dir='ltr'><strong>in</strong></span> <span class='ocrx_word' id='word_1_281' title='bbox 1746 2432 1915 2485; x_wconf 84' lang='lat' dir='ltr'><strong>quan-</strong></span> 
     </span>
    </p>
   </div>
   <div class='ocr_carea' id='block_1_42' title="bbox 346 2499 1914 2575">
    <p class='ocr_par' dir='ltr' id='par_1_42' title="bbox 346 2499 1914 2575">
     <span class='ocr_line' id='line_1_42' title="bbox 346 2499 1914 2575; baseline 0.008 -24"><span class='ocrx_word' id='word_1_282' title='bbox 346 2510 453 2554; x_wconf 86' lang='lat' dir='ltr'><strong>tnm</strong></span> <span class='ocrx_word' id='word_1_283' title='bbox 492 2499 755 2569; x_wconf 86' lang='lat' dir='ltr'><strong>Spiritus,</strong></span> <span class='ocrx_word' id='word_1_284' title='bbox 801 2518 976 2572; x_wconf 88' lang='lat' dir='ltr'><strong>neque</strong></span> <span class='ocrx_word' id='word_1_285' title='bbox 1003 2506 1216 2574; x_wconf 87' lang='lat' dir='ltr'><strong>propria</strong></span> <span class='ocrx_word' id='word_1_286' title='bbox 1267 2508 1457 2575; x_wconf 89' lang='lat' dir='ltr'><strong>ipsius,</strong></span> <span class='ocrx_word' id='word_1_287' title='bbox 1491 2512 1583 2564; x_wconf 89' lang='lat' dir='ltr'><strong>sed</strong></span> <span class='ocrx_word' id='word_1_288' title='bbox 1611 2510 1914 2564; x_wconf 87' lang='lat' dir='ltr'><strong>communis</strong></span> 
     </span>
    </p>
   </div>
   <div class='ocr_carea' id='block_1_43' title="bbox 341 2596 1915 2665">
    <p class='ocr_par' dir='ltr' id='par_1_43' title="bbox 341 2596 1915 2665">
     <span class='ocr_line' id='line_1_43' title="bbox 341 2596 1915 2665; baseline 0.004 -16"><span class='ocrx_word' id='word_1_289' title='bbox 341 2596 588 2649; x_wconf 76' lang='grc' dir='ltr'><strong>ωιιηῖυηι</strong></span> <span class='ocrx_word' id='word_1_290' title='bbox 630 2611 751 2665; x_wconf 67' lang='lat' dir='ltr'><strong>quae</strong></span> <span class='ocrx_word' id='word_1_291' title='bbox 792 2612 901 2652; x_wconf 91' lang='lat' dir='ltr'><strong>non</strong></span> <span class='ocrx_word' id='word_1_292' title='bbox 951 2608 1275 2656; x_wconf 89' lang='lat' dir='ltr'><strong>nascuntur.</strong></span> <span class='ocrx_word' id='word_1_293' title='bbox 1304 2600 1477 2655; x_wconf 77' lang='lat' dir='ltr'><strong>Simili</strong></span> <span class='ocrx_word' id='word_1_294' title='bbox 1517 2602 1662 2656; x_wconf 90' lang='lat' dir='ltr'><strong>enim</strong></span> <span class='ocrx_word' id='word_1_295' title='bbox 1705 2601 1915 2657; x_wconf 87' lang='lat' dir='ltr'><strong>ratione</strong></span> 
     </span>
    </p>
   </div>
   <div class='ocr_carea' id='block_1_44' title="bbox 340 2686 1953 2759">
    <p class='ocr_par' dir='ltr' id='par_1_44' title="bbox 340 2686 1953 2759">
     <span class='ocr_line' id='line_1_44' title="bbox 340 2686 1953 2759; baseline 0.008 -24"><span class='ocrx_word' id='word_1_296' title='bbox 340 2686 504 2737; x_wconf 78' lang='lat' dir='ltr'><strong>etiam</strong></span> <span class='ocrx_word' id='word_1_297' title='bbox 551 2686 623 2740; x_wconf 91' lang='lat' dir='ltr'><strong>ad</strong></span> <span class='ocrx_word' id='word_1_298' title='bbox 664 2689 847 2742; x_wconf 87' lang='lat' dir='ltr'><strong>omnia</strong></span> <span class='ocrx_word' id='word_1_299' title='bbox 896 2703 1016 2759; x_wconf 74' lang='lat' dir='ltr'><strong>qua:</strong></span> <span class='ocrx_word' id='word_1_300' title='bbox 1060 2705 1167 2744; x_wconf 91' lang='lat' dir='ltr'><strong>non</strong></span> <span class='ocrx_word' id='word_1_301' title='bbox 1212 2701 1529 2756; x_wconf 88' lang='lat' dir='ltr'><strong>nascuntur,</strong></span> <span class='ocrx_word' id='word_1_302' title='bbox 1572 2692 1953 2748; x_wconf 53' lang='lat' dir='ltr'><strong>discernetur</strong></span> 
     </span>
    </p>
   </div>
   <div class='ocr_carea' id='block_1_45' title="bbox 339 2776 1911 2854">
    <p class='ocr_par' dir='ltr' id='par_1_45' title="bbox 339 2776 1911 2854">
     <span class='ocr_line' id='line_1_45' title="bbox 339 2776 1911 2854; baseline 0.004 -23"><span class='ocrx_word' id='word_1_303' title='bbox 339 2776 532 2841; x_wconf 79' lang='lat' dir='ltr'><strong>Filius,</strong></span> <span class='ocrx_word' id='word_1_304' title='bbox 570 2779 785 2849; x_wconf 86' lang='lat' dir='ltr'><strong>eritque</strong></span> <span class='ocrx_word' id='word_1_305' title='bbox 818 2778 989 2836; x_wconf 88' lang='lat' dir='ltr'><strong>Filius</strong></span> <span class='ocrx_word' id='word_1_306' title='bbox 1036 2783 1100 2836; x_wconf 83' lang='lat' dir='ltr'><strong>ad</strong></span> <span class='ocrx_word' id='word_1_307' title='bbox 1132 2780 1419 2851; x_wconf 89' lang='lat' dir='ltr'><strong>Spiritum,</strong></span> <span class='ocrx_word' id='word_1_308' title='bbox 1456 2785 1601 2838; x_wconf 90' lang='lat' dir='ltr'><strong>sicut</strong></span> <span class='ocrx_word' id='word_1_309' title='bbox 1630 2784 1775 2854; x_wconf 90' lang='lat' dir='ltr'><strong>quod</strong></span> <span class='ocrx_word' id='word_1_310' title='bbox 1808 2796 1911 2851; x_wconf 88' lang='grc' dir='ltr'>εει,</span> 
     </span>
    </p>
   </div>
   <div class='ocr_carea' id='block_1_46' title="bbox 340 2867 1914 2939">
    <p class='ocr_par' dir='ltr' id='par_1_46' title="bbox 340 2867 1914 2939">
     <span class='ocr_line' id='line_1_46' title="bbox 340 2867 1914 2939; baseline 0.006 -19"><span class='ocrx_word' id='word_1_311' title='bbox 340 2867 408 2921; x_wconf 82' lang='lat' dir='ltr'><strong>ab</strong></span> <span class='ocrx_word' id='word_1_312' title='bbox 438 2883 508 2922; x_wconf 91' lang='lat' dir='ltr'><strong>eo</strong></span> <span class='ocrx_word' id='word_1_313' title='bbox 540 2870 689 2939; x_wconf 86' lang='lat' dir='ltr'><strong>quod</strong></span> <span class='ocrx_word' id='word_1_314' title='bbox 722 2886 828 2926; x_wconf 92' lang='lat' dir='ltr'><strong>non</strong></span> <span class='ocrx_word' id='word_1_315' title='bbox 859 2880 963 2938; x_wconf 87' lang='lat' dir='ltr'><strong>est,</strong></span> <span class='ocrx_word' id='word_1_316' title='bbox 982 2872 1334 2930; x_wconf 85' lang='lat' dir='ltr'><strong>discernitur.</strong></span> <span class='ocrx_word' id='word_1_317' title='bbox 1362 2871 1467 2929; x_wconf 87' lang='lat' dir='ltr'><strong>Sed</strong></span> <span class='ocrx_word' id='word_1_318' title='bbox 1496 2886 1551 2931; x_wconf 91' lang='lat' dir='ltr'><strong>et</strong></span> <span class='ocrx_word' id='word_1_319' title='bbox 1578 2877 1676 2929; x_wconf 91' lang='lat' dir='ltr'><strong>ista</strong></span> <span class='ocrx_word' id='word_1_320' title='bbox 1706 2876 1914 2930; x_wconf 86' lang='lat' dir='ltr'><strong>discre-</strong></span> 
     </span>
    </p>
   </div>
   <div class='ocr_carea' id='block_1_47' title="bbox 342 2960 1915 3037">
    <p class='ocr_par' dir='ltr' id='par_1_47' title="bbox 342 2960 1915 3037">
     <span class='ocr_line' id='line_1_47' title="bbox 342 2960 1915 3037; baseline 0.007 -24"><span class='ocrx_word' id='word_1_321' title='bbox 342 2960 418 3013; x_wconf 91' lang='lat' dir='ltr'><strong>tio</strong></span> <span class='ocrx_word' id='word_1_322' title='bbox 469 2962 871 3030; x_wconf 86' lang='lat' dir='ltr'><strong>substantialis,</strong></span> <span class='ocrx_word' id='word_1_323' title='bbox 909 2975 963 3020; x_wconf 88' lang='lat' dir='ltr'><strong>et</strong></span> <span class='ocrx_word' id='word_1_324' title='bbox 1012 2967 1186 3037; x_wconf 90' lang='lat' dir='ltr'><strong>prima</strong></span> <span class='ocrx_word' id='word_1_325' title='bbox 1236 2982 1345 3022; x_wconf 94' lang='lat' dir='ltr'><strong>non</strong></span> <span class='ocrx_word' id='word_1_326' title='bbox 1398 2978 1504 3024; x_wconf 88' lang='lat' dir='ltr'><strong>est.</strong></span> <span class='ocrx_word' id='word_1_327' title='bbox 1538 2967 1915 3035; x_wconf 72' lang='lat' dir='ltr'><strong>Subliciuntur</strong></span> 
     </span>
    </p>
   </div>
   <div class='ocr_carea' id='block_1_48' title="bbox 340 3051 1913 3128">
    <p class='ocr_par' dir='ltr' id='par_1_48' title="bbox 340 3051 1913 3128">
     <span class='ocr_line' id='line_1_48' title="bbox 340 3051 1913 3128; baseline 0.008 -26"><span class='ocrx_word' id='word_1_328' title='bbox 340 3051 540 3120; x_wconf 81' lang='lat' dir='ltr'><strong>quippe</strong></span> <span class='ocrx_word' id='word_1_329' title='bbox 585 3053 818 3109; x_wconf 85' lang='lat' dir='ltr'><strong>discreta</strong></span> <span class='ocrx_word' id='word_1_330' title='bbox 866 3056 1162 3111; x_wconf 86' lang='lat' dir='ltr'><strong>secundum</strong></span> <span class='ocrx_word' id='word_1_331' title='bbox 1211 3058 1557 3113; x_wconf 79' lang='lat' dir='ltr'><strong>nativitatem</strong></span> <span class='ocrx_word' id='word_1_332' title='bbox 1593 3074 1657 3115; x_wconf 88' lang='lat' dir='ltr'><strong>ac</strong></span> <span class='ocrx_word' id='word_1_333' title='bbox 1691 3074 1913 3128; x_wconf 82' lang='lat' dir='ltr'><strong>proces-</strong></span> 
     </span>
    </p>
   </div>
   <div class='ocr_carea' id='block_1_49' title="bbox 342 3142 1982 3225">
    <p class='ocr_par' dir='ltr' id='par_1_49' title="bbox 342 3142 1982 3225">
     <span class='ocr_line' id='line_1_49' title="bbox 342 3142 1982 3225; baseline 0.006 -31"><span class='ocrx_word' id='word_1_334' title='bbox 342 3143 547 3195; x_wconf 88' lang='lat' dir='ltr'><strong>sionem</strong></span> <span class='ocrx_word' id='word_1_335' title='bbox 588 3158 604 3195; x_wconf 91' lang='lat'><strong>:</strong></span> <span class='ocrx_word' id='word_1_336' title='bbox 637 3142 740 3198; x_wconf 90' lang='lat' dir='ltr'><strong>hoc</strong></span> <span class='ocrx_word' id='word_1_337' title='bbox 763 3153 865 3211; x_wconf 87' lang='lat' dir='ltr'><strong>est,</strong></span> <span class='ocrx_word' id='word_1_338' title='bbox 899 3146 1193 3201; x_wconf 89' lang='lat' dir='ltr'><strong>secundum</strong></span> <span class='ocrx_word' id='word_1_339' title='bbox 1229 3148 1375 3217; x_wconf 88' lang='lat' dir='ltr'><strong>quod</strong></span> <span class='ocrx_word' id='word_1_340' title='bbox 1400 3148 1545 3204; x_wconf 91' lang='lat' dir='ltr'><strong>aliud</strong></span> <span class='ocrx_word' id='word_1_341' title='bbox 1575 3151 1789 3220; x_wconf 88' lang='lat' dir='ltr'><strong>quidem</strong></span> <span class='ocrx_word' id='word_1_342' title='bbox 1829 3159 1914 3204; x_wconf 89' lang='lat' dir='ltr'><strong>est</strong></span> <span class='ocrx_word' id='word_1_343' title='bbox 1940 3167 1982 3225; x_wconf 74' lang='grc' dir='ltr'><strong>ε</strong></span> 
     </span>
    </p>
   </div>
   <div class='ocr_carea' id='block_1_50' title="bbox 342 3232 1917 3308">
    <p class='ocr_par' dir='ltr' id='par_1_50' title="bbox 342 3232 1917 3308">
     <span class='ocr_line' id='line_1_50' title="bbox 342 3232 1917 3308; baseline 0.006 -24"><span class='ocrx_word' id='word_1_344' title='bbox 342 3232 459 3284; x_wconf 84' lang='lat' dir='ltr'><strong>sine</strong></span> <span class='ocrx_word' id='word_1_345' title='bbox 495 3233 677 3299; x_wconf 89' lang='lat' dir='ltr'><strong>medio</strong></span> <span class='ocrx_word' id='word_1_346' title='bbox 720 3248 784 3287; x_wconf 78' lang='lat' dir='ltr'><strong>ex</strong></span> <span class='ocrx_word' id='word_1_347' title='bbox 814 3234 1011 3302; x_wconf 92' lang='lat' dir='ltr'><strong>primo,</strong></span> <span class='ocrx_word' id='word_1_348' title='bbox 1047 3233 1188 3289; x_wconf 89' lang='lat' dir='ltr'><strong>aliud</strong></span> <span class='ocrx_word' id='word_1_349' title='bbox 1218 3246 1421 3301; x_wconf 88' lang='lat' dir='ltr'><strong>autem,</strong></span> <span class='ocrx_word' id='word_1_350' title='bbox 1455 3254 1551 3307; x_wconf 89' lang='lat' dir='ltr'><strong>per</strong></span> <span class='ocrx_word' id='word_1_351' title='bbox 1578 3240 1630 3292; x_wconf 90' lang='lat' dir='ltr'><strong>id</strong></span> <span class='ocrx_word' id='word_1_352' title='bbox 1659 3241 1800 3308; x_wconf 89' lang='lat' dir='ltr'><strong>quod</strong></span> <span class='ocrx_word' id='word_1_353' title='bbox 1834 3250 1917 3293; x_wconf 90' lang='lat' dir='ltr'><strong>est</strong></span> 
     </span>
    </p>
   </div>
   <div class='ocr_carea' id='block_1_51' title="bbox 342 3323 1915 3398">
    <p class='ocr_par' dir='ltr' id='par_1_51' title="bbox 342 3323 1915 3398">
     <span class='ocr_line' id='line_1_51' title="bbox 342 3323 1915 3398; baseline 0.006 -25"><span class='ocrx_word' id='word_1_354' title='bbox 342 3323 457 3375; x_wconf 81' lang='lat' dir='ltr'><strong>sine</strong></span> <span class='ocrx_word' id='word_1_355' title='bbox 512 3323 697 3377; x_wconf 88' lang='lat' dir='ltr'><strong>medio</strong></span> <span class='ocrx_word' id='word_1_356' title='bbox 750 3340 816 3379; x_wconf 79' lang='lat' dir='ltr'><strong>ex</strong></span> <span class='ocrx_word' id='word_1_357' title='bbox 871 3327 1069 3395; x_wconf 89' lang='lat' dir='ltr'><strong>primo.</strong></span> <span class='ocrx_word' id='word_1_358' title='bbox 1128 3326 1187 3381; x_wconf 77' lang='lat' dir='ltr'><strong>Et</strong></span> <span class='ocrx_word' id='word_1_359' title='bbox 1247 3338 1396 3383; x_wconf 88' lang='lat' dir='ltr'><strong>certe</strong></span> <span class='ocrx_word' id='word_1_360' title='bbox 1456 3331 1599 3398; x_wconf 91' lang='lat' dir='ltr'><strong>quod</strong></span> <span class='ocrx_word' id='word_1_361' title='bbox 1652 3333 1915 3395; x_wconf 81' lang='lat' dir='ltr'><strong>nascitur,</strong></span> 
     </span>
    </p>
   </div>
   <div class='ocr_carea' id='block_1_52' title="bbox 346 3414 1911 3484">
    <p class='ocr_par' dir='ltr' id='par_1_52' title="bbox 346 3414 1911 3484">
     <span class='ocr_line' id='line_1_52' title="bbox 346 3414 1911 3484; baseline 0.008 -20"><span class='ocrx_word' id='word_1_362' title='bbox 346 3427 446 3465; x_wconf 91' lang='lat' dir='ltr'><strong>non</strong></span> <span class='ocrx_word' id='word_1_363' title='bbox 497 3422 584 3467; x_wconf 89' lang='lat' dir='ltr'><strong>est</strong></span> <span class='ocrx_word' id='word_1_364' title='bbox 640 3414 784 3467; x_wconf 91' lang='lat' dir='ltr'><strong>sicut</strong></span> <span class='ocrx_word' id='word_1_365' title='bbox 827 3416 878 3469; x_wconf 92' lang='lat' dir='ltr'><strong>id</strong></span> <span class='ocrx_word' id='word_1_366' title='bbox 931 3416 1073 3484; x_wconf 88' lang='lat' dir='ltr'><strong>quod</strong></span> <span class='ocrx_word' id='word_1_367' title='bbox 1133 3432 1239 3471; x_wconf 92' lang='lat' dir='ltr'><strong>non</strong></span> <span class='ocrx_word' id='word_1_368' title='bbox 1297 3419 1563 3483; x_wconf 87' lang='lat' dir='ltr'><strong>nascitur.</strong></span> <span class='ocrx_word' id='word_1_369' title='bbox 1615 3423 1911 3477; x_wconf 86' lang='lat' dir='ltr'><strong>secundum</strong></span> 
     </span>
    </p>
   </div>
   <div class='ocr_carea' id='block_1_53' title="bbox 346 3505 1918 3581">
    <p class='ocr_par' dir='ltr' id='par_1_53' title="bbox 346 3505 1918 3581">
     <span class='ocr_line' id='line_1_53' title="bbox 346 3505 1918 3581; baseline 0.006 -24"><span class='ocrx_word' id='word_1_370' title='bbox 346 3505 547 3559; x_wconf 86' lang='lat' dir='ltr'><strong>scilicet</strong></span> <span class='ocrx_word' id='word_1_371' title='bbox 610 3506 997 3561; x_wconf 89' lang='lat' dir='ltr'><strong>discretionem</strong></span> <span class='ocrx_word' id='word_1_372' title='bbox 1056 3518 1288 3563; x_wconf 69' lang='lat' dir='ltr'><strong>naturae.</strong></span> <span class='ocrx_word' id='word_1_373' title='bbox 1344 3507 1459 3564; x_wconf 86' lang='lat' dir='ltr'><strong>Non</strong></span> <span class='ocrx_word' id='word_1_374' title='bbox 1529 3526 1659 3581; x_wconf 84' lang='lat' dir='ltr'><strong>ergo</strong></span> <span class='ocrx_word' id='word_1_375' title='bbox 1718 3513 1918 3569; x_wconf 74' lang='lat' dir='ltr'><strong>sufficit</strong></span> 
     </span>
    </p>
   </div>
   <div class='ocr_carea' id='block_1_54' title="bbox 345 3598 1911 3673">
    <p class='ocr_par' dir='ltr' id='par_1_54' title="bbox 345 3598 1911 3673">
     <span class='ocr_line' id='line_1_54' title="bbox 345 3598 1911 3673; baseline 0.006 -23"><span class='ocrx_word' id='word_1_376' title='bbox 345 3598 787 3653; x_wconf 86' lang='lat' dir='ltr'><strong>contradictionis</strong></span> <span class='ocrx_word' id='word_1_377' title='bbox 814 3600 1103 3667; x_wconf 90' lang='lat' dir='ltr'><strong>oppositio,</strong></span> <span class='ocrx_word' id='word_1_378' title='bbox 1136 3614 1233 3667; x_wconf 91' lang='lat' dir='ltr'><strong>per</strong></span> <span class='ocrx_word' id='word_1_379' title='bbox 1272 3615 1332 3655; x_wconf 92' lang='lat' dir='ltr'><strong>se</strong></span> <span class='ocrx_word' id='word_1_380' title='bbox 1372 3601 1683 3658; x_wconf 89' lang='lat' dir='ltr'><strong>discernere</strong></span> <span class='ocrx_word' id='word_1_381' title='bbox 1721 3619 1911 3673; x_wconf 80' lang='lat' dir='ltr'><strong>perso-</strong></span> 
     </span>
    </p>
   </div>
   <div class='ocr_carea' id='block_1_55' title="bbox 350 3704 458 3743">
    <p class='ocr_par' dir='ltr' id='par_1_55' title="bbox 350 3704 458 3743">
     <span class='ocr_line' id='line_1_55' title="bbox 350 3704 458 3743; baseline 0.019 -2"><span class='ocrx_word' id='word_1_382' title='bbox 350 3704 458 3743; x_wconf 70' lang='lat' dir='ltr'><strong>IIIS.</strong></span> 
     </span>
    </p>
   </div>
   <div class='ocr_carea' id='block_1_56' title="bbox 414 3778 1916 3852">
    <p class='ocr_par' dir='ltr' id='par_1_56' title="bbox 414 3778 1916 3852">
     <span class='ocr_line' id='line_1_56' title="bbox 414 3778 1916 3852; baseline 0.005 -20"><span class='ocrx_word' id='word_1_383' title='bbox 414 3778 512 3832; x_wconf 90' lang='lat' dir='ltr'><strong>Sed</strong></span> <span class='ocrx_word' id='word_1_384' title='bbox 558 3790 612 3833; x_wconf 91' lang='lat' dir='ltr'><strong>et</strong></span> <span class='ocrx_word' id='word_1_385' title='bbox 656 3780 856 3845; x_wconf 79' lang='lat' dir='ltr'><strong>dicere,</strong></span> <span class='ocrx_word' id='word_1_386' title='bbox 907 3796 1069 3835; x_wconf 82' lang='lat' dir='ltr'><strong>unam</strong></span> <span class='ocrx_word' id='word_1_387' title='bbox 1114 3796 1385 3852; x_wconf 90' lang='lat' dir='ltr'><strong>quamque</strong></span> <span class='ocrx_word' id='word_1_388' title='bbox 1431 3798 1716 3851; x_wconf 88' lang='lat' dir='ltr'><strong>personam</strong></span> <span class='ocrx_word' id='word_1_389' title='bbox 1751 3785 1807 3840; x_wconf 86' lang='lat' dir='ltr'><strong>in</strong></span> <span class='ocrx_word' id='word_1_390' title='bbox 1856 3800 1916 3840; x_wconf 90' lang='lat' dir='ltr'><strong>se</strong></span> 
     </span>
    </p>
   </div>
   <div class='ocr_carea' id='block_1_57' title="bbox 347 3874 1913 3948">
    <p class='ocr_par' dir='ltr' id='par_1_57' title="bbox 347 3874 1913 3948">
     <span class='ocr_line' id='line_1_57' title="bbox 347 3874 1913 3948; baseline 0.006 -25"><span class='ocrx_word' id='word_1_391' title='bbox 347 3874 455 3937; x_wconf 73' lang='lat' dir='ltr'><strong>ipsa</strong></span> <span class='ocrx_word' id='word_1_392' title='bbox 484 3889 581 3927; x_wconf 89' lang='lat' dir='ltr'><strong>sua</strong></span> <span class='ocrx_word' id='word_1_393' title='bbox 617 3874 885 3943; x_wconf 86' lang='lat' dir='ltr'><strong>personali</strong></span> <span class='ocrx_word' id='word_1_394' title='bbox 926 3875 1255 3945; x_wconf 87' lang='lat' dir='ltr'><strong>proprietate</strong></span> <span class='ocrx_word' id='word_1_395' title='bbox 1282 3875 1605 3944; x_wconf 84' lang='lat' dir='ltr'><strong>subsistere,</strong></span> <span class='ocrx_word' id='word_1_396' title='bbox 1638 3886 1807 3948; x_wconf 86' lang='lat' dir='ltr'><strong>atque</strong></span> <span class='ocrx_word' id='word_1_397' title='bbox 1848 3880 1913 3933; x_wconf 89' lang='lat' dir='ltr'><strong>ab</strong></span> 
     </span>
    </p>
   </div>
   <div class='ocr_carea' id='block_1_58' title="bbox 346 3963 1908 4034">
    <p class='ocr_par' dir='ltr' id='par_1_58' title="bbox 346 3963 1908 4034">
     <span class='ocr_line' id='line_1_58' title="bbox 346 3963 1908 4034; baseline 0.004 -20"><span class='ocrx_word' id='word_1_398' title='bbox 346 3963 461 4017; x_wconf 86' lang='lat' dir='ltr'><strong>aliis</strong></span> <span class='ocrx_word' id='word_1_399' title='bbox 507 3964 763 4017; x_wconf 89' lang='lat' dir='ltr'><strong>omnibus</strong></span> <span class='ocrx_word' id='word_1_400' title='bbox 798 3964 1011 4019; x_wconf 85' lang='lat' dir='ltr'><strong>abunde</strong></span> <span class='ocrx_word' id='word_1_401' title='bbox 1049 3965 1315 4034; x_wconf 87' lang='lat' dir='ltr'><strong>separari,</strong></span> <span class='ocrx_word' id='word_1_402' title='bbox 1349 3974 1408 4020; x_wconf 92' lang='lat' dir='ltr'><strong>ut</strong></span> <span class='ocrx_word' id='word_1_403' title='bbox 1448 3976 1502 4019; x_wconf 87' lang='lat' dir='ltr'><strong>et</strong></span> <span class='ocrx_word' id='word_1_404' title='bbox 1543 3968 1823 4033; x_wconf 83' lang='lat' dir='ltr'><strong>nativitas,</strong></span> <span class='ocrx_word' id='word_1_405' title='bbox 1855 3978 1908 4022; x_wconf 91' lang='lat' dir='ltr'><strong>et</strong></span> 
     </span>
    </p>
   </div>
   <div class='ocr_carea' id='block_1_59' title="bbox 347 4053 1911 4126">
    <p class='ocr_par' dir='ltr' id='par_1_59' title="bbox 347 4053 1911 4126">
     <span class='ocr_line' id='line_1_59' title="bbox 347 4053 1911 4126; baseline 0.004 -21"><span class='ocrx_word' id='word_1_406' title='bbox 347 4057 617 4120; x_wconf 85' lang='lat' dir='ltr'><strong>processio</strong></span> <span class='ocrx_word' id='word_1_407' title='bbox 658 4055 777 4108; x_wconf 81' lang='lat' dir='ltr'><strong>Filii</strong></span> <span class='ocrx_word' id='word_1_408' title='bbox 811 4070 875 4111; x_wconf 88' lang='lat' dir='ltr'><strong>ac</strong></span> <span class='ocrx_word' id='word_1_409' title='bbox 917 4053 1154 4125; x_wconf 90' lang='lat' dir='ltr'><strong>Spiritus</strong></span> <span class='ocrx_word' id='word_1_410' title='bbox 1190 4056 1553 4126; x_wconf 81' lang='lat' dir='ltr'><strong>praprietates</strong></span> <span class='ocrx_word' id='word_1_411' title='bbox 1600 4057 1665 4111; x_wconf 89' lang='lat' dir='ltr'><strong>ad</strong></span> <span class='ocrx_word' id='word_1_412' title='bbox 1697 4058 1911 4112; x_wconf 85' lang='lat' dir='ltr'><strong>discre-</strong></span> 
     </span>
    </p>
   </div>
   <div class='ocr_carea' id='block_1_60' title="bbox 349 4144 1911 4214">
    <p class='ocr_par' dir='ltr' id='par_1_60' title="bbox 349 4144 1911 4214">
     <span class='ocr_line' id='line_1_60' title="bbox 349 4144 1911 4214; baseline 0.004 -17"><span class='ocrx_word' id='word_1_413' title='bbox 349 4145 539 4197; x_wconf 81' lang='lat' dir='ltr'><strong>tionem</strong></span> <span class='ocrx_word' id='word_1_414' title='bbox 567 4144 866 4208; x_wconf 77' lang='lat' dir='ltr'><strong>sufﬁciant,</strong></span> <span class='ocrx_word' id='word_1_415' title='bbox 896 4153 1061 4214; x_wconf 85' lang='lat' dir='ltr'><strong>atque</strong></span> <span class='ocrx_word' id='word_1_416' title='bbox 1093 4148 1166 4200; x_wconf 89' lang='lat' dir='ltr'><strong>ita</strong></span> <span class='ocrx_word' id='word_1_417' title='bbox 1188 4160 1367 4201; x_wconf 76' lang='lat' dir='ltr'><strong>causa:</strong></span> <span class='ocrx_word' id='word_1_418' title='bbox 1390 4147 1774 4201; x_wconf 88' lang='lat' dir='ltr'><strong>discretionem</strong></span> <span class='ocrx_word' id='word_1_419' title='bbox 1806 4162 1911 4203; x_wconf 92' lang='lat' dir='ltr'><strong>non</strong></span> 
     </span>
    </p>
   </div>
   <div class='ocr_carea' id='block_1_61' title="bbox 346 4238 1913 4309">
    <p class='ocr_par' dir='ltr' id='par_1_61' title="bbox 346 4238 1913 4309">
     <span class='ocr_line' id='line_1_61' title="bbox 346 4238 1913 4309; baseline 0.004 -23"><span class='ocrx_word' id='word_1_420' title='bbox 346 4254 458 4291; x_wconf 71' lang='lat' dir='ltr'><strong>esse</strong></span> <span class='ocrx_word' id='word_1_421' title='bbox 492 4238 899 4301; x_wconf 78' lang='lat' dir='ltr'><strong>requirendam,</strong></span> <span class='ocrx_word' id='word_1_422' title='bbox 943 4238 1075 4291; x_wconf 85' lang='lat' dir='ltr'><strong>nihil</strong></span> <span class='ocrx_word' id='word_1_423' title='bbox 1108 4239 1173 4292; x_wconf 89' lang='lat' dir='ltr'><strong>ad</strong></span> <span class='ocrx_word' id='word_1_424' title='bbox 1215 4239 1549 4309; x_wconf 88' lang='lat' dir='ltr'><strong>propositum</strong></span> <span class='ocrx_word' id='word_1_425' title='bbox 1592 4239 1754 4293; x_wconf 85' lang='lat' dir='ltr'><strong>valet.</strong></span> <span class='ocrx_word' id='word_1_426' title='bbox 1784 4238 1913 4305; x_wconf 64' lang='lat' dir='ltr'><strong>Quae</strong></span> 
     </span>
    </p>
   </div>
   <div class='ocr_carea' id='block_1_62' title="bbox 344 4330 1910 4400">
    <p class='ocr_par' dir='ltr' id='par_1_62' title="bbox 344 4330 1910 4400">
     <span class='ocr_line' id='line_1_62' title="bbox 344 4330 1910 4400; baseline 0.003 -21"><span class='ocrx_word' id='word_1_427' title='bbox 344 4332 479 4381; x_wconf 66' lang='lat' dir='ltr'><strong>enim</strong></span> <span class='ocrx_word' id='word_1_428' title='bbox 505 4331 803 4382; x_wconf 85' lang='lat' dir='ltr'><strong>secundum</strong></span> <span class='ocrx_word' id='word_1_429' title='bbox 838 4345 895 4384; x_wconf 90' lang='lat' dir='ltr'><strong>se</strong></span> <span class='ocrx_word' id='word_1_430' title='bbox 927 4330 1038 4397; x_wconf 86' lang='lat' dir='ltr'><strong>ipsa</strong></span> <span class='ocrx_word' id='word_1_431' title='bbox 1075 4330 1401 4394; x_wconf 84' lang='lat' dir='ltr'><strong>subsistunt,</strong></span> <span class='ocrx_word' id='word_1_432' title='bbox 1434 4332 1657 4400; x_wconf 85' lang='lat' dir='ltr'><strong>ipsaque</strong></span> <span class='ocrx_word' id='word_1_433' title='bbox 1685 4346 1746 4385; x_wconf 85' lang='lat' dir='ltr'><strong>ea</strong></span> <span class='ocrx_word' id='word_1_434' title='bbox 1780 4348 1910 4398; x_wconf 80' lang='lat' dir='ltr'><strong>sug-</strong></span> 
     </span>
    </p>
   </div>
   <div class='ocr_carea' id='block_1_63' title="bbox 343 4419 1908 4490">
    <p class='ocr_par' dir='ltr' id='par_1_63' title="bbox 343 4419 1908 4490">
     <span class='ocr_line' id='line_1_63' title="bbox 343 4419 1908 4490; baseline 0.003 -21"><span class='ocrx_word' id='word_1_435' title='bbox 343 4431 554 4488; x_wconf 74' lang='lat' dir='ltr'><strong>gerunt,</strong></span> <span class='ocrx_word' id='word_1_436' title='bbox 626 4419 899 4474; x_wconf 74' lang='lat' dir='ltr'><strong>sufﬁciunt</strong></span> <span class='ocrx_word' id='word_1_437' title='bbox 961 4421 1026 4473; x_wconf 90' lang='lat' dir='ltr'><strong>ad</strong></span> <span class='ocrx_word' id='word_1_438' title='bbox 1099 4421 1483 4485; x_wconf 80' lang='lat' dir='ltr'><strong>discretionem</strong></span> <span class='ocrx_word' id='word_1_439' title='bbox 1551 4421 1908 4490; x_wconf 87' lang='lat' dir='ltr'><strong>reliquorum.</strong></span> 
     </span>
    </p>
   </div>
   <div class='ocr_carea' id='block_1_64' title="bbox 2024 1956 3598 2035">
    <p class='ocr_par' dir='ltr' id='par_1_64' title="bbox 2024 1956 3598 2035">
     <span class='ocr_line' id='line_1_64' title="bbox 2024 1956 3598 2035; baseline 0.001 -24"><span class='ocrx_word' id='word_1_440' title='bbox 2024 1958 2329 2035; x_wconf 76' lang='lat' dir='ltr'><strong>nativitatis</strong></span> <span class='ocrx_word' id='word_1_441' title='bbox 2383 1956 2701 2012; x_wconf 90' lang='lat' dir='ltr'><strong>includitur.</strong></span> <span class='ocrx_word' id='word_1_442' title='bbox 2751 1956 2977 2027; x_wconf 83' lang='lat' dir='ltr'><strong>Nempe,</strong></span> <span class='ocrx_word' id='word_1_443' title='bbox 3030 1964 3081 2010; x_wconf 92' lang='lat' dir='ltr'><strong>et</strong></span> <span class='ocrx_word' id='word_1_444' title='bbox 3125 1957 3466 2026; x_wconf 87' lang='lat' dir='ltr'><strong>procedentis</strong></span> <span class='ocrx_word' id='word_1_445' title='bbox 3513 1970 3598 2013; x_wconf 87' lang='lat' dir='ltr'><strong>est</strong></span> 
     </span>
    </p>
   </div>
   <div class='ocr_carea' id='block_1_65' title="bbox 2019 2045 3592 2115">
    <p class='ocr_par' dir='ltr' id='par_1_65' title="bbox 2019 2045 3592 2115">
     <span class='ocr_line' id='line_1_65' title="bbox 2019 2045 3592 2115; baseline 0 -15"><span class='ocrx_word' id='word_1_446' title='bbox 2019 2045 2276 2109; x_wconf 84' lang='lat' dir='ltr'><strong>definitio,</strong></span> <span class='ocrx_word' id='word_1_447' title='bbox 2308 2058 2374 2099; x_wconf 80' lang='lat' dir='ltr'><strong>ex</strong></span> <span class='ocrx_word' id='word_1_448' title='bbox 2405 2046 2647 2115; x_wconf 81' lang='lat' dir='ltr'><strong>genitore</strong></span> <span class='ocrx_word' id='word_1_449' title='bbox 2671 2060 2909 2114; x_wconf 87' lang='lat' dir='ltr'><strong>esse.pcr</strong></span> <span class='ocrx_word' id='word_1_450' title='bbox 2940 2046 3199 2115; x_wconf 87' lang='lat' dir='ltr'><strong>genitum.</strong></span> <span class='ocrx_word' id='word_1_451' title='bbox 3236 2046 3419 2115; x_wconf 80' lang='lat' dir='ltr'><strong>Itaque</strong></span> <span class='ocrx_word' id='word_1_452' title='bbox 3461 2057 3514 2099; x_wconf 91' lang='lat' dir='ltr'><strong>et</strong></span> <span class='ocrx_word' id='word_1_453' title='bbox 3547 2048 3592 2101; x_wconf 90' lang='lat' dir='ltr'><strong>si</strong></span> 
     </span>
    </p>
   </div>
   <div class='ocr_carea' id='block_1_66' title="bbox 2019 2138 3590 2208">
    <p class='ocr_par' dir='ltr' id='par_1_66' title="bbox 2019 2138 3590 2208">
     <span class='ocr_line' id='line_1_66' title="bbox 2019 2138 3590 2208; baseline -0.001 -15"><span class='ocrx_word' id='word_1_454' title='bbox 2019 2139 2259 2208; x_wconf 84' lang='lat' dir='ltr'><strong>Spiritus</strong></span> <span class='ocrx_word' id='word_1_455' title='bbox 2290 2138 2621 2208; x_wconf 79' lang='lat' dir='ltr'><strong>proprietate</strong></span> <span class='ocrx_word' id='word_1_456' title='bbox 2647 2152 2765 2201; x_wconf 88' lang='lat' dir='ltr'><strong>sua,</strong></span> <span class='ocrx_word' id='word_1_457' title='bbox 2796 2139 3143 2207; x_wconf 85' lang='lat' dir='ltr'><strong>processiOne</strong></span> <span class='ocrx_word' id='word_1_458' title='bbox 3190 2138 3403 2194; x_wconf 88' lang='lat' dir='ltr'><strong>scilicet</strong></span> <span class='ocrx_word' id='word_1_459' title='bbox 3439 2155 3466 2192; x_wconf 89' lang='lat' dir='ltr'><strong>a</strong></span> <span class='ocrx_word' id='word_1_460' title='bbox 3497 2138 3590 2192; x_wconf 89' lang='lat' dir='ltr'><strong>Fi-</strong></span> 
     </span>
    </p>
   </div>
   <div class='ocr_carea' id='block_1_67' title="bbox 2016 2230 3590 2298">
    <p class='ocr_par' dir='ltr' id='par_1_67' title="bbox 2016 2230 3590 2298">
     <span class='ocr_line' id='line_1_67' title="bbox 2016 2230 3590 2298; baseline -0.001 -13"><span class='ocrx_word' id='word_1_461' title='bbox 2016 2232 2091 2285; x_wconf 90' lang='lat' dir='ltr'><strong>lio</strong></span> <span class='ocrx_word' id='word_1_462' title='bbox 2122 2232 2461 2285; x_wconf 89' lang='lat' dir='ltr'><strong>discernetur</strong></span> <span class='ocrx_word' id='word_1_463' title='bbox 2490 2231 2603 2297; x_wconf 87' lang='lat' dir='ltr'><strong>ipsa</strong></span> <span class='ocrx_word' id='word_1_464' title='bbox 2633 2230 2984 2298; x_wconf 87' lang='lat' dir='ltr'><strong>proprietate,</strong></span> <span class='ocrx_word' id='word_1_465' title='bbox 3010 2232 3152 2298; x_wconf 88' lang='lat' dir='ltr'><strong>quod</strong></span> <span class='ocrx_word' id='word_1_466' title='bbox 3180 2231 3249 2284; x_wconf 90' lang='lat' dir='ltr'><strong>sit</strong></span> <span class='ocrx_word' id='word_1_467' title='bbox 3278 2231 3489 2284; x_wconf 85' lang='lat' dir='ltr'><strong>scilicet</strong></span> <span class='ocrx_word' id='word_1_468' title='bbox 3523 2247 3590 2284; x_wconf 76' lang='lat' dir='ltr'><strong>ex</strong></span> 
     </span>
    </p>
   </div>
   <div class='ocr_carea' id='block_1_68' title="bbox 2016 2319 3595 2389">
    <p class='ocr_par' dir='ltr' id='par_1_68' title="bbox 2016 2319 3595 2389">
     <span class='ocr_line' id='line_1_68' title="bbox 2016 2319 3595 2389; baseline -0.001 -14"><span class='ocrx_word' id='word_1_469' title='bbox 2016 2321 2171 2387; x_wconf 84' lang='lat' dir='ltr'><strong>Filio,</strong></span> <span class='ocrx_word' id='word_1_470' title='bbox 2202 2320 2389 2389; x_wconf 89' lang='lat' dir='ltr'><strong>sicque</strong></span> <span class='ocrx_word' id='word_1_471' title='bbox 2415 2323 2483 2373; x_wconf 84' lang='lat' dir='ltr'><strong>ad</strong></span> <span class='ocrx_word' id='word_1_472' title='bbox 2505 2335 2625 2375; x_wconf 90' lang='lat' dir='ltr'><strong>eum</strong></span> <span class='ocrx_word' id='word_1_473' title='bbox 2658 2322 2943 2387; x_wconf 86' lang='lat' dir='ltr'><strong>referatur,</strong></span> <span class='ocrx_word' id='word_1_474' title='bbox 2972 2319 3352 2381; x_wconf 88' lang='lat' dir='ltr'><strong>discretionem</strong></span> <span class='ocrx_word' id='word_1_475' title='bbox 3408 2322 3472 2375; x_wconf 89' lang='lat' dir='ltr'><strong>ad</strong></span> <span class='ocrx_word' id='word_1_476' title='bbox 3502 2321 3595 2374; x_wconf 79' lang='lat' dir='ltr'><strong>Fi-</strong></span> 
     </span>
    </p>
   </div>
   <div class='ocr_carea' id='block_1_69' title="bbox 2016 2411 3595 2482">
    <p class='ocr_par' dir='ltr' id='par_1_69' title="bbox 2016 2411 3595 2482">
     <span class='ocr_line' id='line_1_69' title="bbox 2016 2411 3595 2482; baseline -0.003 -13"><span class='ocrx_word' id='word_1_477' title='bbox 2016 2416 2147 2470; x_wconf 93' lang='lat' dir='ltr'><strong>lium</strong></span> <span class='ocrx_word' id='word_1_478' title='bbox 2174 2414 2414 2467; x_wconf 82' lang='lat' dir='ltr'><strong>habebit.</strong></span> <span class='ocrx_word' id='word_1_479' title='bbox 2436 2411 2722 2467; x_wconf 88' lang='lat' dir='ltr'><strong>Enimvero</strong></span> <span class='ocrx_word' id='word_1_480' title='bbox 2746 2416 2917 2475; x_wconf 88' lang='lat' dir='ltr'><strong>nasci,</strong></span> <span class='ocrx_word' id='word_1_481' title='bbox 2936 2413 3311 2481; x_wconf 81' lang='lat' dir='ltr'><strong>aciprncedcre</strong></span> <span class='ocrx_word' id='word_1_482' title='bbox 3328 2414 3371 2468; x_wconf 88' lang='lat' dir='ltr'><strong>si</strong></span> <span class='ocrx_word' id='word_1_483' title='bbox 3387 2415 3506 2482; x_wconf 84' lang='lat' dir='ltr'><strong>quis</strong></span> <span class='ocrx_word' id='word_1_484' title='bbox 3530 2415 3595 2466; x_wconf 89' lang='lat' dir='ltr'><strong>ad</strong></span> 
     </span>
    </p>
   </div>
   <div class='ocr_carea' id='block_1_70' title="bbox 2016 2503 3597 2575">
    <p class='ocr_par' dir='ltr' id='par_1_70' title="bbox 2016 2503 3597 2575">
     <span class='ocr_line' id='line_1_70' title="bbox 2016 2503 3597 2575; baseline -0.002 -13"><span class='ocrx_word' id='word_1_485' title='bbox 2016 2522 2075 2563; x_wconf 88' lang='lat' dir='ltr'><strong>se</strong></span> <span class='ocrx_word' id='word_1_486' title='bbox 2115 2506 2347 2560; x_wconf 91' lang='lat' dir='ltr'><strong>invicem</strong></span> <span class='ocrx_word' id='word_1_487' title='bbox 2373 2504 2667 2575; x_wconf 81' lang='lat' dir='ltr'><strong>incongrua</strong></span> <span class='ocrx_word' id='word_1_488' title='bbox 2691 2505 2898 2568; x_wconf 91' lang='lat' dir='ltr'><strong>dicens,</strong></span> <span class='ocrx_word' id='word_1_489' title='bbox 2921 2505 3167 2559; x_wconf 75' lang='lat' dir='ltr'><strong>sufﬁcere</strong></span> <span class='ocrx_word' id='word_1_490' title='bbox 3190 2518 3286 2574; x_wconf 91' lang='lat' dir='ltr'><strong>per</strong></span> <span class='ocrx_word' id='word_1_491' title='bbox 3312 2520 3369 2558; x_wconf 82' lang='lat' dir='ltr'><strong>se</strong></span> <span class='ocrx_word' id='word_1_492' title='bbox 3392 2503 3457 2557; x_wconf 90' lang='lat' dir='ltr'><strong>ad</strong></span> <span class='ocrx_word' id='word_1_493' title='bbox 3484 2505 3597 2559; x_wconf 76' lang='lat' dir='ltr'><strong>dis—</strong></span> 
     </span>
    </p>
   </div>
   <div class='ocr_carea' id='block_1_71' title="bbox 2015 2594 3590 2659">
    <p class='ocr_par' dir='ltr' id='par_1_71' title="bbox 2015 2594 3590 2659">
     <span class='ocr_line' id='line_1_71' title="bbox 2015 2594 3590 2659; baseline -0.003 -6"><span class='ocrx_word' id='word_1_494' title='bbox 2015 2600 2311 2654; x_wconf 89' lang='lat' dir='ltr'><strong>cretionem</strong></span> <span class='ocrx_word' id='word_1_495' title='bbox 2372 2596 2489 2651; x_wconf 88' lang='lat' dir='ltr'><strong>sine</strong></span> <span class='ocrx_word' id='word_1_496' title='bbox 2520 2595 2790 2651; x_wconf 86' lang='lat' dir='ltr'><strong>intellecta</strong></span> <span class='ocrx_word' id='word_1_497' title='bbox 2823 2594 2926 2648; x_wconf 90' lang='lat' dir='ltr'><strong>alia</strong></span> <span class='ocrx_word' id='word_1_498' title='bbox 2972 2596 3235 2650; x_wconf 89' lang='lat' dir='ltr'><strong>relatione</strong></span> <span class='ocrx_word' id='word_1_499' title='bbox 3273 2596 3590 2659; x_wconf 81' lang='lat' dir='ltr'><strong>arbitretur,</strong></span> 
     </span>
    </p>
   </div>
   <div class='ocr_carea' id='block_1_72' title="bbox 2016 2683 3592 2743">
    <p class='ocr_par' dir='ltr' id='par_1_72' title="bbox 2016 2683 3592 2743">
     <span class='ocr_line' id='line_1_72' title="bbox 2016 2683 3592 2743; baseline -0.003 -1"><span class='ocrx_word' id='word_1_500' title='bbox 2016 2686 2297 2743; x_wconf 67' lang='lat' dir='ltr'><strong>imbecilla:</strong></span> <span class='ocrx_word' id='word_1_501' title='bbox 2313 2685 2533 2741; x_wconf 90' lang='lat' dir='ltr'><strong>omnino</strong></span> <span class='ocrx_word' id='word_1_502' title='bbox 2562 2684 2787 2739; x_wconf 88' lang='lat' dir='ltr'><strong>conlidit</strong></span> <span class='ocrx_word' id='word_1_503' title='bbox 2836 2684 3053 2743; x_wconf 87' lang='lat' dir='ltr'><strong>rationi.</strong></span> <span class='ocrx_word' id='word_1_504' title='bbox 3085 2683 3190 2737; x_wconf 80' lang='lat' dir='ltr'><strong>Ista</strong></span> <span class='ocrx_word' id='word_1_505' title='bbox 3223 2684 3366 2737; x_wconf 89' lang='lat' dir='ltr'><strong>enim</strong></span> <span class='ocrx_word' id='word_1_506' title='bbox 3400 2684 3592 2737; x_wconf 77' lang='lat' dir='ltr'><strong>itu-on-</strong></span> 
     </span>
    </p>
   </div>
   <div class='ocr_carea' id='block_1_73' title="bbox 2014 2775 3594 2849">
    <p class='ocr_par' dir='ltr' id='par_1_73' title="bbox 2014 2775 3594 2849">
     <span class='ocr_line' id='line_1_73' title="bbox 2014 2775 3594 2849; baseline -0.003 -18"><span class='ocrx_word' id='word_1_507' title='bbox 2014 2794 2145 2849; x_wconf 89' lang='lat' dir='ltr'><strong>grua</strong></span> <span class='ocrx_word' id='word_1_508' title='bbox 2180 2793 2301 2834; x_wconf 90' lang='lat' dir='ltr'><strong>esse</strong></span> <span class='ocrx_word' id='word_1_509' title='bbox 2331 2786 2552 2848; x_wconf 90' lang='lat' dir='ltr'><strong>propter</strong></span> <span class='ocrx_word' id='word_1_510' title='bbox 2584 2791 2784 2840; x_wconf 67' lang='lat' dir='ltr'><strong>cansre,</strong></span> <span class='ocrx_word' id='word_1_511' title='bbox 2821 2775 3169 2846; x_wconf 89' lang='lat' dir='ltr'><strong>causaiisque</strong></span> <span class='ocrx_word' id='word_1_512' title='bbox 3190 2776 3437 2831; x_wconf 87' lang='lat' dir='ltr'><strong>ordinem</strong></span> <span class='ocrx_word' id='word_1_513' title='bbox 3462 2793 3594 2829; x_wconf 79' lang='lat' dir='ltr'><strong>con-</strong></span> 
     </span>
    </p>
   </div>
   <div class='ocr_carea' id='block_1_74' title="bbox 2016 2868 3589 2940">
    <p class='ocr_par' dir='ltr' id='par_1_74' title="bbox 2016 2868 3589 2940">
     <span class='ocr_line' id='line_1_74' title="bbox 2016 2868 3589 2940; baseline -0.001 -17"><span class='ocrx_word' id='word_1_514' title='bbox 2016 2870 2192 2940; x_wconf 90' lang='lat' dir='ltr'><strong>tingit.</strong></span> <span class='ocrx_word' id='word_1_515' title='bbox 2225 2869 2327 2925; x_wconf 88' lang='lat' dir='ltr'><strong>Per</strong></span> <span class='ocrx_word' id='word_1_516' title='bbox 2364 2884 2424 2924; x_wconf 89' lang='lat' dir='ltr'><strong>se</strong></span> <span class='ocrx_word' id='word_1_517' title='bbox 2441 2869 2589 2923; x_wconf 90' lang='lat' dir='ltr'><strong>enim</strong></span> <span class='ocrx_word' id='word_1_518' title='bbox 2624 2868 2762 2925; x_wconf 90' lang='lat' dir='ltr'><strong>sola.</strong></span> <span class='ocrx_word' id='word_1_519' title='bbox 2798 2875 2855 2921; x_wconf 95' lang='lat' dir='ltr'><strong>ut</strong></span> <span class='ocrx_word' id='word_1_520' title='bbox 2895 2868 3114 2938; x_wconf 89' lang='lat' dir='ltr'><strong>quidam</strong></span> <span class='ocrx_word' id='word_1_521' title='bbox 3150 2868 3441 2933; x_wconf 62' lang='lat' dir='ltr'><strong>aestimant,</strong></span> <span class='ocrx_word' id='word_1_522' title='bbox 3485 2884 3589 2921; x_wconf 90' lang='lat' dir='ltr'><strong>non</strong></span> 
     </span>
    </p>
   </div>
   <div class='ocr_carea' id='block_1_75' title="bbox 2014 2956 3593 3028">
    <p class='ocr_par' dir='ltr' id='par_1_75' title="bbox 2014 2956 3593 3028">
     <span class='ocr_line' id='line_1_75' title="bbox 2014 2956 3593 3028; baseline -0.003 -14"><span class='ocrx_word' id='word_1_523' title='bbox 2014 2961 2082 3014; x_wconf 87' lang='lat' dir='ltr'><strong>ad</strong></span> <span class='ocrx_word' id='word_1_524' title='bbox 2130 2973 2190 3014; x_wconf 89' lang='lat' dir='ltr'><strong>se</strong></span> <span class='ocrx_word' id='word_1_525' title='bbox 2225 2958 2338 3028; x_wconf 88' lang='lat' dir='ltr'><strong>ipsa</strong></span> <span class='ocrx_word' id='word_1_526' title='bbox 2370 2957 2643 3021; x_wconf 88' lang='lat' dir='ltr'><strong>dicuntur,</strong></span> <span class='ocrx_word' id='word_1_527' title='bbox 2692 2972 2877 3011; x_wconf 89' lang='lat' dir='ltr'><strong>verum</strong></span> <span class='ocrx_word' id='word_1_528' title='bbox 2927 2956 3071 3027; x_wconf 87' lang='lat' dir='ltr'><strong>gigni</strong></span> <span class='ocrx_word' id='word_1_529' title='bbox 3096 2957 3330 3027; x_wconf 73' lang='lat' dir='ltr'><strong>.quidem</strong></span> <span class='ocrx_word' id='word_1_530' title='bbox 3380 2958 3446 3010; x_wconf 88' lang='lat' dir='ltr'><strong>ad</strong></span> <span class='ocrx_word' id='word_1_531' title='bbox 3486 2958 3593 3011; x_wconf 83' lang='lat' dir='ltr'><strong>l’a-</strong></span> 
     </span>
    </p>
   </div>
   <div class='ocr_carea' id='block_1_76' title="bbox 2015 3048 3578 3120">
    <p class='ocr_par' dir='ltr' id='par_1_76' title="bbox 2015 3048 3578 3120">
     <span class='ocr_line' id='line_1_76' title="bbox 2015 3048 3578 3120; baseline -0.001 -15"><span class='ocrx_word' id='word_1_532' title='bbox 2015 3058 2175 3115; x_wconf 84' lang='lat' dir='ltr'><strong>trem,</strong></span> <span class='ocrx_word' id='word_1_533' title='bbox 2202 3048 2494 3120; x_wconf 81' lang='lat' dir='ltr'><strong>procedere</strong></span> <span class='ocrx_word' id='word_1_534' title='bbox 2530 3055 2733 3111; x_wconf 82' lang='lat' dir='ltr'><strong>autem,</strong></span> <span class='ocrx_word' id='word_1_535' title='bbox 2771 3048 2834 3102; x_wconf 85' lang='lat' dir='ltr'><strong>ad</strong></span> <span class='ocrx_word' id='word_1_536' title='bbox 2862 3048 3241 3113; x_wconf 86' lang='lat' dir='ltr'><strong>productorem</strong></span> <span class='ocrx_word' id='word_1_537' title='bbox 3260 3048 3578 3119; x_wconf 88' lang='lat' dir='ltr'><strong>opponitur.</strong></span> 
     </span>
    </p>
   </div>
   <div class='ocr_carea' id='block_1_77' title="bbox 2014 3136 3588 3208">
    <p class='ocr_par' dir='ltr' id='par_1_77' title="bbox 2014 3136 3588 3208">
     <span class='ocr_line' id='line_1_77' title="bbox 2014 3136 3588 3208; baseline 0.001 -16"><span class='ocrx_word' id='word_1_538' title='bbox 2014 3137 2204 3208; x_wconf 90' lang='lat' dir='ltr'><strong>Itaque</strong></span> <span class='ocrx_word' id='word_1_539' title='bbox 2240 3152 2365 3193; x_wconf 86' lang='lat' dir='ltr'><strong>cum</strong></span> <span class='ocrx_word' id='word_1_540' title='bbox 2403 3136 2490 3192; x_wconf 88' lang='lat' dir='ltr'><strong>illa</strong></span> <span class='ocrx_word' id='word_1_541' title='bbox 2529 3138 2727 3207; x_wconf 91' lang='lat' dir='ltr'><strong>opponi</strong></span> <span class='ocrx_word' id='word_1_542' title='bbox 2772 3138 2981 3199; x_wconf 89' lang='lat' dir='ltr'><strong>dicunt.</strong></span> <span class='ocrx_word' id='word_1_543' title='bbox 3035 3150 3430 3207; x_wconf 88' lang='lat' dir='ltr'><strong>consequenter</strong></span> <span class='ocrx_word' id='word_1_544' title='bbox 3475 3142 3588 3193; x_wconf 89' lang='lat' dir='ltr'><strong>dis-</strong></span> 
     </span>
    </p>
   </div>
   <div class='ocr_carea' id='block_1_78' title="bbox 2018 3227 3593 3299">
    <p class='ocr_par' dir='ltr' id='par_1_78' title="bbox 2018 3227 3593 3299">
     <span class='ocr_line' id='line_1_78' title="bbox 2018 3227 3593 3299; baseline 0 -15"><span class='ocrx_word' id='word_1_545' title='bbox 2018 3243 2264 3295; x_wconf 85' lang='lat' dir='ltr'><strong>(ernere,</strong></span> <span class='ocrx_word' id='word_1_546' title='bbox 2298 3228 2459 3299; x_wconf 88' lang='lat' dir='ltr'><strong>quasi</strong></span> <span class='ocrx_word' id='word_1_547' title='bbox 2492 3243 2733 3294; x_wconf 88' lang='lat' dir='ltr'><strong>causam,</strong></span> <span class='ocrx_word' id='word_1_548' title='bbox 2769 3227 2987 3284; x_wconf 88' lang='lat' dir='ltr'><strong>causale</strong></span> <span class='ocrx_word' id='word_1_549' title='bbox 3030 3230 3096 3281; x_wconf 87' lang='lat' dir='ltr'><strong>ad</strong></span> <span class='ocrx_word' id='word_1_550' title='bbox 3133 3229 3365 3283; x_wconf 86' lang='lat' dir='ltr'><strong>invicem</strong></span> <span class='ocrx_word' id='word_1_551' title='bbox 3412 3229 3593 3284; x_wconf 86' lang='lat' dir='ltr'><strong>dicere</strong></span> 
     </span>
    </p>
   </div>
   <div class='ocr_carea' id='block_1_79' title="bbox 2018 3317 3591 3390">
    <p class='ocr_par' dir='ltr' id='par_1_79' title="bbox 2018 3317 3591 3390">
     <span class='ocr_line' id='line_1_79' title="bbox 2018 3317 3591 3390; baseline 0.003 -18"><span class='ocrx_word' id='word_1_552' title='bbox 2018 3328 2297 3388; x_wconf 87' lang='lat' dir='ltr'><strong>cogentur,</strong></span> <span class='ocrx_word' id='word_1_553' title='bbox 2339 3317 2638 3388; x_wconf 82' lang='lat' dir='ltr'><strong>Siquidem,</strong></span> <span class='ocrx_word' id='word_1_554' title='bbox 2668 3322 2812 3389; x_wconf 90' lang='lat' dir='ltr'><strong>quod</strong></span> <span class='ocrx_word' id='word_1_555' title='bbox 2842 3319 3083 3386; x_wconf 84' lang='lat' dir='ltr'><strong>procedit</strong></span> <span class='ocrx_word' id='word_1_556' title='bbox 3114 3334 3178 3373; x_wconf 81' lang='lat' dir='ltr'><strong>ex</strong></span> <span class='ocrx_word' id='word_1_557' title='bbox 3223 3320 3476 3390; x_wconf 77' lang='lat' dir='ltr'><strong>gignente</strong></span> <span class='ocrx_word' id='word_1_558' title='bbox 3508 3333 3591 3376; x_wconf 82' lang='lat' dir='ltr'><strong>est</strong></span> 
     </span>
    </p>
   </div>
   <div class='ocr_carea' id='block_1_80' title="bbox 2017 3410 3591 3480">
    <p class='ocr_par' dir='ltr' id='par_1_80' title="bbox 2017 3410 3591 3480">
     <span class='ocr_line' id='line_1_80' title="bbox 2017 3410 3591 3480; baseline 0.003 -18"><span class='ocrx_word' id='word_1_559' title='bbox 2017 3424 2114 3477; x_wconf 89' lang='lat' dir='ltr'><strong>per</strong></span> <span class='ocrx_word' id='word_1_560' title='bbox 2152 3410 2420 3480; x_wconf 87' lang='lat' dir='ltr'><strong>genitum;</strong></span> <span class='ocrx_word' id='word_1_561' title='bbox 2456 3410 2596 3479; x_wconf 86' lang='lat' dir='ltr'><strong>quod</strong></span> <span class='ocrx_word' id='word_1_562' title='bbox 2637 3419 2815 3464; x_wconf 88' lang='lat' dir='ltr'><strong>autem</strong></span> <span class='ocrx_word' id='word_1_563' title='bbox 2866 3411 3103 3466; x_wconf 87' lang='lat' dir='ltr'><strong>nascitur</strong></span> <span class='ocrx_word' id='word_1_564' title='bbox 3149 3411 3267 3465; x_wconf 88' lang='lat' dir='ltr'><strong>sine</strong></span> <span class='ocrx_word' id='word_1_565' title='bbox 3302 3411 3480 3465; x_wconf 87' lang='lat' dir='ltr'><strong>medio</strong></span> <span class='ocrx_word' id='word_1_566' title='bbox 3526 3429 3591 3466; x_wconf 80' lang='lat' dir='ltr'><strong>ex</strong></span> 
     </span>
    </p>
   </div>
   <div class='ocr_carea' id='block_1_81' title="bbox 2018 3504 3589 3576">
    <p class='ocr_par' dir='ltr' id='par_1_81' title="bbox 2018 3504 3589 3576">
     <span class='ocr_line' id='line_1_81' title="bbox 2018 3504 3589 3576; baseline 0.001 -21"><span class='ocrx_word' id='word_1_567' title='bbox 2018 3510 2330 3571; x_wconf 85' lang='lat' dir='ltr'><strong>generante,</strong></span> <span class='ocrx_word' id='word_1_568' title='bbox 2394 3510 2479 3557; x_wconf 90' lang='lat' dir='ltr'><strong>est</strong></span> <span class='ocrx_word' id='word_1_569' title='bbox 2540 3517 2767 3557; x_wconf 88' lang='lat' dir='ltr'><strong>consors</strong></span> <span class='ocrx_word' id='word_1_570' title='bbox 2832 3504 3133 3576; x_wconf 84' lang='lat' dir='ltr'><strong>secundum</strong></span> <span class='ocrx_word' id='word_1_571' title='bbox 3207 3505 3589 3573; x_wconf 86' lang='lat' dir='ltr'><strong>proprietatem</strong></span> 
     </span>
    </p>
   </div>
   <div class='ocr_carea' id='block_1_82' title="bbox 2018 3594 3154 3662">
    <p class='ocr_par' dir='ltr' id='par_1_82' title="bbox 2018 3594 3154 3662">
     <span class='ocr_line' id='line_1_82' title="bbox 2018 3594 3154 3662; baseline 0.001 -16"><span class='ocrx_word' id='word_1_572' title='bbox 2018 3610 2169 3648; x_wconf 77' lang='lat' dir='ltr'><strong>suam</strong></span> <span class='ocrx_word' id='word_1_573' title='bbox 2209 3603 2557 3662; x_wconf 86' lang='lat' dir='ltr'><strong>paternorum</strong></span> <span class='ocrx_word' id='word_1_574' title='bbox 2596 3594 2836 3646; x_wconf 90' lang='lat' dir='ltr'><strong>omnium</strong></span> <span class='ocrx_word' id='word_1_575' title='bbox 2872 3596 3154 3648; x_wconf 84' lang='lat' dir='ltr'><strong>honorum.</strong></span> 
     </span>
    </p>
   </div>
   <div class='ocr_carea' id='block_1_83' title="bbox 2088 3685 3586 3755">
    <p class='ocr_par' dir='ltr' id='par_1_83' title="bbox 2088 3685 3586 3755">
     <span class='ocr_line' id='line_1_83' title="bbox 2088 3685 3586 3755; baseline -0.001 -16"><span class='ocrx_word' id='word_1_576' title='bbox 2088 3686 2353 3741; x_wconf 73' lang='lat' dir='ltr'><strong>Praeterea</strong></span> <span class='ocrx_word' id='word_1_577' title='bbox 2376 3728 2390 3748; x_wconf 90' lang='lat'><strong>,</strong></span> <span class='ocrx_word' id='word_1_578' title='bbox 2417 3685 2543 3755; x_wconf 91' lang='lat' dir='ltr'><strong>quia</strong></span> <span class='ocrx_word' id='word_1_579' title='bbox 2600 3686 2801 3738; x_wconf 89' lang='lat' dir='ltr'><strong>dictmn</strong></span> <span class='ocrx_word' id='word_1_580' title='bbox 2842 3686 3002 3738; x_wconf 89' lang='lat' dir='ltr'><strong>etiam</strong></span> <span class='ocrx_word' id='word_1_581' title='bbox 3035 3688 3229 3749; x_wconf 88' lang='lat' dir='ltr'><strong>est,&#39;in</strong></span> <span class='ocrx_word' id='word_1_582' title='bbox 3261 3687 3368 3741; x_wconf 84' lang='lat' dir='ltr'><strong>sola</strong></span> <span class='ocrx_word' id='word_1_583' title='bbox 3404 3704 3586 3753; x_wconf 80' lang='lat' dir='ltr'><strong>causa,</strong></span> 
     </span>
    </p>
   </div>
   <div class='ocr_carea' id='block_1_84' title="bbox 2013 3778 3578 3846">
    <p class='ocr_par' dir='ltr' id='par_1_84' title="bbox 2013 3778 3578 3846">
     <span class='ocr_line' id='line_1_84' title="bbox 2013 3778 3578 3846; baseline -0.001 -12"><span class='ocrx_word' id='word_1_584' title='bbox 2013 3788 2068 3834; x_wconf 90' lang='lat' dir='ltr'><strong>et</strong></span> <span class='ocrx_word' id='word_1_585' title='bbox 2117 3780 2323 3834; x_wconf 86' lang='lat' dir='ltr'><strong>causali</strong></span> <span class='ocrx_word' id='word_1_586' title='bbox 2369 3780 2582 3832; x_wconf 87' lang='lat' dir='ltr'><strong>divinas</strong></span> <span class='ocrx_word' id='word_1_587' title='bbox 2625 3780 2859 3831; x_wconf 72' lang='lat' dir='ltr'><strong>discerni</strong></span> <span class='ocrx_word' id='word_1_588' title='bbox 2914 3793 3189 3846; x_wconf 87' lang='lat' dir='ltr'><strong>personas.</strong></span> <span class='ocrx_word' id='word_1_589' title='bbox 3253 3778 3313 3834; x_wconf 86' lang='lat' dir='ltr'><strong>Et</strong></span> <span class='ocrx_word' id='word_1_590' title='bbox 3352 3782 3450 3833; x_wconf 85' lang='lat' dir='ltr'><strong>hoc</strong></span> <span class='ocrx_word' id='word_1_591' title='bbox 3482 3797 3578 3833; x_wconf 87' lang='lat' dir='ltr'><strong>au-</strong></span> 
     </span>
    </p>
   </div>
   <div class='ocr_carea' id='block_1_85' title="bbox 2019 3869 3588 3943">
    <p class='ocr_par' dir='ltr' id='par_1_85' title="bbox 2019 3869 3588 3943">
     <span class='ocr_line' id='line_1_85' title="bbox 2019 3869 3588 3943; baseline 0.001 -16"><span class='ocrx_word' id='word_1_592' title='bbox 2019 3882 2124 3928; x_wconf 90' lang='lat' dir='ltr'><strong>tem</strong></span> <span class='ocrx_word' id='word_1_593' title='bbox 2163 3872 2384 3942; x_wconf 88' lang='lat' dir='ltr'><strong>quidam</strong></span> <span class='ocrx_word' id='word_1_594' title='bbox 2426 3882 2614 3926; x_wconf 91' lang='lat' dir='ltr'><strong>contra</strong></span> <span class='ocrx_word' id='word_1_595' title='bbox 2661 3869 2933 3925; x_wconf 90' lang='lat' dir='ltr'><strong>inferunt:</strong></span> <span class='ocrx_word' id='word_1_596' title='bbox 2966 3872 3246 3941; x_wconf 77' lang='lat' dir='ltr'><strong>quoniam,</strong></span> <span class='ocrx_word' id='word_1_597' title='bbox 3290 3878 3332 3927; x_wconf 91' lang='lat' dir='ltr'><strong>si</strong></span> <span class='ocrx_word' id='word_1_598' title='bbox 3370 3874 3588 3943; x_wconf 82' lang='lat' dir='ltr'><strong>quidem</strong></span> 
     </span>
    </p>
   </div>
   <div class='ocr_carea' id='block_1_86' title="bbox 2014 3960 3587 4034">
    <p class='ocr_par' dir='ltr' id='par_1_86' title="bbox 2014 3960 3587 4034">
     <span class='ocr_line' id='line_1_86' title="bbox 2014 3960 3587 4034; baseline 0.001 -15"><span class='ocrx_word' id='word_1_599' title='bbox 2014 3964 2185 4019; x_wconf 85' lang='lat' dir='ltr'><strong>Filius</strong></span> <span class='ocrx_word' id='word_1_600' title='bbox 2238 3977 2399 4017; x_wconf 89' lang='lat' dir='ltr'><strong>causa</strong></span> <span class='ocrx_word' id='word_1_601' title='bbox 2450 3962 2623 4016; x_wconf 90' lang='lat' dir='ltr'><strong>sancti</strong></span> <span class='ocrx_word' id='word_1_602' title='bbox 2673 3960 2911 4031; x_wconf 88' lang='lat' dir='ltr'><strong>Spiritus</strong></span> <span class='ocrx_word' id='word_1_603' title='bbox 2958 3970 3060 4027; x_wconf 88' lang='lat' dir='ltr'><strong>est,</strong></span> <span class='ocrx_word' id='word_1_604' title='bbox 3115 3964 3387 4034; x_wconf 85' lang='lat' dir='ltr'><strong>habetque</strong></span> <span class='ocrx_word' id='word_1_605' title='bbox 3454 3966 3504 4020; x_wconf 91' lang='lat' dir='ltr'><strong>id</strong></span> <span class='ocrx_word' id='word_1_606' title='bbox 3557 3983 3587 4020; x_wconf 91' lang='lat' dir='ltr'><strong>a</strong></span> 
     </span>
    </p>
   </div>
   <div class='ocr_carea' id='block_1_87' title="bbox 2015 4056 3590 4131">
    <p class='ocr_par' dir='ltr' id='par_1_87' title="bbox 2015 4056 3590 4131">
     <span class='ocr_line' id='line_1_87' title="bbox 2015 4056 3590 4131; baseline 0.001 -19"><span class='ocrx_word' id='word_1_607' title='bbox 2015 4058 2177 4114; x_wconf 87' lang='lat' dir='ltr'><strong>Patre</strong></span> <span class='ocrx_word' id='word_1_608' title='bbox 2218 4073 2465 4122; x_wconf 89' lang='lat' dir='ltr'><strong>sumens,</strong></span> <span class='ocrx_word' id='word_1_609' title='bbox 2517 4058 2695 4111; x_wconf 89' lang='lat' dir='ltr'><strong>sancti</strong></span> <span class='ocrx_word' id='word_1_610' title='bbox 2732 4056 2965 4126; x_wconf 90' lang='lat' dir='ltr'><strong>Spiritus</strong></span> <span class='ocrx_word' id='word_1_611' title='bbox 3016 4073 3179 4112; x_wconf 85' lang='lat' dir='ltr'><strong>causa</strong></span> <span class='ocrx_word' id='word_1_612' title='bbox 3224 4076 3343 4115; x_wconf 89' lang='lat' dir='ltr'><strong>esse</strong></span> <span class='ocrx_word' id='word_1_613' title='bbox 3390 4063 3590 4131; x_wconf 80' lang='lat' dir='ltr'><strong>praeiu-</strong></span> 
     </span>
    </p>
   </div>
   <div class='ocr_carea' id='block_1_88' title="bbox 2014 4149 3262 4221">
    <p class='ocr_par' dir='ltr' id='par_1_88' title="bbox 2014 4149 3262 4221">
     <span class='ocr_line' id='line_1_88' title="bbox 2014 4149 3262 4221; baseline 0.002 -17"><span class='ocrx_word' id='word_1_614' title='bbox 2014 4150 2283 4221; x_wconf 80' lang='lat' dir='ltr'><strong>telligetur</strong></span> <span class='ocrx_word' id='word_1_615' title='bbox 2326 4151 2379 4205; x_wconf 93' lang='lat' dir='ltr'><strong>in</strong></span> <span class='ocrx_word' id='word_1_616' title='bbox 2441 4149 2621 4211; x_wconf 87' lang='lat' dir='ltr'><strong>Patre,</strong></span> <span class='ocrx_word' id='word_1_617' title='bbox 2669 4150 2861 4205; x_wconf 86' lang='lat' dir='ltr'><strong>saltem</strong></span> <span class='ocrx_word' id='word_1_618' title='bbox 2907 4150 3262 4219; x_wconf 69' lang='lat' dir='ltr'><strong>cogitatione.</strong></span> 
     </span>
    </p>
   </div>
   <div class='ocr_carea' id='block_1_89' title="bbox 2084 4242 3587 4311">
    <p class='ocr_par' dir='ltr' id='par_1_89' title="bbox 2084 4242 3587 4311">
     <span class='ocr_line' id='line_1_89' title="bbox 2084 4242 3587 4311; baseline -0.001 -14"><span class='ocrx_word' id='word_1_619' title='bbox 2084 4242 2245 4297; x_wconf 85' lang='lat' dir='ltr'><strong>Pater</strong></span> <span class='ocrx_word' id='word_1_620' title='bbox 2272 4243 2455 4311; x_wconf 89' lang='lat' dir='ltr'><strong>itaque</strong></span> <span class='ocrx_word' id='word_1_621' title='bbox 2506 4253 2630 4295; x_wconf 85' lang='lat' dir='ltr'><strong>ante</strong></span> <span class='ocrx_word' id='word_1_622' title='bbox 2695 4243 3043 4309; x_wconf 77' lang='lat' dir='ltr'><strong>cogitabitur,</strong></span> <span class='ocrx_word' id='word_1_623' title='bbox 3089 4259 3249 4311; x_wconf 87' lang='lat' dir='ltr'><strong>quam</strong></span> <span class='ocrx_word' id='word_1_624' title='bbox 3293 4242 3461 4298; x_wconf 86' lang='lat' dir='ltr'><strong>Filius</strong></span> <span class='ocrx_word' id='word_1_625' title='bbox 3503 4246 3587 4297; x_wconf 87' lang='lat' dir='ltr'><strong>in-</strong></span> 
     </span>
    </p>
   </div>
   <div class='ocr_carea' id='block_1_90' title="bbox 2014 4326 3603 4403">
    <p class='ocr_par' dir='ltr' id='par_1_90' title="bbox 2014 4326 3603 4403">
     <span class='ocr_line' id='line_1_90' title="bbox 2014 4326 3603 4403; baseline 0.003 -17"><span class='ocrx_word' id='word_1_626' title='bbox 2014 4333 2227 4402; x_wconf 82' lang='lat' dir='ltr'><strong>spirans</strong></span> <span class='ocrx_word' id='word_1_627' title='bbox 2252 4332 2509 4403; x_wconf 89' lang='lat' dir='ltr'><strong>Spiritum</strong></span> <span class='ocrx_word' id='word_1_628' title='bbox 2552 4343 2824 4399; x_wconf 77' lang='lat' dir='ltr'><strong>sanctuin,</strong></span> <span class='ocrx_word' id='word_1_629' title='bbox 2856 4334 2948 4388; x_wconf 90' lang='lat' dir='ltr'><strong>sed</strong></span> <span class='ocrx_word' id='word_1_630' title='bbox 2982 4334 3321 4402; x_wconf 89' lang='lat' dir='ltr'><strong>productioni</strong></span> <span class='ocrx_word' id='word_1_631' title='bbox 3355 4326 3603 4402; x_wconf 71' lang='lat' dir='ltr'><strong>Spiritus</strong></span> 
     </span>
    </p>
   </div>
   <div class='ocr_carea' id='block_1_91' title="bbox 2014 4424 3588 4493">
    <p class='ocr_par' dir='ltr' id='par_1_91' title="bbox 2014 4424 3588 4493">
     <span class='ocr_line' id='line_1_91' title="bbox 2014 4424 3588 4493; baseline 0 -15"><span class='ocrx_word' id='word_1_632' title='bbox 2014 4441 2081 4479; x_wconf 83' lang='lat' dir='ltr'><strong>ex</strong></span> <span class='ocrx_word' id='word_1_633' title='bbox 2134 4425 2295 4479; x_wconf 85' lang='lat' dir='ltr'><strong>Patre</strong></span> <span class='ocrx_word' id='word_1_634' title='bbox 2348 4426 2653 4479; x_wconf 80' lang='lat' dir='ltr'><strong>substantia</strong></span> <span class='ocrx_word' id='word_1_635' title='bbox 2710 4425 2892 4479; x_wconf 87' lang='lat' dir='ltr'><strong>sancti</strong></span> <span class='ocrx_word' id='word_1_636' title='bbox 2946 4424 3183 4493; x_wconf 87' lang='lat' dir='ltr'><strong>Spiritus</strong></span> <span class='ocrx_word' id='word_1_637' title='bbox 3255 4441 3588 4478; x_wconf 89' lang='lat' dir='ltr'><strong>concurrens</strong></span> 
     </span>
    </p>
   </div>
   <div class='ocr_carea' id='block_1_92' title="bbox 347 4495 3577 4585">
    <p class='ocr_par' dir='ltr' id='par_1_92' title="bbox 347 4495 3577 4585">
     <span class='ocr_line' id='line_1_92' title="bbox 347 4495 3577 4585; baseline 0.002 -26"><span class='ocrx_word' id='word_1_638' title='bbox 347 4512 532 4562; x_wconf 48' lang='lat' dir='ltr'><strong>Pvtrtts</strong></span> <span class='ocrx_word' id='word_1_639' title='bbox 571 4512 717 4563; x_wconf 88' lang='lat' dir='ltr'><strong>enim</strong></span> <span class='ocrx_word' id='word_1_640' title='bbox 751 4510 964 4578; x_wconf 79' lang='lat' dir='ltr'><strong>pmpria</strong></span> <span class='ocrx_word' id='word_1_641' title='bbox 1000 4510 1181 4565; x_wconf 86' lang='lat' dir='ltr'><strong>anima</strong></span> <span class='ocrx_word' id='word_1_642' title='bbox 1227 4520 1281 4565; x_wconf 92' lang='lat' dir='ltr'><strong>et</strong></span> <span class='ocrx_word' id='word_1_643' title='bbox 1310 4495 1539 4579; x_wconf 82' lang='lat' dir='ltr'><strong>corpore</strong></span> <span class='ocrx_word' id='word_1_644' title='bbox 1584 4512 1905 4575; x_wconf 79' lang='lat' dir='ltr'><strong>subsistens,</strong></span> <span class='ocrx_word' id='word_1_645' title='bbox 1944 4514 1984 4566; x_wconf 90' lang='lat' dir='ltr'><strong>D</strong></span> <span class='ocrx_word' id='word_1_646' title='bbox 2013 4527 2095 4571; x_wconf 85' lang='lat' dir='ltr'><strong>est</strong></span> <span class='ocrx_word' id='word_1_647' title='bbox 2128 4516 2318 4581; x_wconf 89' lang='lat' dir='ltr'><strong>:prius</strong></span> <span class='ocrx_word' id='word_1_648' title='bbox 2340 4530 2492 4584; x_wconf 80' lang='lat' dir='ltr'><strong>ergo,</strong></span> <span class='ocrx_word' id='word_1_649' title='bbox 2525 4531 2688 4585; x_wconf 87' lang='lat' dir='ltr'><strong>quam</strong></span> <span class='ocrx_word' id='word_1_650' title='bbox 2727 4516 2990 4583; x_wconf 85' lang='lat' dir='ltr'><strong>inspirare</strong></span> <span class='ocrx_word' id='word_1_651' title='bbox 3021 4515 3189 4568; x_wconf 86' lang='lat' dir='ltr'><strong>Filius</strong></span> <span class='ocrx_word' id='word_1_652' title='bbox 3224 4516 3577 4584; x_wconf 71' lang='lat' dir='ltr'><strong>intelligatur,</strong></span> 
     </span>
    </p>
   </div>
   <div class='ocr_carea' id='block_1_93' title="bbox 347 4603 1906 4675">
    <p class='ocr_par' dir='ltr' id='par_1_93' title="bbox 347 4603 1906 4675">
     <span class='ocr_line' id='line_1_93' title="bbox 347 4603 1906 4675; baseline 0.002 -23"><span class='ocrx_word' id='word_1_653' title='bbox 347 4604 422 4657; x_wconf 85' lang='lat' dir='ltr'><strong>his</strong></span> <span class='ocrx_word' id='word_1_654' title='bbox 462 4619 489 4655; x_wconf 87' lang='lat' dir='ltr'><strong>a</strong></span> <span class='ocrx_word' id='word_1_655' title='bbox 526 4603 714 4666; x_wconf 86' lang='lat' dir='ltr'><strong>Paulo,</strong></span> <span class='ocrx_word' id='word_1_656' title='bbox 746 4605 1065 4674; x_wconf 66' lang='lat' dir='ltr'><strong>ueterisque</strong></span> <span class='ocrx_word' id='word_1_657' title='bbox 1097 4604 1453 4672; x_wconf 71' lang='lat' dir='ltr'><strong>distinguitur</strong></span> <span class='ocrx_word' id='word_1_658' title='bbox 1488 4622 1503 4659; x_wconf 88' lang='lat'><strong>:</strong></span> <span class='ocrx_word' id='word_1_659' title='bbox 1552 4604 1748 4675; x_wconf 89' lang='lat' dir='ltr'><strong>quibus</strong></span> <span class='ocrx_word' id='word_1_660' title='bbox 1778 4619 1906 4657; x_wconf 81' lang='lat' dir='ltr'><strong>vero</strong></span> 
     </span>
    </p>
   </div>
   <div class='ocr_carea' id='block_1_94' title="bbox 343 4694 1907 4764">
    <p class='ocr_par' dir='ltr' id='par_1_94' title="bbox 343 4694 1907 4764">
     <span class='ocr_line' id='line_1_94' title="bbox 343 4694 1907 4764; baseline 0.003 -19"><span class='ocrx_word' id='word_1_661' title='bbox 343 4696 633 4749; x_wconf 71' lang='lat' dir='ltr'><strong>subsistere</strong></span> <span class='ocrx_word' id='word_1_662' title='bbox 677 4697 727 4747; x_wconf 93' lang='lat' dir='ltr'><strong>in</strong></span> <span class='ocrx_word' id='word_1_663' title='bbox 758 4709 823 4748; x_wconf 88' lang='lat' dir='ltr'><strong>eo</strong></span> <span class='ocrx_word' id='word_1_664' title='bbox 851 4704 956 4760; x_wconf 83' lang='lat' dir='ltr'><strong>est,</strong></span> <span class='ocrx_word' id='word_1_665' title='bbox 983 4697 1125 4764; x_wconf 88' lang='lat' dir='ltr'><strong>quod</strong></span> <span class='ocrx_word' id='word_1_666' title='bbox 1160 4697 1226 4749; x_wconf 90' lang='lat' dir='ltr'><strong>ad</strong></span> <span class='ocrx_word' id='word_1_667' title='bbox 1269 4696 1411 4749; x_wconf 90' lang='lat' dir='ltr'><strong>aliud</strong></span> <span class='ocrx_word' id='word_1_668' title='bbox 1456 4696 1784 4757; x_wconf 82' lang='lat' dir='ltr'><strong>referuntur,</strong></span> <span class='ocrx_word' id='word_1_669' title='bbox 1821 4694 1907 4749; x_wconf 90' lang='lat' dir='ltr'><strong>his</strong></span> 
     </span>
    </p>
   </div>
   <div class='ocr_carea' id='block_1_95' title="bbox 341 4784 1908 4854">
    <p class='ocr_par' dir='ltr' id='par_1_95' title="bbox 341 4784 1908 4854">
     <span class='ocr_line' id='line_1_95' title="bbox 341 4784 1908 4854; baseline 0.003 -21"><span class='ocrx_word' id='word_1_670' title='bbox 341 4787 495 4835; x_wconf 66' lang='lat' dir='ltr'><strong>etiam</strong></span> <span class='ocrx_word' id='word_1_671' title='bbox 523 4786 623 4837; x_wconf 80' lang='lat' dir='ltr'><strong>hoc</strong></span> <span class='ocrx_word' id='word_1_672' title='bbox 656 4785 889 4839; x_wconf 84' lang='lat' dir='ltr'><strong>discerni</strong></span> <span class='ocrx_word' id='word_1_673' title='bbox 922 4794 1028 4847; x_wconf 90' lang='lat' dir='ltr'><strong>est,</strong></span> <span class='ocrx_word' id='word_1_674' title='bbox 1065 4785 1129 4837; x_wconf 89' lang='lat' dir='ltr'><strong>ad</strong></span> <span class='ocrx_word' id='word_1_675' title='bbox 1162 4800 1222 4839; x_wconf 90' lang='lat' dir='ltr'><strong>ea</strong></span> <span class='ocrx_word' id='word_1_676' title='bbox 1258 4784 1473 4851; x_wconf 87' lang='lat' dir='ltr'><strong>referri,</strong></span> <span class='ocrx_word' id='word_1_677' title='bbox 1507 4787 1574 4839; x_wconf 89' lang='lat' dir='ltr'><strong>ad</strong></span> <span class='ocrx_word' id='word_1_678' title='bbox 1602 4800 1722 4854; x_wconf 66' lang='lat' dir='ltr'><strong>quae</strong></span> <span class='ocrx_word' id='word_1_679' title='bbox 1771 4784 1908 4839; x_wconf 91' lang='lat' dir='ltr'><strong>refe-</strong></span> 
     </span>
    </p>
   </div>
   <div class='ocr_carea' id='block_1_96' title="bbox 340 4875 1900 4944">
    <p class='ocr_par' dir='ltr' id='par_1_96' title="bbox 340 4875 1900 4944">
     <span class='ocr_line' id='line_1_96' title="bbox 340 4875 1900 4944; baseline 0.002 -16"><span class='ocrx_word' id='word_1_680' title='bbox 340 4884 550 4928; x_wconf 75' lang='lat' dir='ltr'><strong>runtur.</strong></span> <span class='ocrx_word' id='word_1_681' title='bbox 597 4876 799 4929; x_wconf 87' lang='lat' dir='ltr'><strong>Servus</strong></span> <span class='ocrx_word' id='word_1_682' title='bbox 827 4875 997 4939; x_wconf 89' lang='lat' dir='ltr'><strong>enim,</strong></span> <span class='ocrx_word' id='word_1_683' title='bbox 1028 4876 1175 4929; x_wconf 88' lang='lat' dir='ltr'><strong>verbi</strong></span> <span class='ocrx_word' id='word_1_684' title='bbox 1220 4876 1417 4944; x_wconf 87' lang='lat' dir='ltr'><strong>gratia,</strong></span> <span class='ocrx_word' id='word_1_685' title='bbox 1454 4876 1505 4929; x_wconf 90' lang='lat' dir='ltr'><strong>in</strong></span> <span class='ocrx_word' id='word_1_686' title='bbox 1555 4891 1619 4929; x_wconf 90' lang='lat' dir='ltr'><strong>eo</strong></span> <span class='ocrx_word' id='word_1_687' title='bbox 1650 4876 1790 4943; x_wconf 86' lang='lat' dir='ltr'><strong>quod</strong></span> <span class='ocrx_word' id='word_1_688' title='bbox 1824 4890 1900 4931; x_wconf 88' lang='lat' dir='ltr'><strong>re-</strong></span> 
     </span>
    </p>
   </div>
   <div class='ocr_carea' id='block_1_97' title="bbox 341 4969 1908 5031">
    <p class='ocr_par' dir='ltr' id='par_1_97' title="bbox 341 4969 1908 5031">
     <span class='ocr_line' id='line_1_97' title="bbox 341 4969 1908 5031; baseline 0.003 -10"><span class='ocrx_word' id='word_1_689' title='bbox 341 4970 509 5023; x_wconf 83' lang='lat' dir='ltr'><strong>fertur</strong></span> <span class='ocrx_word' id='word_1_690' title='bbox 552 4971 617 5021; x_wconf 87' lang='lat' dir='ltr'><strong>ad</strong></span> <span class='ocrx_word' id='word_1_691' title='bbox 664 4970 971 5030; x_wconf 90' lang='lat' dir='ltr'><strong>dominum,</strong></span> <span class='ocrx_word' id='word_1_692' title='bbox 1016 4980 1117 5031; x_wconf 88' lang='lat' dir='ltr'><strong>est,</strong></span> <span class='ocrx_word' id='word_1_693' title='bbox 1151 4980 1203 5023; x_wconf 93' lang='lat' dir='ltr'><strong>et</strong></span> <span class='ocrx_word' id='word_1_694' title='bbox 1231 4969 1433 5024; x_wconf 89' lang='lat' dir='ltr'><strong>dicitur</strong></span> <span class='ocrx_word' id='word_1_695' title='bbox 1477 4984 1692 5025; x_wconf 87' lang='lat' dir='ltr'><strong>servus.</strong></span> <span class='ocrx_word' id='word_1_696' title='bbox 1736 4969 1908 5025; x_wconf 66' lang='lat' dir='ltr'><strong>Caete-</strong></span> 
     </span>
    </p>
   </div>
   <div class='ocr_carea' id='block_1_98' title="bbox 338 5059 1903 5128">
    <p class='ocr_par' dir='ltr' id='par_1_98' title="bbox 338 5059 1903 5128">
     <span class='ocr_line' id='line_1_98' title="bbox 338 5059 1903 5128; baseline 0.001 -16"><span class='ocrx_word' id='word_1_697' title='bbox 338 5076 479 5117; x_wconf 86' lang='lat' dir='ltr'><strong>rum.</strong></span> <span class='ocrx_word' id='word_1_698' title='bbox 522 5060 782 5114; x_wconf 83' lang='lat' dir='ltr'><strong>reiatione</strong></span> <span class='ocrx_word' id='word_1_699' title='bbox 812 5059 1045 5125; x_wconf 88' lang='lat' dir='ltr'><strong>sublata,</strong></span> <span class='ocrx_word' id='word_1_700' title='bbox 1089 5073 1262 5127; x_wconf 89' lang='lat' dir='ltr'><strong>neque</strong></span> <span class='ocrx_word' id='word_1_701' title='bbox 1301 5074 1512 5120; x_wconf 84' lang='lat' dir='ltr'><strong>servus,</strong></span> <span class='ocrx_word' id='word_1_702' title='bbox 1555 5060 1606 5112; x_wconf 92' lang='lat' dir='ltr'><strong>in</strong></span> <span class='ocrx_word' id='word_1_703' title='bbox 1646 5069 1903 5128; x_wconf 90' lang='lat' dir='ltr'><strong>quantum</strong></span> 
     </span>
    </p>
   </div>
   <div class='ocr_carea' id='block_1_99' title="bbox 337 5151 1907 5219">
    <p class='ocr_par' dir='ltr' id='par_1_99' title="bbox 337 5151 1907 5219">
     <span class='ocr_line' id='line_1_99' title="bbox 337 5151 1907 5219; baseline 0.001 -15"><span class='ocrx_word' id='word_1_704' title='bbox 337 5167 525 5206; x_wconf 52' lang='lat' dir='ltr'><strong>Servus</strong></span> <span class='ocrx_word' id='word_1_705' title='bbox 553 5154 657 5204; x_wconf 88' lang='lat' dir='ltr'><strong>erit</strong></span> <span class='ocrx_word' id='word_1_706' title='bbox 684 5168 699 5217; x_wconf 93' lang='lat'><strong>;</strong></span> <span class='ocrx_word' id='word_1_707' title='bbox 738 5152 990 5219; x_wconf 82' lang='lat' dir='ltr'><strong>quoniam</strong></span> <span class='ocrx_word' id='word_1_708' title='bbox 1018 5151 1183 5219; x_wconf 76' lang='lat' dir='ltr'><strong>igitur</strong></span> <span class='ocrx_word' id='word_1_709' title='bbox 1214 5153 1512 5219; x_wconf 84' lang='lat' dir='ltr'><strong>paternitas</strong></span> <span class='ocrx_word' id='word_1_710' title='bbox 1539 5159 1593 5205; x_wconf 86' lang='lat' dir='ltr'><strong>et</strong></span> <span class='ocrx_word' id='word_1_711' title='bbox 1627 5152 1907 5217; x_wconf 89' lang='lat' dir='ltr'><strong>nativitas,</strong></span> 
     </span>
    </p>
   </div>
   <div class='ocr_carea' id='block_1_100' title="bbox 338 5241 1905 5309">
    <p class='ocr_par' dir='ltr' id='par_1_100' title="bbox 338 5241 1905 5309">
     <span class='ocr_line' id='line_1_100' title="bbox 338 5241 1905 5309; baseline 0.002 -15"><span class='ocrx_word' id='word_1_712' title='bbox 338 5253 393 5294; x_wconf 90' lang='lat' dir='ltr'><strong>et</strong></span> <span class='ocrx_word' id='word_1_713' title='bbox 424 5243 700 5309; x_wconf 88' lang='lat' dir='ltr'><strong>processio</strong></span> <span class='ocrx_word' id='word_1_714' title='bbox 740 5242 1036 5296; x_wconf 86' lang='lat' dir='ltr'><strong>secundum</strong></span> <span class='ocrx_word' id='word_1_715' title='bbox 1068 5256 1284 5296; x_wconf 87' lang='lat' dir='ltr'><strong>causam</strong></span> <span class='ocrx_word' id='word_1_716' title='bbox 1331 5250 1385 5294; x_wconf 91' lang='lat' dir='ltr'><strong>et</strong></span> <span class='ocrx_word' id='word_1_717' title='bbox 1433 5241 1651 5296; x_wconf 87' lang='lat' dir='ltr'><strong>causale</strong></span> <span class='ocrx_word' id='word_1_718' title='bbox 1691 5242 1905 5297; x_wconf 85' lang='lat' dir='ltr'><strong>subsis-</strong></span> 
     </span>
    </p>
   </div>
   <div class='ocr_carea' id='block_1_101' title="bbox 340 5331 1905 5403">
    <p class='ocr_par' dir='ltr' id='par_1_101' title="bbox 340 5331 1905 5403">
     <span class='ocr_line' id='line_1_101' title="bbox 340 5331 1905 5403; baseline 0.004 -21"><span class='ocrx_word' id='word_1_719' title='bbox 340 5341 508 5385; x_wconf 86' lang='lat' dir='ltr'><strong>tunt:</strong></span> <span class='ocrx_word' id='word_1_720' title='bbox 556 5331 726 5387; x_wconf 80' lang='lat' dir='ltr'><strong>Filius</strong></span> <span class='ocrx_word' id='word_1_721' title='bbox 764 5332 1007 5403; x_wconf 65' lang='lat' dir='ltr'><strong>quidem.</strong></span> <span class='ocrx_word' id='word_1_722' title='bbox 1055 5331 1111 5385; x_wconf 89' lang='lat' dir='ltr'><strong>in</strong></span> <span class='ocrx_word' id='word_1_723' title='bbox 1159 5342 1423 5399; x_wconf 83' lang='lat' dir='ltr'><strong>quantum</strong></span> <span class='ocrx_word' id='word_1_724' title='bbox 1477 5331 1667 5396; x_wconf 81' lang='lat' dir='ltr'><strong>Filius,</strong></span> <span class='ocrx_word' id='word_1_725' title='bbox 1704 5342 1732 5386; x_wconf 83' lang='lat' dir='ltr'><strong>a</strong></span> <span class='ocrx_word' id='word_1_726' title='bbox 1785 5334 1905 5388; x_wconf 90' lang='lat' dir='ltr'><strong>solo</strong></span> 
     </span>
    </p>
   </div>
   <div class='ocr_carea' id='block_1_102' title="bbox 336 5422 1902 5492">
    <p class='ocr_par' dir='ltr' id='par_1_102' title="bbox 336 5422 1902 5492">
     <span class='ocr_line' id='line_1_102' title="bbox 336 5422 1902 5492; baseline 0.002 -16"><span class='ocrx_word' id='word_1_727' title='bbox 336 5422 495 5476; x_wconf 84' lang='lat' dir='ltr'><strong>Patre</strong></span> <span class='ocrx_word' id='word_1_728' title='bbox 523 5423 910 5492; x_wconf 83' lang='lat' dir='ltr'><strong>distinguitur;</strong></span> <span class='ocrx_word' id='word_1_729' title='bbox 957 5437 987 5475; x_wconf 88' lang='lat' dir='ltr'><strong>a</strong></span> <span class='ocrx_word' id='word_1_730' title='bbox 1019 5422 1224 5491; x_wconf 87' lang='lat' dir='ltr'><strong>Spiritu</strong></span> <span class='ocrx_word' id='word_1_731' title='bbox 1258 5434 1438 5477; x_wconf 85' lang='lat' dir='ltr'><strong>autem</strong></span> <span class='ocrx_word' id='word_1_732' title='bbox 1488 5425 1635 5480; x_wconf 85' lang='lat' dir='ltr'><strong>nulla</strong></span> <span class='ocrx_word' id='word_1_733' title='bbox 1672 5425 1902 5492; x_wconf 83' lang='lat' dir='ltr'><strong>ratione,</strong></span> 
     </span>
    </p>
   </div>
   <div class='ocr_carea' id='block_1_103' title="bbox 335 5515 1902 5586">
    <p class='ocr_par' dir='ltr' id='par_1_103' title="bbox 335 5515 1902 5586">
     <span class='ocr_line' id='line_1_103' title="bbox 335 5515 1902 5586; baseline 0.003 -18"><span class='ocrx_word' id='word_1_734' title='bbox 335 5516 440 5569; x_wconf 85' lang='lat' dir='ltr'><strong>nisi</strong></span> <span class='ocrx_word' id='word_1_735' title='bbox 495 5527 548 5570; x_wconf 91' lang='lat' dir='ltr'><strong>et</strong></span> <span class='ocrx_word' id='word_1_736' title='bbox 588 5516 691 5571; x_wconf 84' lang='lat' dir='ltr'><strong>alia</strong></span> <span class='ocrx_word' id='word_1_737' title='bbox 740 5515 922 5585; x_wconf 85' lang='lat' dir='ltr'><strong>aliqua</strong></span> <span class='ocrx_word' id='word_1_738' title='bbox 966 5516 1137 5585; x_wconf 90' lang='lat' dir='ltr'><strong>ipsius</strong></span> <span class='ocrx_word' id='word_1_739' title='bbox 1185 5517 1252 5571; x_wconf 83' lang='lat' dir='ltr'><strong>ad</strong></span> <span class='ocrx_word' id='word_1_740' title='bbox 1309 5516 1566 5586; x_wconf 89' lang='lat' dir='ltr'><strong>Spiritum</strong></span> <span class='ocrx_word' id='word_1_741' title='bbox 1601 5519 1902 5574; x_wconf 72' lang='lat' dir='ltr'><strong>differentia</strong></span> 
     </span>
    </p>
   </div>
   <div class='ocr_carea' id='block_1_104' title="bbox 333 5608 1904 5678">
    <p class='ocr_par' dir='ltr' id='par_1_104' title="bbox 333 5608 1904 5678">
     <span class='ocr_line' id='line_1_104' title="bbox 333 5608 1904 5678; baseline 0.005 -19"><span class='ocrx_word' id='word_1_742' title='bbox 333 5608 689 5678; x_wconf 87' lang='lat' dir='ltr'><strong>intelligatur.</strong></span> <span class='ocrx_word' id='word_1_743' title='bbox 718 5608 901 5663; x_wconf 84' lang='lat' dir='ltr'><strong>Solam</strong></span> <span class='ocrx_word' id='word_1_744' title='bbox 928 5609 1076 5664; x_wconf 88' lang='lat' dir='ltr'><strong>enim</strong></span> <span class='ocrx_word' id='word_1_745' title='bbox 1099 5610 1396 5663; x_wconf 87' lang='lat' dir='ltr'><strong>secundum</strong></span> <span class='ocrx_word' id='word_1_746' title='bbox 1424 5612 1755 5667; x_wconf 87' lang='lat' dir='ltr'><strong>nativitatem</strong></span> <span class='ocrx_word' id='word_1_747' title='bbox 1786 5614 1904 5667; x_wconf 90' lang='lat' dir='ltr'><strong>sine</strong></span> 
     </span>
    </p>
   </div>
   <div class='ocr_carea' id='block_1_105' title="bbox 335 5699 1903 5770">
    <p class='ocr_par' dir='ltr' id='par_1_105' title="bbox 335 5699 1903 5770">
     <span class='ocr_line' id='line_1_105' title="bbox 335 5699 1903 5770; baseline 0.006 -21"><span class='ocrx_word' id='word_1_748' title='bbox 335 5700 599 5753; x_wconf 79' lang='lat' dir='ltr'><strong>relatioae</strong></span> <span class='ocrx_word' id='word_1_749' title='bbox 630 5702 694 5752; x_wconf 88' lang='lat' dir='ltr'><strong>ad</strong></span> <span class='ocrx_word' id='word_1_750' title='bbox 724 5700 938 5753; x_wconf 82' lang='lat' dir='ltr'><strong>Patrem</strong></span> <span class='ocrx_word' id='word_1_751' title='bbox 964 5699 1318 5764; x_wconf 86' lang='lat' dir='ltr'><strong>intellectam,</strong></span> <span class='ocrx_word' id='word_1_752' title='bbox 1352 5716 1455 5754; x_wconf 91' lang='lat' dir='ltr'><strong>una</strong></span> <span class='ocrx_word' id='word_1_753' title='bbox 1490 5716 1720 5770; x_wconf 90' lang='lat' dir='ltr'><strong>persona</strong></span> <span class='ocrx_word' id='word_1_754' title='bbox 1761 5715 1903 5758; x_wconf 89' lang='lat' dir='ltr'><strong>esset</strong></span> 
     </span>
    </p>
   </div>
   <div class='ocr_carea' id='block_1_106' title="bbox 338 5785 1897 5861">
    <p class='ocr_par' dir='ltr' id='par_1_106' title="bbox 338 5785 1897 5861">
     <span class='ocr_line' id='line_1_106' title="bbox 338 5785 1897 5861; baseline 0.005 -20"><span class='ocrx_word' id='word_1_755' title='bbox 338 5785 510 5844; x_wconf 74' lang='lat' dir='ltr'><strong>Filius</strong></span> <span class='ocrx_word' id='word_1_756' title='bbox 553 5799 606 5845; x_wconf 91' lang='lat' dir='ltr'><strong>et</strong></span> <span class='ocrx_word' id='word_1_757' title='bbox 637 5789 889 5859; x_wconf 84' lang='lat' dir='ltr'><strong>Spiritus.</strong></span> <span class='ocrx_word' id='word_1_758' title='bbox 930 5790 1159 5846; x_wconf 80' lang='lat' dir='ltr'><strong>Rursum</strong></span> <span class='ocrx_word' id='word_1_759' title='bbox 1217 5791 1452 5861; x_wconf 86' lang='lat' dir='ltr'><strong>Spiritus</strong></span> <span class='ocrx_word' id='word_1_760' title='bbox 1484 5802 1706 5849; x_wconf 85' lang='lat' dir='ltr'><strong>sanctus</strong></span> <span class='ocrx_word' id='word_1_761' title='bbox 1756 5796 1897 5849; x_wconf 84' lang='lat' dir='ltr'><strong>rela-</strong></span> 
     </span>
    </p>
   </div>
   <div class='ocr_carea' id='block_1_107' title="bbox 2012 4606 3579 4674">
    <p class='ocr_par' dir='ltr' id='par_1_107' title="bbox 2012 4606 3579 4674">
     <span class='ocr_line' id='line_1_107' title="bbox 2012 4606 3579 4674; baseline -0.001 -13"><span class='ocrx_word' id='word_1_762' title='bbox 2012 4606 2261 4661; x_wconf 87' lang='lat' dir='ltr'><strong>suhsistit</strong></span> <span class='ocrx_word' id='word_1_763' title='bbox 2305 4606 2542 4674; x_wconf 88' lang='lat' dir='ltr'><strong>Spiritus</strong></span> <span class='ocrx_word' id='word_1_764' title='bbox 2588 4615 2833 4667; x_wconf 88' lang='lat' dir='ltr'><strong>sanctus,</strong></span> <span class='ocrx_word' id='word_1_765' title='bbox 2875 4613 2929 4658; x_wconf 89' lang='lat' dir='ltr'><strong>et</strong></span> <span class='ocrx_word' id='word_1_766' title='bbox 2981 4619 3076 4672; x_wconf 90' lang='lat' dir='ltr'><strong>per</strong></span> <span class='ocrx_word' id='word_1_767' title='bbox 3123 4620 3486 4671; x_wconf 85' lang='lat' dir='ltr'><strong>consequens,</strong></span> <span class='ocrx_word' id='word_1_768' title='bbox 3513 4607 3579 4659; x_wconf 86' lang='lat' dir='ltr'><strong>ab</strong></span> 
     </span>
    </p>
   </div>
   <div class='ocr_carea' id='block_1_108' title="bbox 2010 4695 3575 4767">
    <p class='ocr_par' dir='ltr' id='par_1_108' title="bbox 2010 4695 3575 4767">
     <span class='ocr_line' id='line_1_108' title="bbox 2010 4695 3575 4767; baseline -0.001 -16"><span class='ocrx_word' id='word_1_769' title='bbox 2010 4700 2128 4767; x_wconf 90' lang='lat' dir='ltr'><strong>ipso</strong></span> <span class='ocrx_word' id='word_1_770' title='bbox 2180 4696 2529 4751; x_wconf 88' lang='lat' dir='ltr'><strong>discernitur.</strong></span> <span class='ocrx_word' id='word_1_771' title='bbox 2580 4696 2733 4749; x_wconf 85' lang='lat' dir='ltr'><strong>Prius</strong></span> <span class='ocrx_word' id='word_1_772' title='bbox 2786 4704 3004 4758; x_wconf 87' lang='lat' dir='ltr'><strong>autem,</strong></span> <span class='ocrx_word' id='word_1_773' title='bbox 3050 4710 3211 4763; x_wconf 89' lang='lat' dir='ltr'><strong>quam</strong></span> <span class='ocrx_word' id='word_1_774' title='bbox 3282 4695 3575 4761; x_wconf 83' lang='lat' dir='ltr'><strong>inspiraret</strong></span> 
     </span>
    </p>
   </div>
   <div class='ocr_carea' id='block_1_109' title="bbox 2014 4783 3584 4854">
    <p class='ocr_par' dir='ltr' id='par_1_109' title="bbox 2014 4783 3584 4854">
     <span class='ocr_line' id='line_1_109' title="bbox 2014 4783 3584 4854; baseline -0.004 -12"><span class='ocrx_word' id='word_1_775' title='bbox 2014 4789 2205 4854; x_wconf 77' lang='lat' dir='ltr'><strong>Filius,</strong></span> <span class='ocrx_word' id='word_1_776' title='bbox 2238 4787 2409 4842; x_wconf 86' lang='lat' dir='ltr'><strong>Filius</strong></span> <span class='ocrx_word' id='word_1_777' title='bbox 2451 4795 2660 4839; x_wconf 88' lang='lat' dir='ltr'><strong>tantmn</strong></span> <span class='ocrx_word' id='word_1_778' title='bbox 2700 4795 2835 4848; x_wconf 89' lang='lat' dir='ltr'><strong>erat,</strong></span> <span class='ocrx_word' id='word_1_779' title='bbox 2887 4794 2939 4836; x_wconf 89' lang='lat' dir='ltr'><strong>et</strong></span> <span class='ocrx_word' id='word_1_780' title='bbox 2984 4799 3085 4836; x_wconf 91' lang='lat' dir='ltr'><strong>non</strong></span> <span class='ocrx_word' id='word_1_781' title='bbox 3118 4784 3433 4851; x_wconf 83' lang='lat' dir='ltr'><strong>protluctor.</strong></span> <span class='ocrx_word' id='word_1_782' title='bbox 3476 4783 3584 4835; x_wconf 88' lang='lat' dir='ltr'><strong>lta-</strong></span> 
     </span>
    </p>
   </div>
   <div class='ocr_carea' id='block_1_110' title="bbox 2008 4874 3579 4948">
    <p class='ocr_par' dir='ltr' id='par_1_110' title="bbox 2008 4874 3579 4948">
     <span class='ocr_line' id='line_1_110' title="bbox 2008 4874 3579 4948; baseline -0.006 -15"><span class='ocrx_word' id='word_1_783' title='bbox 2008 4894 2113 4948; x_wconf 89' lang='lat' dir='ltr'><strong>que</strong></span> <span class='ocrx_word' id='word_1_784' title='bbox 2150 4889 2203 4933; x_wconf 87' lang='lat' dir='ltr'><strong>et</strong></span> <span class='ocrx_word' id='word_1_785' title='bbox 2256 4881 2301 4931; x_wconf 92' lang='lat' dir='ltr'><strong>si</strong></span> <span class='ocrx_word' id='word_1_786' title='bbox 2355 4892 2457 4930; x_wconf 92' lang='lat' dir='ltr'><strong>non</strong></span> <span class='ocrx_word' id='word_1_787' title='bbox 2488 4879 2569 4933; x_wconf 83' lang='lat' dir='ltr'><strong>sit</strong></span> <span class='ocrx_word' id='word_1_788' title='bbox 2618 4891 2780 4930; x_wconf 85' lang='lat' dir='ltr'><strong>causa</strong></span> <span class='ocrx_word' id='word_1_789' title='bbox 2832 4874 3022 4937; x_wconf 80' lang='lat' dir='ltr'><strong>Filius,</strong></span> <span class='ocrx_word' id='word_1_790' title='bbox 3060 4890 3087 4925; x_wconf 87' lang='lat' dir='ltr'><strong>a</strong></span> <span class='ocrx_word' id='word_1_791' title='bbox 3141 4874 3342 4942; x_wconf 82' lang='lat' dir='ltr'><strong>Spiritu</strong></span> <span class='ocrx_word' id='word_1_792' title='bbox 3386 4882 3579 4925; x_wconf 75' lang='lat' dir='ltr'><strong>saneto</strong></span> 
     </span>
    </p>
   </div>
   <div class='ocr_carea' id='block_1_111' title="bbox 2007 4971 2363 5027">
    <p class='ocr_par' dir='ltr' id='par_1_111' title="bbox 2007 4971 2363 5027">
     <span class='ocr_line' id='line_1_111' title="bbox 2007 4971 2363 5027; baseline -0.017 0"><span class='ocrx_word' id='word_1_793' title='bbox 2007 4971 2363 5027; x_wconf 84' lang='lat' dir='ltr'><strong>discernetur.</strong></span> 
     </span>
    </p>
   </div>
   <div class='ocr_carea' id='block_1_112' title="bbox 2079 5055 3583 5129">
    <p class='ocr_par' dir='ltr' id='par_1_112' title="bbox 2079 5055 3583 5129">
     <span class='ocr_line' id='line_1_112' title="bbox 2079 5055 3583 5129; baseline -0.008 -10"><span class='ocrx_word' id='word_1_794' title='bbox 2079 5064 2303 5129; x_wconf 83' lang='lat' dir='ltr'><strong>Verum,</strong></span> <span class='ocrx_word' id='word_1_795' title='bbox 2335 5061 2475 5116; x_wconf 89' lang='lat' dir='ltr'><strong>istud</strong></span> <span class='ocrx_word' id='word_1_796' title='bbox 2502 5075 2714 5129; x_wconf 86' lang='lat' dir='ltr'><strong>quoque</strong></span> <span class='ocrx_word' id='word_1_797' title='bbox 2740 5057 3091 5121; x_wconf 87' lang='lat' dir='ltr'><strong>imbecillum,</strong></span> <span class='ocrx_word' id='word_1_798' title='bbox 3146 5071 3209 5110; x_wconf 88' lang='lat' dir='ltr'><strong>ea</strong></span> <span class='ocrx_word' id='word_1_799' title='bbox 3242 5064 3325 5109; x_wconf 88' lang='lat' dir='ltr'><strong>est</strong></span> <span class='ocrx_word' id='word_1_800' title='bbox 3352 5055 3583 5116; x_wconf 80' lang='lat' dir='ltr'><strong>ratiOne,</strong></span> 
     </span>
    </p>
   </div>
   <div class='ocr_carea' id='block_1_113' title="bbox 2008 5147 3586 5226">
    <p class='ocr_par' dir='ltr' id='par_1_113' title="bbox 2008 5147 3586 5226">
     <span class='ocr_line' id='line_1_113' title="bbox 2008 5147 3586 5226; baseline -0.006 -17"><span class='ocrx_word' id='word_1_801' title='bbox 2008 5155 2152 5226; x_wconf 88' lang='lat' dir='ltr'><strong>quod</strong></span> <span class='ocrx_word' id='word_1_802' title='bbox 2187 5153 2303 5209; x_wconf 84' lang='lat' dir='ltr'><strong>Filii</strong></span> <span class='ocrx_word' id='word_1_803' title='bbox 2336 5168 2399 5207; x_wconf 79' lang='lat' dir='ltr'><strong>ex</strong></span> <span class='ocrx_word' id='word_1_804' title='bbox 2440 5150 2599 5205; x_wconf 87' lang='lat' dir='ltr'><strong>Patre</strong></span> <span class='ocrx_word' id='word_1_805' title='bbox 2629 5150 2876 5204; x_wconf 85' lang='lat' dir='ltr'><strong>uativitas</strong></span> <span class='ocrx_word' id='word_1_806' title='bbox 2896 5150 3133 5216; x_wconf 73' lang='lat' dir='ltr'><strong>primus,</strong></span> <span class='ocrx_word' id='word_1_807' title='bbox 3160 5157 3213 5202; x_wconf 94' lang='lat' dir='ltr'><strong>et</strong></span> <span class='ocrx_word' id='word_1_808' title='bbox 3238 5147 3586 5201; x_wconf 87' lang='lat' dir='ltr'><strong>immediatns</strong></span> 
     </span>
    </p>
   </div>
   <div class='ocr_carea' id='block_1_114' title="bbox 2005 5242 3581 5313">
    <p class='ocr_par' dir='ltr' id='par_1_114' title="bbox 2005 5242 3581 5313">
     <span class='ocr_line' id='line_1_114' title="bbox 2005 5242 3581 5313; baseline -0.007 -12"><span class='ocrx_word' id='word_1_809' title='bbox 2005 5256 2111 5313; x_wconf 86' lang='lat' dir='ltr'><strong>est,</strong></span> <span class='ocrx_word' id='word_1_810' title='bbox 2166 5245 2465 5300; x_wconf 83' lang='lat' dir='ltr'><strong>secundum</strong></span> <span class='ocrx_word' id='word_1_811' title='bbox 2512 5254 2790 5312; x_wconf 89' lang='lat' dir='ltr'><strong>paternam</strong></span> <span class='ocrx_word' id='word_1_812' title='bbox 2842 5242 3224 5310; x_wconf 85' lang='lat' dir='ltr'><strong>proprietatem</strong></span> <span class='ocrx_word' id='word_1_813' title='bbox 3263 5242 3581 5309; x_wconf 77' lang='lat' dir='ltr'><strong>processus,</strong></span> 
     </span>
    </p>
   </div>
   <div class='ocr_carea' id='block_1_115' title="bbox 2004 5330 3576 5405">
    <p class='ocr_par' dir='ltr' id='par_1_115' title="bbox 2004 5330 3576 5405">
     <span class='ocr_line' id='line_1_115' title="bbox 2004 5330 3576 5405; baseline -0.004 -15"><span class='ocrx_word' id='word_1_814' title='bbox 2004 5346 2066 5392; x_wconf 84' lang='lat' dir='ltr'><strong>et</strong></span> <span class='ocrx_word' id='word_1_815' title='bbox 2101 5346 2228 5390; x_wconf 88' lang='lat' dir='ltr'><strong>ante</strong></span> <span class='ocrx_word' id='word_1_816' title='bbox 2286 5334 2691 5405; x_wconf 83' lang='lat' dir='ltr'><strong>processionetn</strong></span> <span class='ocrx_word' id='word_1_817' title='bbox 2748 5334 2923 5387; x_wconf 86' lang='lat' dir='ltr'><strong>sancti</strong></span> <span class='ocrx_word' id='word_1_818' title='bbox 2982 5330 3219 5400; x_wconf 87' lang='lat' dir='ltr'><strong>Spiritus</strong></span> <span class='ocrx_word' id='word_1_819' title='bbox 3271 5330 3576 5401; x_wconf 86' lang='lat' dir='ltr'><strong>cogitatur.</strong></span> 
     </span>
    </p>
   </div>
   <div class='ocr_carea' id='block_1_116' title="bbox 2008 5422 3579 5491">
    <p class='ocr_par' dir='ltr' id='par_1_116' title="bbox 2008 5422 3579 5491">
     <span class='ocr_line' id='line_1_116' title="bbox 2008 5422 3579 5491; baseline -0.005 -9"><span class='ocrx_word' id='word_1_820' title='bbox 2008 5428 2112 5484; x_wconf 86' lang='lat' dir='ltr'><strong>Per</strong></span> <span class='ocrx_word' id='word_1_821' title='bbox 2146 5428 2489 5483; x_wconf 90' lang='lat' dir='ltr'><strong>nativitatem</strong></span> <span class='ocrx_word' id='word_1_822' title='bbox 2537 5425 2681 5480; x_wconf 90' lang='lat' dir='ltr'><strong>enim</strong></span> <span class='ocrx_word' id='word_1_823' title='bbox 2733 5423 3006 5491; x_wconf 89' lang='lat' dir='ltr'><strong>processio</strong></span> <span class='ocrx_word' id='word_1_824' title='bbox 3046 5432 3150 5489; x_wconf 89' lang='lat' dir='ltr'><strong>est;</strong></span> <span class='ocrx_word' id='word_1_825' title='bbox 3194 5422 3338 5490; x_wconf 89' lang='lat' dir='ltr'><strong>quia,</strong></span> <span class='ocrx_word' id='word_1_826' title='bbox 3396 5432 3448 5476; x_wconf 92' lang='lat' dir='ltr'><strong>et</strong></span> <span class='ocrx_word' id='word_1_827' title='bbox 3484 5437 3579 5490; x_wconf 90' lang='lat' dir='ltr'><strong>per</strong></span> 
     </span>
    </p>
   </div>
   <div class='ocr_carea' id='block_1_117' title="bbox 1958 5514 3573 5588">
    <p class='ocr_par' dir='ltr' id='par_1_117' title="bbox 1958 5514 3573 5588">
     <span class='ocr_line' id='line_1_117' title="bbox 1958 5514 3573 5588; baseline -0.006 -14"><span class='ocrx_word' id='word_1_828' title='bbox 1958 5572 1967 5581; x_wconf 83' lang='grc'><strong>,</strong></span> <span class='ocrx_word' id='word_1_829' title='bbox 2004 5518 2199 5574; x_wconf 84' lang='lat' dir='ltr'><strong>Filium</strong></span> <span class='ocrx_word' id='word_1_830' title='bbox 2242 5518 2501 5588; x_wconf 81' lang='lat' dir='ltr'><strong>Spiritus,</strong></span> <span class='ocrx_word' id='word_1_831' title='bbox 2554 5514 3009 5587; x_wconf 82' lang='lat' dir='ltr'><strong>procedentisque</strong></span> <span class='ocrx_word' id='word_1_832' title='bbox 3060 5515 3323 5569; x_wconf 86' lang='lat' dir='ltr'><strong>terminus</strong></span> <span class='ocrx_word' id='word_1_833' title='bbox 3352 5530 3448 5583; x_wconf 88' lang='lat' dir='ltr'><strong>per</strong></span> <span class='ocrx_word' id='word_1_834' title='bbox 3479 5532 3573 5581; x_wconf 71' lang='lat' dir='ltr'><strong>ge—</strong></span> 
     </span>
    </p>
   </div>
   <div class='ocr_carea' id='block_1_118' title="bbox 2006 5602 3578 5683">
    <p class='ocr_par' dir='ltr' id='par_1_118' title="bbox 2006 5602 3578 5683">
     <span class='ocr_line' id='line_1_118' title="bbox 2006 5602 3578 5683; baseline -0.004 -20"><span class='ocrx_word' id='word_1_835' title='bbox 2006 5605 2180 5664; x_wconf 84' lang='lat' dir='ltr'><strong>nitum</strong></span> <span class='ocrx_word' id='word_1_836' title='bbox 2231 5625 2351 5663; x_wconf 89' lang='lat' dir='ltr'><strong>esse</strong></span> <span class='ocrx_word' id='word_1_837' title='bbox 2390 5617 2721 5683; x_wconf 81' lang='lat' dir='ltr'><strong>monstratus</strong></span> <span class='ocrx_word' id='word_1_838' title='bbox 2764 5616 2863 5661; x_wconf 79' lang='lat' dir='ltr'><strong>cst.</strong></span> <span class='ocrx_word' id='word_1_839' title='bbox 2923 5605 3186 5670; x_wconf 87' lang='lat' dir='ltr'><strong>Quoniam</strong></span> <span class='ocrx_word' id='word_1_840' title='bbox 3229 5619 3356 5657; x_wconf 86' lang='lat' dir='ltr'><strong>vero</strong></span> <span class='ocrx_word' id='word_1_841' title='bbox 3387 5602 3578 5667; x_wconf 85' lang='lat' dir='ltr'><strong>Filius,</strong></span> 
     </span>
    </p>
   </div>
   <div class='ocr_carea' id='block_1_119' title="bbox 2006 5696 3574 5770">
    <p class='ocr_par' dir='ltr' id='par_1_119' title="bbox 2006 5696 3574 5770">
     <span class='ocr_line' id='line_1_119' title="bbox 2006 5696 3574 5770; baseline -0.006 -15"><span class='ocrx_word' id='word_1_842' title='bbox 2006 5701 2059 5755; x_wconf 87' lang='lat' dir='ltr'><strong>in</strong></span> <span class='ocrx_word' id='word_1_843' title='bbox 2096 5710 2359 5770; x_wconf 87' lang='lat' dir='ltr'><strong>quantum</strong></span> <span class='ocrx_word' id='word_1_844' title='bbox 2404 5699 2593 5764; x_wconf 80' lang='lat' dir='ltr'><strong>Filius,</strong></span> <span class='ocrx_word' id='word_1_845' title='bbox 2649 5707 3000 5767; x_wconf 79' lang='lat' dir='ltr'><strong>paternorum</strong></span> <span class='ocrx_word' id='word_1_846' title='bbox 3030 5699 3292 5751; x_wconf 87' lang='lat' dir='ltr'><strong>bonorum</strong></span> <span class='ocrx_word' id='word_1_847' title='bbox 3332 5696 3574 5748; x_wconf 88' lang='lat' dir='ltr'><strong>omnium</strong></span> 
     </span>
    </p>
   </div>
   <div class='ocr_carea' id='block_1_120' title="bbox 2004 5789 3578 5860">
    <p class='ocr_par' dir='ltr' id='par_1_120' title="bbox 2004 5789 3578 5860">
     <span class='ocr_line' id='line_1_120' title="bbox 2004 5789 3578 5860; baseline -0.005 -12"><span class='ocrx_word' id='word_1_848' title='bbox 2004 5803 2086 5849; x_wconf 78' lang='lat' dir='ltr'><strong>est</strong></span> <span class='ocrx_word' id='word_1_849' title='bbox 2138 5793 2326 5855; x_wconf 68' lang='lat' dir='ltr'><strong>haeres,</strong></span> <span class='ocrx_word' id='word_1_850' title='bbox 2391 5800 2443 5847; x_wconf 86' lang='grc' dir='ltr'><strong>ει</strong></span> <span class='ocrx_word' id='word_1_851' title='bbox 2489 5790 2693 5855; x_wconf 73' lang='lat' dir='ltr'><strong>omnia,</strong></span> <span class='ocrx_word' id='word_1_852' title='bbox 2740 5805 2857 5860; x_wconf 71' lang='lat' dir='ltr'><strong>qua:</strong></span> <span class='ocrx_word' id='word_1_853' title='bbox 2908 5790 3078 5844; x_wconf 83' lang='lat' dir='ltr'><strong>Patris</strong></span> <span class='ocrx_word' id='word_1_854' title='bbox 3117 5798 3267 5852; x_wconf 85' lang='lat' dir='ltr'><strong>sunt,</strong></span> <span class='ocrx_word' id='word_1_855' title='bbox 3304 5789 3578 5841; x_wconf 84' lang='lat' dir='ltr'><strong>nascendo</strong></span> 
     </span>
    </p>
   </div>
  </div>
