4010 6220
437 296 540 367 ῙΒΞ

1697 303 2094 365 MANUELIS
2138 304 2445 365 CALECrE

3593 302 3698 370 156

424 417 646 483 accipit,
682 414 948 486 gignendo
990 415 1235 485 profecto
1280 414 1439 469 Pater
1478 412 1611 467 Filio
1649 411 1863 467 initium
1913 421 2015 475 est,
2056 417 2095 472 Δ
2128 412 2493 468 substantiam
2537 411 2737 468 habere
2789 410 3047 481 Spiritum
3092 413 3348 469 Sanctum
3390 417 3531 483 quod
3566 419 3703 474 dici-

425 508 593 562 etiam
650 507 825 561 ut~sit
865 507 1037 561 sancti
1081 506 1321 575 Spiritus
1362 505 1804 574 eausa.’ltaque,
1846 505 1890 559 si
1925 519 2020 572 per

428 593 771 647 nativitatem
797 608 974 658 suam,
1001 602 1059 647 ut
1082 593 1319 655 initium,
1345 607 1395 647 et
1420 607 1584 647 causa
1622 593 1857 647 Sanctus
1892 590 2019 659 Spi-

436 687 572 740 ritus
624 688 694 741 sit
749 686 939 751 Filius,
987 685 1149 740 Pater
1199 685 1335 740 Filio
1370 686 1813 748 communicabit,
1859 683 2019 737 simul

425 793 553 832 cum
605 776 740 832 Filio
770 778 871 833 hoc
932 778 1185 842 habebit,
1227 788 1281 831 et
1335 792 1508 847 neque
1573 776 1687 845 ipse
1738 776 1856 831 sine
1885 773 2019 829 Filio

435 870 711 937 inspirare
754 870 1089 938 intelligetur
1114 870 1379 939 Spiritum
1425 869 1706 923 Sanctum.
1731 869 1837 921 Aut
1874 866 2017 921 enim

434 975 611 1032 neque
664 977 731 1015 ex
793 961 956 1017 Patre
1021 971 1128 1024 est,
1186 963 1230 1015 si
1282 961 1385 1014 diei
1431 960 1515 1014 fas
1576 960 1666 1021 sit,
1710 969 1803 1012 aut
1854 957 2018 1013 etiam

443 1069 541 1120 per
588 1054 808 1120 Filium,
856 1066 1021 1123 atque
1070 1070 1136 1109 ex
1178 1053 1319 1109 Filio
1376 1062 1499 1108 est:
1540 1053 1740 1122 quippe
1791 1053 1895 1107 hoc
1936 1057 2022 1104 est

434 1146 774 1213 procedentis
809 1147 968 1201 ratio.
1012 1148 1079 1201 Et
1115 1156 1408 1214 antequam
1447 1146 1688 1221 Spiritus
1750 1144 2023 1213 cogitetur

441 1250 507 1288 ex
568 1234 724 1300 Filio,
776 1236 889 1305 jam
934 1237 1078 1292 hunc
1123 1238 1421 1308 producere
1473 1235 1640 1291 Filius
1684 1251 1805 1289 cum
1856 1235 2019 1288 Patre

441 1327 607 1379 habet
642 1342 672 1380 a
709 1326 868 1381 Patre
895 1329 1137 1395 genitus.
1174 1329 1407 1383 maxime
1442 1343 1563 1383 cum
1613 1335 1668 1382 et
1719 1326 2023 1395 productor

434 1431 534 1485 per
575 1412 806 1473 Verbum
852 1420 1065 1474 dicatur
1109 1421 1289 1476 Pater.
1350 1420 1407 1475 Si
1456 1421 1673 1487 quidem
1726 1419 1870 1473 enim
1902 1434 2026 1487 pro-

437 1511 692 1563 ducendo
719 1511 879 1564 Pater
907 1511 1049 1565 Filio
1080 1526 1302 1566 causam
1364 1511 1605 1581 Spiritus
1638 1511 1817 1578 daret,
1852 1509 2024 1577 Filius

440 1601 684 1667 perfecto
714 1612 839 1655 ante
867 1617 1088 1656 causam
1122 1604 1480 1672 cogitaretur,
1508 1606 1811 1659 secundum
1861 1620 2021 1673 quam

442 1691 685 1760 Spiritus
711 1694 957 1762 procedit
998 1710 1025 1746 a
1056 1694 1220 1751 Filio.
1257 1697 1408 1750 Nune
1448 1708 1624 1750 autem
1646 1697 1917 1767 gignendo
1942 1705 2022 1751 est

449 1784 608 1839 Pater
639 1786 851 1839 initium
880 1784 1042 1852 Filio,
1075 1796 1132 1840 ut
1168 1788 1239 1841 sit
1263 1799 1483 1841 sanctus
1511 1765 1744 1857 Spiritus
1772 1795 2033 1850 causa,et
2064 1765 2104 1820 Β

452 1893 548 1945 per
584 1877 777 1931 Filium
820 1894 982 1931 causa
1031 1879 1205 1933 sancti
1248 1878 1484 1946 Spiritus
1524 1887 1627 1943 est,
1682 1878 1811 1948 quia
1864 1888 1919 1933 et
1968 1894 2033 1932 ex

450 1969 567 2035 ipso
596 1983 690 2037 per
739 1968 935 2022 Filium
969 1971 1215 2036 procedit
1261 1969 1499 2039 Spiritus
1526 1970 1799 2025 Sanctus.
1843 1970 2035 2039 Itaque

449 2062 609 2114 Pater
642 2069 694 2113 et
733 2059 927 2127 Filius,
999 2063 1156 2131 quasi
1191 2077 1358 2116 unum
1390 2062 1717 2131 principium
1752 2069 1882 2115 ante
1914 2058 2037 2130 Spi-

450 2151 620 2204 ritum
671 2150 932 2205 Sanetum
975 2152 1266 2220 cogitatur.

523 2244 992 2308 Quemadmodum
1018 2245 1181 2312 igitur
1204 2247 1371 2299 solem
1399 2244 1694 2299 calefacere
1718 2244 1836 2298 sine
1864 2245 2035 2307 radio.

453 2333 692 2402 cogitare
733 2348 839 2385 non
882 2348 1188 2400 possumus,
1252 2349 1431 2404 neque
1472 2335 1591 2389 sine
1640 2333 1849 2405 fulgore
1880 2336 2025 2389 calo-

456 2440 598 2487 rem,
648 2425 722 2479 ita
774 2439 949 2493 neque
1004 2426 1120 2478 sine
1167 2423 1304 2477 Filio
1350 2425 1750 2494 processionem
1805 2426 2036 2495 cogitari

458 2516 717 2585 possibile
751 2524 869 2581 est;
924 2517 1120 2585 quippe
1171 2517 1307 2570 ratio
1354 2515 1702 2585 procedentis
1751 2526 1854 2581 est,
1909 2531 2034 2572 esse

458 2625 522 2661 ex
574 2610 828 2679 gignente
876 2624 971 2677 per
1004 2609 1263 2677 genitura.
1315 2607 1377 2661 Et
1428 2608 1570 2663 sicut
1624 2608 1704 2663 sol
1750 2618 1803 2664 et
1838 2608 2038 2674 radius,

461 2714 631 2754 unum
689 2701 1042 2754 calefaciendi
1075 2701 1418 2771 ‘principium
1469 2711 1588 2766 est,
1643 2702 1714 2755 ita
1766 2698 1925 2756 Pater
1988 2711 2042 2757 et

459 2788 633 2846 Filius
701 2807 864 2845 unum
921 2792 1157 2861 Spiritus
1215 2792 1386 2848 sancti
1443 2794 1792 2864 principium.
1844 2810 2040 2849 secun-

459 2882 855 2936 dum-unicum
905 2883 1040 2953 ejus,
1096 2884 1509 2955 simplicemque
1559 2900 1871 2954 processum
1934 2894 2044 2939 tra—

460 2971 651 3039 ditur;
689 2985 902 3029 servata
957 2975 1165 3029 scilicet
1212 2976 1576 3044 paternitatis,
1637 2977 2044 3048 uativitatisque

2134 516 2242 586 tur,
2293 519 2481 559 vermn
2519 519 2663 569 esse,
2699 504 2806 570 hic,
2855 520 2978 574 quae
3028 504 3282 573 prazdicta
3332 516 3476 572 sunt,
3510 523 3709 579 ευρροτ-

2131 597 2396 651 sitiszad
2454 598 2540 651 illa
2598 613 2739 650 nunc
2784 596 3238 666 proficiscamur,
3322 614 3441 667 quae
3497 603 3706 655 veritati

2132 687 2258 740 huic
2305 702 2528 757 prorsus
2580 688 2830 742 videntur
2864 687 3162 742 adversari.

2202 776 2440 831 Accedat
2493 791 2621 846 ergo
2662 776 2839 845 primo
2900 776 3131 831 Sanctus
3188 774 3426 832 Joannes
3484 777 3708 832 Damas-

2130 883 2342 925 cenus:
2385 869 2662 938 Spiritum,
2721 869 2921 937 inquit,
2970 868 3104 923 Filii
3162 867 3409 935 dicimus,
3461 886 3525 923 ex
3567 870 3704 924 Filio

2130 970 2305 1016 autem
2378 977 2482 1015 non
2560 960 2807 1025 dicimus,
2862 959 2976 1014 Hoc
3038 959 3120 1025 si,
3175 973 3231 1015 ut
3291 961 3505 1029 quidem
3563 962 3710 1015 arbi—

2133 1062 2366 1118 trantur,
2427 1052 2479 1106 id
2520 1050 2795 1107 insinuare
2847 1051 2981 1116 vult,
3038 1051 3181 1122 quod
3229 1067 3334 1106 non
3374 1054 3447 1107 sit
3483 1069 3545 1107 ex
3576 1053 3712 1107 Filio

2134 1144 2390 1212 Spiritus,
2429 1158 2602 1212 neque
2659 1159 2753 1211 per
2802 1141 2996 1196 Filium
3047 1143 3407 1199 substantiam
3471 1146 3664 1200 habeat
3693 1187 3711 1209 ,

2132 1238 2356 1294 omnino
2412 1238 2679 1307 Spiritum
2733 1247 2982 1293 sanetum
3042 1254 3107 1294 ex
3134 1238 3295 1294 Patre
3357 1241 3475 1294 solo
3511 1242 3714 1298 habere

2131 1328 2535 1390 substantiam.
2632 1330 2815 1381 doctor
2882 1326 3174 1397 praeclarus
3258 1329 3552 1384 arbitratus
3606 1341 3711 1386 est.

2131 1421 2242 1477 Hoc
2303 1420 2346 1476 si
2393 1421 2468 1475 ita
2520 1429 2624 1487 est,
2670 1420 2835 1479 etiam
2871 1434 2938 1474 ex
2996 1419 3156 1475 Patre
3189 1435 3309 1476 esse
3354 1421 3470 1477 sine
3510 1414 3753 1487 medio.g‘

2132 1512 2192 1567 Si
2247 1523 2423 1567 autem
2482 1514 2600 1568 sine
2645 1512 2825 1567 medio
2886 1511 3182 1581 producere
3235 1511 3397 1566 etiam
3452 1485 3753 1581 substan-f

2134 1605 2262 1661 tiale
2318 1607 2515 1673 Patris,
2569 1577 2952 1675 propriumque
2991 1603 3109 1673 ejus
3159 1621 3299 1671 esse,
3355 1621 3526 1674 neque
3576 1577 3741 1661 Filio!

2132 1714 2467 1763 commune;
2533 1699 2907 1755 substantialia
2960 1703 3106 1756 enim
3169 1714 3523 1768 personarum
3583 1714 3717 1767 pro-

2136 1792 2275 1864 pria,
2332 1793 2544 1848 exteris
2585 1772 2806 1848 omnino
2858 1794 3165 1848 communia
3207 1807 3315 1847 non
3374 1793 3540 1853 sunt;
3572 1806 3717 1860 quo-

2135 1886 2300 1939 modo
2356 1886 2519 1952 igitur
2574 1884 2789 1939 Patrem
2856 1885 3238 1955 productorem
3309 1897 3406 1953 per
3474 1881 3713 1936 Verbum

2136 1974 2431 2039 sptendiﬁci
2477 1973 2713 2042 Spiritus
2767 1973 2951 2055 dicit?
3003 1973 3271 2044 quomodo
3315 1989 3381 2031 ex
3436 1971 3590 2025 Patre
3616 1985 3715 2038 per

2137 2065 2333 2120 Filium
2420 2065 2715 2135 procedere
2785 2066 3048 2134 Spiritum
3118 2064 3366 2134 plurimis
3422 2064 3556 2119 locis
3612 2076 3716 2117 nos

2139 2158 2320 2212 docuit
2348 2158 2371 2209 ?
2404 2160 2694 2225 quomodo,
2747 2158 2791 2211 si
2848 2156 3069 2213 multum
3112 2158 3380 2221 ordinem,
3433 2156 3525 2209 vel
3558 2154 3714 2210 habi-

2143 2260 2252 2304 tum
2327 2250 2561 2319 Spiritus
2614 2251 2681 2305 ad
2755 2250 2949 2305 Filium
3011 2251 3191 2311 habet,
3262 2250 3438 2304 dixit:
3496 2246 3725 2317 Oportet

2139 2351 2315 2395 autent
2377 2339 2624 2403 Verbum,
2679 2351 2725 2394 et
2790 2340 3053 2409 Spiritum
3106 2340 3314 2395 habere.
3379 2339 3504 2393 litae
3575 2338 3725 2393 enim

2143 2430 2245 2484 sibi
2321 2430 2552 2484 invicem
2610 2431 2882 2484 contraria
2941 2430 3390 2485 manifestissime
3443 2436 3612 2494 sunt;
3672 2427 3726 2482 si

2143 2523 2287 2576 enim
2351 2523 2642 2590 productor
2676 2538 2770 2592 per
2826 2522 3105 2588 Verbum,
3137 2537 3429 2591 numquam
3476 2521 3730 2590 profecto

2143 2615 2251 2670 erit
2284 2613 2462 2670 Patris
2497 2616 2855 2671 substantiale
2886 2616 3162 2684 proprium
3195 2615 3521 2685 producere.

2214 2707 2283 2760 At
2318 2707 2361 2763 si
2395 2722 2460 2762 ex
2511 2707 2672 2762 Patre
2714 2707 2830 2763 sine
2861 2698 3058 2771 medio,
3093 2721 3367 2773 nunquam
3401 2721 3496 2775 per
3530 2704 3729 2759 Filium

2145 2800 2463 2869 procederet
2497 2815 2511 2865 ;
2553 2797 2846 2868 precederc
2876 2798 3019 2853 enim
3048 2812 3148 2866 per
3176 2798 3370 2852 Filium
3407 2799 3549 2867 quod
3580 2796 3722 2851 diei-

2148 2898 2258 2956 tur,
2292 2888 2670 2944 mediationem
2705 2887 2826 2945 Filii
2869 2888 3131 2959 designat,
3169 2904 3329 2960 quam
3364 2898 3417 2944 et
3456 2888 3737 2959 Nyssenus

2149 2982 2335 3047 tradit,
2371 2991 2424 3036 et
2475 2995 2665 3036 omnes
2715 2995 2818 3034 una
2855 2996 2977 3045 cum,
3007 2995 3072 3035 eo
3118 2981 3349 3051 theologi
3401 2981 3736 3048 tertiumque

464 3066 789 3125 differentia.
853 3070 1037 3140 Itaque
1102 3087 1276 3141 neque
1339 3089 1414 3133 re.
1481 3087 1656 3141 neque
1710 3074 2116 3169 cogitationeC
2148 3088 2178 3128 a
2211 3068 2368 3128 Patre
2416 3075 2678 3142 Spiritum
2722 3084 2970 3128 sanctum
3017 3074 3313 3128 secundum
3382 3072 3728 3139 personatam

471 3169 648 3229 potest
705 3162 975 3232 inspirans
1010 3165 1170 3218 Pater
1210 3165 1327 3219 sine
1381 3163 1518 3218 Filio
1572 3166 1796 3231 intelligi

466 3254 517 3309 si
550 3252 764 3322 quidem
795 3270 859 3308 ex
905 3255 1085 3308 animo
1117 3254 1310 3318 Filius,
1344 3265 1397 3312 et
1442 3257 1773 3326 cogitatione
1806 3258 2045 3324 tollatur,

471 3360 647 3412 neque
681 3346 1082 3414 processionem
1114 3346 1228 3416 jam
1274 3363 1396 3403 esse
1427 3349 1685 3417 possibile
1717 3348 1843 3405 erit.
1900 3348 2049 3405 Unde

468 3444 523 3489 et
567 3437 767 3491 dictum
814 3446 934 3501 est;
970 3438 1172 3493 idcirco
1202 3455 1267 3493 ex
1316 3439 1474 3495 Patre
1504 3443 1797 3510 procedere
1828 3444 2046 3509 dicitur,

467 3528 593 3594 quia
625 3544 651 3578 a
690 3526 826 3582 Filio
857 3538 960 3583 est;
1012 3529 1168 3595 Quod
1219 3532 1262 3585 si
1294 3534 1631 3602 przecogitari
1679 3535 1860 3591 dictus
1916 3545 2000 3592 est
2032 3578 2048 3600 ,

471 3632 650 3675 tamen
687 3625 838 3691 prius
886 3626 1157 3690 posterius
1190 3640 1295 3678 non
1348 3636 1451 3680 est.
1510 3625 1642 3681 Nam
1690 3637 1745 3682 et
1782 3644 1971 3696 causa,
1998 3638 2053 3685 et

469 3714 709 3782 causale,
767 3714 997 3785 Filiique
1058 3716 1333 3780 mediatio,
1402 3733 1465 3771 ac
1528 3733 1622 3787 per
1667 3716 1864 3774 Filium
1910 3736 2052 3787 esse,

474 3825 504 3861 a
550 3810 755 3863 sanctis
807 3808 1008 3861 divinis
1066 3810 1365 3864 rationibus
1416 3811 1667 3864 traditur.
1722 3811 1831 3866 Sed
1872 3821 1928 3866 et
1971 3813 2077 3868 sic,

474 3902 607 3966 mul,
664 3911 719 3956 et
780 3900 1125 3969 conjunctus,
1170 3908 1223 3953 et
1265 3901 1642 3965 inseparabilis
1704 3897 2056 3960 nihilominus

471 4008 573 4059 pro
626 3991 876 4045 confesso
933 3997 1293 4042 asseveratur.
1340 3989 1694 4057 Temporales
1747 3993 1893 4047 enim
1923 4008 2048 4048 mo-

476 4083 610 4135 rulae
653 4082 712 4134 in
772 4090 971 4134 {eterna
1019 4080 1121 4134 vita
1180 4079 1358 4133 locum
1412 4096 1514 4135 non
1567 4082 1784 4147 habent,
1844 4093 1905 4138 ut
1983 4086 2060 4139 ait

474 4174 774 4244 Gregorius
834 4172 1240 4244 Nyssenus;eo
1282 4174 1424 4243 quod
1474 4174 1582 4229 illic
1629 4191 1894 4246 nusquam
1925 4187 2060 4233 teut-

483 4264 630 4335 poris
678 4265 751 4319 sit
801 4264 973 4320 locus.

456 4402 459 4403 ν
551 4357 656 4411 Per
706 4358 821 4411 haec
886 4373 1015 4427 ergo
1081 4360 1289 4424 omnia,
1335 4360 1644 4427 conficitur,
1706 4363 1847 4429 quod
1902 4344 2057 4417 initio

1848 3185 1861 3221 :
1914 3166 2041 3233 imo,
2068 3150 2116 3174 ’⁸
2156 3166 2396 3220 ordinem
2444 3166 2804 3221 commendat.
2854 3164 3043 3229 Porro,
3098 3166 3213 3220 sine
3242 3165 3436 3228 medio,
3483 3166 3586 3218 hoc
3624 3174 3740 3231 est,

2156 3271 2221 3309 ex
2287 3256 2403 3310 solo
2459 3255 2620 3312 Patre
2678 3271 2822 3335 esse,
2882 3258 3085 3319 dicere,
3148 3257 3263 3311 haec
3322 3258 3481 3310 sintul
3541 3256 3733 3315 omnia

2161 3347 2315 3404 tollit.

2229 3441 2394 3509 Atqui
2450 3454 2554 3493 non
2608 3424 2806 3504 solum,
2858 3450 2916 3494 ut
2962 3439 3183 3505 quidam
3236 3438 3289 3493 id
3332 3439 3531 3493 dictum
3562 3454 3738 3508 expo-

2161 3541 2317 3597 nunt,
2385 3532 2487 3585 sibi
2557 3533 2860 3586 contrarius
2928 3530 3015 3586 hic
3066 3532 3257 3585 doctor
3315 3540 3420 3593 est,
3487 3529 3581 3584 sed
3641 3530 3735 3584 his

2161 3639 2399 3694 quoque,
2456 3624 2547 3693 qui
2599 3630 2724 3677 ante
2794 3622 2942 3675 illum
3001 3621 3241 3685 fuerunt,
3307 3622 3559 3676 Ecclesiae
3617 3636 3741 3675 tua-

2162 3714 2363 3783 gistris.
2410 3714 2486 3768 llli
2521 3714 2665 3767 enim
2706 3729 2773 3768 ex
2807 3712 2969 3777 Filio,
3008 3720 3174 3781 atque
3208 3727 3273 3766 ex
3329 3714 3448 3782 ejus
3492 3712 3740 3765 essentia

2164 3806 2311 3859 illum
2362 3820 2482 3860 esse
2531 3806 2705 3869 aiunt,
2761 3816 2818 3860 et
2853 3821 2920 3860 ex
2969 3806 3082 3875 ipso
3141 3800 3383 3873 prodire,
3424 3813 3477 3858 et
3506 3819 3534 3856 a
3598 3802 3743 3857 Filio

2165 3897 2389 3960 habere,
2451 3913 2594 3963 esse,
2652 3905 2711 3952 et
2760 3897 2825 3951 ab
2880 3911 2947 3950 eo
2994 3896 3342 3965 procedere:
3397 3896 3483 3950 ille
3530 3902 3739 3957 autem,

2165 4004 2231 4044 ex
2268 3988 2405 4043 Filio
2459 4005 2567 4043 non
2614 4005 2757 4054 esse,
2812 4005 2920 4044 non
2969 4003 3035 4043 ex
3074 3987 3219 4043 illius
3266 3989 3524 4050 essentia,
3561 4002 3745 4056 neque

2165 4096 2230 4136 ex
2293 4082 2410 4150 ipso
2469 4080 2762 4148 procedere
2816 4081 2968 4135 dicit.
3033 4078 3160 4136 [lac
3215 4088 3393 4134 autem
3452 4079 3745 4133 manifesta
3800 4072 3806 4077 ’

2166 4172 2522 4225 contradictio
2583 4182 2701 4227 est.
2752 4172 2830 4226 Ex
2886 4186 2995 4238 quo
3044 4172 3332 4241 sequitur,
3392 4181 3452 4225 ut
3514 4171 3597 4225 vel
3652 4170 3752 4226 hic

2167 4263 2313 4316 solus
2351 4261 2603 4317 Ecclesia:
2638 4262 2899 4333 magister
2943 4272 3252 4328 asseratur,
3289 4262 3546 4330 solusque
3610 4276 3749 4314 san-

2166 4365 2289 4411 ctus
2330 4356 2596 4416 videatur,
2633 4355 2889 4423 neglectis
2923 4363 3000 4409 tot
3048 4355 3255 4410 sanctis
3293 4354 3545 4409 Patribus
3577 4350 3754 4421 (piget

481 4451 812 4520 propositum
862 4449 983 4515 fuit,
1022 4448 1219 4505 Filium
1266 4467 1298 4506 a
1361 4462 1547 4510 saneto
1598 4453 1803 4521 Spiritu
1859 4469 2058 4510 seeun-
2092 4471 2134 4525 ι)
2167 4450 2310 4506 enim
2343 4449 2547 4516 dicere,
2585 4447 2867 4517 objectis).
2902 4456 3000 4501 aut
3039 4448 3250 4501 illorum
3321 4444 3751 4509 multitudinem,

482 4542 613 4595 dum
671 4558 892 4597 causam
948 4551 1004 4598 et
1055 4544 1273 4599 causale
1317 4544 1585 4611 discerni,
1617 4546 1944 4619 Patremque
1994 4558 2049 4603 et

481 4632 698 4697 Filium,
757 4648 925 4687 unum
998 4634 1171 4688 sancti
1222 4634 1456 4703 Spiritus
1518 4636 1841 4706 principium
1898 4654 2058 4707 esse,

484 4737 700 4782 servata
741 4727 956 4782 illorum
998 4726 1065 4781 ad
1099 4727 1327 4782 invicem
1358 4728 1682 4793 differentia,
1703 4728 1859 4797 juxta
1896 4746 2062 4786 sanc-

486 4831 668 4874 torum
724 4818 946 4873 Patrum
1009 4820 1493 4891 theologiam;per
1542 4838 1727 4892 quam,
1773 4839 1838 4879 ex
1902 4823 2066 4879 Patro

484 4929 584 4980 per
620 4911 819 4967 Filium
878 4914 1168 4981 procedere
1219 4912 1477 4982 Spiritum
1529 4925 1800 4980 sanctum,
1868 4915 2067 4970 divinis

488 5004 791 5059 rationibus
828 5014 1102 5059 asserunt.
1136 5002 1401 5070 Quoniam
1454 5020 1584 5061 vero
1614 5005 1827 5059 veritati
1867 5006 2068 5061 veritas

488 5113 595 5150 non
630 5097 948 5159 reluctatur,
985 5107 1040 5152 et
1077 5098 1127 5150 in
1164 5099 1245 5150 his
1280 5098 1517 5150 maxime
1569 5097 1938 5160 sermonibus,
1977 5096 2065 5149 ubi

490 5189 557 5242 de
607 5188 710 5243 fide
742 5187 939 5256 agitur,
984 5189 1033 5246 in
1066 5189 1261 5258 quibus
1295 5202 1502 5243 summa
1544 5187 1855 5251 concordia,
1904 5197 1959 5239 et
2003 5186 2070 5241 ad

494 5295 553 5333 se
590 5280 759 5347 ipsos,
789 5291 844 5335 et
901 5284 968 5334 ad
1000 5291 1229 5337 caeteros
1281 5280 1535 5336 doctores
1584 5280 1653 5334 sit
1690 5294 1911 5334 necesse
1965 5288 2071 5334 est.
2114 5304 2121 5319 υ

492 5371 672 5425 Aliter
731 5373 874 5425 enim
937 5375 1097 5455 Deus,
1152 5375 1400 5429 homines
1457 5388 1552 5442 per
1599 5387 1697 5427 eos
1740 5370 1877 5436 falli,
1902 5381 2066 5440 aleae

490 5479 683 5519 errare
710 5465 1086 5533 permisisset;
1115 5469 1227 5521 sive
1255 5467 1530 5522 contraria
1564 5480 1695 5521 vera
1718 5480 1845 5520 esse
1871 5464 2076 5529 volens;

494 5561 615 5614 sive
646 5558 875 5613 veritate
929 5561 1208 5615 veritatem
1256 5562 1565 5625 collidens;
1621 5561 1836 5615 veritati
1896 5568 2078 5613 autem

503 5638 859 5705 mendacium
899 5653 1170 5721 objectom
1213 5666 1314 5708 est.
1375 5654 1557 5708 Multis
1613 5662 1791 5708 autem
1845 5668 1907 5706 ex
1948 5651 2082 5705 locis

504 5744 937 5799 demonstratum
1010 5756 1132 5811 est,
1199 5762 1291 5815 per
1347 5748 1584 5810 Filium,
1648 5757 1811 5813 atque
1870 5761 1896 5798 a
1951 5742 2085 5797 Filio

2164 4552 2330 4611 atque
2362 4541 2738 4595 auctoritatem
2765 4539 3047 4608 autiqttnm
3080 4538 3402 4599 reverendo,
3433 4536 3597 4589 istum
3634 4549 3748 4587 non

2165 4632 2476 4687 admittere.

2238 4722 2344 4778 Sed
2409 4723 2512 4777 hoe
2584 4723 2845 4790 ineptum,
2896 4737 2960 4775 ac
3026 4722 3287 4776 insulsum
3351 4728 3468 4775 est.
3521 4719 3755 4787 Oportet

2167 4821 2310 4873 enim
2371 4826 2589 4873 sanctos
2647 4832 2836 4873 omnes
2898 4817 3156 4880 revereri,
3211 4825 3289 4881 et,
3330 4830 3451 4885 qua:
3507 4816 3572 4868 ab
3632 4813 3752 4866 illis

2170 4909 2446 4971 dicuntur,
2494 4907 2579 4975 pia
2631 4907 2929 4960 intentione
2986 4907 3307 4975 suscipere:
3344 4912 3511 4971 atque
3553 4917 3614 4956 ca
3674 4902 3757 4954 ita

2171 5013 2447 5069 exponere
2492 4998 2702 5060 conari,
2753 4995 2927 5050 sicubi
2969 4996 3201 5050 fortasse
3256 4995 3544 5049 dissentire
3593 4992 3755 5046 vide-

2175 5101 2359 5156 antur,
2395 5098 2454 5145 ut
2480 5098 2539 5143 et
2573 5088 2676 5143 sibi
2714 5087 2879 5156 ipsis;
2905 5097 2958 5141 et
2999 5084 3123 5142 aliis
3168 5085 3428 5142 Ecclesiae
3479 5084 3763 5152 magistris

2176 5201 2339 5255 quant
2412 5185 2647 5240 maxime
2706 5183 3011 5239 concordes
3074 5178 3204 5233 sint.
3277 5178 3362 5242 Et,
3424 5178 3470 5232 si
3530 5176 3756 5245 quidem

2178 5278 2317 5332 istud
2369 5277 2669 5345 contingat,
2726 5274 2968 5341 nihilque
3004 5270 3071 5324 de
3122 5270 3444 5333 concessis,
3497 5282 3564 5321 ac
3618 5266 3767 5319 ratis

2183 5370 2300 5424 fidei
2348 5368 2650 5423 rationibus
2700 5367 2923 5430 tollitur,
2964 5363 3290 5417 concordent
3327 5376 3390 5415 ac
3425 5373 3611 5414 veram
3658 5371 3767 5412 ex-

2182 5460 2501 5529 positionem
2560 5460 2778 5523 dieere;
2838 5458 2926 5512 sin
2986 5466 3188 5519 autem,
3231 5451 3597 5523 contrarium.
3634 5447 3769 5514 Quo

2185 5554 2330 5607 enim
2380 5553 2580 5620 posito,
2630 5550 2937 5605 absurditas
2974 5548 3245 5617 sequitur,
3284 5555 3339 5600 et
3391 5548 3567 5613 ipsum
3616 5539 3772 5607 ejus-

2191 5648 2330 5702 modi
2382 5657 2481 5701 est.
2537 5648 2877 5714 Quanquam,
2914 5660 3017 5697 non
3092 5641 3196 5695 dici
3232 5641 3300 5694 ad
3336 5641 3412 5705 id,
3452 5647 3508 5692 ut
3544 5639 3615 5692 sit
3648 5650 3768 5699 res,

2190 5744 2521 5795 contrarium
2573 5757 2678 5796 non
2733 5748 2834 5793 est.
2894 5738 3128 5791 Plurima
3187 5736 3332 5790 enim
3370 5747 3494 5789 vera
3551 5729 3776 5799 quidem
