4046 6204
410 314 510 378 159

1661 315 1760 372 MA
1775 314 1878 375 ΝΗ
1893 313 2059 373 ELIS
2105 313 2407 374 CALEC/E

3546 311 3642 376 l6!)

405 436 650 476 turarum
696 438 893 475 marem
938 424 1179 491 accipiat.
1230 422 1545 478 Communis
1583 431 1767 477 autem
1815 424 1972 488 lides,
2004 425 2046 482 Δ
2077 424 2211 479 nihil
2234 442 2249 485 ς
2273 424 2500 493 ipseque
2525 439 2590 480 ex
2618 425 2776 479 Patre
2801 440 2923 482 esse
2948 427 3164 489 dicitur,
3190 435 3352 494 atque
3376 428 3441 480 ad
3464 428 3635 497 ipsum

400 529 697 583 clunesque
744 514 995 583 theologi,
1056 517 1106 568 in
1157 516 1270 570 sola
1313 531 1474 570 causa
1524 498 1599 570 et.
1628 517 1833 570 causali
1888 516 1972 571 di-

402 607 558 661 vinas
607 620 866 675 personas
917 605 1177 673 distingui
1230 606 1441 670 dicunt,
1499 605 1779 675 majusque
1827 605 1971 675 quod

402 697 637 761 dicitur,
693 694 859 758 Patri,
915 711 1091 751 causae
1138 698 1350 751 ratione
1406 697 1623 764 plurimi
1686 698 1970 753 doctorum

402 788 765 855 assignarunt.
822 785 982 841 Juxta
1042 789 1356 856 opinionem
1410 799 1592 844 autem
1647 789 1971 845 Arianorum

403 878 473 931 ab
520 876 774 933 Ecclesiae
812 879 1016 933 ambitu
1072 880 1370 946 repellitur.

476 966 622 1022 Nihil
687 984 815 1036 ergo
879 970 1099 1033 mirum.
1167 971 1213 1025 si
1282 972 1448 1027 etiam
1535 972 1816 1029 doctorum
1882 972 1972 1029 alii

405 1058 623 1125 quidem
675 1075 741 1111 ea:
782 1060 1070 1128 principali
1116 1076 1315 1127 causae,
1361 1071 1418 1118 et
1463 1073 1588 1119 ante
1634 1078 1796 1133 quam
1839 1064 1973 1120 nihil

406 1149 703 1217 cogitatur,
755 1150 880 1203 hinc
928 1149 1032 1206 soli
1079 1165 1381 1219 congruere
1425 1168 1545 1209 eam
1596 1154 1926 1211 arbitrantes
1954 1195 1972 1219 ,

402 1253 467 1291 ex
516 1239 671 1293 Patre
713 1256 808 1311 per
840 1240 1033 1295 Filium
1067 1242 1362 1311 procedere
1400 1241 1663 1313 Spiritum
1702 1254 1973 1309 sanctum,

403 1333 899 1400 productoremque
938 1334 1152 1395 Patrem
1219 1351 1316 1405 per
1356 1334 1594 1391 Verbum
1639 1343 1976 1402 asseverant,

402 1420 686 1489 quiaFilii
713 1422 895 1474 omnia
919 1421 983 1477 ad
1026 1420 1237 1477 Patrem
1269 1424 1598 1492 referuntur,
1621 1443 1730 1485 non
1794 1414 1973 1480 tamen

401 1526 467 1563 ex
528 1509 661 1562 Filio
717 1510 922 1565 dicunt.
969 1511 1073 1567 Alii
1136 1528 1261 1567 vero
1306 1522 1359 1568 et
1405 1516 1454 1571 ei
1514 1517 1607 1585 qui
1666 1532 1735 1572 ex
1805 1533 1973 1573 causa

401 1612 505 1665 est,
543 1612 600 1653 ut
654 1601 793 1656 Filio
821 1618 1119 1673 congruere
1143 1617 1425 1673 ponentes,
1456 1607 1612 1674 cuius
1638 1607 1800 1663 Pater
1828 1610 1975 1678 prin-

403 1689 595 1756 cipalis
641 1692 1023 1760 praecogitatur
1076 1708 1263 1756 causa,
1305 1708 1369 1748 eo
1421 1697 1563 1763 quod
1616 1711 1783 1751 unum
1824 1697 1973 1765 prin-

401 1775 624 1849 cipium,
670 1792 724 1836 et
773 1798 876 1836 una
925 1798 1087 1839 causa
1137 1786 1209 1840 sit
1268 1783 1448 1852 Pater,
1512 1796 1567 1841 et
1608 1786 1797 1847 Filius.
1834 1788 1977 1843 sicut

401 1878 457 1923 et
513 1884 617 1923 una
666 1871 953 1927 essentia:
1002 1887 1145 1927 nunc
1191 1873 1407 1944 quidem
1467 1887 1566 1944 per
1618 1874 1813 1929 Filium
1854 1890 1978 1931 esse

403 1974 469 2013 ac
527 1961 825 2030 procedere
872 1962 1252 2026 dicunt,nunc
1296 1972 1478 2019 autem
1528 1980 1592 2021 ex
1648 1964 1786 2022 Filio
1814 1980 1977 2034 esse,

402 2061 458 2105 et
511 2054 751 2120 prodire,
806 2063 862 2107 et
909 2055 1223 2123 procedere,
1272 2057 1571 2112 secundum
1635 2067 1976 2124 sanctorum,

416 2149 475 2192 ut
527 2143 729 2195 dictum
799 2153 902 2208 est,
973 2142 1187 2198 divinas
1261 2145 1495 2201 rationes
1561 2147 1823 2213 tradunt,
1883 2162 1979 2216 per

403 2245 639 2301 utraque
671 2234 743 2288 illi
768 2236 906 2289 idem
957 2237 1219 2299 volentes,
1268 2238 1368 2292 etsi
1393 2237 1615 2307 syllabis
1646 2238 1916 2293 diﬂ‘erant.

479 2323 688 2387 Placuit
737 2340 866 2405 ergo
912 2324 1244 2379 Damasceno
1300 2327 1355 2380 in
1405 2326 1716 2397 bujusmodi
1778 2330 1980 2384 theolo-

402 2417 487 2485 gia
547 2416 726 2479 potius
777 2415 852 2468 uti
910 2432 1023 2483 per,
1081 2430 1109 2467 a
1141 2431 1246 2484 qua
1280 2424 1337 2471 et
1392 2406 1975 2482 consubstantialitas,

403 2519 459 2559 et
514 2508 712 2565 unitas.
774 2519 1255 2576 processuumque,
1292 2522 1355 2564 ac
1405 2524 1762 2578 personarum
1818 2515 1973 2577 ordo,

404 2609 461 2653 et
511 2598 766 2652 discretio
816 2606 1092 2665 apparent,
1147 2613 1305 2665 quam
1362 2602 1692 2656 assumendo
1745 2619 1809 2656 ea:
1850 2619 1982 2658 can-

410 2704 525 2741 sam
590 2690 964 2744 tantummodo
1030 2690 1385 2759 significare:
1445 2696 1708 2761 maxime,
1780 2714 1847 2753 ne
1900 2699 1981 2753 vel

405 2797 509 2835 una
564 2795 812 2851 persona,
846 2781 1004 2835 Pater
1037 2792 1089 2836 et
1124 2782 1293 2839 Fdins
1322 2786 1785 2851 existimarentur,
1822 2805 1983 2861 prop-

404 2884 488 2926 ter
538 2874 979 2941 prepositionum
1041 2875 1449 2932 similitudinem
1500 2895 1516 2944 ;
1581 2879 1662 2934 vel
1718 2894 1786 2933 ne
1836 2882 1981 2937 vide-

410 2973 564 3017 retur
610 2961 781 3019 Filius
818 2964 950 3019 nihil
1000 2974 1123 3019 ante
1153 2981 1211 3021 se
1257 2969 1550 3038 cogitatum
1580 2972 1803 3038 habere,
1842 2974 1984 3026 sicut

2007 1751 2050 1808 Β

2076 513 2356 569 refertur:
2394 513 2460 566 Et
2489 517 2659 578 omne,
2692 516 2830 585 quod
2877 534 2987 571 esse
3041 534 3072 570 a
3118 516 3254 571 Filio
3295 518 3517 582 dicitur,
3571 524 3640 573 ad

2075 606 2303 672 primum
2333 622 2553 661 causam
2582 607 2888 661 relationem
2925 608 3097 671 habet,
3128 611 3423 663 secundum
3460 611 3639 664 Basilii

2076 696 2402 751 sententiam
2452 699 2509 753 in
2543 697 2680 753 libro
2712 698 3100 764 Quwstionum.
3141 702 3437 755 secundum
3478 716 3642 771 quem

2077 787 2296 841 modum
2336 794 2392 842 et
2422 789 2599 854 radis,
2623 797 2679 843 et
2709 788 2855 855 fons,
2885 799 2940 844 et
2968 789 3116 844 solus
3144 804 3307 844 causa
3343 787 3504 845 Pater
3533 792 3639 845 dici

2074 883 2275 945 potest,
2309 889 2366 932 ut
2400 879 2745 943 ostendatur;
2769 896 2835 934 ea:
2863 896 2965 950 quo
2989 880 3127 947 quod
3171 880 3368 934 dicitur
3394 890 3444 934 et
3478 897 3643 950 neque

2075 968 2202 1032 tria,
2255 983 2415 1038 neque
2443 970 2550 1023 duo
2584 971 2847 1039 principia
2897 972 3115 1025 deorum
3142 971 3457 1040 pluralitate
3490 989 3643 1041 sepa-

2076 1068 2198 1113 rata
2229 1061 2615 1129 suscipiantur,
2646 1069 2707 1115 ut
2758 1063 2833 1115 ait
2884 1061 3176 1133 Gregorius
3230 1062 3532 1132 theologus,
3584 1064 3640 1117 in

2074 1148 2171 1204 lib.
2223 1150 2301 1203 De
2351 1149 2561 1229 Spiritu
2609 1159 2814 1205 sancte.
2849 1150 2978 1206 Ideo
3020 1161 3077 1205 et
3105 1151 3305 1206 dictum
3336 1161 3465 1205 est:
3515 1150 3640 1203 Vivo

2075 1255 2168 1310 ego
2203 1249 2416 1309 propter
2464 1243 2705 1295 Patrem.
2734 1240 2822 1294 'Et
2858 1258 2874 1296 :
2913 1240 2987 1296 De
3016 1242 3144 1295 liora
3176 1240 3273 1295 illa
3319 1257 3470 1295 nemo
3517 1243 3641 1303 scit,

2076 1347 2236 1399 neque
2270 1329 2467 1399 Filius,
2500 1332 2603 1385 nisi
2636 1330 2831 1397 Pater;
2859 1340 2912 1387 et
2947 1349 2961 1387 :
2989 1331 3036 1385 Α
3061 1348 3142 1386 nte
3166 1332 3278 1399 ipso
3304 1331 3445 1401 facio
3468 1334 3639 1388 nihil:

2074 1428 2129 1475 et
2160 1438 2174 1474 :
2219 1422 2370 1476 Sicut
2402 1422 2562 1476 audio
2582 1420 2806 1490 judico;
2833 1430 2888 1478 et
2920 1439 2936 1478 :
2966 1421 3087 1477 Mea
3135 1423 3401 1483 doctrina,
3429 1440 3531 1477 non
3565 1433 3641 1476 est

2075 1527 2190 1566 mea
2217 1527 2237 1566 :
2265 1521 2321 1567 et
2347 1529 2362 1566 :
2393 1510 2557 1567 Pater
2582 1528 2727 1566 meus
2761 1513 2935 1578 major
2962 1529 3040 1566 me
3063 1525 3139 1568 est
3173 1528 3192 1567 :
3224 1524 3277 1569 et
3304 1514 3350 1569 si
3382 1516 3509 1583 quid
3539 1516 3642 1569 hu-

2073 1601 2310 1672 iusmodi
2362 1602 2430 1656 ab
2458 1616 2524 1657 eo
2556 1602 2760 1657 dictum
2802 1613 2911 1669 est,
2945 1604 3040 1673 qui
3090 1605 3272 1659 omnia
3308 1605 3375 1659 ad
3427 1604 3640 1659 Patrem

2078 1690 2267 1752 refert,
2299 1690 2438 1745 sicut
2470 1699 2526 1745 et
2560 1691 2625 1745 de
2655 1689 2882 1760 Spiritu,
2914 1690 3041 1746 alibi
3074 1693 3290 1759 quidem
3325 1694 3402 1747 ait
3443 1710 3461 1749 :
3500 1694 3643 1759 Quia

2076 1782 2290 1835 mittant
2348 1782 2497 1836 vobis
2565 1780 2945 1849 Paracletuns;
3003 1782 3128 1837 alibi
3190 1793 3372 1838 autem
3419 1800 3434 1839 :
3475 1784 3642 1849 Quen:

2073 1869 2248 1924 mittet
2279 1868 2441 1924 Pater
2466 1872 2519 1925 in
2544 1874 2750 1927 nomine
2789 1887 2926 1936 meo,
2965 1872 3069 1928 hoc
3096 1883 3181 1929 est
3205 1889 3301 1944 per
3324 1890 3431 1931 me.
3455 1877 3659 1945 Neque

2074 1960 2220 2016 enim
2250 1975 2539 2030 personam
2577 1960 2818 2032 Spiritus
2849 1963 3026 2019 sancti
3054 1962 3295 2019 luutrum
3318 1966 3515 2021 Filium
3548 1981 3647 2034 per

2077 2049 2183 2105 hoc
2234 2050 2527 2119 signiﬁcat.
2569 2051 2706 2106 Illud
2738 2051 2979 2122 quidem,
3009 2062 3067 2107 ut
3096 2070 3249 2108 suam
3275 2059 3528 2111 ostendat
3561 2058 3646 2111 di-

2077 2142 2363 2210 gnitatem.
2396 2141 2665 2212 Dignitate
2697 2143 2836 2196 enim
2864 2153 2912 2196 et
2943 2147 3126 2199 ordine
3155 2147 3413 2200 secundus
3440 2165 3471 2199 a
3500 2146 3646 2201 Filio

2077 2244 2178 2298 est,
2204 2232 2359 2301 juxta
2409 2249 2664 2302 magnum
2699 2233 2984 2299 Basilium,
3041 2236 3398 2307 majoremque
3447 2238 3645 2304 Spiritu

2080 2336 2262 2380 sancto
2312 2321 2542 2387 Filium,
2588 2338 2813 2392 magnus
2871 2324 2945 2376 ait
2994 2316 3338 2381 Athanasius.
3393 2325 3503 2382 Hoc
3550 2345 3649 2383 au-

2082 2425 2188 2472 tem
2257 2415 2584 2485 principium
2647 2415 2768 2471 sine
2821 2425 3061 2483 tempore
3116 2417 3413 2483 houorans,
3468 2430 3517 2474 et
3582 2438 3646 2474 ne

2082 2510 2342 2565 videretur
2393 2507 2500 2563 Dea
2549 2507 2845 2573 adversari,
2882 2516 2941 2561 ut
2986 2508 3061 2561 ait
3113 2506 3395 2580 theologus
3438 2512 3646 2583 Gregoo

2081 2602 2217 2655 rius.

2151 2689 2441 2746 Enimvero
2486 2701 2766 2748 ostensum
2818 2703 2900 2750 est
2930 2695 3089 2749 etiam
3139 2695 3506 2749 conversionis
3555 2709 3647 2748 ra-

2083 2785 2249 2848 tione,
2279 2785 2401 2855 quia
2445 2784 2661 2840 Patrem
2702 2788 2767 2841 ad
2811 2787 2984 2842 solum
3011 2786 3205 2841 Filium
3251 2788 3535 2841 conferens
3562 2787 3668 2840 vir‘

2083 2887 2301 2931 sanctus
2332 2877 2432 2931 hoc
2457 2878 2564 2943 ait;
2599 2892 2719 2932 cum
2751 2877 2983 2932 dixisset
3017 2877 3162 2932 enim
3190 2895 3203 2930 :
3238 2875 3653 2946 Supersubstan—

2086 2966 2231 3021 tialis
2270 2968 2408 3021 enim
2440 2968 2633 3022 divina:
2675 2968 3030 3038 generationis
3066 2984 3145 3022 res
3193 2984 3295 3023 non
3342 2976 3651 3022 convertunt

409 3064 464 3107 et
516 3054 720 3118 Pater;
761 3055 833 3108 ita
892 3056 1036 3111 enim
1077 3056 1125 3111 ei
1183 3057 1355 3113 visum
1417 3068 1519 3126 est,
1563 3070 1626 3119 et
1672 3062 1801 3128 alia,
1859 3076 2051 3136 quaac
2084 3062 2153 3111 ad
2200 3058 2456 3123 invicem;
2530 3059 2676 3112 solus
2732 3068 2907 3111 autem
2956 3058 3074 3128 fons
3127 3060 3649 3127 supersubstantialis

412 3149 664 3216 praedicta
719 3158 868 3204 sunt.

481 3242 587 3294 Sed
643 3242 743 3295 ista
799 3241 1020 3311 quidem
1080 3240 1401 3307 sul‘liciunt,’
1428 3242 1592 3297 etiam
1638 3244 1681 3297 si
1722 3245 1982 3315 magister

410 3332 651 3393 dixisset.
714 3347 778 3387 ex
811 3331 948 3387 Filio
991 3348 1094 3388 non
1130 3349 1251 3388 esse
1304 3335 1587 3405 Spiritum.
1639 3334 1791 3391 Nunc
1834 3353 1982 3402 vero,

410 3428 518 3476 non
571 3425 642 3477 ita
682 3423 838 3485 dixit,
882 3424 1055 3479 solum
1098 3441 1111 3478 :
1148 3405 1252 3478 Eat~
1278 3424 1421 3479 Filio
1460 3437 1634 3480 autem
1693 3444 1799 3483 non
1849 3429 1987 3484 dici-

410 3529 547 3579 mus;
610 3515 711 3569 hoc
744 3522 925 3569 autem
960 3515 1106 3571 nulla
1146 3517 1355 3571 ratione
1401 3519 1735 3573 contrariqu
1788 3532 1872 3575 est
1908 3520 1985 3584 ei,

408 3604 556 3671 quod
608 3620 727 3659 esse
778 3620 845 3660 es
892 3606 1031 3662 Filio
1079 3608 1297 3665 dicitur.
1368 3608 1725 3667 Communem
1778 3613 2019 3684 quippe

413 3706 619 3750 tantum
663 3712 819 3752 usum
857 3712 953 3766 per
990 3700 1091 3755 hoc
1143 3700 1328 3755 tradit.
1374 3700 1433 3755 Si
1482 3702 1647 3772 igitur
1703 3718 1766 3757 ea
1818 3719 1984 3772 expo-

411 3789 606 3842 sitione
638 3803 907 3859 suscepta,
945 3808 1104 3859 quam
1151 3792 1308 3847 multi
1346 3793 1552 3859 volunt,
1604 3794 1832 3863 plurima
1867 3810 1987 3863 qua

409 3891 538 3934 sunt
571 3892 707 3945 rata,
740 3884 1140 3947 cunvelluntur,
1170 3894 1224 3937 et
1256 3899 1428 3952 neque
1470 3887 1585 3954 ipse
1636 3887 1762 3951 sibi,
1810 3902 1984 3956 neque

412 3974 536 4027 aliis
583 3984 706 4027 ante
757 3990 816 4029 se
867 3956 1177 4029 doctoribus
1218 3976 1536 4041 concordat,
1578 3987 1759 4031 nostra
1802 3988 1983 4034 autem

410 4066 795 4131 explanatione
834 4067 1096 4129 admissa,
1129 4066 1263 4121 uibil
1300 4067 1403 4121 tale
1432 4069 1724 4138 contingit,
1763 4085 1983 4124 coruino

411 4171 514 4222 que
551 4171 671 4223 quze
706 4166 817 4208 rata
867 4167 1016 4221 sunt,
1059 4157 1193 4211 nihil
1238 4160 1460 4214 omnino
1492 4159 1695 4215 decidit
1725 4176 1745 4216 :
1777 4172 1987 4218 constat

414 4248 864 4315 proiectorltauc
908 4263 1029 4304 esse
1080 4265 1260 4304 veram
1309 4252 1727 4319 expositionem,
1763 4252 1982 4307 illarum

416 4348 595 4388 autem
664 4337 851 4391 falsam
901 4349 955 4393 et
1012 4341 1384 4407 rejicieudam.
1444 4342 1522 4396 Ex
1578 4345 1774 4413 quibus
1820 4346 1980 4400 etiam

2085 3150 2297 3204 deitatis
2332 3148 2490 3202 Pater
2519 3160 2619 3211 est,
2650 3149 2851 3203 addidit
2887 3166 2900 3202 :
2954 3147 3085 3203 Cum
3119 3166 3220 3203 non
3262 3150 3328 3203 sit
3356 3148 3520 3203 Pater
3559 3149 3652 3201 Fi-

2087 3242 2211 3302 lius.
2239 3257 2402 3310 neque
2427 3238 2602 3294 Filius
2631 3242 2696 3295 sit
2724 3240 2903 3305 Pater,
2934 3251 2983 3293 et
3013 3240 3201 3294 divina
3229 3256 3350 3294 vero
3375 3242 3641 3310 generatio

2085 3335 2181 3388 hoc
2230 3335 2424 3404 signat,
2477 3342 2532 3386 et
2568 3347 2687 3402 quae
2732 3331 2834 3386 alia
2884 3331 3141 3401 praedicta
3196 3340 3345 3410 sunt.
3381 3330 3650 3387 Tenemus

2087 3428 2268 3497 itaque
2303 3426 2544 3480 doctoris
2592 3424 2966 3490 intentionem,
2996 3423 3103 3477 alio
3131 3437 3198 3478 ex
3242 3426 3361 3479 loco
3390 3423 3491 3479 sibi
3524 3424 3648 3491 ipsi,

2086 3532 2151 3573 ac
2184 3518 2502 3573 doctoribus
2548 3516 2762 3571 caeteris
2792 3516 3143 3581 concordem,
3195 3516 3288 3584 qui
3338 3524 3462 3569 sunt
3506 3515 3652 3585 ejus-

2086 3612 2208 3665 dem
2238 3609 2438 3671 meriti,
2462 3619 2518 3663 et
2542 3608 2598 3663 in
2627 3616 2939 3665 sanctorum
2970 3615 3115 3661 ctetu
3147 3607 3313 3661 nlhilo
3338 3606 3647 3660 inferiores.

2090 3699 2159 3756 Ut
2188 3711 2371 3755 autem
2398 3686 2618 3768 quidam
2665 3699 2874 3759 volunt.
2906 3697 3243 3753 contrarium
3274 3696 3495 3751 omnino
3521 3710 3650 3751 con-

2089 3791 2344 3860 tingeret.
2396 3788 2622 3844 Fontem
2677 3788 2878 3859 quippe
2929 3787 3107 3843 sancti
3164 3786 3397 3855 Spiritus
3453 3786 3650 3841 Filium

2087 3880 2269 3935 dicere
2298 3879 2454 3949 juxta
2485 3880 2754 3935 invectum
2780 3878 2849 3933 ab
2877 3879 2957 3932 eis
2988 3878 3285 3932 secundum
3316 3890 3652 3946 processum.

2084 3977 2145 4025 ut
2176 3985 2376 4025 vanum
2431 3985 2497 4025 ac
2551 3969 2803 4038 plurimis
2853 3967 3284 4025 absurditatibus
3332 3966 3650 4030 obnoxium,

2087 4077 2247 4131 supra
2281 4062 2616 4118 coniutatum
2650 4069 2755 4117 est.

2155 4152 2223 4208 Et
2265 4163 2415 4209 certe
2450 4168 2558 4208 non
2586 4153 2761 4210 solum
2796 4152 2999 4208 fontem
3037 4152 3209 4207 sancti
3240 4151 3498 4221 Spiritus,
3538 4164 3655 4204 ma-

2092 4260 2230 4313 gnus
2259 4245 2587 4300 Athanasius
2633 4244 2828 4299 Filium
2872 4244 3034 4306 dixit.
3086 4247 3178 4299 sed
3220 4253 3280 4315 et
3325 4243 3497 4297 solum
3528 4256 3651 4296 eum

2090 4336 2229 4391 dixit
2257 4336 2430 4390 sancti
2465 4335 2701 4404 Spiritus
2752 4335 2976 4392 fontem.
3009 4334 3374 4389 Theodoritus
3403 4333 3546 4386 enim
3596 4332 3650 4384 in

413 4430 616 4481 dicitur
668 4430 811 4484 verbi
842 4430 984 4484 illius
1016 4403 1154 4486 beati
1189 4433 1427 4504 Dionysii
1462 4403 1685 4500 solutio,
1716 4452 1825 4506 quo
1856 4438 1935 4492 ait
1965 4455 1980 4492 :

2087 4443 2127 4482 ll
2162 4428 2301 4482 libro
2341 4442 2454 4482 sua:
2498 4403 2885 4481 Ecclesiastice
2915 4428 3173 4491 historiae,
3213 4440 3334 4493 cap.
3363 4425 3456 4488 25,
3490 4422 3658 4477 infert

413 4519 568 4574 Solus
610 4522 725 4589 [ous
777 4523 1295 4590 supersubstantialis
1357 4525 1584 4581 Deitatis
1633 4528 1798 4582 Pater
1859 4539 1983 4594 est;

414 4616 626 4679 tlttulettt
681 4614 826 4667 enim
892 4613 1094 4670 fontem
1146 4632 1374 4685 magnus
1418 4617 1521 4672 iste
1583 4628 1734 4687 pater
1776 4620 1889 4674 Deo
1930 4630 1985 4675 et

414 4703 558 4757 Patri
626 4706 822 4771 reddit,
879 4716 1006 4762 ante
1062 4709 1411 4776 querirnihil
1477 4710 1764 4780 cogitatur,
1823 4713 1981 4766 talem

418 4794 889 4852 Datuascenusjn
950 4798 1086 4853 Filio
1144 4799 1397 4872 denegat.
1456 4803 1595 4857 Ante
1653 4803 1798 4858 hunc
1841 4805 1982 4858 enim

418 4902 572 4954 pater
611 4891 899 4956 cogitatur.
942 4891 1010 4944 Et
1064 4907 1256 4945 rursus
1318 4890 1623 4959 huiusmodi
1683 4909 1902 4948 causam
1955 4909 1982 4945 a

422 4978 553 5032 Fui”
607 4980 841 5035 Joannes
893 4981 1088 5049 aufert,
1134 4985 1346 5053 qualem
1396 4986 1731 5053 Augustinus
1766 4984 1983 5039 Patrem

416 5074 571 5135 «lixit,
622 5074 970 5141 principalem
1004 5075 1175 5145 ipsum
1210 5090 1427 5131 causam
1467 5077 1787 5144 appellans.
1826 5075 1988 5130 Prin-

416 5167 663 5231 cipulilcr
696 5167 858 5227 enim,
903 5166 998 5230 ait,
1053 5182 1119 5218 ea:
1169 5166 1332 5221 Patre
1394 5168 1665 5235 procedere
1726 5165 1986 5235 Spiritum

415 5267 681 5324 sanctum;
740 5271 793 5314 et
838 5261 1084 5315 addidit:
1146 5260 1523 5329 Principaliter
1574 5270 1753 5315 autem
1801 5262 1988 5325 dixit,

415 5352 663 5417 quoniam
716 5362 765 5405 et
824 5368 887 5407 ea:
925 5351 1064 5407 Filio
1105 5353 1209 5407 Deo
1265 5354 1498 5423 Spiritus
1558 5354 1818 5409 invenitur
1860 5368 1988 5422 pro-

418 5443 619 5495 calere.

494 5536 715 5588 Funtem
748 5551 877 5605 ergo
908 5540 1079 5594 sancti
1118 5538 1351 5605 S,nritus
1376 5547 1429 5592 et
1462 5538 1654 5595 Filium
1686 5554 1713 5591 a
1750 5537 1989 5593 doctori-

421 5628 522 5681 bus
553 5628 653 5681 diri
688 5646 848 5697 supra
883 5642 1245 5685 monstratum
1290 5640 1396 5685 est.
1436 5632 1539 5685 Sed
1576 5631 1831 5699 quoniam
1862 5640 1985 5683 ante

423 5721 619 5776 Filium
652 5724 866 5792 quidem
896 5724 1057 5778 Pater
1086 5725 1376 5791 cogitatur,
1410 5733 1533 5777 ante
1570 5721 1786 5777 Patrem
1814 5731 1989 5775 autem

2086 4520 2373 4589 epistolam
2408 4520 2587 4588 magni
2619 4520 2905 4573 Athanasii
2936 4521 3001 4573 ad
3028 4518 3188 4572 Afros
3220 4517 3287 4571 de
3322 4514 3655 4577 Aritniuensi

2089 4614 2340 4676 concilio,
2375 4612 2428 4665 in
2463 4625 2592 4680 qua,
2625 4610 2696 4663 ita
2744 4611 3009 4680 scriptum
3042 4610 3356 4665 invenitur:
3395 4607 3526 4673 Quis
3553 4620 3683 4660 au-‘

2092 4716 2190 4758 tem
2218 4705 2298 4757 his
2339 4704 2585 4772 congredi
2611 4702 2729 4756 velit
2761 4703 3083 4765 hominibus,
3112 4702 3201 4771 qui
3240 4716 3401 4767 neque
3441 4714 3538 4752 sua
3571 4715 3662 4752 su-

2090 4796 2355 4865 scipiunt?
2406 4793 2549 4847 Nam
2602 4796 2655 4847 in
2694 4794 2890 4847 ‘decem
2942 4794 3154 4849 illorum
3201 4803 3250 4847 et
3293 4792 3555 4858 pluribus,
3604 4803 3660 4843 nt

2090 4890 2455 4956 praediximus,
2511 4887 2745 4955 synodis,
2804 4885 2942 4938 alias
2995 4887 3101 4939 alia
3162 4885 3465 4949 scribentes,
3526 4886 3660 4937 satis

2091 4983 2379 5043 evidenter,
2412 4979 2718 5039 ostendunt.
2740 4994 2793 5031 se
2824 4978 3062 5048 singulas
3092 4977 3309 5029 illarum
3339 4977 3657 5044 improbare.

2094 5070 2389 5125 Patiuntur
2444 5076 2620 5123 autem
2674 5068 2789 5132 hoc,
2842 5067 2980 5137 quod
3030 5076 3080 5121 et
3115 5065 3299 5120 Judaei
3352 5074 3475 5119 tunc
3519 5068 3662 5131 passi

2093 5171 2234 5214 sunt.
2273 5158 2343 5213 Ut
2390 5158 2529 5212 enim
2580 5158 2661 5211 illi
2692 5156 2859 5211 solum
2907 5156 3104 5225 fontem
3132 5171 3284 5221 aqua
3329 5154 3459 5209 view
3499 5154 3666 5208 relin-

2090 5264 2326 5324 quentes,
2384 5252 2630 5320 foderunt
2680 5250 2783 5304 sibi
2840 5249 3015 5313 lacus,
3072 5248 3162 5318 qui
3225 5263 3326 5301 non
3380 5255 3662 5313 potuerunt

2094 5366 2286 5422 aquam
2322 5348 2625 5403 continere:
2652 5346 2907 5412 scriptum
2944 5352 3022 5398 est
3050 5354 3226 5396 autem
3266 5341 3409 5409 apud
3438 5341 3665 5410 prophe-

2096 5452 2203 5497 tam
2258 5440 2566 5503 Jeremiam;
2662 5437 2736 5490 ita
2795 5444 2845 5488 et
2911 5435 3003 5487 isti
3063 5443 3355 5503 pugnantes
3413 5434 3664 5485 adversus

2095 5531 2441 5589 uniuersalem
2469 5530 2747 5600 synodum,
2792 5528 3039 5595 [oderunt
3083 5525 3186 5579 sibi
3221 5525 3448 5595 synodos
3493 5524 3666 5593 pluri-

2057 5684 2066 5693 ,
2099 5645 2235 5681 ntus.

2174 5720 2280 5774 Sed
2329 5727 2381 5773 et
2430 5717 2483 5773 iu
2533 5716 2673 5772 libro
2710 5716 2909 5799 Qontra
2948 5715 3199 5780 Arianos,
3252 5729 3475 5784 magnus
3522 5712 3666 5769 idem
