4010 6220
322 298 414 360 161

312 509 481 553 torem
517 515 641 554 esse
672 504 748 554 ait
777 504 964 558 dicens
1005 522 1019 558 :
1066 504 1131 558 Et
1164 516 1349 561 contra
1389 506 1639 561 Salvator
1664 524 1784 561 cum
1817 509 1885 560 sit

320 590 479 654 Deus,
504 600 553 642 et
576 592 722 659 regni
746 592 921 647 Patris
943 610 1145 659 semper
1166 598 1434 666 imperans
1458 597 1693 665 Spiritus
1716 600 1887 651 sancti

315 683 539 751 largitor
584 686 730 737 solus
779 698 874 739 est.
922 685 1048 740 Hac
1082 687 1253 757 igitur
1299 703 1365 743 ex
1400 688 1692 744 abundanti
1742 688 1886 743 dicta

312 783 452 835 sunt,
488 776 557 827 ad
592 777 990 832 ostendendum
1020 795 1037 837 :
1066 779 1192 848 quia
1217 790 1274 836 et
1311 779 1481 837 Filius
1505 780 1679 836 sancti
1710 779 1885 851 Spiri-

306 875 392 920 tus
422 865 551 922 fons
578 867 755 922 dictus
788 869 879 923 sit.
1420 922 1427 927 .

373 958 431 1012 Si
464 961 638 1029 igitur
666 963 915 1016 doctores
956 961 1061 1018 sibi
1092 964 1249 1031 ipsis,
1296 975 1460 1035 atque
1491 966 1719 1020 invicem
1751 979 1883 1021 con-

307 1050 501 1106 cordes
550 1066 673 1106 esse
718 1053 1031 1107 necessario
1077 1052 1354 1108 fatendum
1409 1065 1513 1121 est,
1565 1055 1665 1110 hoc
1704 1064 1883 1108 autem

308 1158 449 1197 nunc
488 1146 727 1199 maxime
757 1143 837 1204 ﬁt,
871 1146 1113 1215 nihilque
1140 1160 1537 1202 concessorum
1568 1148 1881 1218 dogmatnm

307 1244 479 1294 nutat.
515 1235 601 1288 his
633 1236 706 1287 ita
742 1235 1024 1305 expositis,
1069 1248 1126 1291 ut
1152 1237 1354 1292 dictum
1391 1249 1473 1293 est
1500 1256 1515 1305 ;
1544 1238 1678 1294 alias
1704 1250 1882 1295 autem

304 1333 498 1376 contra
559 1325 776 1392 penitus
811 1326 1104 1395 contingit;
1156 1327 1378 1381 evidens
1435 1329 1679 1396 proiecto
1712 1332 1881 1385 docu-

307 1421 553 1467 mentum
586 1425 693 1477 est,
724 1414 864 1469 hanc
889 1416 1105 1484 quidem
1135 1417 1526 1484 expositionem
1554 1433 1736 1473 veram
1762 1434 1883 1474 esse

304 1506 504 1566 solam,
534 1519 832 1574 omnesque
864 1514 1059 1576 praeter
1090 1508 1271 1571 istam,
1305 1508 1470 1562 falsas
1504 1523 1647 1562 esse.

375 1594 540 1649 Patet
574 1600 701 1649 item
732 1596 862 1651 dicti
898 1597 1044 1653 illius
1074 1597 1290 1662 solutio,
1332 1601 1476 1668 quod
1522 1601 1705 1668 posuit
1744 1600 1879 1655 Gre.

303 1688 488 1756 gorius
532 1687 851 1755 theologus:
889 1688 1079 1756 Opinio
1116 1689 1339 1752 scilicet,
1364 1705 1481 1759 quia
1511 1690 1662 1743 habet
1703 1689 1878 1753 Pater,

1405 307 1811 369 ADVERSUS
1848 307 2160 369 GRECOS
2200 311 2345 371 LIB.
2381 312 2497 371 ill.
3459 327 3525 391 15

314 410 639 465 Athanasius
672 410 1009 467 Salvatorem
1039 415 1213 471 solum
1248 416 1487 489 Spiritus
1517 418 1691 474 sancti
1720 416 1883 485 largi-
1911 420 1962 478 Α
1988 418 2169 472 tione:
2225 422 2349 489 quia
2395 424 2633 492 scripsit,
2677 441 2781 479 non
2811 426 2927 482 sine
2954 429 3116 497 primi
3148 436 3319 495 patris
3350 452 3563 502 peri-ato

3530 330 3563 391 2

1993 524 2107 563 esse
2162 509 2467 579 Dominum,
2502 516 2557 567 in
2610 528 2868 597 quantum
2916 522 3069 572 homo
3101 532 3237 577 erat.
3298 524 3361 578 Et
3390 531 3563 595 primo

1988 600 2199 670 quidem
2250 608 2533 657 concordes
2589 605 2948 661 Romanorum
3004 612 3231 667 Patrum
3291 620 3562 685 protulere

1986 694 2298 748 sententias.
2332 693 2524 764 Cyrilli
2570 714 2774 767 quoque
2827 700 3180 757 Alexandrini
3240 709 3293 761 in
3353 714 3562 777 exposi-

1988 784 2131 836 tione
2170 798 2331 850 super
2372 785 2595 839 Joannis
2626 784 2993 858 Euangelistm,
3034 806 3098 843 ea:
3123 793 3310 860 quibus
3362 801 3560 864 seipsos

1988 891 2092 928 non
2143 874 2349 929 Filium
2402 876 2635 946 Spiritus
2689 896 2908 935 causam
2961 882 3139 951 facere
3197 890 3557 945 ostenderunt.

1988 962 2160 1018 Unam
2186 966 2323 1019 enim
2363 980 2615 1021 noverunt
2651 967 2781 1023 Filii
2822 983 2868 1025 et
2898 971 3131 1041 Spiritus
3161 994 3272 1032 esse
3299 997 3510 1034 causam
3540 999 3558 1034 :

1986 1056 2209 1109 alterius
2262 1058 2475 1126 quidem
2530 1062 2816 1115 secundum
2876 1070 3297 1134 processionent;
3362 1075 3452 1125 sed
3500 1084 3557 1126 ut

1984 1162 2078 1214 per
2122 1148 2296 1214 ipsum
2344 1151 2623 1217 procedere
2688 1153 3048 1221 insinuarent;
3107 1162 3287 1231 sicque
3334 1164 3556 1231 conjun-

1986 1240 2208 1293 ctionem
2233 1241 2496 1309 essentia,
2517 1251 2567 1295 et
2597 1244 3186 1304 incommutabilitatetn
3222 1258 3556 1309 commenda-

1984 1342 2121 1386 rent.

2055 1421 2242 1490 itaque
2273 1425 2415 1492 quod
2469 1436 2692 1482 sanctus
2743 1428 2976 1499 Cyrillus
3024 1434 3271 1501 plurimis
3315 1437 3367 1489 in
3423 1440 3557 1492 locis

1986 1509 2247 1580 Spiritum
2281 1524 2529 1569 sanctum
2563 1532 2626 1571 ex
2660 1517 2799 1573 Filio
2831 1522 2974 1575 sicut
3002 1524 3164 1578 etiam
3196 1541 3258 1580 ex
3293 1527 3453 1583 Patre
3476 1531 3558 1583 di-

1983 1609 2092 1665 cat,
2122 1616 2353 1671 eumque
2384 1618 2449 1658 ex
2477 1604 2614 1660 Filio
2643 1622 2765 1663 esse
2799 1620 2854 1664 et
2882 1626 2980 1680 per
3013 1613 3215 1681 ipsum,
3242 1625 3293 1670 ct
3338 1633 3401 1670 ex
3439 1618 3558 1687 ipso

1984 1692 2307 1747 naturaliter
2337 1696 2655 1762 procedere,
2686 1710 2741 1753 et
2772 1700 2897 1768 quia
2946 1718 3041 1771 per
3092 1705 3268 1771 ipsum
3300 1709 3555 1775 profusus

300 1794 409 1830 esse
440 1776 603 1840 Filii,
642 1790 836 1844 pra'ter
864 1795 1102 1833 causam.
1135 1778 1287 1833 Sicut
1324 1781 1469 1834 enim
1502 1780 1656 1835 divus
1687 1781 1881 1852 Diony-
1916 1794 1958 1860 Β
1987 1783 2312 1838 naturaliter
2358 1787 2632 1855 propriam
2669 1791 2825 1845 nobis
2874 1795 3208 1850 subtantiam
3246 1799 3448 1868 signat,
3498 1811 3555 1856 et

300 1871 411 1923 sius
441 1867 665 1923 Patrem
701 1871 767 1924 ad
800 1871 977 1927 solum
1013 1871 1208 1926 Filium
1241 1871 1528 1928 conferens
1561 1873 1715 1942 juxta
1746 1889 1881 1928 con-

299 1960 580 2015 versionis
639 1963 933 2027 rationem,
984 1963 1196 2019 Patrem
1260 1965 1434 2018 solum
1491 1964 1692 2019 fontem
1747 1964 1885 2020 dixit

300 2054 434 2121 (non
496 2054 644 2109 enim
697 2065 782 2111 est
837 2055 1010 2110 Filius
1064 2055 1189 2111 fons
1248 2056 1470 2127 Patris),
1512 2073 1689 2128 neque
1733 2058 1877 2113 enim

298 2148 649 2201 convertitur
673 2161 689 2200 :
716 2148 790 2201 ita
820 2157 875 2202 et
911 2163 1156 2204 summus
1183 2149 1271 2205 hic
1300 2149 1406 2215 vir,
1439 2158 1636 2220 praeter
1658 2165 1879 2205 causam

299 2237 510 2293 habere
541 2237 740 2293 Filium
769 2238 950 2294 Patris
976 2240 1159 2295 omnia
1194 2240 1364 2306 dixit;
1393 2256 1613 2296 causam
1645 2242 1876 2304 scilicet,

298 2342 467 2396 quam
510 2328 678 2383 habet
712 2329 779 2381 ad
810 2327 1031 2396 Filium,
1068 2328 1252 2386 Pater.
1304 2331 1584 2401 Siquidem
1612 2331 1758 2387 enim
1791 2346 1881 2386 ar-

298 2420 579 2473 bitrantur
621 2433 718 2488 per
751 2419 875 2484 hoc,
906 2430 1155 2475 sanctum
1186 2422 1385 2485 virum,
1422 2422 1623 2477 nullam
1657 2423 1878 2478 omnino

298 2522 531 2575 causam
554 2507 694 2563 Filio
720 2510 972 2572 reddere,
1001 2510 1281 2567 falluntur.
1318 2512 1440 2582 ipse
1463 2511 1607 2567 enim
1642 2520 1751 2577 est,
1786 2511 1878 2581 qui

299 2600 383 2654 ait
418 2616 435 2656 :
468 2598 560 2653 Ea:
601 2602 861 2669 principio
886 2602 1221 2670 principium.
1262 2604 1401 2671 Quin
1436 2615 1489 2659 et
1525 2605 1579 2659 in
1605 2605 1874 2667 oratione,

298 2707 467 2761 quam
530 2692 659 2746 iacit
706 2692 776 2747 ad
823 2692 1128 2759 Christum,
1176 2695 1249 2749 ita
1303 2695 1579 2752 inchoavit
1629 2697 1817 2753 dicens
1861 2717 1874 2753 :

303 2783 379 2837 Te
412 2800 555 2837 nunc
576 2800 777 2854 quoque
803 2786 1176 2851 benedicimus,
1201 2786 1407 2843 Christe
1434 2805 1601 2856 meus,
1633 2790 1878 2857 Verbum,

298 2876 480 2928 sancti
525 2874 755 2943 Spiritus
804 2877 917 2931 sine
960 2878 1220 2947 principio
1252 2890 1509 2936 servator.
1544 2881 1715 2947 Quam
1750 2895 1880 2951 ergo

299 2968 467 3021 habet
501 2968 667 3022 Pater
692 2969 759 3022 ad
788 2968 982 3023 Filium
1018 2984 1236 3026 causam
1269 2971 1519 3026 indicare
1555 2971 1750 3035 voluit;
1782 2964 1882 3025 ali-

302 3073 384 3113 ter
417 3061 628 3130 quippe
680 3062 780 3115 sibi
818 3062 922 3129 ipsi
958 3078 1064 3117 non
1111 3074 1456 3130 congrueret,
1502 3063 1879 3133 sententiaque

300 3150 469 3205 fallax
505 3152 799 3206 videretur.
835 3151 1027 3208 Dicere
1082 3155 1228 3209 enim
1265 3164 1460 3225 praeter
1486 3169 1728 3211 causam.
1757 3131 1873 3208 oin-
1902 3131 1947 3193 (ἶ
1977 3166 2043 3204 ex
2079 3148 2219 3205 Filio
2252 3146 2516 3219 Spiritum
2568 3154 2864 3221 procedere
2915 3151 3157 3207 fatentur
3210 3172 3224 3207 :

299 3261 425 3299 nem
476 3258 701 3298 causam
742 3244 1044 3301 auferentis
1088 3261 1213 3302 esse
1264 3246 1488 3311 volunt;
1547 3247 1647 3300 hoc
1696 3256 1874 3301 autem

298 3337 502 3389 falsum
567 3344 674 3392 est.
708 3335 803 3391 Vel
841 3348 1210 3392 creaturarum
1286 3338 1432 3393 enim
1497 3338 1669 3407 ipsum
1732 3347 1879 3391 certe

300 3444 527 3483 causam
564 3429 769 3483 dicent.
814 3429 1120 3484 Atteslatur
1144 3429 1229 3484 bis
1254 3441 1309 3485 et
1338 3431 1453 3500 ipse
1487 3431 1673 3483 dicens
1702 3446 1718 3483 :
1748 3428 1875 3484 0m—

302 3524 390 3575 uia
424 3538 547 3589 qua
580 3522 736 3575 habet
767 3519 953 3587 Pater,
988 3519 1115 3575 Filii
1128 3533 1268 3597 \sunt
1302 3532 1497 3591 praeter
1523 3536 1775 3585 causam;
1821 3530 1879 3575 et

301 3618 487 3666 omnia
527 3628 650 3682 qua:
683 3613 846 3669 habet
878 3612 1069 3678 Filius,
1100 3614 1333 3683 Spiritus
1363 3614 1536 3670 sancti
1564 3625 1713 3679 sunt,
1743 3628 1877 3684 prat-

304 3717 388 3758 ter
416 3705 788 3758 nativitatem.

372 3800 607 3852 Constat
643 3812 772 3867 ergo
802 3800 928 3868 quia
951 3800 1171 3854 Patrem
1209 3799 1273 3853 ad
1297 3797 1490 3853 Filium
1516 3812 1870 3865 comparans;

301 3901 504 3953 praeter
540 3905 783 3955 causam,
815 3890 973 3955 dixit,
998 3905 1160 3959 quam
1196 3889 1409 3944 scilicet
1434 3889 1600 3944 habet
1622 3887 1784 3943 Pater
1807 3888 1873 3942 ad

302 3981 525 4047 Filium,
560 3980 706 4036 sicut
739 3990 791 4036 et
813 3982 953 4051 quod
983 3981 1252 4050 sequitur,
1282 3980 1544 4050 Spiritum
1580 3979 1645 4033 ad
1678 3978 1872 4033 Filium

302 4073 681 4145 comparantis
742 4082 849 4139 est,
898 4073 1219 4127 relationem
1276 4071 1487 4126 illorum
1540 4072 1607 4126 ad
1642 4070 1873 4126 invicem

303 4165 677 4234 inspirieutis,
719 4162 1011 4219 secundum
1043 4162 1259 4218 illorum
1284 4163 1537 4233 proprios
1561 4176 1872 4231 processus.

306 4255 500 4309 Dicere
548 4270 805 4325 namque,
859 4253 1119 4323 Spiritum
1180 4254 1379 4309 habere
1433 4254 1613 4309 omnia
1677 4262 1876 4321 praeter

306 4350 671 4412 nativitatem,
703 4347 835 4401 nihil
867 4346 1015 4403 aliud
1036 4346 1330 4416 signiﬁcat,
1359 4348 1463 4402 nisi
1487 4356 1685 4416 praeter
1708 4359 1871 4416 quam

308 4430 681 4494 itnmediatum
713 4452 777 4493 ex
810 4436 967 4493 Patre
998 4451 1121 4492 esse
1140 4453 1157 4502 ;
1178 4438 1374 4507 quippe
1403 4452 1524 4491 cum
1549 4435 1719 4491 Filius
1753 4436 1876 4505 qui-

309 4528 423 4581 dem
456 4544 522 4583 ex
572 4528 736 4583 Patre
764 4530 881 4583 sine
927 4527 1107 4605 medio
1141 4528 1233 4593 sit,
1280 4526 1433 4597 juxta
1485 4526 1875 4597 pr0prietatem

311 4636 487 4684 suam,
513 4628 743 4674 sanctus
766 4631 944 4673 autem
992 4616 1229 4687 Spiritus
1257 4632 1323 4670 ex
1363 4616 1524 4672 Patre
1553 4634 1646 4686 per
1676 4616 1873 4683 Filium

312 4713 589 4777 procedat,
625 4710 877 4780 quocirca
907 4724 1081 4779 neque
1108 4709 1460 4773 convertitur,
1489 4709 1741 4777 quoniam
1779 4724 1875 4763 ne-

312 4819 409 4869 qtte
433 4818 727 4871 processus
756 4802 856 4867 illi,
893 4811 945 4856 et
975 4809 1378 4871 consequenter
1420 4814 1593 4869 neque
1624 4802 1879 4855 substan-

314 4894 457 4945 tialia
487 4902 908 4946 convertuntur.
954 4890 1019 4944 Et
1050 4904 1117 4945 ex
1163 4890 1266 4945 hoc
1319 4890 1486 4959 igitur
1515 4889 1648 4945 nihil
1694 4905 1792 4959 pro
1818 4904 1879 4945 se

309 4983 658 5037 concludunt.

378 5074 582 5127 Eadm
636 5092 755 5129 cero
789 5077 1017 5141 ratione,
1050 5091 1118 5132 ne
1161 5075 1213 5130 id
1243 5075 1457 5143 quidem
1490 5072 1599 5128 illis
1642 5072 1879 5143 opitula-

313 5174 417 5227 tur,
447 5168 596 5232 quod
645 5166 723 5219 ait
770 5178 990 5220 sanctus
1040 5165 1309 5220 Maximus
1340 5144 1393 5217 in
1450 5160 1619 5231 Epist.
1658 5162 1724 5215 ad
1760 5162 1877 5215 Ma-

320 5261 492 5309 rinum
542 5258 617 5309 ita
651 5258 895 5311 scribens
928 5275 943 5311 ε
980 5257 1365 5327 Synodicorum
1401 5254 1562 5324 igitur
1606 5263 1880 5321 pra'sentts

316 5350 633 5401 sanctissimi
690 5347 872 5416 Papa,
899 5365 1000 5401 non
1042 5358 1115 5402 tot
1162 5347 1390 5415 capitula
1421 5354 1543 5415 quot
1575 5344 1879 5412 scripsistis.

318 5442 681 5506 repudiarunt,
717 5442 807 5507 qui
850 5441 904 5491 in
942 5442 1082 5509 regia
1122 5439 1333 5493 ciritate
1357 5445 1729 5490 convenerunt.
1766 5434 1880 5487 Duo

315 5514 485 5585 autem
514 5532 651 5595 sola,
707 5549 926 5601 quorum
970 5532 1201 5584 alterunt
1254 5528 1462 5598 quidem
1516 5529 1579 5579 de
1622 5526 1880 5594 theologia

315 5629 564 5679 continet.
621 5625 784 5688 Quia,
826 5626 1018 5687 inquit,
1054 5624 1213 5676 etiam
1277 5635 1340 5673 ex
1398 5616 1539 5671 Filio
1604 5617 1881 5684 procedere

316 5717 576 5786 Spiritum
625 5730 886 5779 s'rnrium,
923 5720 1147 5768 alterunt
1184 5728 1299 5767 tero
1335 5713 1396 5764 o‘e
1425 5711 1601 5763 divina
1635 5711 1883 5761 incarna-

1984 1887 2104 1943 quae
2131 1874 2278 1941 talia,
2309 1877 2440 1931 satis
2470 1893 2635 1947 supra
2666 1880 2998 1938 declaratum
3050 1897 3152 1941 est.
3200 1889 3306 1945 Sed
3350 1902 3405 1956 et
3448 1893 3555 1947 Ro-

1984 1980 2269 2020 manorum
2318 1968 2623 2033 doctorum,
2671 1969 2859 2027 liilarii
2909 1976 3141 2045 scilicet,
3191 1981 3463 2037 Ambrosii
3498 1993 3553 2037 et

1982 2056 2273 2126 Augustini
2308 2059 2455 2116 dicta
2510 2061 2637 2117 huic
2686 2066 2974 2120 sententiae
3008 2082 3247 2138 congrua
3283 2074 3554 2142 produxe-

1982 2156 2145 2215 runt;
2176 2149 2267 2218 qui
2297 2160 2349 2204 et
2379 2165 2447 2205 ex
2488 2150 2626 2207 Filio
2663 2158 2957 2222 procedere
2987 2155 3255 2224 Spiritum
3299 2171 3550 2216 sanctum

1983 2239 2200 2294 docent.
2251 2238 2379 2295 llaec
2406 2251 2585 2297 autem
2630 2244 2851 2310 mirum,
2878 2261 2924 2301 st
2973 2262 3082 2303 non
3118 2250 3284 2303 etiam
3330 2267 3551 2307 causam

1983 2329 2247 2384 insinuat.
2299 2331 2373 2385 Ea
2414 2332 2558 2387 enim
2610 2334 2845 2397 ratione.
2882 2348 2942 2392 ut
2978 2339 3141 2393 datur
3173 2340 3421 2410 intelligi,
3459 2357 3559 2398 ne-

1981 2433 2086 2487 que
2117 2435 2241 2475 cum
2278 2435 2342 2475 cx
2378 2423 2487 2476 Deo
2516 2437 2662 2488 esse,
2703 2436 2760 2479 et
2798 2442 2865 2481 ex
2901 2426 3060 2482 Patre
3091 2432 3385 2497 procedere
3428 2431 3554 2500 Spi-

1982 2509 2121 2563 ritus
2145 2509 2429 2577 asset-itur,
2456 2526 2678 2568 causam
2707 2513 3039 2586 designabit.
3065 2517 3168 2572 Sed
3203 2519 3328 2584 ista,
3361 2531 3555 2589 prater

1983 2599 2282 2669 Scripturre
2312 2601 2663 2658 intentionem
2689 2617 2850 2668 sunt;
2885 2620 3096 2676 nempe,
3124 2608 3377 2677 quoniam
3396 2610 3549 2677 juxta

1982 2701 2230 2749 sanctum
2263 2690 2549 2762 Cyrillum,
2580 2693 3062 2765 Uccidentalesque
3092 2698 3341 2753 doctores
3372 2699 3549 2755 faten-

1981 2790 2068 2836 tur
2108 2782 2269 2851 hujus
2297 2797 2420 2838 esse
2477 2787 2782 2852 sententiae,
2819 2788 2910 2856 qui
2958 2788 3237 2842 evidenter
3279 2806 3344 2844 ex
3391 2791 3552 2845 Patre

1980 2883 2035 2928 et
2057 2873 2225 2941 Filio;
2260 2874 2423 2931 veluti
2456 2891 2524 2931 ex
2551 2892 2658 2931 uno
2686 2876 2953 2946 principio
2984 2880 3222 2946 prodire,
3254 2895 3318 2933 ac
3362 2897 3552 2951 proce-

1980 2967 2133 3032 dere,
2160 2975 2220 3020 ut
2268 2956 2466 3021 dictum
2494 2978 2600 3033 est,
2634 2968 2893 3038 Spiritum
2923 2980 3171 3026 sanctum
3201 2971 3548 3028 conﬁtentur.

1982 3057 2124 3112 Nihil
2158 3072 2289 3129 ergo
2319 3073 2519 3114 novum
2556 3076 2584 3113 a
2615 3074 2673 3115 se
2698 3060 2832 3129 ipsis
2862 3060 3238 3125 introducunt,
3262 3064 3361 3131 qui‘
3383 3064 3547 3117 etiam

3276 3155 3554 3224 simulque

1980 3256 2217 3309 praesens
2252 3241 2477 3310 epistola
2533 3241 2900 3297 Romanorum
2954 3242 3177 3298 Patrum
3225 3248 3550 3314 prmexposi-

1977 3340 2060 3385 tas
2095 3324 2463 3401 ailegationes
2483 3331 2697 3387 illorum
2728 3334 2997 3389 veraciter
3025 3348 3148 3389 esse
3178 3337 3546 3389 commendat.

1976 3422 2082 3475 Aut
2133 3422 2278 3476 enim
2329 3421 2461 3491 ipsa:
2492 3438 2680 3478 omnes
2720 3434 2862 3491 sunt,
2913 3433 3006 3480 aut
3045 3441 3109 3481 ex
3148 3426 3283 3495 ipsis
3326 3427 3547 3496 aliqua»,

1978 3528 2113 3583 quas
2164 3520 2294 3594 ιιιηο
2338 3514 2697 3583 protulerunt.
2752 3514 2865 3569 Non
2909 3517 3054 3570 enim
3104 3516 3348 3585 proiecto
3399 3518 3541 3574 falle-

1977 3607 2140 3660 batur
2188 3614 2413 3661 sanctus
2448 3602 2739 3669 Maximus,
2791 3613 2885 3659 aut
2936 3607 3205 3661 mentiens
3235 3607 3339 3660 ista
3395 3608 3550 3663 dice-

1978 3699 2089 3754 bat.

2049 3789 2187 3856 Quid
2223 3802 2352 3857 ergo
2383 3787 2485 3842 sibi
2520 3786 2725 3851 volunt,
2757 3800 2880 3842 cum
2913 3786 3177 3857 Spiritum
3203 3797 3445 3843 sanctum
3478 3806 3546 3843 ex

1978 3874 2113 3931 Filio
2156 3878 2371 3944 quidem
2432 3877 2727 3945 procedere
2789 3877 2995 3941 dicunt,
3047 3890 3153 3930 non
3207 3888 3383 3932 autem
3428 3894 3551 3933 eSse

1977 3965 2170 4024 Filium
2196 3984 2415 4025 causam
2442 3971 2615 4025 sancti
2647 3969 2883 4040 Spiritus
2904 3970 3210 4039 adjiciunt;
3244 3972 3369 4041 quia
3398 3974 3549 4027 enim

1978 4062 2149 4118 Filius
2169 4062 2393 4133 quidem
2428 4077 2493 4117 ex
2524 4061 2689 4118 Patre
2723 4072 2843 4129 est;
2881 4061 3006 4116 Filii
3052 4072 3231 4117 autem
3263 4064 3445 4116 omnia
3478 4065 3547 4115 ad

1977 4150 2195 4207 Patrem
2226 4152 2497 4216 referunt,
2529 4151 2733 4206 dictum
2763 4165 2893 4206 vero
2919 4160 3003 4206 est
3031 4153 3195 4206 etiam
3242 4168 3271 4204 a
3312 4152 3550 4214 sanctis,

1977 4259 2040 4300 ex
2074 4243 2238 4299 Patre
2276 4252 2329 4298 et
2356 4241 2496 4298 Filio
2522 4242 2784 4313 Spiritum
2829 4254 3104 4308 sanctum,
3148 4243 3311 4297 veluti
3344 4231 3550 4298 ex'una

1979 4350 2061 4402 re,
2104 4346 2159 4390 et
2186 4349 2294 4390 uno
2321 4334 2587 4404 principio
2618 4350 2761 4401 esse,
2785 4349 2848 4389 ac
2886 4334 3185 4405 procedere
3222 4352 3235 4387 :
3268 4345 3549 4403 propterea

1977 4440 2044 4481 ex
2080 4426 2389 4495 huiusmodi
2423 4424 2711 4479 sententiis
2747 4433 3080 4492 aperuerunt
3106 4438 3185 4485 se,
3211 4422 3407 4475 Filiqu
3441 4439 3548 4473 nou

1978 4514 2281 4584 propriam,
2325 4521 2381 4566 et
2431 4512 2761 4580 peculiarem
2797 4525 3017 4566 causam
3063 4509 3320 4580 Spiritus,
3355 4523 3554 4577 praeter

1977 4603 2216 4669 Patrem,
2265 4604 2588 4671 intelligere.
2635 4601 2826 4656 Merito
2854 4617 3007 4656 sane.
3043 4600 3229 4669 Neque
3269 4602 3410 4652 enim
3442 4599 3551 4653 duo

1978 4705 2107 4753 sunt
2138 4695 2314 4751 divisa
2344 4703 2534 4749 contra
2571 4708 2653 4759 se,
2690 4701 2853 4761 atque
2900 4693 2967 4746 ab
3004 4690 3242 4744 invicem
3274 4689 3548 4754 disiuncta

1980 4786 2247 4858 principia
2278 4785 2455 4839 sancti
2488 4783 2764 4852 Spiritus;
2804 4794 2981 4848 neque
3024 4790 3370 4848 ut-personre
3410 4778 3551 4839 duro,

1980 4882 2054 4936 ita
2082 4884 2187 4935 duo
2214 4880 2380 4934 etiam
2414 4876 2650 4945 Spiritus
2676 4874 2849 4929 sancti
2885 4870 3153 4943 principia
3179 4880 3336 4933 sunt;
3367 4882 3552 4937 quem-

1980 4970 2271 5023 admodum
2300 4968 2443 5022 euim
2480 4966 2643 5019 mittit
2679 4965 2894 5035 quidem
2932 4962 3094 5017 Pater
3119 4961 3395 5029 'Spiritum
3425 4972 3553 5010 san-

1981 5067 2151 5123 ctum,
2189 5058 2354 5111 mittit
2402 5064 2583 5110 autem
2621 5055 2765 5109 hunc
2798 5055 2961 5107 etiam
3012 5050 3218 5115 Filius;
3258 5061 3429 5115 neque
3474 5055 3554 5096 ta-

1982 5167 2104 5207 men
2133 5150 2306 5206 Filius
2340 5148 2438 5203 alia
2470 5147 2747 5203 missionis
2774 5161 2936 5201 causa
2969 5152 3164 5211 printer
3192 5139 3408 5192 Patrem
3435 5146 3548 5200 est;

1985 5260 2160 5314 neque
2208 5244 2351 5299 enim
2404 5240 2567 5295 mittit
2615 5242 2780 5293 Pater
2812 5238 2930 5294 sine
2978 5235 3138 5297 Filio.
3186 5231 3345 5288 sicuti
3378 5242 3554 5296 neque

1983 5339 2099 5393 sine
2130 5335 2268 5390 Filio
2313 5334 2476 5397 iacit;
2526 5331 2787 5401 quocirca
2818 5330 2983 5383 etiam
3031 5327 3235 5381 dictum
3290 5334 3393 5386 est,
3445 5335 3547 5372 una

1982 5430 2200 5485 datione
2235 5436 2289 5481 et
2318 5442 2421 5479 una
2464 5423 2748 5492 largitione
2780 5420 2946 5474 mittit
2972 5418 3236 5488 Spiritum
3272 5421 3548 5472 Sanctum,

1986 5521 2056 5573 ita
2094 5519 2237 5572 etde
2265 5530 2334 5570 eo
2358 5512 2499 5583 quod
2534 5510 2913 5581 proposuimus
2943 5508 3253 5566 dicendum,
3286 5514 3449 5571 atque
3476 5513 3544 5553 eo

1987 5614 2160 5678 magis
2191 5625 2295 5678 quo
2322 5608 2510 5660 missio
2533 5606 2672 5658 idem
2698 5613 2778 5658 est
2805 5604 2946 5673 quod
2981 5599 3280 5672 processio,
3304 5606 3363 5649 ut
3391 5605 3551 5661 supra

1986 5706 2317 5760 declaratum
2364 5708 2463 5755 cst.
2502 5700 2618 5751 Aut
2653 5696 2697 5750 si
2741 5697 2875 5750 hanc
2909 5695 3132 5749 nimium
3181 5686 3552 5745 contentiostts
