4046 6204
400 323 504 388 163

1665 319 1878 380 MANU
1897 317 2073 378 ELIS
2096 314 2405 373 CALECM
2482 360 2490 364 _

3569 308 3670 372 164

390 437 663 508 quispiam
701 432 1078 491 substantialis
1116 432 1289 487 sancti
1328 429 1568 501 Spiritus
1608 428 1974 499 processionis
2002 433 2047 488 Α
2076 441 2184 496 quo
2229 430 2396 481 etiam
2441 424 2639 489 Pater;
2675 423 2834 480 aliter
2872 425 3074 496 quippe
3117 423 3375 478 essentia:
3411 422 3668 478 idrntitas

393 530 672 602 indicium
713 528 880 592 dicat,
937 526 1200 595 profecto,
1249 537 1528 592 nunquam
1583 521 1892 575 mitteretur
1947 535 1975 573 a

396 621 556 684 Filio.
599 619 705 675 nisi
759 619 922 676 etiam
955 632 1022 673 ex
1076 617 1194 686 ipso
1243 627 1422 680 esset;
1474 603 1679 682 alioqui
1730 611 1978 668 minister

393 723 536 768 esset
571 709 759 766 Filius.
1713 712 1718 717 ·

468 800 586 856 Non
627 805 812 871 itaque
865 800 948 856 vel
1009 799 1170 855 Pater
1213 797 1362 853 solus
1403 812 1564 852 causa
1611 805 1690 858 est
1742 796 1979 865 Spiritus

398 893 573 948 sancti
611 895 729 948 sine
761 893 919 957 Filio,
947 891 1034 946 vel
1072 892 1191 945 sine
1217 888 1378 944 Patre
1415 887 1584 943 Filius
1612 903 1627 952 ;
1660 902 1752 956 per
1781 886 1979 942 Filium

398 986 544 1039 enim
577 986 878 1054 procedere
905 983 1128 1050 dicitur,
1165 993 1218 1037 et
1248 983 1413 1034 Pater
1444 995 1542 1049 per
1573 979 1812 1035 Verbum
1851 992 1979 1047 pro-

399 1079 596 1131 ductor
647 1090 768 1129 esse
823 1075 999 1129 sancti
1053 1059 1292 1142 Spiritus
1329 1078 1698 1127 asseveratur.
1755 1067 1983 1124 Constat

401 1171 504 1222 hoc
532 1168 695 1223 etiam
728 1181 794 1221 ex
825 1167 1186 1235 sequentibus
1234 1163 1406 1234 ipsius
1438 1161 1637 1217 verbis.
1671 1159 1761 1214 Ait
1789 1159 1930 1214 enim
1964 1176 1978 1212 :

404 1259 577 1314 Unum
631 1269 825 1316 norunt
877 1258 1026 1320 Filii,
1084 1267 1134 1312 et
1181 1255 1412 1325 Spiritus
1463 1268 1680 1306 causam
1730 1249 1992 1316 Patrem;

401 1354 628 1408 alterius
685 1353 902 1422 quidem
965 1351 1264 1406 scentulum
1322 1347 1697 1410 nativitatem;
1759 1344 1983 1399 alterius

405 1459 555 1510 vero,
613 1442 910 1498 secundum
965 1440 1399 1510 processionetn.
1447 1435 1576 1491 Haec
1613 1445 1793 1489 autem
1846 1448 1986 1503 prae-

404 1538 566 1592 dictis
618 1535 824 1606 optime
877 1540 1204 1590 consonant.
1257 1530 1392 1585 Nam
1448 1529 1619 1584 Filius
1669 1527 1886 1596 quidem
1919 1541 1984 1582 ex

405 1628 567 1684 Patre
596 1627 900 1684 secundum
931 1624 1258 1689 nativitatis,
1288 1622 1372 1677 vel
1397 1620 1560 1692 geniti
1589 1618 1983 1682 detinitioncm,

394 1739 469 1795 ex
503 1721 663 1776 Patre
695 1721 817 1776 sine
846 1717 956 1773 ullo
1004 1717 1182 1772 medio
1217 1724 1320 1772 est.
1363 1713 1604 1782 Spiritus
1635 1717 1858 1766 sanctus
1888 1725 1985 1764 au-

410 1827 517 1868 tem
545 1813 702 1882 juxta
734 1808 1122 1881 processionis,
1153 1810 1246 1863 seu
1295 1804 1643 1876 procedentis
1669 1802 1983 1864 terminum,

406 1921 471 1960 ex
506 1905 664 1960 Patre
695 1919 794 1973 per
814 1903 1012 1957 Fiiium
1044 1910 1164 1966 est;
1197 1917 1316 1971 qua:
1338 1915 1459 1955 cum
1489 1900 1562 1954 ita
1593 1899 1724 1960 sint,
1747 1908 1986 1965 congrue

406 1998 581 2052 Filius
608 2011 672 2051 ac
706 1995 940 2066 Spiritus
975 1995 1041 2049 ad
1075 1997 1247 2048 unum”
1271 1991 1598 2062 principium
1643 1987 1858 2041 Patrem
1904 1999 1989 2040 re-

409 2091 684 2155 feruntur,
707 2098 764 2143 ut
791 2087 963 2142 Filius
997 2080 1216 2155 quidem
1254 2096 1500 2139 seorsum
1537 2095 1643 2135 non
1677 2078 1746 2133 sit
1776 2093 1940 2133 causa
1969 2093 1984 2131 :

407 2197 515 2237 non
564 2181 708 2235 enim
744 2188 827 2233 est
861 2176 944 2233 vel
972 2175 1160 2238 Filius,
1196 2173 1278 2227 vel
1308 2183 1646 2242 quaecunque
1679 2182 1839 2222 causa
1871 2168 1988 2222 sine

409 2274 601 2336 Patre;
639 2271 804 2326 Pater
833 2283 958 2324 vero
1009 2285 1073 2324 ac
1122 2267 1290 2322 Filius
1323 2281 1426 2319 una
1483 2277 1667 2326 causa,
1716 2273 1990 2330 unumque

410 2365 735 2436 principium
761 2365 832 2418 sit
859 2374 1080 2418 sanctus
1108 2359 1369 2430 Spiritus.

481 2457 592 2513 Etsi
625 2455 794 2521 enim,
831 2464 890 2510 ut
919 2468 1081 2524 supra
1112 2448 1442 2506 declaratum
1473 2452 1578 2512 est,
1618 2455 1739 2500 esse
1765 2443 1930 2498 habet
1957 2457 1986 2494 s

409 2549 571 2612 Filio,
607 2551 688 2614 ab
741 2549 860 2617 ipso
905 2523 1112 2599 scilicet
1146 2553 1389 2602 sumens,
1432 2552 1496 2606 ac
1542 2523 1762 2608 penitus
1808 2549 1875 2589 ex
1924 2549 1988 2588 ea

409 2653 576 2692 causa
627 2622 748 2691 eum
803 2635 1039 2705 pendere
1089 2630 1309 2702 pietatis
1360 2628 1500 2683 ratio
1539 2626 1725 2690 tradit,
1782 2635 1835 2679 et
1870 2638 1990 2694 qua:

410 2731 514 2782 alia
551 2726 830 2798 praedicta
854 2733 979 2780 sunt
1013 2743 1025 2778 :
1057 2723 1128 2777 ob
1159 2721 1212 2776 id
1247 2732 1448 2783 tamen,
1490 2715 1636 2788 quod
1669 2713 1838 2771 Filius
1872 2713 1990 2784 qui-

409 2825 532 2875 dem
579 2822 650 2874 sit
683 2835 747 2874 ex
792 2818 954 2872 Patre
989 2816 1106 2872 sine
1139 2812 1343 2878 medio,
1381 2810 1617 2880 Spiritus
1667 2817 1845 2862 autem
1892 2820 1992 2876 per

414 2915 608 2969 Filium
649 2912 929 2982 procedat,
959 2922 1023 2961 ac
1059 2921 1155 2976 per
1185 2906 1361 2975 ipsum
1395 2900 1544 2957 Patri
1576 2899 1938 2969 conjungatur
1977 2915 1988 2950 :

412 3007 669 3074 quodque
700 3001 821 3056 Filii
870 2998 1053 3054 omnia
1101 2997 1170 3052 ad
1220 2993 1437 3049 Patrem
1472 2989 1800 3056 referantur,
1834 2988 1994 3042 Pater

413 3115 576 3150 itllllltt
608 3095 780 3149 sancti
831 3092 1071 3163 Spiritus
1099 3086 1425 3158 principium
1464 3083 1695 3148 dicetur,
1738 3083 1992 3151 quocirca

412 3195 562 3243 solus
596 3203 809 3257 quoque
843 3185 964 3239 fons
1011 3180 1231 3236 deitatis
1271 3179 1447 3234 dictus
1497 3181 1612 3239 est;
1653 3172 1883 3242 rotisque
1935 3182 1989 3226 et

414 3282 566 3334 radix
599 3277 720 3332 Filii
755 3287 809 3331 et
865 3275 1124 3344 Spiritus,
1158 3281 1212 3326 et
1247 3268 1418 3329 solng
1441 3279 1606 3322 causa
1643 3260 1750 3318 dici
1788 3272 1986 3332 potest,

413 3371 555 3441 quod
593 3370 723 3424 nihil
773 3375 899 3422 ante
931 3383 988 3422 sc
1019 3367 1311 3434 cogitatum
1354 3360 1567 3429 habeat,
1599 3370 1760 3430 atque
1794 3358 1858 3411 ad
1907 3355 1989 3426 ip-

413 3480 535 3517 sum
588 3461 896 3516 referantur
941 3461 1145 3512 omnia.
1192 3447 1346 3512 Unde
1394 3463 1451 3510 et
1483 3466 1713 3524 magnus
1760 3449 1989 3504 Basilius

411 3554 622 3608 dicebat
665 3571 679 3607 :
737 3549 1024 3606 Naturalis
1082 3549 1309 3625 bonitas,
1358 3557 1408 3602 et
1443 3547 1587 3619 regia
1639 3545 1876 3615 dignitas
1925 3555 1990 3594 ea:

416 3647 578 3700 l’atre
609 3663 698 3715 per
742 3644 1084 3714 Unigenitum
1135 3642 1204 3696 ad
1252 3639 1452 3695 Filium
1496 3637 1792 3710 pertingit:
1833 3637 1906 3690 ita
1937 3641 1993 3688 et

409 3739 746 3792 substantias
806 3735 1065 3800 fatemur,
1136 3735 1394 3804 piumque
1449 3730 1597 3785 unici
1651 3729 1990 3800 principatus

409 3833 600 3900 (ingnia
636 3847 740 3884 non
780 3827 999 3883 decidit.

482 3925 799 3978 Consonant
825 3921 1049 3989 quidem
1085 3927 1141 3972 et
1170 3918 1272 3971 ista
1304 3915 1634 3986 praeteritis;
1682 3927 1872 3967 verum
1922 3926 1990 3967 ne

413 4017 465 4069 id
496 4015 712 4084 quidem
756 4011 1027 4073 dissentit,
1074 4008 1216 4077 quod
1270 3994 1536 4080 sequitur.
1570 4006 1704 4061 Nam
1750 4004 1933 4062 dicere
1970 4024 1987 4064 :

415 4107 701 4175 Propterea
743 4112 790 4156 et
818 4100 952 4154 Filio
977 4101 1255 4167 procedere
1290 4099 1564 4164 dixerunt,
1591 4107 1647 4152 ut
1683 4113 1776 4166 per
1813 4098 1987 4166 ipsum

413 4198 562 4249 (fiunt
617 4197 898 4264 procedere
928 4193 1314 4262 signiﬁcarent,
1367 4190 1503 4245 nibii
1533 4200 1617 4245 est
1649 4188 1792 4244 aliud
1826 4202 1990 4258 quam

410 4293 599 4342 dicere
625 4305 638 4338 :
669 4286 878 4340 idcirco
908 4301 973 4339 ex
1008 4283 1145 4338 Filio
1169 4285 1438 4354 procedit,
1463 4283 1591 4353 quia
1619 4281 1866 4354 procedit
1895 4295 1991 4351 per

414 4379 608 4434 Filium
644 4381 812 4449 :qnia
848 4380 992 4432 enim
1029 4391 1122 4447 per
1148 4375 1342 4431 Filium
1370 4376 1636 4446 procedit,
1670 4373 1992 4430 naturaliter

414 4475 620 4528 scilicet
682 4483 844 4541 atque
873 4469 1242 4526 esscntialiter
1290 4468 1557 4538 procedit.
1603 4465 1677 4521 ita
1711 4465 1911 4536 quippe
1939 4475 1993 4520 et
2026 4480 2069 4536 ι)

412 4561 1049 4636 essentneconiunctio,I
1092 4570 1145 4614 et
1193 4557 1711 4614 incommutabilitas
1750 4557 1994 4614 declara-

417 4660 562 4711 hitur
599 4673 613 4709 :
651 4656 792 4725 quod
829 4666 1009 4708 αιιιοηι
1057 4668 1162 4720 per,
1192 4652 1409 4721 aliquod
1458 4648 1803 4716 naturaliter,
1831 4657 1994 4722 atque

415 4748 781 4805 essentialtter
809 4747 1007 4816 prodit,
1036 4761 1100 4799 ex
1143 4745 1261 4814 ipso
1292 4743 1454 4797 ctiam
1501 4741 1865 4798 substantiam
1895 4743 1995 4796 ita-

417 4843 534 4897 bet.
564 4839 750 4913 Itaque
777 4855 877 4909 per
902 4836 1098 4892 Filium
1154 4838 1390 4906 prodire,
1425 4837 1563 4891 idem
1609 4844 1690 4891 est
1717 4835 1860 4906 quod
1900 4847 1997 4903 per

417 4932 616 4990 Filium
670 4931 1000 4997 procedere;
1057 4929 1162 4984 hoc
1211 4930 1354 4983 enim
1401 4928 1605 4983 indicat
1656 4942 1752 4998 per
1799 4927 1996 4983 Filium

419 5029 623 5082 habere
654 5026 1047 5092 substantiam;
1085 5025 1226 5090 quod
1272 5024 1435 5090 igitur
1477 5020 1729 5090 superius
1774 5035 1994 5090 proces-

417 5120 634 5174 sionem
661 5116 971 5188 appellavit,
998 5115 1099 5169 hoc
1126 5115 1179 5168 itt
1203 5112 1659 5183 consequentibus
1683 5126 1779 5180 per
1803 5111 1996 5167 Filium

418 5214 659 5284 prodire,
693 5228 753 5264 ac
785 5209 1078 5276 procedure
1116 5207 1268 5260 dixit;

490 5307 716 5360 Otttstat
742 5319 872 5372 ergo
899 5312 950 5356 ct
997 5317 1062 5356 ex
1097 5301 1202 5362 bis,
1245 5314 1309 5352 cx
1337 5295 1477 5352 Filio
1512 5294 1806 5366 procedere
1853 5296 1998 5364 quod
2034 5340 2037 5341 ν

419 5395 641 5456 dicitur,
702 5392 845 5446 idem
904 5406 1023 5446 esse
1072 5391 1214 5460 quod
1273 5404 1369 5458 per
1419 5387 1618 5444 Filium
1680 5389 1996 5456 procedere.

420 5486 591 5541 Porro
621 5485 724 5539 ista
755 5485 920 5538 etiam
954 5492 1079 5538 ante
1112 5496 1241 5538 sum
1275 5483 1438 5538 dicta.
1472 5478 1661 5537 Sedet
1695 5481 1823 5536 illud
1858 5497 1997 5552 quo-

419 5594 525 5642 que
571 5579 1132 5639 demonstratum-est,
1182 5577 1324 5644 quod
1362 5575 1612 5630 essentiae
1643 5573 1762 5630 Filii
1797 5575 1862 5628 ad
1891 5575 1998 5628 Pa-

422 5685 558 5726 trem
609 5670 894 5732 idenlitas,
926 5668 1105 5721 omnia
1142 5666 1320 5732 Patris
1367 5665 1562 5721 Fiiiutn
1610 5666 1813 5721 habere
1845 5667 1994 5732 facit,

423 5775 617 5838 prmter
664 5765 836 5820 solum
885 5763 1107 5836 Patrem
1159 5776 1299 5818 esse.
1359 5765 1532 5828 Atque
1590 5761 1776 5814 eodem
1817 5760 1996 5826 modo,

2081 517 2314 581 tollitur,
2351 515 2587 570 maxime
2629 531 2752 570 cum
2789 517 2993 573 dictum
3027 517 3128 581 sit,
3168 529 3270 567 una
3321 521 3530 567 tantum
3589 529 3666 576 re,

2081 623 2177 663 eos
2215 607 2476 663 diﬂ'crre:
2534 608 2680 678 quod
2729 608 2816 661 hic
2861 607 3022 664 Pater
3054 610 3146 672 sit,
3197 607 3286 661 iile
3334 605 3530 669 Filius,
3559 606 3662 659 alia

2082 714 2211 753 vero
2260 701 2463 766 omuia,
2501 715 2624 757 esse
2672 702 3005 755 communia.
3059 699 3218 755 Pater
3273 701 3456 771 itaque
3501 716 3669 757 causa

2081 791 2315 860 Spiritus
2350 802 2452 858 est,
2481 793 2626 848 sicut
2666 803 2720 848 et
2751 791 2941 848 Filius.
2971 791 3182 848 Dictum
3219 804 3303 849 est
3338 805 3540 860 tamen,
3575 811 3669 850 eos

2085 900 2196 940 non
2230 899 2479 940 asserere
2525 885 2720 939 Filium
2758 887 2934 940 sancti
2975 885 3210 955 Spiritus
3258 901 3503 949 causam,
3535 902 3667 958 pro-

2085 988 2208 1050 pter
2237 978 2325 1033 illa
2367 993 2488 1047 qua:
2519 980 2771 1051 praedicta
2820 989 2981 1046 sunt;
3015 981 3156 1050 quod
3185 979 3327 1036 enim
3359 995 3427 1034 ex
3470 980 3669 1036 Dama-

2084 1085 2250 1125 sceno
2279 1071 2381 1125 sibi
2417 1071 2554 1135 vult,
2577 1087 2655 1126 ea:
2683 1069 2825 1125 Filio
2855 1087 2958 1125 non
2986 1073 3230 1137 dicimus,
3275 1087 3343 1128 ne
3385 1072 3493 1128 duo
3520 1074 3671 1144 prin-

2083 1165 2225 1236 cipia
2253 1165 2428 1221 divisa
2466 1165 2773 1232 videantur,
2809 1181 2912 1242 nec
2938 1181 3172 1236 persona
3199 1165 3344 1229 Filii,
3391 1177 3450 1221 ut
3487 1167 3669 1226 Patris

2091 1270 2323 1326 persona
2357 1269 2501 1320 esse,
2533 1255 2666 1309 nihil
2700 1271 2810 1326 prae
2853 1271 2911 1313 se
2947 1257 3117 1323 cogit,
3149 1265 3260 1312 tum
3303 1257 3533 1321 habens,
3566 1260 3670 1316 hoc

2087 1357 2140 1402 et
2181 1349 2300 1403 istis
2343 1348 2395 1403 in
2435 1351 2535 1404 hoc
2567 1348 2686 1403 loco
2729 1349 2831 1402 sibi
2867 1351 2998 1404 vult.
3043 1348 3222 1405 Unum
3274 1351 3425 1406 cnim
3469 1354 3673 1421 princi-

2092 1441 2237 1512 pium
2265 1450 2349 1496 est
2375 1451 2601 1496 sanctus
2633 1440 2892 1511 Spiritus,
2938 1439 3099 1496 Pater
3129 1452 3186 1496 et
3231 1441 3442 1508 Filius;
3491 1454 3547 1498 et
3577 1463 3672 1500 ne-

2089 1549 2196 1603 que
2238 1533 2407 1588 Filius
2437 1534 2554 1589 sine
2587 1534 2772 1597 Patre,
2806 1548 2981 1604 iusque
3018 1535 3135 1590 sine
3165 1533 3301 1588 Filio
3331 1535 3518 1589 Pater.
3550 1535 3668 1593 Non

2089 1627 2231 1680 enim
2260 1637 2406 1682 esset
2439 1628 2739 1694 procedens
2765 1625 3000 1696 Spiritus
3029 1635 3251 1682 sanctus
3277 1642 3293 1693 ;
3324 1629 3449 1696 quia
3487 1640 3666 1682 tamen

2089 1717 2256 1776 Pater
2281 1721 2399 1776 sine
2431 1737 2592 1776 causa
2629 1729 2730 1785 est,
2762 1721 2861 1790 ipsi
2893 1735 3071 1776 causa:
3113 1735 3312 1776 nomen
3360 1733 3666 1791 separatum

2091 1821 2194 1873 est,
2224 1827 2343 1879 qua:
2376 1827 2537 1867 causa
2569 1813 2635 1866 ad
2681 1810 2939 1880 Spiritum
2969 1823 3220 1869 sanctum
3251 1813 3442 1880 relata,
3468 1814 3668 1870 Filium

2087 1917 2306 1971 quoque
2351 1904 2790 1973 comprehendit,
2844 1903 2968 1973 quia
3021 1919 3116 1972 per
3171 1905 3367 1960 Filium
3401 1906 3668 1976 procedit.

2054 1989 2222 2045 ‘Nam
2276 2009 2339 2046 cx
2382 1992 2542 2049 Patre
2591 1995 2908 2064 procedere,
2953 1994 3205 2053 doctores
3261 2012 3358 2064 pro
3411 2013 3476 2052 eo
3512 2014 3668 2053 accc-

2092 2093 2310 2150 perunt,
2374 2087 2514 2154 quod
2577 2094 2660 2141 est
2713 2098 2777 2140 ex
2844 2084 3006 2142 Patre
3061 2101 3159 2156 per
3218 2086 3412 2142 Filium
3477 2103 3669 2159 procc-

2092 2174 2240 2228 dere.

2163 2312 2256 2369 Sic
2303 2313 2511 2382 itaque,
2564 2323 2618 2369 et
2667 2329 2797 2384 quia
2838 2317 2889 2370 in
2934 2315 3197 2386 praedicta
3230 2317 3460 2386 cpistola
3498 2317 3672 2386 posita

2091 2415 2238 2470 sunt,
2276 2406 2494 2460 veritati
2552 2415 2606 2460 et
2660 2407 2760 2462 sibi
2818 2406 2922 2477 ipsi
2973 2410 3301 2475 concinnat;
3358 2417 3410 2464 et
3470 2425 3589 2478 qua:
3641 2425 3670 2462 a

2099 2506 2292 2551 sancto
2339 2495 2546 2567 Cyriilo
2602 2496 2921 2569 Latinisque
2969 2501 3284 2556 doctoribus
3340 2501 3409 2557 de
3466 2503 3673 2572 Spiritu

2091 2597 2283 2642 Sancto
2329 2587 2474 2641 dicta
2525 2597 2674 2654 sunt,
2736 2591 3098 2660 interroganti
3161 2603 3352 2646 sancto
3413 2593 3669 2658 sthno,

2097 2679 2331 2734 Romani
2367 2681 2760 2752 allegaverunt.
2795 2683 3127 2753 impossibile
3156 2700 3388 2755 namque
3411 2696 3512 2754 est,
3560 2703 3674 2741 ma-

2095 2773 2298 2842 gistros
2353 2765 2649 2850 Ecclesiae,_
2679 2791 2746 2830 ex
2805 2776 2942 2832 Filio
2994 2791 3118 2833 esse
3165 2787 3327 2848 atque
3375 2781 3672 2850 procedere

2097 2866 2359 2936 Spiritum
2401 2867 2608 2933 dicere,
2633 2847 2712 2922 ἐι
2757 2883 2944 2925 rursus
2989 2885 3086 2940 per
3119 2870 3313 2926 Filium
3356 2887 3478 2928 esse
3510 2885 3675 2943 atque

2095 2957 2418 3026 procedere,
2453 2958 2654 3014 deinde
2707 2969 2938 3014 causam
2981 2976 3010 3015 a
3067 2961 3205 3017 Filio
3257 2962 3505 3030 auferre;
3564 2966 3666 3021 hoc

2096 3048 2239 3101 enim
2296 3059 2381 3103 est
2417 3058 2601 3118 aperta
2653 3052 3035 3120 contradictio,
3064 3063 3410 3126 constatque,
3452 3059 3578 3126 quia
3615 3070 3670 3112 et

2098 3140 2197 3209 ipsi
2226 3142 2690 3208 contradicentes,
2714 3145 2858 3214 quod
2883 3146 3081 3201 dicitur
3105 3163 3170 3202 ex
3201 3147 3336 3204 Filio
3359 3152 3672 3219 procedere.

2100 3241 2160 3287 ut
2187 3248 2296 3303 quo
2329 3233 2491 3291 causa
2516 3237 2875 3306 signiﬁcetur,
2912 3255 3016 3293 non
3053 3240 3378 3310 suscipiunt.
3418 3241 3499 3296 Ex
3515 3245 3671 3298 enim

2099 3325 2433 3394 praepositio,
2470 3336 2524 3382 et
2561 3329 2798 3382 maxime
2830 3327 2883 3382 in
2925 3328 3121 3383 divinis
3150 3331 3422 3400 personis,
3451 3346 3673 3400 procos-

2099 3431 2220 3472 sum
2265 3433 2386 3472 cum
2429 3433 2598 3473 causa
2628 3421 3009 3488 commendat;
3040 3430 3093 3476 et
3125 3437 3235 3490 per,
3271 3431 3479 3478 tantum
3510 3425 3672 3488 valet.

2099 3524 2205 3563 non
2245 3509 2420 3564 solum
2457 3512 2606 3581 quia,
2663 3521 2719 3565 ut
2765 3511 2969 3566 dictum
3023 3521 3131 3580 est,
3186 3514 3240 3568 in
3289 3514 3488 3570 divinis
3531 3516 3673 3572 idem

2100 3601 2244 3657 valet
2279 3604 2422 3672 quod
2445 3620 2529 3672 ex,
2553 3605 2648 3659 sed
2673 3605 2796 3674 quia
2834 3605 2998 3660 etiam
3037 3621 3150 3673 per
3175 3621 3235 3662 se
3257 3607 3430 3676 ipsam
3467 3608 3519 3662 in
3549 3597 3676 3679 qui-

2099 3694 2203 3750 bus
2236 3697 2562 3758 assumitur,
2595 3698 2797 3765 ubique
2851 3712 3071 3752 causam
3110 3699 3345 3768 indicat;
3391 3701 3504 3756 sive
3528 3703 3673 3757 enim

2100 3803 2200 3860 per
2226 3789 2676 3857 instrumentum,
2712 3801 2771 3846 ut
2809 3807 2906 3863 per
2936 3808 3179 3859 causam,
3209 3795 3292 3850 vel
3330 3809 3509 3850 causm
3541 3811 3674 3851 con-

2099 3881 2329 3937 sortium
2361 3875 2617 3950 dicimus,
2651 3884 2766 3939 sive
2811 3900 2908 3954 per
2941 3885 3156 3952 locum;
3193 3887 3317 3956 quia
3351 3902 3513 3944 causa
3563 3903 3677 3944 mo-

2101 3979 2188 4027 tus
2240 3982 2325 4028 cst
2373 3973 2560 4040 locus,
2617 3982 2671 4029 et
2721 3985 2901 4031 motus
2947 3977 3126 4032 omnis
3175 3979 3228 4032 in
3284 3979 3675 4050 magnitudine,

2102 4071 2265 4133 atque
2295 4063 2555 4119 distantia
2584 4082 2600 4133 ;
2652 4067 2993 4122 similitermt
3043 4082 3138 4136 per
3161 4084 3383 4124 causam
3418 4071 3674 4135 dicimus,

2100 4154 2215 4207 sive
2251 4167 2349 4223 per
2375 4164 2588 4224 tempus
2619 4155 2805 4210 itidem
2851 4164 3090 4226 (tempus
3119 4160 3263 4213 enim
3293 4161 3459 4214 motui
3499 4161 3673 4231 pluri-

2100 4259 2248 4299 mum
2299 4245 2564 4317 confert);
2626 4248 2742 4301 sive
2800 4249 2854 4302 in
2911 4248 3245 4318 sy|l0gismis
3275 4259 3516 4306 extrema
3581 4267 3676 4319 per
3741 4263 3748 4268 '

2101 4336 2340 4393 medium
2363 4339 2611 4395 connecti
2638 4339 2902 4408 dicimus;
2935 4351 3153 4397 constat
3179 4343 3302 4412 quia
3330 4359 3424 4414 per
3445 4345 3675 4399 mediam

2100 4445 2342 4496 causam,
2373 4431 2670 4487 secundum
2696 4433 2864 4487 animi
2905 4441 3100 4501 totum,
3133 4435 3250 4489 sive
3287 4436 3676 4506 transgressio-

2101 4541 2221 4580 nem
2251 4525 2540 4595 contingit.

2171 4661 2402 4716 Prorsus
2457 4675 2584 4714 vero
2618 4659 2876 4729 possibile
2917 4672 3024 4717 non
3059 4668 3145 4718 est
3181 4673 3242 4716 ut
3272 4678 3395 4716 cunt
3444 4663 3678 4718 dicimus

2099 4770 2213 4824 per,
2247 4769 2351 4808 non
2409 4751 2572 4806 etiam
2627 4752 2865 4820 aliquam
2920 4768 3140 4808 causam
3192 4769 3299 4809 una
3333 4754 3673 4825 cogitemus;

2101 4844 2357 4914 quoniam
2408 4843 2574 4912 igitur
2613 4858 2708 4912 per
2745 4843 2939 4898 Filium
2999 4844 3218 4914 prodire
3271 4860 3336 4900 ac
3383 4827 3678 4916 procedere

2099 4937 2300 4992 dicitur
2329 4935 2564 5006 Spiritus
2590 4947 2832 5002 sanctus,
2869 4952 3086 4991 causam
3119 4937 3364 5007 proiecto
3396 4949 3452 4993 et
3482 4936 3676 4993 Filium

2101 5044 2223 5087 esse
2262 5029 2576 5086 necessario
2609 5029 2768 5085 datur
2797 5031 3049 5100 intelligi.
3078 5029 3147 5086 Et
3178 5032 3342 5086 simul
3372 5039 3588 5088 constat
3620 5041 3679 5085 ut

2103 5123 2515 5180 substantialem
2541 5137 2798 5192 causam;
2832 5124 3034 5194 quippe
3058 5123 3255 5179 abillis
3275 5134 3675 5190 consummata,

2103 5224 2157 5269 et
2193 5211 2510 5282 plenissima
2570 5209 2921 5281 perfectione,
2967 5227 3290 5282 sutnmaque
3342 5215 3408 5267 ad
3461 5213 3676 5268 Patrem

2101 5301 2428 5373 aequalitate,
2463 5303 2577 5357 sive
2627 5302 2834 5358 unitate
2887 5302 3199 5370 longissime
3255 5300 3534 5357 remotum
3571 5319 3676 5369 esr,

2105 5395 2300 5449 Filium
2337 5394 2755 5450 instrumentum
2792 5410 3012 5463 ponere,
3040 5409 3136 5450 seu
3170 5394 3370 5461 locum,
3401 5411 3498 5452 seu
3536 5378 3679 5452 tem-

2105 5500 2224 5554 pus,
2259 5493 2351 5539 aut
2404 5483 2639 5554 aliquam
2683 5483 3082 5555 imperfectam,
3132 5492 3187 5537 et
3222 5483 3452 5540 alterius
3489 5467 3680 5542 essen-

2108 5579 2194 5633 tite
2227 5591 2481 5643 causam;
2519 5576 2563 5632 si
2613 5577 2758 5632 enim
2806 5576 2859 5630 in
2892 5569 3182 5640 creaturis,
3224 5592 3386 5632 unam
3435 5593 3677 5642 causam,

2106 5684 2268 5723 unum
2301 5678 2627 5733 creatorem,
2668 5684 2833 5723 unum
2891 5669 3130 5734 Patrem,
3162 5677 3221 5722 et
3279 5669 3474 5724 Filium
3529 5686 3679 5725 cont-

2109 5759 2323 5815 tnrndat
2376 5776 2488 5828 per,
2535 5760 2707 5817 multo
2753 5775 2884 5817 sane
2921 5761 3088 5831 magis
3143 5762 3196 5820 in
3227 5762 3678 5818 consubstantiali
