3996 6222
270 356 369 422 165

1207 349 1602 410 ADVERSUS
1636 349 1951 409 GlL’ECOS
1988 351 2134 410 ΗΒ.
2184 349 2296 408 111.

3423 355 3524 418 166

263 477 342 528 eis
372 472 581 541 Spiritu
631 483 817 524 sancto
858 485 1020 522 unam
1069 484 1305 529 causam,
1334 481 1607 536 unumque
1641 466 1838 534 princi-
1868 471 1912 528 Α
1943 469 2043 522 ista
2079 469 2435 523 distributio:
2475 474 2524 523 in
2566 472 2724 527 Patre
2758 471 2999 541 quidem,
3034 485 3128 539 per
3152 468 3251 522 ista
3306 485 3523 524 causam

268 565 434 634 pium,
487 560 699 614 Patrem
742 574 793 612 ct
834 556 1034 624 Filium
1073 561 1435 612 connncntlat.

333 657 565 725 Magnus
633 665 893 722 prmterca
968 653 1196 706 Basilius
1262 653 1326 704 ad
1391 649 1832 719 Amphilochium

265 746 537 806 scribens,
564 759 688 812 cap.
722 739 775 806 8,
812 743 890 796 sic
914 744 1026 796 ait:
1073 731 1223 806 Quod
1267 757 1358 810 per
1409 738 1609 794 Filium
1655 755 1834 793 creare

273 835 434 890 Pater
456 836 677 898 dicitur,
713 852 873 903 neque
906 835 1264 903 imperfectam
1313 833 1638 886 commendat
1686 847 1833 884 crea-

265 928 455 981 tionem
486 924 707 989 Patris;
751 938 911 992 neque
936 922 1218 979 invalidam
1255 921 1384 977 Filii
1415 924 1738 996 efficientiam
1763 922 1839 974 si-

265 1031 426 1088 gnat;
527 1021 618 1071 sed
687 1019 1047 1070 nititissimam
1110 1015 1440 1070 commendat
1476 1013 1836 1088 _voluntatem.

263 1112 447 1179 Itaque
487 1125 590 1162 vos
650 1109 776 1171 iStn,
836 1125 930 1176 per
985 1105 1208 1169 Filium,
1264 1121 1442 1160 causa:
1503 1115 1629 1160 ante
1680 1119 1838 1158 omne

260 1203 618 1272 principium,
651 1200 1048 1256 confessionem
1090 1197 1285 1261 habet;
1344 1190 1452 1251 noxi
1485 1196 1537 1250 in
1575 1195 1837 1265 praedica-

265 1305 448 1346 ntento
478 1307 664 1348 causa
694 1291 1080 1346 conditionalis
1127 1288 1448 1344 assumitur.
1480 1283 1636 1340 Patet
1673 1287 1840 1357 igitur

262 1391 408 1456 quod
469 1389 528 1440 in
586 1387 856 1441 creaturis
885 1383 1102 1454 quidem
1149 1400 1264 1452 per,
1301 1381 1644 1436 commendat
1678 1379 1833 1432 unio-

262 1496 383 1534 nem
416 1479 756 1542 voluntatis;
797 1476 851 1531 in
883 1484 1078 1545 sancto
1115 1485 1296 1529 autem
1343 1472 1550 1542 Spiritu
1582 1471 1836 1524 unionem

264 1571 442 1623 Patris
477 1579 536 1623 et
563 1566 711 1631 Filii,
747 1567 1044 1622 secundum
1083 1561 1494 1620 substantialem
1523 1570 1836 1630 processum

262 1661 440 1717 sancti
470 1660 713 1729 Spiritus
746 1661 1012 1720 insinuat,
1050 1656 1346 1710 secundum
1384 1666 1543 1723 quem
1577 1635 1654 1706 ex‘
1678 1648 1839 1704 Patre

267 1768 362 1819 per
394 1745 601 1804 Filium
654 1748 872 1819 prodire
911 1759 974 1802 ac
1014 1751 1309 1813 procedere
1356 1745 1639 1804 asset-itur,
1672 1750 1726 1794 et
1774 1753 1839 1793 ex

267 1817 428 1898 Patre
464 1857 536 1897 ac
563 1817 699 1896 Filio
734 1841 1047 1910 procedere.
1086 1835 1340 1890 Pluribus
1369 1833 1536 1903 igitur
1568 1845 1634 1887 ex
1667 1831 1838 1900 parti-
1875 1817 1914 1873 Β

269 1938 371 1990 bus
399 1933 716 1989 ostenditur
742 1928 959 1985 Patrem
986 1937 1040 1983 et
1071 1927 1262 1982 Filium
1296 1939 1460 1981 unum
1499 1938 1617 1978 esse
1639 1923 1839 1991 princi-

265 2031 442 2097 pium,
500 2039 772 2096 unamque
819 2037 1040 2079 causam
1090 2020 1323 2091 Spiritus
1372 2017 1547 2074 sancti
1589 2015 1843 2070 :dictutn

262 2131 344 2178 est
374 2133 564 2173 tamen
595 2117 870 2172 Romanos
916 2111 1110 2170 Filium
1163 2125 1268 2166 non
1313 2107 1837 2178 causant.Spiritus.

266 2227 495 2287 propter
528 2225 593 2270 ea
624 2226 747 2284 quae
791 2211 1049 2282 prndicta
1089 2215 1240 2272 Sunt,
1273 2207 1470 2260 facere.
1501 2201 1723 2258 Constat
1746 2217 1844 2253 an.

264 2319 377 2362 tetn
425 2323 494 2361 ex
547 2304 656 2369 bis,
699 2315 754 2358 et
802 2302 930 2372 quia
965 2314 1030 2356 ex
1082 2299 1218 2355 Filio
1249 2295 1545 2365 procedere
1577 2293 1844 2362 Spiritum

266 2404 523 2451 sanctum
549 2407 659 2448 non
693 2392 800 2447 ulla
829 2391 1048 2445 novitas
1075 2396 1180 2454 est,
1209 2400 1387 2456 neque
1423 2394 1563 2438 nova
1590 2379 1843 2448 adjectio,

272 2500 333 2540 ut
385 2487 619 2555 quidam
676 2491 1007 2538 asseverant.
1040 2478 1176 2533 Nam
1215 2488 1267 2532 et
1313 2475 1646 2544 temporibus
1675 2472 1845 2527 sancti

270 2575 498 2632 Maximi
530 2592 557 2629 a
598 2573 811 2629 Latinis
839 2573 915 2628 ita
957 2571 1283 2642 legebatur:
1327 2567 1408 2621 Ad
1454 2581 1604 2638 quem
1637 2572 1847 2618 sancto-

267 2685 390 2724 rem
416 2669 794 2738 allegationes,
816 2675 871 2720 ut
896 2665 1012 2736 ipse
1033 2665 1129 2728 ait,
1155 2663 1278 2717 huic
1298 2660 1570 2717 sententia:
1589 2671 1849 2728 congruas

263 2761 635 2830 prorulerunt.

341 2855 550 2910 Paucis
575 2867 704 2906 vero
737 2847 1090 2920 interpositis,
1125 2846 1177 2902 in
1207 2844 1394 2900 eadem
1423 2841 1674 2910 epistola,
1711 2835 1848 2895 idem

267 2958 499 3004 sanctus
548 2943 768 3012 adjecit,
809 2938 1138 2996 concludens
1179 2953 1194 2992 :
1245 2933 1513 2990 Remanos
1544 2930 1715 2987 deliis
1744 2931 1853 2984 sine

270 3044 488 3097 ratione
527 3038 756 3106 culpari.
793 3034 990 3104 Liquet
1023 3031 1209 3104 igitur,
1245 3039 1298 3084 et
1318 3029 1493 3098 ipsum
1532 3025 1850 3096 approbare,

1941 562 2140 631 signari
2175 565 2372 623 dicere,
2410 563 2460 616 in
2495 563 2627 617 Filin
2673 573 2850 618 autem
2879 563 3017 616 hanc
3068 578 3171 616 non
3199 561 3313 614 ita?

2013 657 2082 710 At
2111 656 2156 709 si
2179 671 2241 709 ex
2276 655 2409 710 Filio
2466 658 2760 724 procedere
2808 653 3434 710 consubstantialitatem
3467 664 3526 706 et

1942 745 2034 802 hic
2066 745 2360 816 signiﬁcari
2405 746 2616 811 dicunt,
2672 761 2863 816 nempe
2907 747 3047 800 sicut
3097 743 3330 814 Spiritus
3377 742 3528 796 Patri
3586 742 3608 755 “

1941 839 2416 893 consultstantialis
2456 849 2560 900 est,
2587 840 2712 906 quia
2746 838 2990 906 procedit
3043 851 3105 890 ex
3151 836 3330 898 Patre,
3367 837 3438 887 ita
3469 846 3523 887 ct

1943 923 2080 980 Filio
2109 926 2586 980 consubstantialis
2613 935 2715 993 est,
2764 927 2890 995 quia
2939 925 3184 994 procedit
3245 939 3307 978 ex
3351 925 3527 990 Filio;

1945 1033 2070 1071 nam
2104 1026 2157 1070 et
2184 1015 2352 1070 Filius
2383 1017 2860 1072 consubstantialis
2889 1028 2973 1071 est
3023 1015 3200 1081 Patri,
3266 1017 3520 1085 quoniam

1944 1121 2011 1162 ex
2042 1108 2159 1176 ipso
2211 1118 2314 1169 cst,
2381 1109 2646 1174 siquidem
2699 1120 2830 1161 Vera
2892 1108 3243 1177 prosequitur
3296 1122 3525 1175 magnus

1947 1196 2179 1252 Basilius
2205 1198 2425 1251 dicens:
2468 1195 2635 1251 Porro
2669 1197 2907 1252 essentiw
2953 1197 3224 1264 identitas,
3277 1200 3399 1268 quia
3445 1207 3522 1250 est

1945 1304 2010 1343 ex
2034 1288 2192 1342 Patre
2241 1287 2433 1342 Filius.

2017 1381 2318 1433 Attestatur
2363 1378 2444 1432 his
2503 1387 2557 1433 et
2611 1377 2844 1450 Cyrillus
2903 1377 3284 1432 beatissimus:
3354 1374 3521 1429 Nasci

1945 1473 2104 1534 enim,
2131 1471 2327 1538 inquit,
2363 1486 2427 1522 ex
2458 1469 2619 1523 Patre
2646 1484 2736 1538 per
2757 1466 2978 1530 Filium,
2999 1468 3186 1520 invitos
3220 1483 3309 1518 nos
3339 1468 3522 1532 etiam,

1947 1579 2008 1615 ac
2039 1561 2313 1616 renitentes
2344 1571 2509 1629 coget,
2542 1559 2621 1612 illi
2642 1557 3242 1612 consubstantialitatem
3275 1555 3511 1608 reddere.

1946 1653 2052 1708 Sed
2087 1663 2140 1707 et
2183 1653 2326 1723 quod
2359 1665 2454 1721 per
2493 1652 2640 1704 illuttt
2663 1651 2880 1720 prodire
2921 1647 3142 1711 dicitur,
3183 1659 3522 1714 nequaquam

1947 1745 2195 1799 essentne
2247 1743 2702 1810 coujunctionem,
2741 1739 3343 1808 immutabilitatemque
3377 1749 3525 1791 cont-

1945 1835 2249 1898 mendaret,
2284 1833 2384 1887 nisi
2410 1850 2505 1903 per
2529 1832 2722 1886 Filium
2773 1832 2976 1886 habere
2998 1830 3356 1885 substantiam
3380 1829 3530 1897 quod

1944 1926 2283 1996 procederet,
2309 1930 2864 1994 praasuppunerelur;
2904 1937 3026 1974 nam
3052 1921 3192 1989 quod
3227 1921 3298 1975 ita
3349 1917 3526 1989 prodit

1947 2017 2256 2073 necessario
2289 2017 2451 2072 etiam
2513 2013 2974 2069 consubstantiale
3006 2021 3110 2076 est,
3154 2011 3421 2078 siquidem
3468 2017 3524 2063 et

1945 2109 2000 2164 in
2033 2111 2151 2164 loco
2185 2125 2350 2164 verax
2379 2118 2461 2163 est
2489 2119 2712 2163 sanctus
2743 2107 3005 2160 Maximus
3033 2106 3255 2159 dicens:
3287 2102 3524 2172 Spiritus

1950 2209 2175 2254 sanctus
2225 2199 2382 2252 sicuti
2412 2196 2739 2252 naturaliter
2775 2196 3069 2251 secundum
3120 2195 3406 2250 essentiam
3431 2191 3532 2245 Dei

1947 2301 2002 2347 et
2048 2291 2229 2346 Patris
2262 2300 2366 2349 est.
2394 2289 2465 2342 ita
2497 2298 2548 2342 et
2581 2287 2699 2343 Filii
2731 2287 3030 2342 secundum
3066 2287 3366 2341 essentiam
3417 2295 3524 2346 est,

1949 2384 2130 2454 utqui
2166 2395 2232 2438 ex
2278 2383 2438 2436 Patre
2481 2381 2850 2436 csseutialiter
2886 2395 2982 2448 per
3036 2378 3232 2432 Filium
3284 2379 3524 2448 genitum

1901 2472 1903 2475 ’
1951 2473 2294 2548 ἰιιθῧξαὺίιὶιετ
2323 2474 2618 2543 procedat;
2653 2479 2874 2540 promer
2911 2471 3016 2526 hoc
3063 2470 3230 2538 igitur
3292 2469 3529 2522 consub-

1950 2563 2218 2620 stantialis
2245 2572 2324 2619 est
2353 2561 2510 2627 Filio,
2531 2561 2658 2632 quia
2681 2576 2778 2632 per
2804 2560 2947 2613 illum
2979 2560 3217 2629 procedit
3242 2572 3304 2611 ex
3329 2557 3530 2621 Patre;

1953 2657 2051 2710 hoc
2078 2666 2256 2709 autem
2289 2655 2429 2709 idem
2457 2668 2576 2708 esse
2609 2653 2749 2722 quod
2791 2665 2852 2706 ex
2894 2650 3030 2704 Filio
3069 2650 3376 2720 procedere,
3405 2647 3520 2716 pitt-

1955 2749 2106 2800 rimis
2133 2760 2195 2799 οι
2229 2743 2361 2800 locis
2399 2743 2828 2798 demonstratum
2879 2751 2985 2795 est.

2023 2837 2312 2892 Enimvero
2342 2837 2515 2890 multo
2546 2833 2856 2888 minusillis
2922 2831 3139 2886 confert
3194 2829 3286 2884 illa
3346 2827 3537 2883 Basilii

1954 2930 2243 2995 sententia,
2309 2943 2467 2997 quam
2530 2936 2590 2981 ut
2670 2939 2882 2980 murum
2957 2923 3420 2992 inexpugnabilem
3477 2922 3531 2974 in

1956 3023 2070 3076 suis
2094 3019 2546 3090 disputationibus
2597 3027 2935 3088 prarponunt.
2969 3015 3058 3070 Ait
3099 3016 3328 3084 denique
3390 3029 3521 3068 san-

270 3141 420 3206 quod
446 3134 674 3196 dicitur,
713 3127 972 3199 Spiritum
1002 3136 1247 3179 sanctum
1279 3137 1343 3176 ex
1384 3119 1517 3174 Filio
1544 3116 1853 3189 procedere,
1881 3157 1926 3220 Ο
1957 3124 2076 3168 ctus
2105 3113 2224 3168 vir:
2262 3107 2437 3180 Gignit
2474 3107 2655 3174 Deus;
2675 3125 2775 3162 non
2813 3119 2866 3161 ut
2897 3106 3084 3170 homo;
3115 3108 3280 3177 gignit
3341 3116 3513 3158 autem

1164 3216 1175 3220 -
1498 3214 1509 3220 -
1618 3211 1632 3220 .
1820 3217 1827 3220 .
2274 3204 2288 3220 ι
2495 3213 2525 3220 .,
2574 3219 2577 3220 ,
2693 3211 2704 3220 .
2754 3217 2802 3220 ,_
2845 3217 2885 3220 Α,
2947 3199 3144 3220 --.ΑιμΑμ
3198 3214 3297 3220 ..-μ
3357 3197 3507 3220 1.-.-μ...

269 3244 487 3298 eosque
515 3225 604 3294 qui
642 3225 716 3276 ita
747 3221 1014 3282 dicereut,
1055 3216 1298 3282 laudare,
1337 3222 1390 3268 et
1421 3214 1512 3282 qui
1547 3211 1855 3280 culparent,

273 3295 632 3374 insimulare.
693 3313 885 3368 Essent
941 3319 1120 3364 autem
1177 3317 1313 3363 sane
1372 3295 1719 3372 ineptis-siuti,
1767 3302 1857 3370 qui

277 3423 512 3481 propter
541 3409 595 3463 id
628 3409 774 3477 quod
801 3404 1007 3459 dictum
1033 3412 1113 3456 est
1147 3419 1159 3454 ε
1194 3399 1276 3453 Ea:
1311 3397 1455 3451 Filio
1480 3412 1581 3449 non
1610 3395 1857 3454 dicimus,

273 3518 510 3557 causam
543 3498 722 3555 Sancti
761 3495 998 3566 Spiritus
1037 3505 1066 3547 a
1114 3491 1250 3560 Filio
1283 3489 1506 3545 omnino
1533 3487 1858 3547 auferentes,

276 3611 344 3648 ex
396 3605 464 3645 eo
499 3589 646 3658 quod
681 3585 946 3640 asseritur
971 3595 1035 3640 es
1077 3581 1192 3650 ipso
1222 3578 1537 3650 procedere,
1571 3577 1708 3629 hanc
1756 3589 1860 3627 non

277 3685 358 3739 nn
413 3679 674 3744 reddunt,
723 3690 845 3731 cum
897 3678 1034 3730 hanc
1073 3669 1440 3743 processionis
1469 3667 1757 3724 dictionem
1809 3675 1864 3720 et

280 3778 386 3846 ipsi
413 3773 663 3843 Spiritus
702 3767 872 3824 Sancti
920 3764 1284 3820 substantiam
1322 3754 1703 3815 commendare
1735 3753 1865 3810 dell-

278 3871 458 3922 aiant.
509 3866 589 3919 Ex
639 3864 743 3918 hoc
770 3859 915 3915 enim
947 3855 1325 3912 rationabilius
1361 3852 1437 3907 illi
1488 3863 1710 3906 causam
1746 3847 1866 3902 red-

278 3964 433 4022 dent,
466 3971 637 4028 quam
671 3965 770 4024 per
798 3951 928 4007 illud
963 3949 1230 4003 auferent.

351 4047 494 4102 Nam
522 4047 570 4102 si
611 4057 676 4099 ex
704 4038 862 4096 Patre
908 4039 1229 4108 procedere,
1288 4034 1430 4106 quod
1461 4033 1687 4096 dicitur,
1735 4045 1863 4086 cau-

283 4157 401 4198 sam
429 4136 824 4195 commendare
846 4110 1192 4193 coulltﬁttur,
1251 4125 1521 4200 quomodo
1541 4139 1650 4180 non
1701 4122 1864 4177 etiam

282 4237 511 4296 Citium,
542 4237 710 4282 unam
738 4235 862 4279 cum
902 4221 1066 4276 Patre
1108 4233 1328 4274 causam
1390 4215 1563 4272 sancti
1627 4214 1867 4286 Spiritus

282 4327 554 4388 fatentur,
590 4332 715 4375 cum
751 4315 993 4379 audiant,
1027 4315 1203 4383 ipsum
1266 4309 1429 4363 etiam
1458 4323 1523 4363 ex
1577 4305 1714 4362 Filio
1745 4319 1869 4376 pro-

281 4417 525 4474 cedere?
559 4413 676 4468 lmo
707 4421 856 4471 vero,
907 4405 1181 4477 quamodo
1231 4406 1297 4459 ad
1329 4417 1424 4457 eos
1475 4399 1722 4471 quidem,
1778 4399 1867 4467 qni

1964 3222 2116 3273 vere;
2138 3204 2386 3275 quodque
2418 3213 2600 3266 natum
2632 3211 2704 3256 est
2740 3217 2804 3255 ea:
2833 3217 2913 3266 eo,
2945 3199 3146 3252 rerbum
3195 3214 3298 3252 non
3350 3196 3536 3249 hama-'-

1962 3317 2084 3355 num
2105 3300 2368 3368 exprimit.
2406 3279 2606 3350 Premit
2640 3305 2812 3348 autem
2846 3285 3068 3348 Verbum
3097 3307 3270 3346 verum
3295 3305 3359 3344 ex
3385 3291 3537 3358 ipso;

1962 3392 2153 3446 emittit
2181 3387 2435 3455 Spiritum
2473 3403 2564 3457 per
2611 3403 2693 3449 os,
2755 3402 2858 3439 non
2915 3396 2970 3437 ut
3023 3388 3338 3443 humanum,
3401 3383 3527 3450 quia

1963 3495 2124 3546 neque
2151 3477 2242 3532 Dei
2268 3495 2324 3532 os
2351 3476 2694 3538 corporaliter
2720 3484 2815 3529 est.
2842 3470 2924 3526 Ex
2942 3475 3056 3542 ipso
3080 3483 3253 3526 autem
3280 3469 3537 3540 Spiritus,

1965 3588 2066 3625 non
2093 3571 2305 3623 aliunde
2326 3577 2420 3622 est.
2477 3566 2715 3622 Primum
2743 3567 2794 3619 iu
2859 3565 2945 3619 bis
2992 3575 3180 3618 notare
3239 3565 3534 3626 convenit,

1965 3664 2087 3736 quia
2116 3676 2368 3732 promere,
2399 3659 2455 3714 itt
2493 3657 2614 3711 Filii
2641 3655 2968 3719 substantia,
3032 3661 3253 3709 sanctus
3305 3653 3535 3720 accepit.

2037 3752 2168 3808 Nam
2204 3753 2269 3807 de
2300 3748 2752 3806 substantialibus
2813 3745 3154 3816 processibus
3180 3745 3282 3800 hoc
3309 3745 3360 3798 in
3419 3744 3541 3798 loco

1965 3845 2040 3902 illi
2075 3858 2254 3902 sermo
2291 3851 2407 3907 est;
2436 3842 2578 3897 sicut
2601 3850 2652 3893 et
2679 3837 2961 3908 theologus
2987 3835 3281 3906 Gregorius
3309 3851 3532 3890 etnaaa-

1969 3943 2168 3993 tinnetn
2201 3929 2580 4002 sempiternam
2602 3927 2959 3985 substantiam
2986 3926 3148 3982 dixit.
3182 3926 3249 3981 Et
3281 3925 3544 3996 quoniam

1968 4032 2086 4083 dua:
2113 4038 2464 4098 personarum
2494 4021 2809 4078 substantiae
2842 4027 2986 4082 sunt,
3013 4017 3353 4087 invicemque
3379 4015 3530 4071 diﬂ'e-

1973 4129 2171 4185 rentes,
2205 4119 2345 4173 idem
2375 4117 2624 4186 protinus
2682 4111 2916 4181 adjecit:
2959 4111 3326 4165 Emanationis
3385 4109 3547 4178 di/I‘e-

1970 4214 2136 4266 rentia
2166 4211 2490 4279 di/[erentem
2513 4207 2668 4261 etiam
2692 4204 2911 4258 illorum
2952 4201 3355 4270 appellationem
3388 4200 3536 4268 fecit,

1972 4316 2030 4359 ut
2055 4301 2262 4359 scilicet
2301 4300 2436 4354 alius
2469 4297 2684 4367 quidem
2723 4301 2864 4349 esset
2914 4291 3104 4356 Filius,
3164 4291 3301 4345 alius
3359 4299 3545 4345 autem

1972 4394 2203 4464 Spiritus
2235 4391 2480 4446 sanctus.
2534 4390 2720 4455 itaque
2773 4399 2896 4439 cutn
2968 4382 3225 4452 Spiritum
3293 4389 3540 4434 sanctum

285 4516 390 4567 hoc
427 4509 653 4566 dicunt,
675 4469 1006 4566 oderantur;
1056 4495 1261 4552 sanctis
1303 4469 1588 4548 aut'em'ita
1647 4485 1871 4545 dicentl-
1905 4493 1946 4548 ί)
1979 4496 2229 4554 promere
2263 4481 2474 4534 dicatur
2497 4475 2687 4540 Filius,
2753 4482 2830 4538 et,
2885 4473 3010 4540 quia
3061 4472 3129 4526 ab
3159 4485 3251 4567 ⁵εξο
3309 4469 3554 4537 Spiritus

285 4605 408 4664 bus,
465 4613 576 4654 non
616 4591 1031 4650 contradicunt?
1061 4587 1213 4656 Quod
1246 4585 1289 4641 si
1347 4599 1411 4640 ex
1456 4577 1594 4637 Filio
1642 4592 1762 4636 esse
1808 4593 1871 4633 ac

283 4677 616 4765 procedere,
647 4700 766 4738 cum
797 4682 1108 4737 doctoribus
1151 4676 1415 4742 ecclesiae,
1460 4685 1513 4730 et
1540 4679 1735 4728 sancto
1755 4671 1872 4725 Ma-

281 4764 462 4848 nium,
491 4794 545 4836 et
593 4776 882 4839 Romanis,
927 4775 1020 4844 qui
1057 4784 1221 4838 super
1251 4771 1355 4824 hoc
1385 4775 1701 4823 sanctorum
1727 4764 1872 4818 dicta

284 4876 666 4948 protulerunt,
703 4869 785 4922 vel
816 4865 987 4922 coacti
1026 4863 1351 4931 suscipiunt,
1378 4864 1504 4914 non
1537 4870 1716 4912 tamen
1780 4869 1874 4924 per

284 4973 651 5026 socc-ausam
720 4957 1013 5027 significari
1066 4954 1307 5009 voluntz‘
1343 4952 1580 5022 primum
1633 4947 1872 5018 quidem,

281 5077 474 5130 neque
500 5073 583 5112 ate
617 5055 872 5108 deberent
897 5051 967 5104 ad
999 5051 1140 5103 hanc
1190 5047 1478 5100 dictionem
1509 5041 1731 5099 omnino
1788 5040 1874 5095 ln-

279 5151 537 5220 dignari,
573 5148 790 5207 deinde,
828 5153 1022 5212 praeter
1049 5155 1173 5195 suas
1213 5139 1500 5209 opiniones
1529 5135 1726 5199 volent,
1774 5135 1874 5187 hoc

283 5247 476 5300 enim.
505 5254 564 5293 ut
599 5239 742 5306 quod
786 5249 1012 5290 causam
1044 5233 1162 5286 sine
1219 5231 1392 5284 medio
1459 5225 1748 5296 significet,
1788 5238 1872 5276 rc-

282 5337 510 5402 [11,;th
540 5349 556 5396 ;
587 5339 640 5382 ct
678 5343 850 5396 neque
875 5319 997 5378 cinn
1025 5340 1087 5377 ex
1137 5323 1294 5377 Patre
1325 5319 1617 5390 procedere
1659 5316 1873 5374 dicitur,

275 5440 344 5483 et
377 5438 450 5479 ex
482 5428 593 5475 lico
629 5436 769 5480 esse,
804 5429 1026 5470 causam
1081 5415 1390 5484 significare
1440 5419 1720 5479 cogentur,
1780 5405 1876 5460 di-

273 5535 453 5580 cere,
474 5524 826 5585 quaterentque
866 5509 1096 5562 alterum
1142 5505 1485 5567 vocabulum,
1545 5500 1687 5571 quod
1748 5499 1876 5552 sub-

272 5609 562 5668 stantiam
595 5603 762 5658 sancti
806 5601 1042 5668 Spiritus
1091 5595 1378 5666 signiticet,
1422 5593 1584 5660 idque
1631 5589 1879 5643 lortassis

271 5701 427 5756 erit,
457 5710 593 5756 esse,
626 5694 727 5745 hoc
751 5701 927 5743 autem
949 5688 999 5738 in
1044 5685 1242 5740 divinis
1275 5682 1519 5752 personis
1550 5681 1690 5734 idem
1741 5677 1880 5730 valet

233 5788 448 5848 "Quod
486 5785 806 5851 procedere,
847 5777 1120 5846 simulque
1169 5787 1415 5844 quamam
1482 5779 1536 5825 et
1589 5767 1729 5822 unde
1773 5765 1877 5818 erit

1979 4576 2200 4636 effulsit,
2225 4583 2284 4625 ut
2313 4571 2388 4624 ait
2416 4571 2470 4624 in
2496 4569 2748 4634 precibus
2795 4577 3020 4632 magnus
3052 4557 3301 4624 Basilius,
3368 4557 3552 4628 spncti.

1979 4665 2211 4732 Spiritus
2236 4676 2300 4714 es
2333 4657 2470 4712 Filio
2501 4651 2799 4709 substantia
2842 4647 3242 4704 evidentissime
3281 4648 3544 4714 signator.

1983 4755 2247 4813 Secundo,
2286 4747 2579 4804 notandum
2612 4743 2753 4814 quod
2786 4739 2947 4796 etiam
3003 4740 3258 4801 emittere,
3308 4739 3360 4790 in
3415 4737 3548 4788 sub-

1982 4846 2178 4900 stantia
2206 4840 2378 4895 sancti
2412 4835 2646 4906 Spiritus
2697 4833 2940 4902 accepit;
2979 4832 3077 4884 hoc
3106 4836 3282 4882 autem
3339 4825 3557 4895 superi:-

1981 4935 2168 4988 oribus
2193 4929 2459 4993 concinit;
2519 4926 2572 4979 in
2628 4924 2844 4994 quibus,
2881 4935 2909 4974 a
2947 4918 3148 4974 sanctis
3173 4917 3424 4970 Patribus
3457 4929 3555 4968 os-

1985 5037 2193 5081 tensum
2225 5031 2327 5085 est,
2361 5023 2562 5072 mittere
2593 5027 2646 5071 et
2673 5017 2830 5078 mitti,
2875 5011 3256 5081 intemporalcs
3311 5005 3433 5062 Filii
3495 5014 3551 5060 et

1983 5117 2216 5186 Spiritus
2246 5109 2572 5168 substantias
2602 5108 2902 5175 designare,
2931 5117 2992 5157 ac
3026 5102 3261 5164 mittere,
3288 5113 3504 5153 causam
3529 5113 3551 5160 ;

1987 5209 2204 5263 mittere
2241 5217 2390 5268 vero,
2424 5199 2640 5254 causale
2684 5198 2919 5266 signare.

2056 5297 2158 5354 Sed
2190 5295 2400 5357 emittit,
2435 5293 2631 5360 inquit,
2682 5287 2957 5356 Spiritum,
2988 5299 3080 5351 per
3105 5294 3194 5336 os.‘
3243 5278 3315 5336 Os
3372 5288 3558 5333 autem

1987 5390 2164 5445 Patris
2221 5386 2410 5446 Filius,
2479 5385 2546 5435 ah
2580 5380 2837 5435 Ecclesia:
2897 5375 3173 5444 magistris
3228 5373 3558 5442 exponitur;

1985 5483 2125 5536 idem
2157 5479 2319 5548 igitur
2345 5485 2426 5530 cst
2451 5474 2653 5534 dicere,
2699 5470 2947 5524 emittere
3001 5465 3258 5536 Spiritum
3309 5476 3403 5531 per
3470 5477 3557 5524 os,

1987 5583 2040 5629 et
2077 5571 2336 5638 Spiritum
2361 5584 2423 5620 ex
2448 5565 2605 5618 Patre
2663 5575 2780 5630 per.
2816 5559 3012 5614 Filium
3074 5557 3391 5626 procedere.
3442 5551 3556 5606 Hoc

1987 5673 2165 5718 autem
2232 5674 2325 5727 per
2384 5655 2577 5709 Filium
2632 5652 2833 5706 habere
2887 5649 3244 5704 substantiam
3295 5645 3553 5699 insinuat.

1989 5758 2121 5811 Nam
2154 5749 2445 5822 procedere
2483 5745 2718 5802 Verbum
2770 5742 3088 5801 substantia:
3149 5741 3290 5794 illius
3342 5735 3552 5804 signiti-
