4046 6204
428 297 526 365 167

1686 290 2089 354 MANUELIS
2127 282 2437 349 CALECIE

3591 282 3721 345 163.

421 416 656 466 cativum
693 417 800 473 est,
832 380 1156 477 constatque
1187 420 1283 474 per
1308 407 1431 471 huc,
1470 402 1610 473 quod
1668 419 1789 457 cum
1842 402 2005 457 Filius
2033 408 2079 463 Α
2108 413 2251 460 esse,
2277 398 2474 467 quippe
2506 398 2685 450 omnia
2712 411 2827 466 qum
2856 396 3015 450 habet
3065 406 3319 465 persona,
3375 381 3697 449 ceterarum

422 504 639 569 mittere
667 511 721 556 et
739 501 985 555 emittere
1008 499 1211 553 dicitur
1245 497 1529 565 Spiritum,
1556 512 1621 550 ex
1652 495 1816 557 Filio.
1843 506 2007 565 atque

424 607 520 658 per
555 593 745 645 Filium
790 591 961 644 sancti
996 590 1234 659 Spiritus
1283 589 1587 645 substantia
1639 589 2004 657 signiﬁcatur,

426 689 674 754 mittique
705 703 768 741 ex
793 702 857 741 eo
891 702 1011 740 esse
1037 685 1329 756 signiﬁcat.
1392 684 1580 739 Verum
1605 695 1651 737 et
1708 699 1773 737 ea:
1811 700 1891 745 eo,
1956 683 2008 736 id

422 792 529 840 est,
560 780 738 839 Patre,
814 776 1045 848 Spiritus
1116 787 1354 840 sanctus,
1402 778 1599 850 inquit,
1645 786 1744 840 est,
1796 786 1849 831 et
1903 792 2007 829 nou

424 869 664 925 aliunde.
696 870 897 937 Nempe
920 886 982 923 ex
1018 867 1175 923 Patre
1206 885 1328 924 esse
1359 868 1621 937 Spiritum
1650 878 1894 923 sanctum
1942 868 2009 921 ab

423 961 672 1013 omttilms
702 961 1038 1024 conceditur,
1086 976 1193 1013 non
1231 959 1451 1012 aliunde
1477 969 1654 1014 autem
1685 958 1854 1021 dixit;
1876 974 2011 1027 quo-

426 1053 568 1105 niam
607 1054 987 1107 haereticorum
1016 1050 1253 1120 plurimi,
1288 1066 1353 1104 ex
1401 1049 1579 1106 Patris
1641 1051 1875 1104 essentia
1921 1047 2011 1102 Fi-

426 1143 554 1196 lium
610 1144 905 1198 excludere
968 1143 1233 1206 volentes,
1289 1142 1435 1195 illum
1494 1156 1669 1210 neque
1708 1156 1772 1195 ex
1830 1138 2009 1195 Patris

424 1237 687 1299 essentia,
717 1250 892 1303 neque
910 1250 971 1287 ex
1002 1234 1308 1288 substantia
1338 1234 1484 1288 illius
1532 1247 1652 1287 esse
1679 1231 2007 1293 fatebantur.

406 1327 519 1395 sed
575 1341 638 1379 ex
724 1326 827 1378 alia
885 1325 1117 1393 quadam
1184 1324 1421 1378 essentia
1478 1333 1642 1392 atque
1699 1322 2007 1378 substantia

427 1418 593 1488 (quod
620 1418 942 1471 Arianorum
977 1426 1094 1479 erat
1133 1415 1489 1484 propositio);
1520 1424 1680 1482 atque
1710 1414 1760 1467 id
1791 1412 2007 1483 quidem

423 1520 636 1564 constat
668 1526 732 1562 ex
775 1509 857 1562 his
890 1523 1008 1576 quae
1046 1507 1373 1577 praedixerat
1417 1522 1647 1575 magnus
1700 1505 1860 1559 Pater
1902 1505 2007 1558 Ba-

425 1603 579 1658 silius
622 1602 673 1654 in
708 1602 971 1669 rescripto
1005 1601 1223 1654 dictata:
1254 1615 1280 1653 a
1307 1614 1366 1653 se
1400 1597 1545 1653 ﬁdei.
1574 1597 1787 1652 Iudicat
1815 1606 1999 1651 autem

426 1692 504 1757 id,
543 1693 596 1745 in
631 1691 982 1759 Expositione
1013 1706 1163 1745 χλιιι
1214 1691 1405 1761 psalmi
1465 1691 1695 1745 dicens:
1754 1688 2006 1757 Spiritus,

2112 505 2329 560 quoque
2357 488 2670 544 communia
2723 498 2875 550 sunt,
2914 488 3146 543 servatis
3177 495 3356 540 tamen
3392 485 3697 553 preprieta-

2114 582 2260 636 tibus
2299 581 2500 649 cuique
2531 594 2795 649 personae.
2830 579 2963 633 Natn
2994 594 3114 648 quae
3168 579 3367 630 adsunt
3414 577 3572 643 Filio,
3644 589 3699 633 et

2111 673 2256 727 Patri
2292 661 2521 738 adsunt,
2545 683 2763 727 servato
2798 682 2981 726 tamen
3043 671 3198 725 alteri
3252 670 3470 724 Patrem
3550 684 3695 731 esse,

2109 765 2264 820 alteri
2305 764 2527 819 Filium.
2565 765 2739 831 Unde,
2777 776 2827 819 et
2855 765 2969 833 ipse
3013 771 3232 817 sanctus
3274 761 3348 814 ait
3383 763 3434 814 in
3480 762 3575 817 lib.
3627 761 3700 815 De

2113 855 2290 912 Fide:
2332 856 2525 911 Omnia
2575 857 2740 911 Filius
2788 872 2904 908 cum
2959 856 3046 920 sit,
3095 870 3211 924 qua:
3265 864 3313 906 et
3361 851 3526 906 Pater
3598 863 3695 913 est,

2111 964 2260 1002 serva
2307 950 2436 1001 milii
2481 949 2576 1002 has
2630 949 2995 1018 proprietates.
3042 946 3266 1001 Manens
3303 947 3467 1015 igitur
3506 944 3700 1009 Filius,

2114 1042 2300 1093 omnia
2334 1049 2419 1093 est
2460 1055 2580 1109 quin
2617 1039 2801 1105 Pater,
2840 1039 2993 1108 juxta
3036 1039 3207 1106 ipsius
3246 1053 3432 1091 vocem
3488 1037 3699 1088 Domini

2111 1132 2380 1187 dicentis:
2416 1130 2632 1195 Omnia,
2664 1148 2781 1202 quia
2838 1132 2991 1185 habet
3038 1134 3221 1196 Pater,
3265 1147 3381 1183 mea
3404 1132 3576 1181 sunt".
3622 1129 3703 1183 Re

2112 1228 2291 1274 autem
2332 1236 2482 1285 vera,
2527 1212 2781 1292 imaginis
2826 1231 2953 1275 sunt
2980 1221 3162 1275 omnia
3195 1237 3314 1290 quae
3352 1221 3550 1275 adsunt
3590 1222 3700 1289 pri-

2114 1312 2310 1365 mitivae
2343 1311 2551 1367 format.
2603 1312 2840 1370 Joannes
2890 1328 3110 1383 quoque
3159 1313 3580 1383 Chrysostomus
3629 1315 3693 1368 61

2115 1402 2259 1456 hom.
2294 1418 2456 1472 super
2492 1403 2652 1460 Joan.
2694 1424 2712 1457 ‹
2756 1404 2868 1478 Ego
2892 1407 2947 1461 in
2980 1404 3167 1471 Patre,
3196 1416 3241 1458 et
3270 1404 3428 1457 Pater
3455 1404 3507 1458 in
3544 1422 3644 1458 nte.
3676 1423 3694 1455 ι

2115 1492 2267 1547 Nihil
2291 1496 2428 1549 enim
2460 1496 2609 1552 aliud
2641 1515 2756 1551 sum
2805 1515 2920 1568 ego,
2978 1514 3133 1568 quam
3181 1496 3321 1566 quod
3366 1496 3533 1549 Pater
3596 1508 3697 1560 est,

2112 1602 2329 1641 manens
2353 1585 2575 1656 Filius;
2606 1605 2769 1659 neque
2792 1590 2883 1644 ille
2915 1589 3086 1651 aliud,
3117 1604 3274 1657 quam
3316 1604 3430 1658 ego,
3484 1605 3702 1643 manens

2115 1679 2294 1733 Pater.
2324 1680 2389 1734 Et
2421 1696 2520 1750 me,
2560 1683 2606 1735 si
2631 1682 2750 1752 quis
2777 1682 3043 1751 agnoverit
3074 1680 3321 1745 Patrem,
3363 1683 3605 1750 agnovit;
3652 1691 3700 1734 et

428 1785 520 1851 qui
546 1800 609 1838 ex
646 1782 752 1836 ι)εο
775 1793 872 1848 εει,
905 1784 995 1852 qui
1035 1800 1066 1835 a
1095 1740 1260 1836 Paria
1302 1783 1553 1849 procedit,
1617 1798 1679 1836 ne
1716 1781 1863 1834 illum
1923 1798 2016 1835 ex-
2048 1740 2085 1793 B
2120 1771 2338 1827 Patrem
2361 1775 2409 1827 si
2426 1775 2717 1844 agnoverit,
2780 1773 2974 1828 Filium
3030 1774 3239 1828 didicit.
3293 1774 3384 1829 Sic
3436 1775 3595 1843 igitur
3648 1783 3705 1826 et

427 1883 629 1927 lernam
653 1873 885 1942 aliquam
920 1883 1219 1925 creaturam
1277 1888 1387 1925 esse
1438 1872 1756 1938 arbitreris;
1824 1873 1917 1926 sed
1962 1881 2014 1926 ut

425 1980 489 2018 ea:
513 1963 621 2016 Deo
657 1963 931 2016 habentem
966 1962 1325 2017 substantiam
1352 1962 1651 2033 glori/ires;
1704 1977 2013 2033 quanquam

427 2064 483 2109 et
510 2057 613 2110 hoc
633 2055 774 2124 quod
814 2055 885 2108 ait
923 2053 1157 2121 aliunde,
1188 2068 1310 2123 qua:
1340 2054 1598 2118 diximus,
1630 2054 2017 2108 commendare

429 2142 697 2210 suﬁiciat;
735 2142 884 2197 aliud
924 2144 1069 2198 enim
1128 2144 1269 2198 unde
1326 2141 1540 2196 aliunde
1594 2150 1868 2211 sumptum
1910 2150 2014 2208 est,

430 2235 482 2288 in
520 2235 678 2289 rebus
701 2233 934 2288 maxime
967 2244 1162 2288 natura
1186 2232 1564 2289 differentibus
1606 2234 1827 2289 dicitur.
1855 2232 2019 2289 Pater

430 2336 636 2390 autem,
678 2336 733 2380 et
760 2325 933 2381 Filius
986 2338 1185 2379 natura
1245 2339 1414 2379 unum
1465 2336 1625 2381 sunt:
1668 2309 1798 2396 'Ego
1854 2325 2013 2391 enim,

430 2420 625 2486 inquit,
653 2426 701 2473 et
732 2416 896 2472 Pater
918 2435 1077 2472 unum
1117 2397 1295 2472 sumus
1315 2417 1356 2472 ⁸.
1380 2418 1566 2488 Itaque
1593 2433 1699 2473 non
1731 2418 1795 2474 ad
1822 2417 2014 2473 Filium

430 2511 667 2573 intuens,
697 2519 919 2565 sanctus
952 2510 1171 2564 aliunde
1213 2510 1375 2574 dixit,
1408 2510 1502 2564 sed
1573 2510 1641 2565 ad
1710 2518 2014 2577 creaturas,

428 2611 458 2649 a
490 2597 684 2665 quibus
714 2597 862 2650 illum
892 2598 1108 2666 quidam
1142 2599 1378 2653 haeretici
1415 2599 1616 2655 habere
1645 2600 2001 2655 substantiam

427 2687 705 2742 dicebant.
747 2686 815 2743 Et
848 2688 947 2743 ista
978 2688 1142 2759 igitur
1169 2689 1462 2755 sententia,
1502 2700 1692 2746 contra
1743 2690 1863 2746 illos
1924 2707 2017 2761 po-

428 2780 538 2835 tius
565 2795 725 2850 quam
759 2795 854 2851 pro
887 2780 995 2835 illis
1021 2788 1126 2837 est.
1161 2776 1217 2835 Si
1239 2792 1427 2855 putem
1459 2790 1650 2837 contra
1671 2782 1814 2846 illos,
1847 2782 2020 2853 liquet

428 2872 555 2941 quia
587 2887 684 2942 pro
712 2873 939 2928 veritate
990 2884 1095 2941 est,
1145 2888 1209 2927 ac
1258 2890 1353 2945 per
1399 2874 1581 2930 omnia
1646 2874 2018 2944 superioribus

429 2961 690 3016 coucinit.

2119 1877 2241 1932 quae
2279 1873 2409 1917 sunt
2435 1863 2612 1919 Patris
2650 1872 2703 1919 et
2741 1864 2889 1930 Filii,
2916 1864 3225 1918 communia
3295 1873 3418 1919 sunt
3470 1864 3699 1932 Spiritui

2118 1966 2331 2022 saneto,
2370 1965 2587 2011 servata
2616 1956 2718 2029 sibi
2772 1956 3103 2025 proprietate
3124 1954 3427 2033 personali,
3454 1954 3557 2009 hoc
3592 1962 3698 2015 est.

2120 2048 2361 2102 manenti
2398 2045 2645 2116 Spiritui.
2688 2048 2860 2103 Porro
2888 2048 2939 2103 in
2972 2047 3139 2117 hujus
3189 2047 3400 2102 ratione
3458 2046 3703 2115 proprie-

2122 2137 2247 2193 tatis
2286 2146 2391 2204 est,
2424 2153 2549 2195 esse
2587 2154 2650 2195 ex
2694 2137 2859 2195 Patre
2906 2153 3005 2208 per
3062 2118 3278 2194 Filium.
3356 2137 3545 2207 Itaque
3593 2153 3699 2191 non

2114 2227 2226 2298 jam
2251 2230 2605 2297 eritSpiritus
2638 2246 2703 2286 ex
2732 2247 2792 2287 se
2813 2232 2931 2300 ipso
2958 2229 3239 2301 proferens
3271 2228 3560 2298 Spiritum,
3596 2230 3697 2285 sed

2119 2317 2283 2375 Pater
2306 2329 2361 2375 et
2396 2319 2590 2376 Filius.
2630 2321 2851 2376 Illorum
2879 2321 3023 2375 enim
3056 2329 3175 2376 erat
3203 2319 3474 2391 inspirare
3527 2321 3701 2390 Spiri-

2123 2418 2233 2463 tum
2278 2419 2596 2479 sequentem
2656 2412 2958 2480 proprium.

2190 2501 2484 2557 Enimvero
2508 2506 2652 2572 quod
2692 2505 2881 2558 aiunt:
2933 2503 3199 2574 Siquidem
3236 2522 3415 2559 verum
3454 2514 3584 2559 esset
3635 2520 3703 2558 ex

2120 2589 2255 2644 Filio
2281 2592 2563 2660 procedere
2593 2592 2848 2661 Spiritum
2907 2607 3172 2659 sanctum,
3234 2596 3506 2665 oportebat
3558 2597 3704 2649 anti-

2120 2699 2250 2752 quos
2282 2682 2495 2748 Patres,
2552 2699 2670 2737 cum
2737 2699 2835 2753 pro
2911 2685 3175 2755 Unigeniti
3234 2688 3401 2756 gloria
3450 2687 3703 2740 adversus

2121 2774 2307 2827 Arium
2358 2785 2675 2845 pugnarent,
2729 2776 2798 2831 ad
2855 2778 3330 2831 commendationm
3398 2779 3565 2848 ipsius
3631 2781 3703 2832 ad

2119 2866 2334 2923 Patrem
2388 2869 2735 2937 cequalitatis,
2797 2871 3019 2925 unitatis
3063 2869 3158 2925 hoc
3213 2872 3417 2937 dicere;
3476 2872 3524 2924 si
3564 2873 3705 2925 enim

2121 2975 2154 3011 a
2185 2958 2476 3012 minoribus
2506 2958 2605 3035 hoc
2647 2960 3019 3025 moliebantur,
3064 2960 3215 3031 longe
3262 2962 3433 3032 magis
3463 2978 3495 3014 a
3521 2961 3699 3030 majo-

504 3052 576 3108 Ex
613 3052 699 3107 his
735 3064 941 3119 autem,
974 3063 1027 3109 et
1050 3054 1175 3124 ejus
1221 3055 1351 3111 dicti
1410 3054 1606 3111 soluti"
1647 3066 1816 3129 pater,
1873 3061 2016 3128 quod
2044 3067 2092 3129 ρ
2123 3048 2263 3103 ribus
2318 3050 2373 3104 id
2404 3051 2677 3119 oportebat
2704 3052 2912 3129 facere;
2960 3052 3087 3121 quia
3128 3067 3246 3106 vero
3292 3068 3393 3106 non
3449 3052 3502 3105 id
3553 3052 3711 3105 dixe-

434 3142 908 3213 inNicenoprimo
971 3146 1206 3202 concilio
1265 3147 1333 3202 ad
1384 3147 1723 3205 haesitantem
1784 3149 2021 3220 philoso-

439 3234 605 3303 phum
662 3236 866 3290 dictum
923 3237 1246 3305 proferunt;
1316 3240 1395 3295 sic
1436 3239 1579 3295 enim
1612 3240 1723 3297 illic
1748 3244 1901 3299 aiunt
1951 3246 2018 3300 ad

435 3325 585 3381 illum
619 3326 809 3383 Patres
830 3368 845 3383 .
870 3327 1085 3401 Suscipe
1115 3346 1274 3386 unam
1324 3331 1657 3388 divinitatem
1693 3333 1897 3402 Patris,
1932 3338 2021 3407 qui

435 3415 1004 3489 Filiumineﬂ‘abiliter
1025 3425 1229 3493 genuit,
1296 3423 1523 3496 Filiique
1574 3444 1640 3482 ea:
1690 3430 1804 3499 ipso
1837 3434 2019 3502 geniti,

433 3517 483 3562 et
515 3510 692 3563 sancti
721 3510 979 3579 Spiritus,
1017 3514 1105 3584 qui
1128 3531 1193 3569 ea:
1213 3517 1325 3585 ipso
1374 3518 1608 3586 procedit
1662 3518 1841 3588 Patre,
1900 3538 2023 3591 pro-

434 3602 683 3671 priusque
727 3601 856 3657 Filii
913 3614 1011 3661 est.
1069 3606 1316 3678 Namque
1384 3595 1611 3678 ex‘ipso
1633 3610 1814 3672 Patre,
1868 3614 2021 3683 quasi

434 3693 605 3765 digito
632 3696 998 3775 ostenderent,
1028 3699 1301 3764 dixerunt,
1323 3703 1610 3770 pessimam
1640 3704 2025 3760 contradictio-

434 3801 560 3841 nem
612 3786 939 3857 auferentes,
987 3792 1077 3861 qui
1128 3808 1325 3848 nones
1368 3794 1485 3863 ipso
1534 3791 1713 3859 Patre,
1760 3811 1933 3865 neque
1957 3813 2025 3854 ex

440 3880 559 3949 ejus
592 3881 915 3946 substantia,
944 3884 1037 3938 sed
1068 3898 1135 3939 ex
1195 3885 1364 3940 altera
1411 3886 1654 3942 essentia
1696 3897 1859 3958 atque
1897 3891 2026 3945 sub-

439 3972 641 4026 stantia
666 3966 869 4029 Filium
904 3988 1026 4030 esse
1070 3975 1544 4045 blasphemabant.
1613 3978 1671 4033 Si
1725 3987 1905 4034 autem
1956 3995 2021 4035 ex

442 4058 601 4115 Patre
636 4062 852 4129 dicitur,
884 4064 977 4119 sed
1021 4063 1177 4134 juxta
1240 4066 1587 4134 procedentis
1620 4068 1933 4132 terminum.
1957 4085 2025 4125 ex

442 4153 601 4209 Patre
630 4169 728 4225 per
745 4156 938 4211 Filium
966 4157 1243 4227 procedit;
1277 4158 1348 4212 ita
1375 4159 1518 4214 enim
1563 4174 1630 4215 ex
1693 4159 1855 4218 Patre
1901 4178 2027 4232 pro-

440 4244 655 4312 cedere,
689 4261 784 4317 pro
807 4262 871 4301 eo
902 4248 1045 4318 quod
1079 4260 1161 4304 est
1192 4264 1257 4304 ex
1286 4249 1449 4305 Patre
1505 4266 1603 4319 per
1660 4252 1857 4308 Filium
1903 4269 2028 4323 pro-

440 4337 655 4402 cedere,
683 4347 1029 4409 acceperunt,
1055 4340 1174 4410 ejus
1230 4341 1374 4410 quod
1407 4352 1483 4397 est
1543 4344 1857 4413 procedere,
1893 4360 2027 4402 con-

442 4444 637 4484 nexam
660 4430 1030 4486 deﬁnitionem
1059 4431 1418 4501 explicantes.
1460 4433 1667 4489 Idcirco
1714 4434 1879 4490 etiam
1926 4437 2021 4492 ad-
2053 4420 2097 4478 Ῑ)

436 4522 639 4590 jectum
663 4531 767 4587 est,
793 4520 1149 4593 Propriusque
1193 4520 1328 4578 Filii
1376 4535 1501 4592 est;
1551 4527 1798 4597 proprius
1838 4537 2019 4584 autem

442 4608 559 4665 Filii
584 4626 613 4664 a
639 4612 848 4667 sanctis
888 4612 1140 4668 Patribus
1175 4612 1412 4684 Spiritus
1442 4615 1618 4670 dictus
1655 4624 1758 4682 est,
1818 4626 1875 4672 ut
1926 4617 2016 4688 qui

442 4701 496 4755 in
530 4700 647 4771 ipso
696 4712 751 4758 et
783 4718 880 4772 per
906 4705 1080 4774 ipsum
1117 4705 1435 4761 naturaliter
1498 4706 1700 4777 prodit,
1741 4716 1903 4778 atque
1949 4723 2016 4765 ex

440 4794 557 4864 ipso
586 4802 688 4860 est,
725 4794 924 4866 quippe
947 4796 1016 4851 ab
1033 4810 1100 4851 eo
1127 4808 1250 4851 esse
1295 4797 1596 4868 accipiens.

512 4883 626 4945 Ipsa
666 4885 901 4955 denique
925 4884 1171 4957 synodus
1218 4901 1318 4956 per
1371 4887 1685 4959 episcopum
1733 4888 2021 4946 Leontium
2080 4888 2081 4891 “

440 4982 728 5030 attestatur
754 4975 819 5029 ad
867 4975 1247 5046 philosophum
1305 4976 1531 5032 dicens:
1572 4975 1858 5046 Proprium
1910 4993 2023 5032 esse

441 5066 702 5137 Spiritum
731 5066 878 5132 Filii,
902 5062 1059 5140 atque
1079 5084 1144 5123 ea:
1172 5070 1287 5137 ipso
1309 5086 1563 5137 manare;
1611 5071 1704 5126 sed
1733 5071 1860 5127 illud
1893 5086 2026 5140 quo-

440 5175 546 5229 que
574 5162 715 5229 quod
740 5162 816 5215 ait
848 5175 1075 5231 magnus
1106 5161 1373 5217 Basilius:
1412 5163 1675 5227 Quoniam
1725 5165 2024 5220 communia

444 5250 600 5306 Patri
619 5264 666 5306 et
703 5251 871 5321 Filio,
901 5256 1199 5307 communia
1236 5267 1283 5308 et
1339 5253 1567 5325 Spiritui
1630 5266 1772 5321 sunt,
1822 5257 2025 5323 Optime

442 5343 661 5410 quidem
690 5345 893 5399 dictum
920 5358 1037 5412 est;
1070 5362 1175 5399 non
1201 5358 1383 5400 autem
1416 5363 1511 5416 per
1545 5348 1666 5412 hoc,
1723 5348 1866 5416 quod
1929 5364 2021 5403 vo-

444 5436 579 5503 lunt,
627 5436 1079 5492 conﬁciunt.lloc
1130 5439 1276 5491 enim
1334 5438 1466 5492 nihil
1524 5440 1690 5509 cogit,
1757 5436 2019 5509 Spiritum

447 5529 524 5582 vel
556 5527 851 5597 suiipsius,
912 5529 995 5583 vel
1045 5530 1269 5586 alterius
1332 5546 1579 5600 personae
1632 5531 2016 5601 productorem

519 5720 539 5747 ⁸
567 5716 725 5772 Jozin.
756 5736 808 5786 χ,
857 5720 918 5774 ὃ(
1022 5722 1042 5752 ⁵
1085 5719 1239 5775 Joan.
1278 5721 1495 5779 “1.45,

2122 3152 2268 3206 runt,
2291 3142 2453 3212 liquet
2493 3146 2619 3213 quia
2654 3158 2759 3197 non
2793 3128 2871 3197 ila
2932 3144 3133 3214 opinati
3164 3152 3310 3211 sunt,
3364 3143 3563 3209 nullam
3624 3143 3705 3199 itt-

2122 3235 2273 3290 duc'tt
2305 3236 2715 3292 necessitatem.
3181 3252 3185 3256 ’

2193 3323 2437 3381 Primum
2498 3327 2741 3397 quidem,
2811 3330 2942 3400 quia
3005 3328 3193 3386 Ariani
3265 3328 3707 3400 blasphemantes

2124 3417 2321 3473 Filium
2363 3433 2485 3474 esse
2507 3430 2853 3477 creaturam:
2885 3421 3055 3477 multo
3098 3421 3346 3478 deterius
3396 3422 3465 3477 de
3515 3431 3707 3476 sancto

2127 3510 2334 3581 Spiritu
2374 3494 2682 3568 senserunt;
2732 3512 3052 3567 Creaturam
3085 3514 3229 3569 enim
3271 3510 3394 3568 Filii
3425 3510 3696 3582 Spiritum

2124 3614 2371 3662 sanctum
2439 3620 2581 3669 esse,
2637 3605 3015 3675 desipiebant.
3086 3620 3322 3676 eumque
3421 3620 3486 3660 ex
3546 3604 3705 3670 Filio,

2125 3697 2578 3767 quemadmodum
2628 3706 2683 3753 et
2752 3694 2937 3753 omnia
2995 3712 3118 3753 esse
3166 3697 3461 3762 dicebant;
3523 3712 3704 3767 neque

2127 3790 2227 3846 hoc
2259 3792 2456 3854 solum,
2494 3791 2587 3844 sed
2624 3790 2787 3844 etiam
2818 3804 2886 3846 ex
2935 3792 3052 3846 solo
3078 3790 3235 3857 Filio,
3277 3792 3422 3861 quod
3462 3791 3705 3846 insinuat

2126 3897 2357 3952 magnus
2412 3876 2649 3937 Basilius
2709 3882 3007 3952 conﬂigens
3062 3883 3325 3938 adversus
3357 3880 3705 3947 Eunomium,

2127 3982 2182 4029 et
2211 3974 2433 4043 dicens:
2472 3972 2746 4040 Quomodo
2783 3976 2954 4045 igitur
3015 3975 3120 4030 soli
3169 3976 3443 4045 unigenito
3489 3989 3709 4028 causam

2128 4064 2366 4133 Spiritus
2392 4065 2649 4136 applicat,
2676 4067 3245 4135 pradicatnentumque
3277 4066 3443 4135 ipsius
3470 4075 3706 4133 naturis,

2127 4157 2286 4227 hujus
2308 4157 2624 4211 creationem
2670 4157 2857 4227 facit!
2894 4156 2953 4211 Si
3004 4158 3169 4229 igitur
3220 4159 3384 4215 etiam
3449 4174 3518 4215 ex
3570 4158 3709 4214 Filio

2131 4248 2397 4320 Spiritum
2442 4248 2739 4319 procedere
2780 4249 2952 4319 ipsius
2984 4251 3253 4317 obiectum
3279 4250 3493 4318 fuisset,
3530 4252 3707 4306 nulla-

2132 4350 2288 4397 tenus
2328 4341 2394 4396 ad
2436 4340 2921 4396 commendandam
2981 4342 3098 4396 Filii
3141 4343 3209 4398 ad
3237 4343 3451 4397 Patrem
3482 4344 3710 4399 honoris

2125 4432 2489 4505 aequalitatem
2540 4431 2729 4489 elﬁcax
2754 4431 2969 4489 fuisset.
3002 4433 3065 4489 Et
3098 4435 3199 4503 ipsi
3249 4435 3399 4490 enim
3477 4451 3543 4490 ex
3613 4437 3709 4491 illo

2125 4541 2268 4591 esse,
2297 4536 2358 4581 ut
2392 4526 2599 4581 dictum
2629 4535 2732 4591 est,
2776 4526 3198 4593 conﬁtebantur,
3242 4528 3337 4583 sed
3372 4537 3430 4583 ut
3484 4538 3704 4583 creatu-

2127 4633 2259 4685 ras;
2290 4627 2550 4689 quantum
2594 4618 2738 4673 enim
2792 4634 2860 4674 ex
2906 4619 3168 4682 dictione.
3211 4635 3319 4674 non
3371 4620 3749 4696 cogebantur.

2126 4711 2379 4768 essentne
2447 4710 2787 4765 idetttitatem
2871 4710 3143 4767 conﬁteri.
3204 4710 3263 4766 Si
3310 4711 3474 4781 igitur
3527 4727 3593 4766 ex
3641 4726 3707 4765 eo

2124 4803 2342 4874 quidem
2388 4782 2534 4872 quod
2594 4809 2651 4857 et
2706 4801 2878 4857 Filius
2940 4805 3122 4857 omnia
3165 4804 3293 4859 facit
3349 4805 3709 4874 quemadmo-

2121 4902 2177 4949 et
2235 4894 2421 4960 Pater,
2454 4902 2510 4949 et
2537 4893 2611 4949 ita
2639 4894 2802 4948 etiam
2834 4894 3004 4950 Filius
3066 4895 3293 4951 suscitat
3348 4906 3596 4951 mortuos
3656 4908 3709 4953 et

2122 4986 2361 5041 viviﬁcat
2394 4987 2852 5054 quemadmodum
2888 4995 2944 5042 et
2986 4986 3171 5052 Pater,
3208 5002 3317 5042 non
3368 4988 3708 5043 induceban-

2126 5084 2215 5132 tur
2243 5086 2301 5131 ut
2347 5078 2496 5137 Patri
2530 5076 2728 5132 Filium
2764 5076 3023 5147 aiqualem
3079 5087 3378 5149 ponerent:
3438 5082 3709 5149 quomodo

2125 5179 2190 5220 es
2217 5181 2283 5221 eo
2308 5166 2453 5237 quod
2499 5167 2733 5237 Spiritus
2760 5185 2828 5224 ex
2854 5171 2971 5239 ipso
3002 5185 3119 5225 esse
3190 5169 3486 5236 diceretur,
3542 5184 3708 5238 quem

2124 5268 2431 5314 creaturam
2466 5261 2584 5328 ejus
2610 5261 2946 5331 desipiebant
2992 5273 3155 5329 atque
3180 5275 3246 5316 eo
3288 5261 3454 5316 multo
3478 5260 3710 5315 inferio-

2123 5363 2257 5415 rem,
2295 5366 2616 5420 persuasum
2656 5354 2739 5408 eis
2761 5363 2909 5409 esset
2940 5362 2998 5408 ut
3046 5353 3241 5408 Filium
3301 5353 3481 5409 Patris
3533 5352 3743 5421 (ligni-4.

2123 5451 2232 5496 tate
2299 5443 2669 5499 bonorarent?
2728 5443 2863 5498 Nam
2906 5444 2959 5498 in
3021 5445 3512 5515 disputationibus,
3565 5444 3709 5512 quod

2121 5544 2273 5607 urget
2310 5536 2503 5607 magis,
2540 5552 2604 5594 ac
2633 5537 2945 5607 persuadet,
2995 5538 3299 5608 proferunt.
3327 5540 3499 5610 Magis
3526 5548 3710 5592 autem
