3996 6222
258 393 363 455 ιτς

1353 384 1755 450 ADVERSUS
1796 387 2113 448 GRAECOS
2154 388 2303 449 LIB.
2342 388 2461 449 III.

3431 390 3532 454 170

259 510 302 563 si
334 523 403 561 ex
439 504 605 560 Patre
635 504 808 575 ipsum
840 503 1137 575 procedere
1164 519 1194 559 a
1222 503 1505 559 Salvatore
1532 502 1839 565 audientes.
1872 504 1917 559 Δ
1945 502 2105 556 rent?
2153 502 2300 556 Nihil
2333 501 2498 571 igitur
2550 515 2615 560 es
2663 500 2747 557 bis
2774 503 3147 560 necessarium
3209 506 3536 566 coniiciunt.

259 615 365 655 non
414 599 544 653 hinc
601 599 1093 668 persuadeuantur,
1170 597 1339 653 Deum
1401 610 1522 651 esse
1578 595 1839 665 Spiritum

259 703 535 755 sanctum,
608 692 1064 761 quemadmodum
1141 700 1196 748 et
1249 689 1497 755 Patrem;
1557 690 1624 743 de
1685 688 1843 742 Patre

258 785 425 847 enim,
468 783 602 851 quin
645 781 787 836 Deus
810 795 971 835 verus
1001 789 1169 842 esset,
1198 794 1359 834 nemo
1383 779 1683 832 dubitavit:
1714 791 1846 847 quo-

260 878 418 931 modo
449 876 495 931 si
528 877 673 930 hunc
707 873 994 929 audientes
1028 888 1093 928 es
1137 872 1272 926 Filio
1328 873 1646 941 procedere,
1679 886 1843 939 quem

256 974 568 1021 creaturam
601 964 806 1030 Patris,
847 964 1193 1033 primumque
1250 971 1494 1017 creatum
1546 964 1842 1031 ponebam,

258 1057 467 1113 inducti
519 1056 756 1112 fuissent
813 1066 870 1108 ut
919 1058 1061 1109 hunc
1107 1053 1255 1107 Patri
1308 1052 1843 1117 consubstantialem

256 1151 505 1205 dicereut
529 1150 553 1203 ?

329 1242 561 1305 Deinde,
593 1252 644 1297 et
671 1252 893 1298 sanctos
932 1241 1120 1297 Patres
1145 1241 1249 1297 hoc
1292 1240 1495 1295 dixisse
1519 1239 1848 1313 invenimus.

258 1333 550 1401 Proprium
576 1335 778 1403 quippe
811 1332 953 1397 Filii,
991 1340 1048 1386 ut
1078 1332 1147 1386 ab
1197 1346 1263 1387 eo
1319 1342 1631 1386 manantem
1695 1330 1850 1383 dise-

259 1436 425 1487 ruut;
459 1427 742 1495 proprium
778 1441 907 1481 vero
931 1439 1052 1480 esse
1089 1423 1214 1478 Filii
1277 1422 1571 1494 Spiritum,
1607 1435 1731 1477 eum
1751 1436 1849 1491 per

257 1518 462 1587 ipsum,
496 1527 555 1571 et
580 1533 649 1571 ex
698 1519 815 1585 ipso
876 1531 998 1573 esse
1044 1515 1341 1585 signiﬁcat.
1382 1514 1574 1574 .Porro
1625 1529 1851 1569 manare

264 1611 528 1673 verbum,
568 1610 623 1663 in
659 1608 1107 1665 substantialibus
1135 1608 1486 1677 processibus
1540 1621 1571 1661 a
1641 1606 1851 1662 sanctis

256 1694 601 1771 assu'mptum
634 1716 781 1763 esse,
819 1700 1069 1770 pluribus
1119 1715 1282 1768 supra
1318 1708 1681 1757 monstratum
1738 1707 1845 1754 est.

258 1792 361 1848 Sed
392 1795 543 1849 enim
571 1795 624 1847 in
656 1794 900 1862 scriptis,
948 1792 1040 1863 qui
1078 1807 1177 1863 per
1207 1793 1348 1848 idem
1400 1805 1611 1862 tempus
1634 1792 1848 1848 clarue-

255 1895 404 1950 runt,
464 1887 827 1950 Athanasius,
882 1883 1453 1955 Basilius,l\'yssenus,
1514 1885 1851 1954 Theologus-

253 1993 360 2046 que
382 1976 685 2047 Gregorius
720 1995 785 2033 es
813 1978 976 2034 Patre
1008 1995 1107 2050 per
1135 1977 1335 2035 Filium
1387 1994 1532 2043 esse,
1569 1990 1625 2034 et
1659 1994 1852 2050 proce-

254 2072 409 2135 dere,
442 2086 546 2140 pro
574 2084 642 2126 eo
672 2071 815 2140 quod
840 2081 926 2127 est
958 2086 1025 2128 ex
1054 2070 1219 2128 Patre
1276 2086 1377 2143 per
1429 2071 1624 2128 Filium
1663 2087 1855 2140 proce-

254 2165 387 2218 dere
437 2173 798 2232 acceperunt.

326 2255 473 2309 Cum
507 2256 718 2325 itaque,
746 2256 889 2323 quod
945 2256 1263 2324 quaerimus,
1320 2258 1603 2313 inventum
1663 2259 1851 2323 t'nerit,

254 2363 363 2401 non
408 2346 637 2416 expedit
690 2346 845 2417 plura
885 2348 1163 2403 curiosius
1210 2349 1526 2417 quaerendo,
1573 2350 1854 2406 molestias

250 2440 389 2509 pati.
436 2438 613 2493 Simul
639 2449 695 2494 et
736 2454 833 2508 per
885 2438 1001 2495 hare
1052 2439 1258 2509 liquido
1300 2443 1581 2509 probatur,
1628 2444 1756 2512 quia
1787 2459 1853 2499 ex

258 2531 401 2587 Filio
438 2547 566 2587 esse
596 2546 820 2587 causam
855 2532 1061 2602 signat,
1094 2547 1200 2586 non
1235 2533 1412 2588 solum
1439 2533 1852 2603 proprietatem,

256 2636 313 2677 ut
346 2624 579 2694 quidam
610 2632 825 2694 putant,
863 2624 957 2677 sed
1000 2638 1248 2689 causam,
1296 2626 1640 2692 prcccdente
1687 2626 1852 2679 etiam

257 2719 625 2787 proprietate,
651 2726 710 2771 ut
733 2730 877 2786 saepe
904 2715 1109 2771 dictum
1151 2728 1255 2772 est.
1288 2714 1588 2771 Eunomius
1618 2718 1765 2772 enim
1786 2732 1855 2771 ex

255 2809 396 2864 Filio
435 2808 707 2879 Spiritum
742 2811 953 2874 dicens,
988 2818 1044 2864 et
1070 2808 1187 2879 ipse
1247 2811 1672 2865 conditionalem
1717 2824 1856 2865 cau-

248 2916 368 2956 sarn
406 2901 658 2971 Spiritus
685 2900 880 2956 Filium
906 2901 1291 2957 commendare
1318 2902 1552 2967 volebat,
1583 2903 1850 2972 divusque

251 2996 491 3049 Basilius
531 2994 587 3047 in
628 3009 793 3049 causa
822 2994 1065 3063 suscepit
1130 2995 1351 3049 diceus:
1411 2994 1685 3059 Quomodo
1734 3012 1857 3065 ergo

249 3089 353 3141 soli
400 3085 696 3156 [λ’πὶῳηὶιο
728 3101 944 3139 causam
974 3086 1204 3154 Spiritus
1260 3086 1538 3155 applicat?
1599 3088 1859 3147 Et.certe

2020 591 2136 646 Non
2167 593 2342 648 solum
2376 600 2556 647 autem
2590 593 2691 648 ista
2717 593 3001 663 proferunt
3023 610 3089 651 ex
3140 600 3369 667 sanctis,
3399 600 3541 657 nihil

1948 674 2029 739 eis
2056 684 2122 737 ad
2165 684 2525 753 propositum,
2579 694 2640 738 ut
2697 696 2976 741 ostensum
3028 697 3135 755 est,
3177 689 3541 757 conferentia,

1950 776 2059 831 imo
2107 776 2267 831 etiam
2304 776 2406 831 sibi
2463 777 2687 832 omnino
2713 779 3085 845 adversantia,
3114 799 3302 839 verum
3367 796 3422 842 et
3472 788 3543 842 ad

1950 867 2181 936 ineptias
2212 876 2267 921 ct
2302 883 2473 937 nugas
2524 884 2586 924 ea
2620 881 2943 928 convertere
2973 877 3339 943 contendunt,
3410 895 3541 935 cou-

1951 973 2109 1013 ccsso
2135 969 2190 1012 et
2222 973 2289 1015 ex
2323 958 2462 1013 Filio
2496 962 2791 1030 procedere
2826 964 3091 1032 Spiritum
3146 982 3423 1027 sanctum.
3458 973 3539 1027 Ac

1953 1050 2127 1118 primo
2157 1050 2348 1105 dicunt
2376 1052 2482 1105 duo
2516 1053 2781 1123 principia
2818 1059 2990 1111 sancti
3016 1059 3250 1126 Spiritus
3302 1080 3392 1120 eos
3458 1066 3545 1133 fa-

1954 1144 2053 1197 teri
2078 1144 2212 1212 cogi,
2248 1144 2341 1210 qui
2372 1145 2447 1197 ita
2501 1160 2567 1199 ea:
2599 1143 2765 1200 Patre
2815 1166 2877 1201 ac
2904 1148 3048 1203 Filio
3072 1156 3355 1219 procedere
3413 1155 3540 1224 Spi-

1953 1236 2115 1289 ritum
2144 1244 2386 1290 sauctum
2431 1249 2755 1294 asseverant.
2806 1243 2875 1299 At
2903 1242 3007 1298 hoc
3030 1247 3236 1303 sanctis
3296 1247 3551 1306 Patribut

1957 1328 2009 1381 in
2061 1327 2257 1396 primis
2290 1328 2665 1398 imputandum
2700 1331 2824 1395 fuit,
2854 1336 2947 1403 qui
2998 1352 3095 1403 per
3128 1336 3325 1393 Filium
3375 1353 3432 1396 et
3481 1360 3552 1399 rx

1957 1419 2095 1474 Filio
2122 1435 2268 1486 esse,
2305 1437 2367 1477 ac
2391 1424 2688 1491 procedere
2744 1423 3007 1495 Spiritum
3066 1441 3339 1495 sanetum,
3369 1445 3425 1489 et
3485 1452 3555 1492 ex

1954 1514 2118 1570 Patre
2145 1529 2289 1579 esse,
2310 1515 2452 1570 sicut
2486 1527 2540 1571 et
2574 1533 2603 1571 a
2638 1516 2779 1572 Filio
2826 1520 3029 1576 divinis
3082 1525 3385 1582 rationibus
3428 1546 3555 1599 pro-

1955 1611 2106 1663 bant.
2139 1609 2292 1675 Quod
2318 1610 2366 1667 si
2393 1611 2496 1666 hoc
2521 1627 2618 1669 eos
2676 1612 2750 1667 ita
2787 1626 3103 1673 asserentes
3134 1633 3240 1675 nou
3302 1623 3553 1686 sequitur

1954 1702 2322 1771 (nequeenim
2358 1704 2483 1758 talia
2540 1705 2827 1770 dixissent,
2862 1709 2906 1763 si
2945 1710 3049 1765 ista
3069 1724 3171 1766 eos
3195 1712 3435 1769 absurda
3468 1730 3556 1771 sc-

1956 1804 2293 1865 qnerentur;
2324 1795 2441 1851 imo
2468 1796 2586 1851 haec
2614 1797 2881 1866 dicentes,
2918 1802 3085 1857 etiam
3138 1819 3309 1859 unum
3347 1807 3554 1875 princi-

1960 1884 2104 1953 pium
2140 1883 2429 1955 fatentur),
2466 1896 2680 1942 constat
2714 1889 2844 1957 quia
2906 1906 3085 1962 neque
3143 1894 3359 1951 illorqu
3405 1900 3556 1954 dicta

1960 1976 2283 2043 referentes,
2328 1980 2443 2034 haec
2495 1978 2675 2044 inepta
2723 1992 3045 2051 sequuntur.

2031 2065 2236 2122 Deinde
2250 2069 2508 2139 quoniam
2528 2067 2649 2125 Filii
2681 2074 2860 2126 omnia
2881 2074 2948 2127 ad
2970 2072 3188 2133 Patrem
3215 2080 3554 2145 referuntur,

1959 2166 2013 2214 et
2036 2174 2175 2214 unus
2198 2158 2338 2216 Deus
2359 2160 2521 2216 Pater
2541 2156 2597 2217 et
2613 2160 2785 2219 Filius
2802 2172 2904 2229 est,
2924 2174 3087 2236 atque
3105 2170 3263 2225 unico
3276 2152 3557 2241 processu,

1961 2251 2075 2305 sive
2099 2265 2167 2305 et
2191 2250 2354 2307 Patre
2378 2268 2473 2322 per
2497 2252 2720 2318 Filium,
2754 2256 2871 2312 sive
2892 2271 2960 2313 ex
2992 2258 3151 2314 Patre
3178 2271 3233 2317 et
3264 2261 3400 2318 Filio
3428 2282 3557 2332 pro-

1958 2345 2154 2403 cedere
2204 2347 2473 2401 asseritur
2509 2344 2744 2415 Spiritus
2794 2361 3040 2418 sanctus,
3100 2354 3319 2410 ubinam
3374 2358 3555 2415 locum

1960 2434 2069 2488 duo
2100 2436 2367 2505 principia
2395 2436 2715 2493 habebunt?
2741 2436 2875 2492 Nam
2901 2441 2944 2495 si
2971 2443 3189 2510 quidem
3207 2458 3350 2502 esset
3377 2447 3558 2506 Patris

1962 2525 2323 2582 substantiale
2350 2528 2677 2597 producere,
2720 2530 2822 2585 hoc
2873 2530 3107 2589 fortasse
3148 2535 3561 2594 haberetratio-

1956 2635 2081 2674 nem
2115 2637 2129 2675 :
2162 2625 2420 2692 quoniam
2452 2639 2605 2693 vero,
2639 2627 2741 2680 hoc
2788 2642 2898 2681 non
2938 2641 3042 2693 est,
3075 2639 3132 2684 ut
3171 2648 3336 2701 supra
3369 2636 3559 2690 docui-

1963 2727 2104 2775 mus,
2144 2726 2435 2768 contmune
2477 2724 2563 2769 est
2618 2716 2785 2785 igitur
2826 2717 2974 2772 Patri
3036 2729 3093 2774 et
3161 2720 3299 2776 Filio
3346 2724 3557 2793 produ-

1960 2819 2107 2859 cere.
2139 2803 2273 2858 Nam
2300 2806 2347 2860 si
2378 2808 2737 2864 substantiale
2766 2819 2932 2875 esset,
2972 2826 3249 2882 nunquam
3290 2830 3357 2870 ex
3396 2815 3561 2873 Patre

1963 2912 2059 2967 per
2095 2896 2298 2982 Filium.
2349 2901 2645 2969 procedere
2693 2901 2929 2971 Spiritus
2985 2919 3208 2961 sanctus
3257 2909 3560 2972 diceretur.

1964 2991 2174 3059 Quippe
2211 2998 2265 3046 et
2292 2992 2435 3060 quod
2475 2994 2739 3061 procedit,
2780 3003 2836 3049 et
2862 2997 3003 3064 quod
3048 2999 3384 3067 producitur,
3417 3003 3557 3059 idem

1963 3083 2189 3139 omnino
2219 3094 2322 3139 est.
2349 3082 2538 3153 Itaque
2570 3084 2733 3139 Pater
2760 3087 2980 3156 quidem
3027 3105 3125 3159 per
3172 3091 3365 3148 Filium
3432 3110 3561 3165 prte-

251 3181 334 3235 (as
368 3190 495 3234 erat
530 3181 712 3234 dicere
740 3189 990 3235 sanctum
1015 3180 1215 3235 virum.
1275 3180 1425 3247 Quod
1477 3195 1612 3252 ergo
1677 3197 1855 3252 neque
1883 3177 2115 3256 c;ducit
2142 3176 2408 3245 Spiritum
2440 3186 2712 3257 sanctum,
2751 3181 2865 3249 ipse
2929 3196 3057 3237 vero
3080 3193 3166 3239 est
3206 3187 3298 3251 qui
3357 3189 3561 3257 produ-

250 3288 313 3324 es
350 3269 521 3334 Filio,
573 3283 747 3337 neque
769 3284 867 3337 per
900 3286 1021 3324 eum
1076 3269 1187 3323 ullo
1241 3272 1402 3325 modo
1443 3281 1554 3336 est,
1588 3275 1862 3341 quomodo

248 3375 310 3413 es
352 3360 502 3415 Filio
527 3374 752 3413 causam
790 3361 839 3413 id
891 3358 1123 3414 habeat?
1158 3359 1263 3415 Sed
1288 3361 1390 3415 hoc
1415 3376 1519 3416 non
1553 3363 1712 3428 dixit,
1742 3381 1863 3419 cum

252 3467 379 3507 eum
421 3468 489 3506 ex
520 3450 685 3506 Patre
711 3466 806 3521 per
856 3450 1053 3506 Filium
1104 3467 1226 3508 esse
1272 3468 1415 3522 saepe
1467 3453 1861 3524 adirmaverit;

258 3557 422 3614 atque
446 3560 552 3614 per
578 3543 777 3598 Filium
808 3545 1027 3614 quidem
1083 3545 1431 3610 naturaliter,
1462 3555 1520 3601 et
1562 3548 1866 3603 essentiali-

257 3657 353 3711 ter,
383 3648 533 3699 etab
564 3644 683 3712 ipso
710 3657 833 3698 esse
872 3643 1071 3699 habere
1112 3658 1387 3709 asserens,
1449 3646 1517 3699 ad
1562 3645 1617 3701 id
1673 3656 1856 3702 autem

251 3736 402 3806 quod
457 3746 735 3791 creatum:
784 3736 994 3790 ratione
1050 3749 1174 3793 esse
1216 3735 1504 3792 dicebatur
1556 3738 1853 3794 obsistens.

248 3831 441 3900 itaque
458 3846 590 3884 cum
611 3844 678 3881 ea
712 3827 850 3883 Filio
882 3829 1121 3885 essentia
1154 3830 1440 3897 asseritur,
1478 3831 1743 3887 naturalis
1766 3847 1860 3887 es-

248 3924 624 3991 sentialisque
638 3921 942 3976 substantia
969 3920 1205 3991 Spiritus
1224 3924 1396 3977 sancti
1419 3924 1858 3979 commendatur.

321 4018 609 4070 Prxterea
633 4017 934 4069 secundum
958 4013 1278 4083 praedictam
1330 4016 1622 4082 rationem,
1684 4032 1859 4085 neque

244 4109 503 4162 Sabeliio
539 4107 608 4160 ad
642 4105 1177 4161 commendationem
1214 4105 1527 4162 divinarum
1564 4107 1617 4161 in
1671 4106 1860 4163 Triui-

244 4210 367 4254 tate
421 4210 815 4266 personarum,
875 4210 942 4249 ex
1005 4195 1142 4250 Filio
1217 4196 1480 4267 Spiritum
1548 4197 1848 4267 procedere

240 4294 447 4345 Patres
469 4288 864 4343 obtenderent.
901 4287 966 4341 Et
1005 4289 1107 4344 hoc
1155 4287 1303 4343 enim
1355 4287 1565 4343 addunt
1610 4288 1855 4358 quidam.

242 4386 305 4439 Si
344 4386 501 4439 enim
536 4381 737 4436 Filium
787 4390 840 4434 et
869 4380 1083 4435 Patrem
1149 4380 1402 4446 audiens,
1469 4380 1853 4450 dicentemque

244 4475 598 4529 Dominum:
622 4470 734 4539 Ego
752 4488 815 4525 ea:
836 4469 995 4525 Patre
1020 4472 1156 4525 exivi
1173 4472 1231 4536 ';
1264 4480 1320 4527 et
1350 4469 1585 4537 Spiritus
1608 4486 1674 4527 ea:
1694 4470 1857 4527 Patre

1967 3269 2135 3321 citur.
2166 3267 2376 3324 idcirco
2421 3269 2588 3323 etiam
2627 3276 2925 3339 productor
2959 3289 3056 3343 per
3088 3274 3325 3331 Verbum
3375 3278 3560 3336 dictus

1968 3369 2076 3415 est.
2108 3359 2176 3414 Et
2218 3371 2399 3416 tamen
2448 3378 2628 3433 neque
2669 3380 2892 3420 causam
2956 3368 3380 3425 substantialem
3431 3388 3559 3427 esse

1970 3464 2335 3506 monstratum
2385 3466 2496 3519 est,
2536 3471 2715 3526 neque
2753 3459 2900 3512 enim
2956 3476 3069 3515 rem
3104 3462 3400 3532 signiﬁcat,
3461 3468 3557 3521 ενα

1967 3545 2661 3615 soimnprazdicamentum
2687 3559 2796 3606 est.
2839 3549 2897 3605 Si
2974 3554 3122 3608 enim
3210 3571 3322 3612 rem
3391 3574 3558 3615 causa

1967 3640 2255 3710 signiﬁcat,
2290 3642 2453 3694 etiam
2481 3641 2862 3698 substantialis
2905 3652 3009 3704 est,
3047 3655 3103 3700 et
3148 3649 3369 3704 causale
3424 3663 3562 3705 cun-

1964 3742 2261 3804 sequenter
2317 3748 2434 3788 rem
2507 3734 2812 3807 designabit
2876 3752 2940 3792 ac
2992 3739 3354 3796 substantiale
3416 3744 3549 3799 erit.

1966 3824 2145 3893 Atque
2183 3826 2256 3879 ita
2288 3825 2532 3881 causalia
2584 3842 2709 3882 cum
2769 3828 2879 3883 sint
2967 3829 3138 3885 Filius
3197 3840 3254 3888 et
3314 3832 3559 3903 Spiritus

1963 3924 2212 3980 sanctus,
2244 3931 2353 3971 una
2385 3931 2614 3986 persona
2640 3919 2766 3982 erit,
2809 3935 3007 3992 nempe
3064 3923 3323 3991 quoniam
3376 3936 3560 3982 osten-

1962 4023 2082 4061 sum
2105 4016 2189 4063 est
2218 4008 2533 4063 communia
2559 4022 2681 4065 esse
2710 4010 2893 4064 ortiuia
2946 4010 3091 4066 Patri
3138 4021 3194 4068 et
3255 4012 3417 4079 Filio,
3462 4018 3557 4073 ubi

1962 4113 2071 4154 non
2103 4100 2291 4154 obstat
2320 4099 2599 4155 relationis
2644 4101 2955 4170 oppositio;
3010 4105 3319 4173 producere
3350 4116 3557 4168 autem,

1962 4206 2139 4263 neque
2167 4192 2482 4263 paternitati
2502 4193 2759 4261 congruit
2789 4196 3093 4251 secundum
3120 4197 3239 4266 ejus
3259 4198 3556 4259 rationem.

1960 4299 2137 4354 neque
2180 4283 2451 4340 nativitati
2494 4285 2811 4356 opponitur.
2874 4286 2999 4342 Istae
3049 4289 3195 4343 enim
3231 4290 3299 4344 ad
3326 4291 3558 4347 invicem

1960 4377 2131 4433 solam
2162 4379 2511 4440 relationem.
2540 4389 2705 4447 atque
2753 4380 3120 4435 substantiam
3158 4383 3383 4437 habent.
3470 4382 3559 4437 ιιι-

1961 4469 2108 4524 circo
2129 4469 2264 4523 nihil
2293 4470 2441 4538 cogit
2474 4484 2505 4523 a
2546 4467 2685 4524 Filio
2714 4471 3004 4537 producere
3031 4470 3283 4536 auferre;
3311 4472 3553 4540 alioquin

238 4569 496 4635 procedit
522 4565 571 4629 ⁷,
627 4581 733 4617 non
796 4564 1172 4629 indttcehatur,
1229 4575 1289 4618 ut
1336 4562 1663 4620 Trinitatem
1692 4565 1860 4619 Deum
1898 4550 2026 4611 Dm
2053 4559 2274 4627 sapiens
2324 4568 2381 4612 ει
2456 4559 2655 4622 bonus.
2720 4574 2839 4627 quae
2929 4556 3197 4629 nusquam
3279 4562 3557 4617 ItaliVilali

238 4661 624 4715 conﬁteretur
644 4673 661 4719 ;
684 4658 922 4727 profecto
939 4659 984 4711 si
1003 4659 1170 4711 etiam
1192 4672 1223 4711 a
1242 4656 1379 4711 Filio
1401 4659 1545 4710 hunc
1572 4658 1865 4725 procedere

240 4754 541 4814 audisset,
582 4750 718 4803 nihil
762 4765 858 4819 per
914 4751 1016 4803 hoc
1074 4749 1248 4818 magis
1298 4746 1622 4803 Trinitatem
1690 4748 1859 4803 Deum

238 4846 559 4901 coalessns
586 4851 771 4897 esset:
806 4842 915 4894 imo
948 4840 1094 4896 credi
1131 4849 1310 4909 potest
1348 4856 1471 4894 eum
1503 4849 1559 4893 et
1590 4840 1674 4894 sui
1704 4841 1857 4894 simi-

235 4942 321 4994 les
363 4940 437 4992 de
466 4935 615 4991 Fiiio
657 4934 761 4988 ista
788 4933 986 5001 saepius
1045 4934 1286 4995 audisse,
1320 4947 1443 4987 CIIII)
1497 4947 1858 5001 personarum

234 5031 634 5086 diﬁcrentiam
702 5037 987 5096 ponerent,
1021 5041 1351 5094 causamque
1383 5032 1437 5079 et
1499 5028 1741 5091 causalc,
1807 5036 1861 5078 et

226 5141 370 5194 qu
406 5122 676 5178 ordinem
746 5122 813 5173 ad
884 5119 1114 5172 invicem
1170 5119 1539 5184 insinuarent;
1592 5135 1714 5171 nam
1767 5118 1860 5187 qui

230 5234 339 5285 per
364 5216 429 5268 id
460 5211 732 5282 temporis
755 5212 1008 5264 doctores
1024 5220 1199 5273 erant,
1222 5224 1319 5279 per
1347 5207 1540 5263 Filium
1571 5208 1864 5279 procedere

226 5322 287 5360 et
316 5308 402 5360 ab
428 5306 557 5371 ipso
579 5302 852 5370 accipere,
890 5312 1055 5370 atque
1098 5305 1337 5379 prodire,
1369 5312 1422 5355 et
1447 5311 1641 5354 caztera
1679 5302 1870 5371 hujus-

227 5402 401 5456 ιπηιῶ
442 5401 515 5451 de
556 5396 766 5466 Spiritu
802 5405 992 5449 sancto
1020 5397 1356 5450 asserebant.
1393 5395 1661 5450 Czetcrnm
1712 5398 1755 5449 si
1800 5410 1866 5449 ex

226 5490 698 5549 evidentissimis
728 5487 1025 5558 Scriptura:
1089 5489 1421 5541 testimoniis
1450 5488 1501 5541 id
1564 5487 1869 5556 percipien-

230 5602 344 5653 ιδ,
384 5600 594 5639 verum
626 5600 733 5638 nou
768 5586 1053 5650 putabant,
1082 5581 1356 5650 quomodo
1388 5582 1431 5634 si
1491 5582 1561 5635 ab
1635 5580 1871 5634 li0tnini~

229 5686 341 5739 his
380 5678 687 5741 audirent,
713 5675 1126 5730 concinentibus
1172 5676 1296 5727 licet
1346 5674 1642 5741 Scriptnris
1673 5674 1867 5728 crede-

362 5869 554 5926 ,ος-ιη.
591 5879 709 5928 xvr,
740 5862 832 5915 ‘28.
912 5863 930 5893 ⁷
972 5861 1135 5916 Joan.
1173 5878 1261 5924 xv,
1299 5861 1386 5913 QG.

535 5962 809 6018 Ρλτιιυι.
853 5960 969 6017 (in.
1031 5960 1181 6019 CLII
1197 6004 1209 6015 .

1970 4664 2343 4721 opponuntur,
2374 4651 2512 4704 Filio
2545 4652 2823 4713 tollentes,
2869 4653 3135 4707 minorem
3164 4654 3341 4708 Patris
3365 4670 3557 4709 esseu~

1972 4745 2044 4801 tia
2072 4744 2267 4799 Filium
2309 4746 2621 4799 necessario
2657 4744 2967 4810 fatebimur,
3032 4746 3214 4800 innata
3256 4758 3307 4801 et
3341 4749 3556 4815 propria

1973 4853 2078 4891 non
2107 4838 2183 4903 ei,
2214 4838 2353 4892 sicut
2379 4846 2433 4889 ct
2462 4836 2605 4890 Patri
2639 4837 2928 4892 reddentes
2960 4855 2975 4892 :
3009 4838 3080 4891 ita
3134 4849 3189 4892 et
3235 4844 3556 4908 producere.

1972 4931 2231 4997 quoniam
2270 4930 2542 4982 nativitati
2585 4946 2689 4982 non
2719 4932 2924 4997 obstat,
2963 4931 3065 4985 nisi
3104 4931 3241 4985 Filio
3267 4947 3558 4985 commune

1971 5038 2094 5077 cum
2115 5021 2274 5075 Patre
2304 5026 2409 5085 sit;
2457 5021 2688 5090 sigillum
2724 5037 2947 5091 prorsus
2965 5022 3239 5078 uniforme
3275 5039 3379 5076 non
3430 5026 3555 5087 erit,

1971 5123 2027 5166 et
2067 5114 2469 5167 indetuutabilis
2514 5114 2691 5183 imago
2722 5113 2921 5177 Patris;
2956 5123 3012 5170 et
3052 5130 3193 5171 unus
3214 5130 3341 5170 cum
3396 5115 3558 5169 Patre

1975 5207 2137 5265 Deus.

2041 5300 2222 5370 Itaque
2243 5304 2537 5357 secundum
2564 5306 2809 5374 proprias
2828 5305 3214 5359 substantiales
3241 5305 3556 5371 relationes,

1970 5392 2355 5460 paternitatem
2386 5395 2595 5450 scilicet
2634 5411 2697 5451 ac
2755 5398 3119 5461 nativitatem,
3174 5398 3400 5452 discreti
3434 5415 3556 5451 cum

1969 5483 2079 5535 sint
2107 5485 2405 5538 secundum
2448 5501 2712 5555 personas
2744 5486 2904 5542 Pater
2959 5498 3012 5542 et
3038 5487 3232 5554 Filius,
3266 5505 3560 5543 connunne

1970 5577 2264 5632 iudivisum
2317 5594 2415 5647 per
2480 5581 2585 5634 alia
2628 5582 2808 5635 omnia
2856 5585 2941 5652 pie
2998 5583 3396 5636 observabitur.
3438 5580 3556 5633 Non

1972 5670 2120 5723 enim
2148 5672 2274 5739 quia
2305 5673 2411 5726 duo
2447 5683 2573 5727 sunt
2607 5676 2880 5743 personis,
2911 5676 3029 5730 ideo
3053 5676 3216 5727 etiam
3255 5684 3348 5741 per
3376 5672 3556 5725 outuia
