4020 6206
404 1748 431 1768 \

447 362 548 428 171

1716 364 2122 424 MANUELIS
2162 360 2467 425 CA‘LE'CE

3599 365 3729 432 172‘

437 499 534 539 eos
565 482 803 536 dividere
828 480 1118 546 convenit;
1176 479 1253 532 sic
1307 479 1451 533 enim
1495 487 1676 533 essent.
1722 490 1777 532 et
1815 480 1918 531 duo
1941 493 2025 530 sa—
2058 488 2095 537 Α
2132 476 2437 545 lluviusque
2496 493 2559 531 ex
2610 478 2765 533 oculo
2826 493 2921 548 per
2958 477 3197 542 lentem,
3263 477 3378 532 sive
3432 492 3569 549 aqua
3629 492 3694 533 ex

344 578 369 625 ’.
438 578 671 645 pientes,
698 584 753 631 et
776 577 879 629 duo
910 575 1055 638 boni,
1087 582 1141 626 et
1164 573 1270 625 duo
1306 580 1601 635 creatures,
1639 581 1691 625 et
1715 572 1819 625 duo
1848 571 1942 633 dii,
1971 578 2027 639 et

438 671 544 723 duo
577 670 847 721 mittentes
873 706 887 731 ,
918 667 1173 734 quoniam
1205 664 1368 717 mittit
1413 663 1629 732 quidem
1665 660 1824 716 Pater
1852 662 2027 731 Spiri-

442 773 551 815 tum
580 770 865 822 sauctum;
898 760 1063 812 mittit
1097 772 1225 810 vero
1254 760 1394 810 nunc
1438 766 1489 810 et
1530 754 1746 821 ‘Filius;
1809 764 1861 809 et
1924 756 2019 823 qui

435 855 604 907 mittit
635 854 846 906 initium
881 849 1284 920 quomodolibet
1318 858 1397 902 est
1446 848 1563 916 ejus
1619 847 1710 916 qui
1767 848 2020 900 mittitur.

510 948 719 1000 Idcirco
768 944 969 997 dictum
1006 951 1095 997 est
1129 957 1158 994 a
1191 940 1440 1009 tlteologo
1474 938 1768 1006 Gregorio,
1818 938 2020 1004 princi-

434 1042 579 1108 pium
611 1052 677 1092 ea:
699 1036 979 1104 principio,
1020 1048 1332 1102 quanquam
1373 1045 1479 1085 non
1526 1031 1683 1084 video
1717 1046 1817 1085 cur
1838 1030 2020 1098 potius

436 1149 501 1186 ex
527 1146 591 1184 eo
614 1130 830 1197 quidem
864 1127 1004 1196 quod
1041 1143 1107 1181 ex
1148 1125 1311 1178 Patre
1332 1132 1387 1178 et
1430 1122 1571 1177 Filio
1606 1122 1902 1190 procedam
1932 1122 2019 1175 di-

435 1226 577 1280 citur
606 1221 845 1291 Spiritus
892 1230 1139 1284 sanctus,
1177 1218 1283 1272 duo
1321 1216 1497 1271 sancti
1535 1214 1772 1283 Spiritus
1811 1214 2019 1283 princi-

434 1320 522 1386 pia
548 1322 849 1369 nascuntur
881 1331 895 1365 :
931 1327 997 1365 ex
1021 1326 1089 1364 eo
1117 1318 1298 1364 autem
1341 1309 1485 1376 quod
1528 1322 1556 1360 a
1592 1306 1759 1361 Patre
1788 1316 1843 1359 ct
1880 1304 2016 1361 Filio

434 1410 597 1475 mitti,
634 1426 737 1461 non
770 1408 957 1461 itidem
983 1406 1089 1459 duo
1116 1404 1368 1457 oriantur
1397 1401 1575 1461 initia,
1630 1412 1803 1468 neque
1836 1407 2014 1451 tamen

434 1508 544 1559 duo
580 1504 664 1557 vel
691 1513 799 1555 tres
826 1513 1095 1555 creatura:
1126 1497 1381 1552 dicuntur
1407 1494 1652 1563 opiﬁces,
1679 1502 1734 1545 et
1765 1502 1874 1546 tres
1897 1490 1973 1545 dii
1997 1529 2012 1554 ,

434 1607 488 1650 et
522 1595 625 1647 tria
648 1600 1048 1659 consequenter
1070 1586 1337 1657 principia
1366 1601 1380 1650 ;
1409 1585 1768 1645 sedconstat,
1793 1582 2015 1648 quando

434 1702 613 1755 neque
642 1686 873 1755 sapiens,
909 1697 1085 1750 neque
1117 1690 1330 1733 creator
1359 1677 1675 1745 paternitati
1708 1690 1887 1743 neque
1910 1689 2021 1728 vna-

438 1779 635 1833 tivitati
694 1775 988 1846 opponitur
1043 1791 1058 1829 :
1126 1774 1213 1827 hic
1264 1773 1428 1826 etiam
1483 1770 1626 1823 Patri
1662 1777 1716 1822 et
1768 1766 1936 1831 Filio,
1964 1778 2019 1821 et

434 1882 623 1925 sancto
655 1868 881 1938 Spiritui
918 1879 1208 1921 commune
1238 1874 1345 1924 est,
1389 1863 1603 1930 quando
1622 1875 1725 1913 nec
1749 1860 1868 1927 ejus
1890 1860 2020 1913 sub-

432 1961 673 2017 stantiali
702 1960 1043 2031 proprietati,
1073 1955 1413 2026 processioni
1438 1952 1673 2018 scilicet,
1692 1952 2014 2031 opponitur:

434 2070 575 2106 unus
627 2063 841 2105 creator
895 2064 1175 2118 unumque
1213 2056 1479 2123 creatura:
1525 2030 1854 2114 principium
1897 2042 2021 2095 Tri-

435 2150 597 2201 nitas.
632 2148 707 2200 Ac
750 2144 966 2198 mittere
1003 2141 1267 2210 Spiritum
1302 2149 1550 2192 sanctum
1598 2134 1745 2188 Patri
1774 2133 2019 2201 Filioque

433 2253 721 2295 commune
753 2247 856 2299 est,
900 2236 1098 2304 quippe
1141 2248 1265 2288 cum
1298 2246 1472 2301 neque
1524 2231 1622 2283 hoc
1653 2244 1841 2284 eorum
1896 2227 2021 2281 sub-

433 2331 786 2386 stantialilnts
814 2326 1242 2398 proprietatibus
1272 2325 1473 2378 obstet.
1508 2322 1633 2376 Ideo
1666 2330 1724 2375 et
1761 2334 1901 2373 unus
1924 2319 2016 2387 qui

434 2425 623 2485 mittit,
664 2422 827 2475 Pater
855 2431 908 2473 et
942 2418 1111 2473 Filius
1144 2426 1249 2473 est.
1300 2415 1564 2470 Similiter
1607 2414 1697 2481 qui
1744 2411 2014 2482 producit,

433 2531 575 2569 unus
633 2526 711 2568 est
764 2517 950 2566 eadem
1006 2512 1237 2565 ratione.
1292 2506 1494 2561 Sancto
1550 2514 1728 2558 autem
1789 2504 2015 2573 Spiritui

432 2608 651 2661 mittere
684 2622 745 2660 ac
777 2608 1098 2673 producere,
1158 2612 1217 2654 ιιι
1247 2601 1365 2669 ejus
1396 2596 1741 2653 snbslantiali
1794 2596 2015 2665 opposi~

436 2711 549 2753 tum
582 2699 907 2767 proprietati
942 2711 1049 2749 non
1088 2695 1277 2759 adest;
1301 2689 1448 2760 quod
1478 2690 1622 2742 enim
1655 2688 1924 2755 producit,
1952 2686 2033 2761 ad,

432 2795 485 2847 id
518 2793 656 2862 quod
692 2792 1037 2861 producitur,
1069 2788 1334 2852 refertur;
1375 2796 1426 2839 et
1464 2784 1606 2853 quod
1658 2781 2002 2849 producitur,

431 2884 501 2937 ad
531 2885 582 2938 id
606 2886 749 2952 quod
777 2882 1046 2952 producit,
1079 2880 1163 2934 vel
1196 2878 1424 2944 inspirat
1450 2876 1662 2928 itidem.
1694 2871 1810 2924 Non
1834 2880 2014 2923 autem

431 2976 692 3046 possibile
756 2984 842 3027 est
895 2975 1036 3027 idem
1073 2986 1193 3026 esse
1234 2970 1373 3038 quod
1428 2968 1698 3037 producit,
1759 2976 1814 3020 et
1872 2962 2015 3033 quod

428 3069 773 3140 producitur.
838 3065 986 3121 Nihil
1037 3065 1183 3119 enim
1237 3064 1316 3116 sui
1384 3062 1552 3130 ipsius
1608 3076 1773 3113 causa
1833 3069 1939 3113 e~t.

2131 570 2280 627 fonte
2320 589 2415 641 per
2462 573 2704 637 ﬂuvium,
2739 581 2795 626 et
2843 571 3051 625 fructus
3114 586 3179 624 ex
3244 571 3424 623 radice
3480 584 3577 639 per
3618 586 3703 622 ra-

2132 680 2302 730 mum,
2343 668 2643 720 sceundum
2682 680 2847 719 unum
2897 678 3211 731 processum
3242 677 3516 731 unumque
3546 665 3701 732 prin-

2128 756 2354 821 cipium,
2411 760 2696 824 prodeunt.
2758 755 2815 809 Si
2872 763 3050 808 autem
3088 755 3189 807 hoc
3220 753 3270 807 iu
3308 751 3537 805 materia
3574 767 3709 805 con-

2132 848 2316 915 tingit,
2375 850 2544 902 multo
2613 850 2784 917 magis
2842 848 2891 900 in
2941 845 3159 908 divinis,
3219 856 3385 914 atque
3427 844 3496 898 ab
3552 844 3707 896 omni

2132 943 2360 994 materia
2409 942 2654 1003 remotis,
2693 956 2813 1010 quae
2858 939 2977 993 sine
3021 948 3262 1005 tempore
3308 945 3361 991 et
3422 936 3708 991 intervallo

2128 1032 2510 1101 inspiciuntur.

2201 1124 2433 1179 Tantum
2463 1140 2591 1178 vero
2618 1126 2772 1177 abest
2804 1133 2860 1178 tit
2894 1122 3121 1175 Rutuani
3152 1130 3209 1175 et
3238 1121 3413 1175 Latini
3442 1121 3548 1175 duo
3576 1122 3704 1190 Spi-

2129 1220 2267 1274 ritus
2311 1220 2572 1288 prittcipia
2615 1220 2816 1271 duosve
2865 1230 3156 1286 processus
3201 1214 3593 1279 conﬁteantur,
3639 1226 3702 1268 ut

2128 1326 2223 1368 eos
2266 1326 2484 1380 quoque
2518 1310 2996 1372 anatltematizent,
3040 1306 3289 1377 qui'talia
3337 1307 3518 1361 dicere
3562 1321 3707 1375 prrco

2127 1414 2374 1459 sumunt.
2427 1403 2667 1473 Denique
2698 1404 2749 1456 in
2795 1401 3142 1472 Lugdunensi
3193 1400 3446 1465 concilio,
3496 1398 3707 1455 Cra-cis

2127 1496 2445 1567 Latinisque
2468 1498 2807 1564 congregatis
2829 1536 2844 1559 ,
2896 1497 3011 1549 haec
3056 1493 3331 1549 sententia
3365 1493 3707 1561 promulgata

2126 1597 2211 1642 est
2242 1605 2257 1641 :
2288 1603 2449 1656 quam
2483 1588 2730 1655 plurimis
2754 1587 2807 1641 in
2852 1587 3012 1649 locis,
3041 1586 3244 1639 Gratcis
3274 1584 3590 1650 Latinisque
3621 1586 3708 1638 in-

2127 1679 2385 1747 scriptam
2433 1678 2629 1732 litteris
2682 1687 2737 1730 et
2786 1677 2962 1743 libris,
3017 1676 3175 1732 facile
3238 1676 3330 1746 qui
3374 1674 3591 1743 quaerit,
3628 1676 3711 1727 in-

2048 1812 2095 1871 B
2124 1772 2291 1826 venit.

2185 1862 2495 1932 Gregorius
2523 1864 2591 1927 Χ,
2625 1865 2676 1918 in
2709 1864 3055 1935 Lugdunensi
3092 1865 3391 1920 universali
3418 1863 3651 1919 concilio
3688 1880 3702 1917 :

2129 1953 2393 2021 lteligiosa
2423 1973 2485 2009 ac
2508 1955 2653 2022 ﬁdeli
2680 1974 2801 2010 voce
2838 1960 3264 2026 pronuntiamus,
3288 1956 3543 2027 Spiritum
3564 1973 3709 2009 san-

2127 2056 2264 2098 curm
2307 2062 2372 2100 ea;
2412 2046 2574 2102 Patre
2605 2058 2653 2101 et
2680 2047 2821 2101 Filio
2851 2059 3062 2111 ceterae,
3095 2065 3197 2102 non
3229 2049 3388 2102 veluti
3415 2063 3479 2100 ea:
3501 2048 3706 2099 duobus

2124 2137 2417 2204 principiis,
2446 2138 2537 2191 sed
2560 2150 2702 2193 utea:
2734 2154 2983 2203 ammon
3008 2138 3215 2193 duabus
3241 2138 3706 2207 inspirationibus,

2124 2230 2203 2284 uel
2254 2231 2701 2299 processiom'bus,
2767 2232 2859 2287 sed
2906 2248 3010 2286 una
3054 2235 3335 2301 eademque
3392 2235 3694 2300 procedere.

2125 2322 2281 2375 Istud
2307 2342 2335 2376 a
2363 2324 2619 2392 principio
2655 2326 2892 2394 confem
2915 2335 2989 2378 est
3008 2366 3022 2389 ,
3054 2328 3461 2392 prtedicavit,'et
3493 2324 3704 2385 docuit,

2124 2416 2219 2469 hoc
2236 2416 2436 2482 valide,
2459 2425 2509 2469 et
2540 2418 2966 2472 constantissime
2991 2429 3146 2485 tenet,
3166 2420 3453 2488 prwdicat,
3492 2419 3711 2485 conﬁtec

2086 2519 2215 2561 'tur
2246 2520 2295 2562 et
2340 2512 2486 2562 docet
2532 2521 2875 2565 sacrosancta
2925 2510 3165 2565 Romana
3218 2512 3481 2575 Ecclesia,
3535 2520 3709 2563 mater

2124 2602 2358 2655 omnium
2388 2602 2650 2670 ﬁdelium,
2681 2621 2745 2657 ac
2763 2606 3025 2674 magistra
3046 2621 3065 2667 ,'
3090 2606 3335 2669 istudque
3364 2614 3496 2656 tenet
3524 2605 3709 2655 art/to-

2124 2700 2407 2748 doxorum'
2441 2695 2667 2749 Patrum
2724 2714 2785 2750 ac
2828 2698 3127 2765 doctorum,
3187 2697 3493 2750 Latinorum
3548 2709 3709 2765 atque

2124 2787 2454 2853 Gra'corutn,
2514 2805 2637 2843 vera
2682 2791 3075 2859 intritobiltsque
3133 2796 3411 2845 sententia.
3488 2790 3701 2851 Verum,

2123 2884 2250 2951 quia
2280 2883 2523 2936 nonnulli
2569 2900 2663 2953 per
2696 2885 3058 2954 ignorantiam
3111 2885 3269 2947 huius
3317 2884 3708 2953 irrefragubilis

2124 2976 2381 3037 veritatis,
2440 2978 2495 3028 in
2531 2977 2752 3029 hrercscs
2805 2980 2983 3030 rarias
3031 2978 3167 3045 lapsi
3208 2989 3329 3030 sunt
3382 2993 3399 3029 .'
3442 2993 3555 3039 uos,
3606 2979 3705 3028 liu-

2115 3065 2357 3134 jusmodi
2384 3068 2666 3122 Ittvresibus
2708 3086 2910 3121 omnem
2939 3071 3139 3122 aditum
3159 3071 3428 3123 obstruere
3452 3070 3700 3132 volentes,

508 3159 799 3222 Praeterea,
851 3157 897 3213 si
929 3156 1237 3225 producens
1283 3152 1519 3220 Spiritus
1567 3153 1663 3215 Sil.
1715 3148 2015 3219 βτυευάῢηθ
2042 3163 2086 3223 c
2120 3174 2273 3209 sacro
2316 3159 2476 3211 simul
2522 3161 2829 3213 decernente
2878 3161 3126 3223 concilio,
3163 3163 3479 3213 damnamus
3511 3178 3587 3213 ια(
3620 3179 3704 3212 re-

426 3266 554 3307 esse
581 3251 810 3313 desinet,
835 3256 894 3304 et
920 3247 1176 3317 Spiritus,
1210 3246 1355 3314 quod
1388 3244 1546 3309 ltujns
1576 3242 1886 3310 proprietas
1908 3252 2016 3294 est.

435 3343 500 3395 Et
531 3344 657 3404 erit,
694 3341 774 3395 vel
821 3339 1095 3408 gignendo
1142 3339 1324 3403 Patre,
1350 3346 1403 3389 et
1452 3336 1723 3405 quomodo
1758 3351 1787 3387 a
1823 3334 2017 3387 Patre?

433 3436 519 3489 vel
554 3435 869 3504 pt-txtuctor,
917 3440 976 3485 et
1014 3432 1286 3501 quomodo
1343 3428 1619 3496 Spiritus?
1676 3429 1781 3481 Sed
1834 3443 2018 3495 neque

432 3527 628 3583 tertius
668 3541 701 3579 a
752 3525 916 3580 Patre
948 3526 1071 3585 erit,
1102 3524 1256 3589 juxta
1287 3524 1511 3575 Patrum
1545 3522 1888 3588 theologiam,
1925 3535 2017 3575 se-

424 3619 869 3688 ‘cundunt‘quam
902 3632 966 3671 ex
1000 3617 1163 3671 Pater
1201 3631 1296 3685 per
1330 3605 1537 3669 Filium
1585 3613 1829 3683 procedit
1859 3629 1876 3667 :
1904 3614 2017 3666 sic-

432 3728 540 3781 que
566 3726 742 3780 neque
783 3703 1104 3778 procedens,
1145 3717 1239 3760 aut
1288 3706 1526 3773 Spiritus
1561 3706 1689 3761 erit.
1725 3704 1935 3757 Idcirco
1959 3713 2019 3757 ut

425 3803 703 3871 obiectum
754 3800 1069 3871 proprietati
1120 3814 1251 3859 sum,
1298 3798 1587 3864 producere
1638 3796 1705 3849 ab
1737 3796 1855 3864 ipso
1883 3799 2017 3851 alie-

434 3910 562 3947 num
591 3895 716 3956 erit,
757 3893 859 3945 etsi
903 3893 971 3942 sit
1004 3889 1247 3958 ejusdem
1276 3904 1397 3940 cum
1431 3886 1594 3941 Patre
1621 3897 1673 3941 ct
1707 3887 1846 3942 Filio
1877 3886 2011 3940 sub-

434 3988 670 4049 stantim,
715 3996 882 4037 ures
918 3985 1047 4051 ipsis
1082 3982 1471 4042 essentialiter,
1516 3993 1570 4035 et
1604 3982 1756 4051 quasi
1792 3983 1862 4036 ab
1909 3997 2013 4034 una

434 4095 494 4132 re
515 4080 804 4132 exsisteus.
834 4076 1121 4142 Propterea
1152 4085 1203 4128 et
1247 4074 1336 4141 qui
1371 4089 1434 4127 ex
1468 4073 1626 4129 Patre
1648 4087 1700 4129 et
1722 4072 1863 4127 Filio
1887 4089 2017 4142 pro-

432 4171 627 4224 cedere
671 4164 935 4237 Spirittnn
999 4174 1248 4219 sanctum
1310 4167 1658 4231 conﬁtentur,
1712 4181 1891 4235 neque
1945 4180 2012 4219 ex

432 4259 596 4315 Patre
642 4260 826 4312 dicunt
855 4258 1150 4311 secundum
1205 4257 1595 4326 proprietatem
1648 4256 1823 4310 Patris
1866 4257 2014 4326 (lucc

432 4349 577 4401 enim
604 4349 669 4401 ad
702 4347 894 4402 Filium
926 4347 1143 4412 dicitur)
1164 4386 1178 4409 ,
1216 4361 1392 4415 neque
1430 4363 1494 4400 ex
1526 4346 1682 4411 Filio,
1714 4351 2013 4402 secundum

433 4441 555 4496 Filii
582 4440 1116 4508 iit-llttitimtettt,cjtts
1144 4439 1340 4507 quippe
1369 4443 1507 4494 ratio
1534 4440 1599 4493 ad
1627 4443 2013 4508 paternitatem

2119 3250 2403 3319 probamus
2432 3268 2633 3316 omnes,
2679 3254 2770 3320 qui
2804 3268 2995 3321 negare
3043 3257 3239 3305 mutent
3280 3252 3536 3319 Spiritum
3575 3264 3703 3305 san-

2120 3355 2259 3395 ctum
2300 3358 2363 3395 ea:
2402 3341 2563 3397 Patre
2591 3354 2638 3397 et
2686 3344 2829 3397 Filio
2868 3354 3064 3398 wterne
3117 3347 3413 3412 procedere,
3472 3347 3702 3399 sice'aui

2121 3437 2405 3488 temeraria
2451 3438 2680 3490 audacia
2729 3440 2987 3507 afﬁrmant
3036 3436 3295 3504 Spiritum
3324 3454 3389 3492 cat
3432 3438 3592 3493 Patre
3650 3448 3705 3491 et

2119 3526 2276 3590 Filio,
2329 3527 2486 3581 veluti
2527 3544 2591 3581 ea:
2628 3529 2833 3582 duobus
2872 3530 3166 3599 principiis,
3211 3546 3313 3583 non
3352 3546 3416 3583 ea:
3445 3547 3548 3583 uno
3574 3546 3701 3597 pro-

2118 3619 2323 3676 cedere.
3180 3626 3183 3629 ’

2195 3712 2300 3767 Ista
2327 3714 2395 3768 ab
2415 3717 2686 3770 omnibus
2723 3731 2789 3770 eo
2820 3718 3271 3771 t'om'euieutibus
3320 3718 3473 3769 lirnta
3497 3727 3699 3771 atrata

2119 3806 2327 3872 habita,
2381 3808 2686 3877 litterisque
2731 3808 2935 3864 Grzccis
2986 3821 3039 3863 ct
3088 3808 3298 3864 Latinis
3358 3810 3583 3877 scripta,
3644 3818 3699 3861 ct

2120 3900 2260 3968 apud
2296 3914 2390 3953 eos
2422 3900 2642 3964 durant,
2679 3912 2733 3956 et
2763 3903 3292 3971 Constantinopolim
3320 3914 3446 3955 tunc
3473 3919 3598 3954 eum
3630 3902 3705 3955 lc-

2118 3993 2259 4058 gtttis
2286 3992 2451 4045 missa
2480 4002 2638 4046 sunt;
2665 3992 2814 4058 Quod
2840 3995 2884 4048 si
2921 4008 3062 4048 nunc
3090 3994 3188 4047 ista
3222 3994 3419 4061 scripta
3453 4007 3557 4044 non
3584 3992 3705 4045 ubl-

2119 4096 2226 4150 que
2257 4093 2574 4147 cernuntur,
2602 4084 2708 4137 alia
2741 4085 2880 4137 ratio
2907 4094 3011 4137 est.
3069 4082 3353 4148 Quomodo
3397 4086 3541 4137 enim
3584 4098 3705 4135 ser-

2122 4183 2242 4225 vata
2274 4182 2400 4227 sunt
2430 4176 2653 4244 scripta,
2680 4191 2910 4244 quorum
2942 4192 3076 4243 opus
3100 4184 3225 4245 post
3252 4179 3520 4230 modicum
3549 4194 3706 4229 ever-

2118 4282 2236 4321 sntn
2274 4268 2397 4321 est?
2419 4266 2649 4322 Tantam
2684 4278 2862 4322 tamen
2892 4284 2961 4321 ac
2991 4277 3099 4320 tam
3133 4268 3398 4322 celebrent
3435 4271 3703 4337 synodum

2122 4358 2267 4411 illaut
2296 4371 2529 4429 propter
2549 4362 2661 4413 haec
2686 4359 2855 4415 fuisse
2909 4360 3218 4426 conﬂatam,
3264 4362 3404 4428 apud
3439 4362 3705 4429 plurimos

2120 4452 2297 4504 adhuc
2322 4454 2385 4505 'in
2418 4454 2678 4507 tttemoria
2709 4463 2813 4508 est.

433 4536 757 4590 ι’θὶςιιίυιιριιι
792 4548 853 4587 ac
892 4533 1249 4587 Sllba‘ldllliﬂlll
1294 4533 1480 4598 habet,
1513 4532 1607 4586 scd
1650 4534 1702 4587 in
1737 4546 2005 4603 quantum
2049 4512 2092 4567 Β
2195 4543 2271 4596 Ex
2304 4544 2386 4597 his
2434 4556 2615 4597 auten]
2664 4545 2971 4599 evidentius
3006 4546 3063 4599 ﬁt
3099 4548 3261 4601 οιίῃηι
3314 4548 3457 4618 quod
3502 4550 3702 4604 beatus

432 4641 599 4679 unum
639 4637 765 4680 sunt
810 4624 969 4679 Pater
1000 4625 1275 4690 et‘Filius,
1310 4628 1606 4681 secundum
1641 4629 1852 4683 scilicet
1887 4644 2012 4698 pto-

432 4718 667 4771 ducendi
702 4719 991 4771 rationem.

508 4808 662 4861 Sicut
698 4808 843 4861 enini
877 4813 1095 4877 quando
1132 4825 1227 4878 per
1279 4811 1477 4865 Filium
1519 4814 1700 4866 omnia
1738 4814 2013 4877 dicuntur,

434 4902 611 4955 unitio
661 4902 957 4955 voluntatis
1011 4903 1339 4969 ostenditur,
1383 4916 1438 4956 ut
1473 4906 1547 4959 ait
1602 4922 1827 4974 magnus
1866 4905 2015 4962 Basi-

426 4992 562 5055 lius,
630 4993 701 5047 ita
736 5004 791 5046 et
848 5008 973 5046 cum
1007 5008 1074 5046 ex
1133 4991 1293 5049 Patre
1326 5011 1417 5062 per
1472 4994 1668 5049 Filium
1719 5003 2017 5062 procedere

436 5082 675 5149 Spiritus
712 5082 933 5146 dicitur,
976 5083 1148 5135 unitio
1183 5081 1364 5136 Patris
1396 5093 1450 5137 et
1510 5082 1656 5145 Filii,
1714 5088 2013 5141 secundum

435 5173 846 5227 subsmntialeui
880 5188 1195 5242 processum
1237 5173 1474 5242 Spiritus
1506 5179 1677 5230 sancti
1731 5193 2018 5235 commen-

435 5266 635 5330 datur;
690 5266 945 5333 quocirca
992 5275 1046 5320 et
1118 5282 1284 5320 Unum
1351 5268 1674 5337 principium
1753 5270 2014 5338 fatentur,

434 5372 713 5426 unumque
767 5358 937 5427 ipsius
972 5373 1312 5428 processum,
1368 5371 1421 5412 ut
1468 5363 1536 5414 ab
1574 5378 1679 5416 uno
1712 5379 1725 5417 :
1761 5366 2015 5435 gignendi

435 5449 645 5505 scilicet
668 5464 731 5504 ac
754 5453 1010 5506 nascendi
1035 5452 1365 5507 discretione
1390 5464 1628 5509 servata.

508 5541 828 5611 Quanquam
862 5553 915 5596 et
953 5544 1251 5598 secundum
1287 5547 1534 5616 ext-inpia
1572 5550 1637 5603 de
1672 5559 1859 5604 sancta
1895 5549 2016 5604 Tri-

438 5645 607 5690 nitate
664 5650 693 5688 a
749 5637 953 5690 sanctis
1007 5634 1257 5691 Patribus
1314 5642 1521 5707 posita,
1571 5644 1712 5710 quod
1764 5644 2010 5703 dicimus,

435 5726 776 5782 extrinsecus
829 5728 1101 5796 c0ugruit.
1165 5727 1277 5781 Lux
1330 5734 1472 5783 enim
1523 5743 1606 5785 est
1647 5748 1713 5785 ex
1762 5736 1874 5788 side
1920 5751 2017 5803 per

430 5826 669 5893 radium,
705 5833 865 5895 atque
895 5837 962 5879 ex
1011 5822 1165 5878 radio
1199 5822 1339 5879 velut
1366 5836 1431 5877 ex
1465 5839 1573 5880 uno
1604 5827 1873 5899 principio
1898 5843 1999 5899 est,

2120 4636 2386 4691 Maximus
2441 4641 2571 4693 dixit
2644 4657 2657 4692 :
2708 4638 2972 4713 Romanos
3054 4645 3358 4708 conﬁtcntes
3418 4661 3483 4697 ex
3534 4643 3700 4699 Patre

2117 4742 2163 4781 et
2188 4727 2330 4783 Filio
2353 4732 2629 4798 procedere
2656 4730 2916 4800 Spiritum
2968 4745 3230 4799 sanctum,
3262 4746 3365 4787 non
3398 4737 3588 4788 Filium
3628 4742 3703 4791 la-

2122 4822 2222 4876 teri
2272 4825 2441 4876 sancti
2489 4823 2722 4890 Spiritus
2768 4839 3008 4879 causam.
3066 4823 3249 4894 Neque
3300 4828 3444 4880 enim
3490 4826 3689 4881 Filium

2121 4930 2284 4970 eausa
2323 4916 2665 4970 detrudeutes
2698 4917 2798 4970 ltoc
2831 4918 3120 4982 dixerunt;
3162 4920 3256 4972 sed
3294 4936 3358 4973 ne
3395 4923 3530 4973 duas
3569 4936 3702 4973 can.

2122 5023 2209 5063 sas
2264 5009 2636 5075 ostenderent,
2695 5007 2908 5065 Patrem
2968 5024 3022 5066 et
3086 5013 3297 5074 Filium.
3347 5016 3533 5070 sedex
3590 5035 3697 5069 una

2120 5116 2279 5155 causa
2315 5110 2475 5170 atque
2501 5100 2792 5169 principio,
2850 5117 2910 5157 ex
2969 5104 3124 5158 Patre
3152 5116 3203 5159 et
3232 5104 3366 5159 Filio
3398 5108 3697 5174 procedere

2121 5192 2382 5273 Spiritum
2417 5201 2685 5247 sanctum.
2714 5194 2809 5248 Isti
2847 5196 3028 5261 igitur,
3067 5207 3124 5249 ut
3165 5199 3241 5251 ait
3274 5198 3554 5259 Maximus,
3593 5217 3701 5253 non

2120 5284 2510 5338 rationabiliter
2549 5303 2686 5339 nunc
2713 5289 3009 5342 insimulati
3047 5299 3192 5355 sunt,
3229 5304 3281 5345 et
3311 5308 3453 5345 nunc
3484 5294 3703 5345 irratio-

2122 5379 2373 5433 nabiliter
2396 5380 2687 5435 calumniis
2716 5394 2973 5450 aguntur.

2196 5469 2299 5534 Qui
2360 5485 2487 5523 vero
2527 5471 2754 5525 duorum
2796 5473 3180 5542 principiorum
3218 5476 3424 5530 crimen
3466 5493 3707 5547 exagge-

2122 5571 2266 5625 rant,
2307 5562 2510 5615 addttnt
2574 5564 2737 5616 etiam
2795 5563 3091 5619 dicentes:
3147 5566 3288 5631 Quia
3339 5573 3547 5635 genitor
3594 5586 3705 5624 non

2120 5652 2276 5716 idem,
2309 5653 2446 5720 quod
2479 5670 2612 5707 unus
2653 5656 2943 5721 productor
2969 5668 3067 5709 est.
3114 5657 3253 5710 Nam
3288 5662 3334 5711 si
3368 5671 3499 5713 esset
3538 5661 3708 5727 idem,

2120 5748 2277 5799 etiam
2319 5756 2730 5803 converteretur.
2770 5748 2991 5802 Genitor
3021 5754 3158 5803 enim
3195 5763 3242 5805 et
3273 5759 3559 5819 productor
3588 5766 3664 5807 cst
3686 5778 3708 5820 ,

2120 5853 2222 5891 non
2277 5849 2453 5892 autem
2507 5848 2553 5893 et
2602 5838 2890 5907 productor
2941 5842 3167 5911 genitor.
3226 5842 3530 5897 l’roductor
3561 5848 3709 5900 enim
