3996 6222
328 322 439 393 173

1427 328 1829 390 ADVERSUS
1866 331 2183 393 GRAECOS
2238 334 2385 395 LIB.
2435 336 2549 396 III.

3493 335 3599 402 17‘

320 456 399 500 est
445 455 496 497 et
540 440 731 507 Filius,
757 443 915 507 iuxta
948 460 1036 497 eos
1077 444 1166 514 qui
1223 446 1380 498 etiam
1421 462 1484 499 ea:
1528 445 1674 500 Filio
1720 449 1905 502 dicunt
1938 473 1981 526 Α
2014 468 2107 507 seu
2129 454 2355 522 specie),
2381 454 2474 506 scd
2499 449 2794 506 secundum
2819 447 3271 519 significationem
3294 452 3598 519 nominum,

322 535 590 604 Spiritum
630 545 893 599 sanctum,
922 539 1010 604 qui
1043 538 1249 604 genitor
1278 540 1457 606 utique
1508 554 1611 592 non
1639 550 1751 605 est;
1773 558 1905 610 quo-

318 632 466 695 uiam
497 645 617 681 vero
640 645 742 681 non
800 631 1146 693 convertitur,
1192 632 1439 699 di/ferens
1488 643 1585 686 est.
1629 633 1820 702 Itaque
1853 644 1903 686 et

318 728 425 779 duo
457 734 615 777 erunt
644 724 1181 792 productoresmuod
1213 726 1257 776 si
1297 728 1474 790 detur,
1514 738 1561 778 et
1600 727 1704 778 duo
1741 728 1898 779 etiam

316 818 609 889 principia.
1250 826 1253 827 ν

398 945 556 1014 Digni
590 957 727 997 sane
760 950 910 1006 sunt,
945 940 1035 1010 qui
1070 939 1176 993 ista
1214 938 1425 1003 dicunt,
1459 948 1515 992 ut
1555 950 1609 992 et
1638 938 1740 1007 ipsi
1780 952 1907 991 con-

319 1050 404 1095 tra
459 1040 866 1105 interrogentur
919 1051 934 1087 :
976 1048 1043 1086 an
1074 1033 1214 1087 idem
1251 1030 1413 1086 Pater
1460 1030 1663 1100 estqui
1718 1030 1905 1095 mittit,

316 1146 379 1189 et
409 1148 553 1187 unus
585 1128 835 1184 mittens?
863 1126 1074 1197 Quippe
1105 1126 1265 1180 Pater
1304 1134 1358 1181 et
1389 1124 1609 1180 mittens
1639 1134 1743 1190 est,
1777 1124 1904 1176 tuit-

317 1236 445 1281 lens
469 1238 601 1279 vero
637 1237 743 1276 non
773 1220 1038 1281 cotttinuo
1069 1231 1152 1273 est
1191 1216 1372 1272 Pater.
1405 1217 1500 1272 Est
1525 1215 1669 1270 enim
1719 1224 1776 1268 et
1812 1211 1905 1265 Fi-

315 1318 428 1372 lius
482 1316 727 1378 mittens,
770 1312 860 1382 qui
915 1326 1021 1365 non
1053 1318 1138 1365 est
1167 1308 1365 1373 Pater;
1420 1323 1594 1377 neque
1626 1308 1769 1363 enim
1804 1305 1905 1359 hoc

312 1409 685 1472 convertitur,
716 1419 888 1474 neque
916 1404 1017 1472 ipsi
1049 1404 1152 1457 duo
1180 1402 1447 1473 principia
1484 1400 1779 1468 ellugient;
1809 1397 1904 1468 qui

312 1504 467 1558 enim
498 1500 668 1555 mittit
696 1497 835 1567 ejus,
894 1496 1037 1566 quod
1086 1496 1337 1556 mittitur.
1367 1510 1531 1549 causa
1564 1490 1909 1563 quomodoli-

314 1597 410 1652 bet
459 1602 567 1656 est;
602 1590 648 1647 si
696 1599 879 1644 autem
921 1603 986 1643 ex
1014 1587 1206 1654 Patre,
1247 1598 1303 1642 et
1330 1591 1600 1650 mittente,
1656 1601 1764 1639 non
1798 1584 1905 1638 duo

311 1685 650 1755 colliguntur
680 1679 853 1746 initia,
881 1692 1057 1748 neque
1088 1677 1232 1732 enim
1263 1677 1421 1731 Pater
1462 1677 1699 1741 mittens,
1731 1683 1785 1729 et
1817 1672 1908 1728 Fi-

311 1778 424 1833 lius
478 1775 755 1830 diceretur
808 1772 1027 1827 mittere
1084 1768 1348 1840 Spiritum
1395 1777 1686 1833 sanctum;
1739 1781 1805 1821 ne
1852 1765 1906 1819 in

2017 557 2071 599 et
2106 545 2262 599 sicuti
2302 546 2455 599 nobis
2482 544 2745 615 possibile
2779 553 2862 598 est
2903 559 2997 612 per
3028 550 3144 604 bare
3171 546 3356 601 divina
3397 548 3600 603 intelli-

2016 654 2167 707 gere,
2202 640 2372 693 nostri
2401 639 2621 695 habitus
2651 643 3069 695 consuetudine.

2091 751 2553 817 Quemadmodum
2588 754 2749 823 igitur
2772 754 2931 808 Pater
2953 766 3006 809 et
3032 757 3190 816 Deus.
3228 772 3314 809 res
3339 773 3441 809 una
3468 758 3599 809 dua—

2014 848 2116 901 bus
2142 844 2407 899 intellecta
2439 847 2739 901 rationibus
2760 889 2772 911 ,
2806 847 2909 901 alia
2940 848 3159 917 quidem
3199 848 3598 912 universalins,

2016 936 2118 990 alia
2148 951 2276 990 vero
2313 937 2699 1005 particularius
2728 955 2744 993 :
2775 940 2847 994 ita
2878 950 2932 994 et
2980 942 3274 1009 productor
3316 953 3368 995 et
3412 939 3597 1006 Pater,

2018 1044 2123 1083 una
2176 1026 2393 1098 quidem
2437 1044 2523 1081 res
2555 1031 2713 1084 ambo
2744 1040 2891 1097 sunt,
2926 1041 2979 1086 et
3008 1030 3178 1097 Filius
3204 1044 3257 1087 et
3304 1034 3603 1101 productor

2016 1122 2290 1176 similiter.
2351 1122 2393 1174 Α
2431 1123 2584 1176 nobis
2616 1135 2795 1177 autem
2830 1125 3038 1178 duabus
3069 1126 3373 1181 rationibus
3404 1139 3601 1193 agnoso

2026 1210 2171 1265 citur
2216 1229 2229 1264 :
2280 1211 2450 1265 altera
2511 1212 2918 1280 particular-ius,
2969 1215 3137 1269 altera
3206 1214 3599 1274 ttniversalius,
3668 1242 3672 1247 ι

2015 1312 2074 1357 ut
2106 1304 2309 1358 dictum
2339 1312 2444 1359 est.
2490 1301 2674 1374 Neque
2702 1307 2846 1359 enim
2876 1309 3131 1376 praevalet
3180 1309 3419 1363 humana
3453 1326 3599 1379 pau-

2015 1404 2199 1464 pertas
2250 1394 2329 1447 vel
2372 1396 2530 1450 aliter
2572 1396 2639 1450 de
2670 1397 2869 1452 divinis
2903 1399 3072 1468 loqui,
3104 1400 3187 1455 vel
3217 1419 3327 1457 uno
3380 1406 3601 1462 nomine

2015 1494 2187 1540 telum
2213 1484 2513 1550 insinuare,
2541 1486 2802 1555 quidquid
2842 1503 2938 1558 per
2962 1488 3130 1544 multa
3166 1493 3385 1548 nomina
3438 1496 3601 1554 intel-

2014 1576 2376 1647 ligentiasque
2421 1576 2954 1647 comprehendimus.

2085 1688 2600 1755 Quocircmduabus
2629 1690 2851 1759 quidem
2889 1691 3260 1766 intelligentiis
3292 1708 3347 1756 et
3371 1704 3597 1761 rationl-

2014 1779 2117 1836 bus
2163 1778 2326 1835 Pater
2347 1791 2400 1836 et
2430 1781 2727 1851 productor
2754 1783 3096 1852 intelligitur,
3147 1799 3207 1844 ut
3250 1791 3454 1850 dictum
3483 1805 3599 1863 est;

314 1870 573 1943 genitore
631 1867 854 1937 quidem
887 1874 942 1921 et
973 1863 1304 1935 productore
1356 1862 1499 1917 istud
1531 1861 1655 1916 erit.
1703 1857 1811 1913 Sed
1851 1856 1905 1912 id

2016 1888 2117 1927 non
2150 1881 2332 1926 tamen
2367 1873 2468 1928 boc
2492 1871 2623 1927 facit
2662 1890 2846 1929 rerum
2875 1876 3279 1941 dillerentiatn:
3320 1885 3425 1941 hac
3448 1856 3602 1943 enini

319 1959 623 2017 dicendum
662 1955 807 2025 quod
855 1965 911 2010 et
961 1964 1121 2010 antea
1149 1954 1408 2018 diximus,
1440 1967 1561 2022 quae
1590 1952 1643 2004 in
1682 1949 1791 2006 Deo
1821 1950 1907 2003 die

313 2060 525 2108 cuntur
575 2048 669 2105 ubi
719 2064 825 2102 non
877 2046 1062 2102 obstat
1103 2045 1381 2100 relationis
1423 2041 1719 2113 oppositio,
1768 2040 1907 2095 nihil

311 2144 618 2217 prohibere
670 2138 943 2208 personis,
998 2152 1093 2192 seu
1151 2150 1398 2206 persollae
1447 2135 1687 2188 adesse:
1753 2142 1905 2200 puta,

322 2238 473 2292 Deus
502 2233 722 2303 quidem
753 2240 808 2285 et
837 2232 1013 2285 bonus
1034 2238 1318 2282 etcreator
1341 2244 1356 2293 ;
1380 2226 1503 2297 quia
1532 2238 1704 2295 neque
1722 2234 1909 2294 pater-

317 2326 483 2382 nitati
520 2337 697 2393 neque
722 2320 993 2376 nativitati
1019 2318 1232 2389 objecta
1257 2330 1404 2373 sunt.
1443 2317 1603 2370 Pater
1632 2326 1685 2371 et
1710 2314 1901 2380 Filius,

316 2434 465 2473 unus
516 2415 659 2471 Deus
714 2423 767 2468 et
804 2423 1019 2467 creator
1066 2422 1120 2466 et
1163 2411 1338 2466 bonus
1371 2420 1491 2477 est;
1529 2410 1700 2465 Filius
1752 2421 1903 2471 vero,

315 2509 584 2580 quoniam
619 2504 686 2558 ad
722 2503 1277 2571 Patrem'oppenitur,
1309 2517 1411 2556 non
1444 2503 1547 2555 erit
1580 2501 1720 2555 idem
1760 2498 1911 2567 geni-

314 2612 407 2656 tor
429 2615 499 2655 ac
530 2597 726 2661 Filius,
760 2609 941 2664 neque
967 2596 1104 2648 idem
1139 2593 1307 2649 Filius
1354 2604 1409 2648 et
1442 2594 1675 2664 genitor.
1706 2590 1911 2645 Produ-

322 2694 492 2751 cibile
516 2706 667 2757 vero,
706 2699 765 2742 ut
798 2688 1004 2741 dictum
1039 2696 1143 2751 est,
1179 2701 1352 2756 neque
1374 2684 1682 2754 paternitati
1723 2682 1913 2752 objici-

325 2796 435 2850 tur,
472 2797 653 2853 neque
683 2781 975 2836 nativitati.
1005 2779 1306 2835 Commune
1339 2779 1502 2849 igitur
1530 2780 1777 2848 utrisque
1805 2787 1910 2843 est,

326 2891 499 2950 atque
541 2880 687 2944 ideo,
725 2894 865 2932 unus
899 2877 1193 2947 productor
1224 2884 1328 2940 est,
1370 2888 1548 2942 neque
1587 2874 1732 2928 enim
1784 2888 1912 2943 pro-

317 2974 539 3028 ducere
561 2971 704 3041 quod
728 2970 929 3027 dicitur
958 2967 1135 3023 Patris
1164 2976 1217 3021 et
1252 2965 1371 3020 Filii
1400 2967 1781 3022 discretionem
1824 2984 1913 3024 se-

318 3067 566 3120 cundum
624 3077 738 3116 rem
780 3062 946 3125 facit;
988 3061 1188 3131 quippe
1240 3059 1379 3114 hanc
1422 3059 1701 3129 generatio
1752 3061 1904 3129 fecit,

316 3169 488 3228 atque
518 3156 779 3210 nativitas
826 3153 928 3208 sibi
965 3154 1261 3208 secundum
1308 3166 1369 3206 se
1414 3152 1657 3222 objectis.
1708 3152 1909 3220 Quem-

314 3217 616 3306 admodum
649 3249 812 3318 igitur
842 3246 985 3302 idem
1019 3245 1162 3301 Deus
1193 3261 1256 3300 ac
1282 3245 1466 3312 Pater,
1483 3217 1555 3301 vet
1582 3217 1897 3304 idevaeus
1936 3217 1981 3279 Ο

312 3362 381 3400 ac
427 3344 641 3407 Filius,
692 3343 765 3396 ita
821 3350 878 3395 et
912 3340 1054 3394 idem
1101 3339 1317 3409 genitor
1374 3354 1438 3392 ac
1488 3339 1802 3408 productor,
1852 3349 1909 3392 et

313 3453 466 3492 unus
503 3436 688 3489 itidem
710 3431 878 3488 Filius
913 3442 1077 3500 atque
1106 3432 1421 3500 productor.
1455 3431 1522 3486 Et
1552 3432 1711 3487 sicuti
1740 3434 1904 3498 Deus,

314 3531 408 3599 qui
443 3538 535 3583 est
565 3527 749 3593 Pater,
779 3536 837 3581 et
863 3524 1038 3580 Filius
1057 3540 1181 3579 cum
1216 3523 1377 3579 Patre
1399 3523 1512 3578 solo
1530 3540 1636 3579 non
1667 3524 1796 3580 facit
1824 3526 1909 3578 di-

314 3620 660 3675 scretionem
694 3618 790 3680 rei,
828 3616 905 3671 ita
949 3631 1125 3685 neque
1169 3616 1485 3684 productor,
1518 3618 1607 3685 qui
1638 3627 1720 3671 est
1746 3617 1910 3672 Pater

313 3727 372 3768 et
402 3711 601 3776 Filius,
636 3726 759 3766 cum
792 3710 957 3764 Patre
984 3708 1099 3763 solo
1119 3708 1254 3764 duas
1276 3709 1538 3765 discretas
1563 3710 1768 3764 indicat
1796 3726 1904 3765 res.

317 3805 555 3861 Patrem
591 3804 737 3858 enim
769 3811 825 3856 et
856 3801 1239 3871 productorem
1298 3801 1560 3865 dicentes,
1610 3801 1906 3856 secundum

316 3904 372 3958 id
407 3901 660 3969 quidem,
687 3900 829 3969 quod
860 3898 1096 3953 dicimus
1128 3895 1295 3952 Pater
1319 3932 1337 3961 ,
1368 3895 1553 3951 Patris
1604 3900 1669 3950 ad
1703 3896 1904 3950 Filium

313 3993 721 4049 discretionem
781 3989 1135 4059 intelligimus
1184 4006 1198 4042 :
1243 3989 1549 4044 secundum
1618 3988 1671 4042 id
1725 3998 1904 4042 autem

309 4083 467 4154 quod
497 4084 814 4147 productor,
842 4080 1107 4136 etFilium
1141 4097 1247 4136 una
1272 4096 1395 4136 cum
1423 4079 1609 4145 Patre,
1644 4090 1905 4148 tanquam

308 4190 491 4228 unam
542 4188 657 4226 rem
695 4171 857 4227 simul
905 4171 1282 4241 intelligimus.
1333 4169 1481 4226 ldem
1526 4181 1583 4227 ct
1624 4171 1693 4227 de
1744 4171 1907 4226 Patre

308 4278 363 4322 et
400 4267 483 4320 de
521 4265 795 4318 mittente.

382 4355 671 4423 Quoniam
721 4355 884 4424 igitur
933 4370 1053 4424 quae
1100 4354 1249 4409 Patri
1299 4368 1363 4409 ac
1406 4353 1547 4409 Filio
1595 4353 1915 4410 communia

305 4455 478 4507 sunt,
504 4444 577 4497 ita
608 4446 674 4497 ad
716 4446 933 4499 Patrem
968 4446 1179 4511 solum,
1210 4445 1370 4500 sicuti
1396 4456 1463 4499 ad
1495 4446 1685 4500 ambos
1713 4459 1774 4500 se
1809 4446 1907 4500 ba-

2010 1965 2221 2019 ratioue
2272 1980 2438 2020 unum
2484 1965 2655 2021 Deum
2739 1967 2949 2023 inﬁnita
3016 1972 3237 2028 nomina
3289 1978 3593 2033 secundum

2012 2055 2327 2112 differentes
2378 2059 2622 2113 rationes
2673 2058 2847 2128 ipsum
2896 2077 2975 2126 re,
3012 2074 3069 2117 ut
3100 2068 3356 2133 possibile
3389 2082 3495 2135 est,
3520 2073 3602 2126 si-

2012 2150 2346 2217 gnificantia,
2370 2151 2421 2204 in
2441 2150 2684 2207 inﬁnitas
2702 2170 2790 2209 res
2813 2170 3182 2227 personasque
3204 2161 3599 2223 discernerent.

2011 2242 2278 2297 Caeterum
2318 2240 2488 2296 solam
2537 2243 2808 2298 rationum
2844 2244 3204 2302 dulei-entiam
3243 2251 3510 2310 inducunt
3535 2273 3601 2312 ea

2011 2347 2133 2402 qua:
2171 2334 2312 2403 apud
2339 2350 2442 2389 nos
2478 2336 2693 2403 quidem
2726 2347 2855 2390 sunt
2884 2336 3188 2395 dideretttia
3209 2382 3224 2405 ,
3275 2343 3327 2396 in
3359 2345 3468 2400 Deo
3497 2364 3601 2402 au-

2014 2434 2120 2479 tem
2168 2440 2275 2480 una
2305 2426 2476 2492 ipsius
2523 2426 2825 2496 eademque
2882 2431 3188 2488 substantia
3224 2452 3238 2490 :
3279 2437 3602 2494 admirabile

2014 2531 2234 2582 nomen,
2266 2527 2321 2573 et
2341 2533 2431 2573 res
2461 2518 2545 2573 bis
2569 2520 2822 2577 omnibus
2847 2526 3182 2592 respondens
3209 2543 3306 2596 per
3326 2544 3598 2588 summam

2016 2605 2429 2677 perfectionem,
2456 2617 2512 2663 et
2546 2609 2981 2680 simplicitatem,
3008 2624 3063 2667 et
3090 2616 3369 2674 tmionem.
3398 2619 3597 2677 Totum

2015 2697 2161 2773 enim
2189 2700 2243 2759 in
2292 2714 2353 2755 se
2389 2701 2505 2770 ipso
2551 2704 3005 2772 comprehensum
3059 2722 3182 2763 esse
3210 2710 3394 2777 habet,
3443 2718 3601 2783 quasi

2014 2793 2288 2861 quoddam
2316 2794 2545 2863 pelagus
2569 2798 2824 2852 essentia
2866 2796 3221 2867 immensum,
3246 2803 3400 2871 juxta
3436 2806 3599 2863 theo-

2016 2884 2192 2954 logum
2237 2884 2583 2956 Gregorium.
2630 2888 2690 2943 lu
2732 2889 2864 2945 solis
2910 2903 3092 2947 autem
3140 2896 3602 2956 substantialibus

2016 2979 2369 3034 relativarum
2400 2996 2582 3035 rerum
2627 2979 2929 3038 dill'erentia
2951 2995 3054 3040 est.
3088 2984 3285 3043 Verum
3315 2993 3600 3050 enimvero

2016 3072 2357 3126 arbitrantur
2397 3088 2615 3143 quoque
2659 3082 2713 3129 et
2738 3073 2956 3131 Patrem
3006 3087 3062 3132 et
3087 3078 3282 3134 Filium
3334 3083 3390 3137 in
3434 3100 3601 3139 unam

2016 3161 2372 3226 conglutinari
2401 3180 2702 3230 personam,
2734 3165 2781 3219 si
2823 3164 2978 3221 Patri
3018 3166 3193 3223 Filius
3225 3176 3594 3240 communicet,

2014 3256 2070 3309 in
2118 3258 2497 3324 productione,
2547 3260 2656 3313 sive
2696 3261 2751 3314 in
2790 3262 3078 3331 spiratione
3120 3265 3293 3318 sancti
3339 3264 3599 3335 Spiritus,

2013 3351 2150 3417 quod
2196 3365 2358 3418 neque
2393 3350 2660 3416 naturale,
2712 3368 2874 3422 neque
2948 3369 3224 3408 commune
3284 3355 3447 3410 tribus
3495 3368 3594 3421 est,

2013 3442 2276 3511 reliquum
2301 3460 2411 3497 esse
2445 3444 2622 3506 aiunt,
2659 3453 2715 3497 ut
2749 3447 3029 3511 personale
3062 3448 3127 3500 sit
3167 3463 3185 3500 :
3223 3458 3379 3517 atque
3402 3448 3599 3519 adjun-

2011 3543 2141 3601 gnnt
2171 3537 2422 3604 quoniam
2458 3538 2785 3590 naturalium
2820 3540 3117 3591 communio
3167 3550 3373 3594 natura:
3403 3541 3595 3594 identi-

2013 3634 2169 3676 tatem
2199 3625 2252 3677 in
2282 3625 2517 3691 personis
2551 3626 2788 3687 indicat;
2820 3636 2873 3677 ut
2900 3626 3136 3693 personis
3159 3628 3325 3696 igitur
3356 3645 3595 3682 commu-

2013 3717 2124 3781 nio,
2152 3717 2444 3782 personalis
2482 3717 2779 3770 identitatis
2813 3718 3174 3787 signiﬁcation
3205 3722 3321 3786 erit,
3367 3731 3424 3775 ut
3468 3722 3591 3776 hinc

2013 3807 2307 3862 necessario
2375 3808 2647 3877 contingat
2716 3807 2934 3863 Patrem
2982 3825 3044 3862 ac
3099 3808 3323 3876 Filium,
3379 3824 3425 3866 et
3457 3814 3591 3895 duas

2010 3918 2122 3956 esse
2172 3901 2462 3956 secundum
2493 3904 2822 3971 personalem
2881 3920 3061 3957 eorum
3113 3906 3516 3974 oppositionem,
3543 3920 3595 3963 et

2010 4013 2173 4051 unum
2198 4012 2381 4049 rursus
2420 4005 2635 4066 propter
2682 3995 3056 4062 identitatem,
3100 4008 3149 4051 et
3174 4000 3598 4055 communionem

2010 4090 2395 4160 productionis.
2424 4090 2586 4160 Atqui
2615 4089 2663 4144 si
2683 4089 2990 4160 producere
3016 4091 3377 4146 substantiale
3401 4090 3598 4163 [hypoo

2008 4184 2290 4256 staticum]
2314 4195 2480 4249 esset,
2510 4184 2776 4240 haberent
2838 4186 2939 4241 ista
3000 4189 3298 4255 rationem;
3341 4192 3599 4259 quoniam

2010 4293 2141 4334 vero
2184 4277 2541 4334 substantiale
2571 4278 2620 4332 id
2649 4294 2755 4333 non
2775 4294 2919 4343 esse,
2951 4295 3112 4349 supra
3158 4281 3404 4351 plurimis
3430 4288 3599 4337 ratio-

2011 4371 2173 4426 nibus
2195 4381 2477 4426 ostcnsum
2497 4379 2603 4434 est,
2629 4371 2805 4425 inanis
2826 4381 2910 4425 est
2933 4372 3095 4437 ratio,
3130 4376 3382 4443 quodque
3403 4376 3600 4431 docere

2010 4464 2597 4533 debuerat,supponit.
2632 4461 2767 4518 Nam
2788 4503 2804 4527 ,
2836 4472 2891 4517 ut
2929 4479 3048 4532 qua:
3078 4465 3221 4519 dicta
3254 4474 3381 4519 sunt
3406 4481 3598 4522 rursus

310 4542 455 4593 bent
483 4529 937 4605 quemadmodum
968 4537 1160 4599 Pater,
1191 4546 1246 4591 et
1286 4540 1583 4605 productor
1603 4577 1619 4602 ,
1653 4552 1763 4592 non
1796 4537 1906 4591 duo

2016 4557 2295 4624 perspicua
2318 4529 2467 4620 ﬁant,
2493 4555 2593 4608 tria
2631 4562 2841 4607 tantum
2877 4529 3039 4608 trium
3074 4569 3195 4609 esse
3221 4554 3600 4610 subsmutialia

312 4630 459 4684 facit
490 4629 787 4696 principia,
818 4644 939 4684 cum
967 4630 1022 4682 in
1048 4629 1165 4683 solo
1200 4629 1361 4684 Patre
1393 4630 1725 4699 intelligatur
1766 4646 1781 4683 :
1833 4628 1907 4683 ita

310 4736 509 4791 neqoe
526 4737 652 4774 cum
684 4721 736 4773 in
765 4722 974 4775 duobus
995 4741 1009 4785 ;
1028 4723 1169 4790 quod
1196 4722 1243 4778 si
1270 4723 1502 4792 genitor,
1534 4734 1588 4776 et
1614 4722 1909 4790 productor

308 4832 429 4870 non
464 4815 824 4877 convertitur,
854 4829 963 4867 non
1003 4813 1204 4867 idcirco
1238 4815 1346 4867 duo
1376 4825 1522 4868 sunt.
1561 4812 1694 4866 Nam
1727 4822 1785 4867 et
1808 4812 1911 4865 l’a-

307 4917 401 4963 ter
436 4918 495 4961 et
543 4907 687 4960 Deus
737 4922 841 4960 non
885 4907 1243 4972 convertitur,
1280 4921 1453 4973 neque
1497 4903 1659 4959 Pater
1684 4912 1741 4958 et
1788 4901 1909 4955 tuit-

308 5013 473 5065 tens,
520 5000 621 5055 sed
660 5009 839 5053 tamen
886 5014 1064 5068 neque
1093 4998 1202 5053 duo
1246 5000 1523 5054 mittentes
1568 5007 1695 5053 sunt
1733 5011 1912 5065 neque

305 5094 431 5147 dno
468 5091 540 5144 dii
567 5131 583 5155 ,
620 5104 792 5158 neque
822 5091 931 5145 duo
962 5091 1318 5156 exsistentia;
1353 5107 1517 5144 unum
1549 5092 1694 5146 enim
1726 5088 1909 5142 Trini-

307 5195 400 5238 tas
436 5193 554 5236 tota
585 5193 696 5245 est,
731 5198 903 5251 neque
930 5184 1049 5238 duae
1082 5199 1327 5252 personat-
1371 5206 1383 5239 ;
1425 5184 1565 5238 Deus
1611 5185 1756 5238 enim
1781 5196 1910 5252 per-

308 5291 518 5331 sonam
551 5291 660 5329 non
693 5276 968 5345 designat,
996 5278 1156 5330 sicuti
1181 5292 1360 5347 neque
1394 5278 1708 5346 productor,
1736 5295 1911 5349 neque

307 5369 574 5424 mittens.
612 5366 814 5424 Verum
843 5371 970 5438 quia
995 5368 1141 5424 Deus
1168 5385 1367 5424 nomen
1409 5370 1585 5424 tribus
1618 5371 1807 5435 adest,
1845 5388 1910 5427 eo

306 5461 461 5528 quod
509 5475 621 5514 non
675 5470 986 5530 apponatur
1028 5461 1482 5517 substantialibus
1535 5478 1724 5518 eorum
1785 5480 1911 5531 pro-

304 5553 673 5622 prietatibus,
704 5553 994 5622 productor
1016 5564 1199 5608 autem
1227 5555 1459 5619 duobus,
1487 5557 1845 5612 universalius
1880 5573 1909 5610 a

302 5646 479 5700 nobis
505 5645 678 5711 Deus,
718 5661 876 5714 quam
900 5649 1199 5715 productor
1241 5646 1557 5717 intelligitur
1591 5665 1603 5701 :
1638 5664 1744 5704 non
1768 5651 1910 5717 quod

299 5738 363 5791 in
423 5737 540 5791 Deo
573 5739 646 5791 sit
694 5740 1076 5803 universalius,
1128 5740 1246 5794 sive
1292 5740 1678 5807 particularius
1708 5740 1910 5810 (neque

302 5831 469 5883 enim
504 5830 657 5885 Deus
702 5845 867 5899 genus
906 5843 1011 5899 est,
1044 5846 1220 5902 neque
1247 5832 1297 5886 in
1345 5850 1548 5905 genere
1575 5835 1908 5905 continetur,

2016 4644 2794 4717 [‘bypostatica]ostendimus:
2835 4643 3012 4699 Patris
3041 4644 3260 4713 quidem
3296 4647 3603 4716 generatio-

2014 4752 2161 4803 nem,
2176 4735 2294 4790 Filii
2314 4751 2441 4791 vero
2459 4735 2817 4801 nativitatem,
2836 4736 3205 4797 sanctiauteln
3221 4738 3456 4807 Spiritus
3478 4756 3600 4808 pro-

2013 4829 2335 4891 cessionem,
2364 4843 2485 4897 quae
2513 4827 2676 4882 etiam
2710 4842 2973 4897 personas
3003 4830 3345 4895 denotantia,
3380 4835 3598 4900 proprie

2015 4920 2396 4975 substantialia
2429 4929 2556 4974 sunt
2590 4938 2604 4973 :
2640 4921 2943 4991 producere
2976 4932 3179 4986 autem,
3214 4926 3354 4978 sicut
3383 4933 3439 4977 et
3471 4925 3600 4976 mit-

2016 5023 2150 5077 tere,
2209 5012 2428 5082 propria
2502 5013 2822 5083 simpliciter
2890 5014 2958 5068 ad
3012 5013 3208 5068 Filium
3261 5015 3593 5069 contrariam

2016 5103 2270 5159 habentia
2300 5102 2649 5169 divisionem,
2699 5104 3155 5171 quemadmodqu
3189 5113 3245 5158 et
3274 5119 3437 5159 causa
3472 5121 3598 5174 pro-

2014 5198 2131 5266 pria
2162 5195 2505 5264 simpliciter,
2554 5204 2609 5250 et
2640 5194 3010 5264 sigttilicativa
3060 5194 3184 5249 Filii
3214 5206 3269 5248 et
3302 5196 3545 5265 Spiritus
3577 5212 3594 5250 :

2015 5304 2135 5358 qua:
2186 5299 2371 5345 autem
2408 5289 2479 5342 ita
2516 5297 2641 5343 sunt
2677 5287 2917 5357 propria,
2974 5300 3033 5341 ut
3060 5301 3322 5353 personas
3352 5302 3594 5358 sequan-

2017 5390 2124 5445 tur,
2157 5394 2386 5447 quaeque
2418 5395 2523 5433 non
2572 5387 2699 5432 sunt
2743 5378 3144 5443 subslantialia,
3188 5394 3364 5448 neque
3402 5394 3593 5447 perso-

1989 5463 2141 5522 "nam
2200 5468 2484 5532 denotant,
2536 5481 2715 5537 neque
2775 5467 2913 5520 duas
2966 5480 3231 5534 persultas
3277 5485 3438 5523 unam
3471 5485 3595 5524 esse

2017 5560 2240 5615 iaciunt.
2269 5558 2457 5627 Neque
2488 5559 2635 5614 enim
2669 5557 2835 5612 Filius
2867 5568 2921 5613 et
2955 5557 3190 5630 Spiritus
3215 5572 3440 5615 sanctus
3460 5577 3589 5626 ,una

2018 5664 2248 5719 persona
2282 5660 2368 5705 est
2399 5657 2621 5719 prepter
2648 5649 2885 5704 causalis
2916 5652 3352 5707 communionem
3378 5670 3392 5716 ;
3419 5667 3597 5721 neque

2018 5743 2181 5796 Pater
2216 5750 2270 5797 et
2298 5741 2466 5795 Filius
2500 5755 2607 5795 una
2658 5755 2893 5811 persona
2930 5756 3080 5807 sunt,
3112 5754 3332 5814 propter
3358 5743 3594 5811 Spll‘illﬂ

2016 5834 2191 5894 sancti
2226 5834 2538 5893 missionem
2561 5875 2576 5905 ,
2628 5835 2756 5905 quia
2788 5835 2978 5893 missio
3013 5838 3300 5905 pcrsonale
3346 5850 3456 5891 non
3490 5840 3593 5890 est.
