4020 6206
396 314 494 371 175

1650 299 2045 360 MANUELIS
2109 286 2415 361 CALE'CsE

3540 295 3639 356 17‘6

386 427 651 482 Similiter
693 438 823 493 ergo
858 421 1185 493 producendi
1218 419 1426 472 ratione
1458 415 1639 479 Pater,
1685 427 1739 469 et
1767 413 1954 480 Filius,
1985 420 2032 477 Α
2061 417 2182 471 liter
2215 419 2403 481 etiam,
2460 417 2526 471 ad
2559 426 2848 486 utrumque
2885 415 3170 471 releretnr.
3223 413 3407 483 Itaque
3434 426 3526 468 aut
3556 417 3631 468 si-

388 539 495 577 non
528 536 631 576 una
686 534 914 590 persona
940 526 1095 581 sunt;
1162 513 1463 583 producere
1505 512 1650 565 enim
1685 511 1944 568 substan-

386 617 512 672 tiale
542 629 645 668 non
678 622 781 666 est.

457 706 601 762 Nihil
633 706 814 772 itaque
867 710 1090 755 necesse
1143 705 1229 752 est
1265 710 1427 748 unam
1463 708 1748 763 personam
1796 707 1952 759 esse;

387 801 621 868 alioquin
658 796 819 849 etiam
856 790 1099 845 mittendi
1137 788 1347 842 ratione
1377 802 1481 840 una
1508 802 1739 853 persona
1769 796 1952 840 erunt.

385 895 685 947 Commune
708 896 790 941 est
812 884 974 954 igitur
996 882 1143 936 Patri
1172 889 1227 933 et
1254 878 1391 933 Filio
1419 876 1752 947 producere;
1779 891 1953 930 unus-

384 968 489 1052 que
526 978 836 1049 productor,
885 983 977 1026 aut
1008 972 1220 1040 spirans
1257 969 1322 1022 ad
1377 970 1697 1038 productum
1720 1008 1735 1030 ,
1788 979 1843 1020 et
1871 966 1955 1020 in-

382 1077 665 1145 spiratuut,
713 1071 828 1123 sive
881 1065 1138 1134 Spiritunt
1166 1104 1187 1127 ,
1237 1062 1554 1117 relationem
1606 1061 1767 1116 habet
1812 1076 1958 1113 :tta-

385 1164 569 1220 scendi
634 1161 847 1215 scilicet
886 1158 1249 1229 gignendique
1305 1154 1633 1207 discretione
1713 1163 1949 1213 servata,

384 1256 497 1308 Non
541 1252 684 1306 enim
737 1265 803 1303 ex
852 1247 1015 1300 Patre
1048 1260 1111 1298 ac
1153 1242 1294 1296 Filio
1323 1252 1426 1306 est,
1460 1238 1513 1295 in
1546 1251 1807 1310 quantum
1843 1238 1952 1293 duo

382 1350 612 1400 discreta
662 1352 809 1406 sunt,
867 1340 1163 1393 secundum
1216 1336 1503 1390 relationes
1540 1348 1689 1397 snas,
1754 1333 1848 1387 sed
1903 1330 1959 1383 in

383 1446 643 1507 quantum
679 1448 843 1485 ttnunt
874 1440 1022 1483 sunt.

455 1527 622 1580 Porro
649 1526 691 1579 si
732 1525 857 1592 quis
904 1519 1201 1574 secundum
1233 1518 1375 1586 qttod
1410 1531 1575 1570 unum
1607 1523 1754 1573 sunt.
1782 1527 1947 1567 unum

383 1620 512 1673 illud
550 1616 773 1686 Spiritui
833 1614 1063 1666 reddens
1085 1650 1101 1675 ,
1152 1611 1243 1679 qtti
1277 1610 1515 1676 ejusdem
1541 1607 1812 1670 essentia},
1844 1605 1960 1659 vult

379 1710 542 1764 etiam
574 1708 837 1777 Spiritum
864 1720 928 1756 ex
961 1718 1020 1756 se
1050 1704 1165 1768 ipso
1192 1716 1348 1763 esse;
1378 1699 1471 1753 sed
1500 1697 1956 1767 quemadmodum

2063 513 2263 566 militcr
2308 513 2519 579 utrique
2558 511 2780 581 teqnalis
2819 513 2943 576 erit,
3013 510 3255 578 nihilque
3290 508 3499 562 distans
3554 517 3636 560 at-

2062 614 2169 668 que
2204 600 2503 655 dissimilis.

2138 690 2243 745 Sed
2270 691 2414 744 enim
2464 690 2921 759 quemadmodum
2947 689 3110 744 Pater
3146 705 3255 743 non
3305 689 3479 757 magis
3509 703 3637 757 pcr-

2063 782 2237 837 fectus
2285 793 2371 837 est
2412 798 2573 852 quam
2641 781 2831 847 Filius,
2874 780 3020 849 quod
3070 780 3160 834 ille
3201 795 3363 834 causa
3403 790 3504 843 est,
3539 780 3639 832 iste

2063 872 2302 928 causalis
2346 873 2440 936 sit,
2479 888 2653 941 neque
2680 872 2802 926 ideo
2849 871 2918 925 ab
2951 870 3041 923 illo
3082 872 3265 934 distat,
3293 871 3398 925 etsi
3442 884 3638 924 secun-

2063 967 2166 1021 dus
2212 966 2282 1019 ab
2324 979 2391 1018 eo
2418 980 2594 1019 causze
2627 964 2836 1018 ratione
2866 964 3070 1018 dicitur
3098 962 3380 1032 (divinitas
3409 964 3554 1016 enim
3585 963 3637 1014 in

2066 1067 2299 1126 utroque
2352 1055 2481 1122 una)
2517 1073 2532 1109 :
2570 1057 2643 1110 ita
2682 1064 2736 1111 et
2777 1054 3014 1125 Spiritus
3062 1064 3285 1108 sanctus
3328 1053 3432 1107 etsi
3479 1053 3639 1121 juxta

2065 1150 2283 1203 unicum
2314 1148 2434 1219 ejus
2458 1149 2868 1219 simplicemque
2917 1162 3232 1217 processum
3261 1162 3327 1200 ex
3356 1147 3519 1201 Patre
3543 1163 3641 1215 per

2064 1240 2262 1296 Filium
2298 1250 2403 1303 est,
2428 1250 2484 1294 et
2515 1240 2581 1293 ad
2613 1240 2829 1294 Patrem
2851 1249 2907 1294 et
2932 1238 3132 1293 Filium
3169 1237 3331 1292 veluti
3362 1238 3427 1291 ad
3468 1253 3638 1292 unum

2066 1335 2446 1401 productorem
2509 1335 2975 1401 iuspirantemque
3017 1330 3273 1395 refertur,
3326 1345 3559 1399 quorum
3586 1338 3641 1383 ct

2062 1422 2303 1493 Spiritus
2334 1432 2440 1487 est,
2475 1433 2531 1479 et
2576 1423 2905 1492 spiraculum
2939 1422 3166 1487 dicitur;
3198 1436 3303 1475 non
3329 1431 3506 1475 tamen
3539 1423 3642 1474 mi-

2069 1533 2167 1570 nor
2202 1516 2355 1579 lt'ilio,
2395 1531 2569 1586 neque
2603 1517 2761 1570 Patre
2803 1516 2980 1569 minor
3007 1515 3132 1575 erit,
3177 1514 3300 1568 licet
3331 1528 3427 1581 per
3444 1513 3637 1566 Filium

2067 1609 2217 1662 Patri
2257 1608 2639 1677 conjungatnr,
2668 1607 2907 1673 alioquin
2940 1616 2996 1658 et
3018 1604 3189 1659 Filius
3213 1604 3320 1658 erit
3357 1602 3640 1656 dissimilis

2066 1702 2207 1754 Patri
2233 1716 2299 1755 eo
2326 1700 2466 1769 quod
2489 1700 2727 1754 causalis
2758 1699 2862 1764 sit;
2887 1707 2941 1751 et
2972 1698 3015 1751 si
3047 1712 3151 1750 non
3192 1696 3268 1749 ita
3294 1696 3435 1751 sicut
3461 1694 3638 1763 Spiri-

383 1802 684 1855 sccundnm
734 1797 1029 1852 essentiam
1081 1793 1251 1847 Filius
1296 1807 1418 1844 cum
1477 1790 1637 1844 Patre
1683 1804 1824 1841 unus
1867 1795 1954 1841 est
1988 1775 2030 1831 Β
2061 1804 2167 1857 ius,
2197 1792 2349 1860 juxta
2379 1803 2557 1847 tamen
2592 1793 2961 1862 proportionis
2986 1792 3275 1843 rationem.

381 1905 433 1947 ct
459 1895 617 1947 Pater
635 1890 848 1959 quidem
883 1886 1048 1954 gignit
1085 1884 1300 1944 Filium,
1337 1882 1504 1936 Filius
1538 1889 1715 1932 autent
1748 1895 1851 1932 non
1895 1893 1954 1932 se

383 1989 557 2053 ipsum
608 1981 799 2052 gignit,
848 1996 954 2032 non
991 1989 1166 2031 tzuneu
1214 1977 1416 2029 idcirco
1453 1976 1676 2028 alterius
1703 1972 1954 2026 essentne

379 2094 542 2147 quam
578 2077 735 2129 Pater
765 2083 849 2127 est
880 2091 896 2127 ι
929 2074 1000 2126 ita
1039 2082 1090 2124 et
1151 2070 1387 2137 Spiritus
1440 2077 1664 2121 sanctus
1709 2065 1952 2133 ejusdem

377 2169 626 2222 essentia:
650 2182 772 2220 cum
820 2166 981 2217 Patre
1032 2171 1085 2215 et
1129 2161 1265 2214 Filio
1295 2161 1587 2221 exsistens,
1636 2172 1705 2210 ex
1748 2171 1806 2209 se
1838 2155 1954 2224 ipso

379 2274 559 2313 tamen
592 2268 823 2311 nonest.
860 2254 1182 2308 Communis
1214 2253 1358 2307 enim
1394 2261 1584 2303 natura
1618 2249 1669 2300 iit
1701 2261 1947 2314 unaqua-

377 2368 483 2420 que
508 2365 858 2419 personarnm
892 2354 1001 2409 est,
1024 2343 1319 2397 secundum
1356 2342 1743 2410 proprietatem
1771 2352 1950 2391 suam.

380 2447 433 2499 lu
471 2445 627 2498 Patre
669 2443 887 2511 quidem
932 2448 988 2491 ut
1039 2452 1071 2490 a
1124 2435 1338 2488 nomine
1394 2436 1649 2495 habente,
1682 2430 1774 2484 alii
1825 2446 1953 2483 vero

379 2540 548 2604 ipsam
582 2535 850 2603 gignendo
882 2531 1081 2590 dante;
1116 2526 1168 2579 in
1206 2522 1341 2577 Filio
1367 2530 1548 2576 autem
1582 2521 1858 2574 nascendo
1885 2537 1950 2574 ex

380 2628 539 2680 Patre
592 2623 923 2691 accipiente;
974 2618 1026 2672 in
1067 2627 1261 2672 sancto
1307 2623 1486 2667 autem
1524 2610 1728 2682 Spiritu
1781 2612 1949 2680 ipsam

377 2718 715 2789 procedendo
746 2713 1014 2782 capiente,
1058 2711 1158 2763 hoc
1190 2716 1294 2769 est,
1316 2722 1381 2760 ex
1418 2706 1576 2759 Patre
1607 2719 1701 2772 per
1731 2702 1946 2757 Filium.

448 2805 507 2860 Si
541 2805 662 2873 quis
691 2817 820 2872 ergo
854 2801 999 2855 illum
1026 2800 1188 2852 etiam
1219 2797 1517 2866 producere
1545 2795 1679 2859 vult,
1710 2803 1805 2846 aut
1848 2792 1952 2845 Pa-

377 2909 462 2954 ter
510 2899 652 2962 erit;
692 2904 746 2948 et
786 2892 1061 2962 quomodo
1101 2907 1128 2942 a
1182 2888 1369 2942 Patre?
1399 2896 1493 2939 aut
1537 2887 1854 2954 productor,
1895 2893 1951 2938 et

377 2988 654 3058 quomodo
676 2982 945 3054 Spiritus?
981 2982 1245 3035 Processu
1278 2979 1477 3048 quippe
1509 2978 1952 3039 sublato,secun-

376 3085 503 3136 dum
535 3094 695 3149 quem
747 3077 1101 3131 substantiam
1140 3073 1327 3136 habet,
1365 3072 1499 3125 ordo
1543 3080 1597 3123 et
1633 3068 1824 3123 relatio
1860 3081 1947 3121 se-

375 3176 613 3230 cundum
664 3183 907 3233 causam,
948 3177 1003 3223 et
1032 3166 1269 3228 causale.
1328 3164 1612 3235 ipsumque
1665 3176 1948 3231 personam

377 3282 519 3328 esse,
575 3282 677 3317 una
728 3263 965 3316 tolletur.
1019 3258 1133 3314 Non
1170 3259 1337 3327 igitur
1378 3258 1680 3328 producere
1733 3253 1955 3308 habebit

377 3359 531 3428 quasi
572 3356 876 3425 oppositum
919 3350 1265 3406 substantiali
1323 3349 1671 3427 proprietatis
1704 3362 1836 3401 suae.

449 3451 647 3503 Putant
673 3455 929 3514 praterea
956 3445 1079 3497 inde
1108 3442 1266 3495 aliam
1298 3440 1688 3495 absurditatcm
1721 3438 1872 3507 sequi
1897 3446 1951 3491 et

378 3543 565 3595 dicunt
597 3559 607 3593 :
644 3537 703 3591 Si
750 3536 983 3605 Spiritus
1027 3543 1240 3587 sanctus
1280 3534 1441 3586 etiam
1471 3548 1535 3586 ex
1579 3530 1720 3584 Filio
1755 3545 1941 3599 proce-

377 3628 661 3697 dit,mujor
688 3628 893 3697 quidem
922 3624 1126 3692 Spiritu
1162 3624 1334 3676 Filius
1363 3624 1483 3688 erit,
1510 3622 1799 3675 secundum
1823 3636 1949 3673 cau-

376 3737 512 3782 sam,
546 3720 741 3787 eritque
781 3714 967 3769 tertius
1002 3732 1033 3767 α
1086 3713 1266 3767 Patre.
1303 3714 1378 3766 Ac
1422 3711 1599 3764 Filius
1633 3711 1845 3780 quidem
1873 3710 1947 3761 si-

377 3814 554 3882 ty'lior
607 3807 782 3869 Patri,
827 3816 1005 3875 utpote
1051 3818 1117 3858 ea:
1163 3808 1275 3872 ipso
1313 3806 1424 3857 sine
1470 3803 1638 3856 medio
1669 3801 1946 3862 exsistens,

377 3901 605 3969 Spirims
637 3914 755 3951 rero
790 3897 938 3950 Patri
980 3896 1307 3956 dissimilior,
1351 3909 1513 3960 neque
1546 3893 1622 3944 ita
1649 3894 1781 3944 idem
1810 3893 1947 3944 sicut

376 4004 424 4045 et
459 3992 652 4046 Filius.
692 3988 805 4040 Erit
828 3988 982 4041 etiam
1022 3986 1167 4039 Filio
1210 3990 1400 4050 minor,
1425 3987 1611 4055 quippe
1632 3989 1722 4055 qui
1751 4004 1844 4056 per
1882 3988 1949 4040 il-

378 4086 484 4135 lim
538 4091 785 4148 majorem
821 4078 1145 4129 conuertitur
1204 4075 1375 4131 Patri.
1417 4076 1482 4128 Et
1529 4077 1699 4130 Filius
1740 4079 1945 4145 quidem

378 4174 632 4225 minorem
673 4168 983 4220 distantiam
1034 4167 1237 4219 habebit
1286 4170 1354 4219 ad
1408 4165 1671 4230 Patrem;
1716 4166 1944 4235 Spiritus

379 4273 576 4326 autem,
604 4259 881 4328 majorem,
910 4259 1135 4311 maxime
1164 4274 1280 4309 rum
1309 4259 1506 4311 nullius
1534 4275 1698 4311 causa
1744 4262 1837 4313 sit.

448 4355 608 4422 Atqui
656 4355 753 4406 ista
786 4364 999 4420 quoque
1049 4350 1363 4404 doctoribus
1408 4353 1722 4418 imputanda
1767 4352 1945 4419 potius

2133 1883 2198 1937 Et
2256 1883 2417 1937 sicuti
2486 1882 2645 1935 Pater
2690 1896 2870 1935 canste
2924 1881 3133 1934 ratione
3184 1877 3322 1933 Filio
3383 1876 3553 1944 major
3608 1891 3637 1926 a

2058 1977 2331 2046 plerisque
2370 1975 2622 2028 l‘atribus
2649 1972 2932 2035 asseritur,
2969 1985 3149 2039 neque
3226 1968 3432 2023 idcirco
3456 1978 3638 2020 tanien

2056 2066 2217 2120 Patre
2263 2065 2439 2118 minor
2474 2075 2559 2118 est
2611 2063 2780 2117 Filius
2837 2067 2955 2115 :ita
2986 2072 3041 2115 et
3083 2060 3268 2120 Filius,
3312 2058 3413 2112 etsi
3466 2054 3639 2123 major

2056 2156 2262 2226 Spiritu
2294 2155 2512 2217 dicitur,
2552 2170 2654 2206 non
2685 2163 2864 2206 tamen
2920 2161 3205 2222 propterea
3250 2150 3489 2219 Spiritus
3515 2147 3636 2214 ipso

2053 2248 2159 2302 erit
2193 2246 2387 2299 minor.
2427 2246 2692 2310 Quocirca
2747 2258 2973 2311 magnus
3015 2256 3234 2311 quoque
3280 2239 3509 2293 Basilius
3546 2238 3638 2291 di-

2055 2338 2211 2389 cebat
2246 2353 2262 2389 :
2303 2335 2418 2389 Etsi
2446 2334 2581 2388 Filio
2612 2334 2842 2387 succedit
2873 2336 3058 2387 ordine
3117 2343 3165 2386 et
3210 2332 3489 2401 dignitate,
3531 2343 3638 2382 non

2054 2440 2230 2482 tamen
2260 2430 2447 2483 cliente
2481 2438 2689 2482 natura:
2715 2438 2814 2482 est.
2850 2426 2956 2480 Ista
2991 2430 3136 2481 enim
3173 2440 3393 2496 propter
3427 2440 3635 2487 causae,

2055 2534 2108 2575 et
2133 2522 2369 2575 eausalis
2393 2522 2457 2574 ad
2484 2520 2714 2573 invicem
2747 2520 2989 2572 ordinem
3025 2528 3079 2572 rt
3106 2517 3420 2573 relationem
3444 2500 3639 2571 dicun-

2063 2624 2173 2667 tur.
2217 2613 2360 2667 Ordo
2391 2622 2570 2666 autem
2606 2624 2657 2667 et
2698 2614 2763 2667 ad
2807 2613 3006 2682 aliquid
3065 2612 3469 2681 quomodolibet
3532 2611 3636 2664 ba-

2056 2707 2203 2771 bere,
2236 2716 2552 2765 naturarum
2595 2721 2697 2759 non
2734 2705 2865 2760 facit
2897 2705 3277 2760 diﬂ‘ereutiam.

2127 2798 2280 2860 Nam,
2319 2797 2465 2850 verbi
2517 2800 2711 2862 gratia,
2745 2813 2809 2852 eo
2837 2800 2980 2867 quod
3015 2800 3225 2854 amicus
3244 2798 3337 2860 sit,
3390 2798 3472 2853 vel
3501 2800 3637 2851 vici-

2055 2896 2178 2946 nus,
2214 2881 2292 2933 vel
2335 2882 2615 2949 magister,
2655 2881 2786 2934 nihil
2821 2882 2870 2934 in
2908 2897 2968 2936 se
2998 2884 3172 2953 ipsum
3210 2881 3370 2936 alicui
3399 2885 3633 2945 accedit,

2057 2983 2114 3025 tit
2146 2980 2365 3042 propter
2391 2972 2632 3025 ltahitunt
2672 2973 2965 3042 perfectior
2996 2976 3048 3029 in
3079 2990 3139 3030 se
3166 2975 3285 3043 ipso
3327 2976 3634 3030 secundum

2054 3066 2343 3119 essentiam
2379 3067 2465 3118 sit.
2502 3064 2688 3133 Neque
2709 3066 2753 3119 si
2779 3050 3047 3135 quispiam
3076 3068 3247 3121 lilium
3280 3083 3343 3122 ac
3374 3077 3625 3137 nepotem

2063 3158 2281 3216 haheat,
2324 3155 2518 3210 tertius
2567 3158 2805 3212 maxime
2825 3160 2951 3223 erit,
2988 3161 3071 3215 vel
3104 3160 3443 3222 similior,ch
3474 3161 3629 3215 dissi~

2052 3247 2233 3299 milior
2259 3261 2356 3298 avo
2384 3248 2680 3300 seettndum
2706 3252 3025 3313 essentiam,
3056 3266 3221 3321 quam
3257 3252 3401 3305 tilius
3433 3271 3447 3306 :
3484 3254 3632 3320 quod

2050 3336 2093 3389 si
2147 3337 2198 3388 in
2234 3340 2396 3389 rebus
2439 3336 2693 3389 luunanis
2738 3338 2809 3391 ita
2858 3341 3141 3409 contingit,
3170 3342 3341 3395 multo
3367 3345 3540 3410 magis
3574 3343 3627 3395 in

2049 3429 2247 3480 divinis
2291 3428 2558 3497 personis,
2588 3430 2674 3482 tibi
2702 3446 2805 3483 una
2834 3432 3100 3486 asseritur
3128 3445 3345 3497 natura,
3390 3450 3452 3489 ac
3491 3449 3632 3503 prae-

2052 3528 2133 3570 ter
2175 3517 2340 3571 solam
2378 3534 2521 3586 ,qnae
2562 3519 2859 3572 secundum
2891 3536 3111 3575 causam
3161 3534 3215 3577 et
3244 3525 3467 3579 causale
3515 3535 3627 3588 est,

2048 3611 2428 3678 dilfereutiam,
2460 3613 2601 3665 nulla
2625 3614 2729 3666 alia
2754 3616 3014 3669 discretio
3052 3626 3159 3671 est.

2118 3703 2197 3754 Ad
2228 3699 2341 3755 haec
2367 3739 2383 3764 ,
2430 3702 2577 3755 aliud
2615 3718 2831 3771 quoque
2869 3705 3239 3775 subjungunt,
3285 3716 3339 3761 et
3374 3709 3567 3763 dicunt
3606 3725 3623 3762 :

2049 3793 2111 3846 Si
2155 3792 2417 3861 perfectus
2461 3802 2538 3846 est
2582 3793 2816 3862 Spiritus
2848 3798 3020 3848 sancti
3059 3815 3090 3849 a
3132 3797 3293 3852 Patre
3325 3816 3626 3867 processus,

2046 3888 2348 3957 superﬂuus
2376 3888 2446 3939 sit
2478 3901 2686 3941 necesse
2716 3899 2797 3942 est
2839 3904 3122 3955 processus
3151 3906 3216 3944 ex
3241 3890 3398 3947 Filio.
3435 3893 3500 3946 Ει
3535 3893 3629 3946 llic

2049 3978 2234 4044 igitur,
2285 3977 2328 4032 si
2381 3981 2598 4047 quidem
2655 3980 2967 4043 diceretur,
3024 3981 3161 4035 duos
3208 3997 3330 4035 esse
3384 3982 3625 4050 Spiritus

2047 4071 2220 4124 sancti
2248 4085 2557 4137 processus,
2585 4070 2760 4123 locum
2787 4072 3014 4125 haberet
3039 4072 3290 4126 fortassis
3322 4075 3434 4128 ha-c
3461 4076 3628 4129 ratio.

2046 4162 2315 4214 (lanciunt
2348 4161 2393 4215 si
2436 4162 2572 4214 ditus
2602 4175 2725 4215 esse
2757 4170 2811 4215 et
2846 4162 2919 4216 illi
2969 4172 3206 4232 negant,
3238 4165 3516 4233 quietiam
3556 4183 3626 4221 ex

2047 4251 2185 4306 Filio
2222 4253 2518 4319 procedere
2551 4254 2848 4319 allirmant,
2873 4269 3146 4324 unumque
3180 4272 3412 4311 numero
3444 4258 3625 4312 faten-

2050 4354 2171 4407 tur,
2216 4343 2505 4396 ridiculum
2554 4354 2636 4398 est
2688 4344 3093 4400 conclusionem
3145 4347 3347 4402 inferre
3394 4348 3479 4402 his
3528 4350 3621 4418 qui

377 4454 523 4508 sunt,
580 4443 627 4495 si
653 4442 867 4510 quidem
914 4442 1142 4514 apsnrda
1208 4440 1513 4493 videantur.
1577 4437 1683 4507 Ipsi
1743 4441 1944 4510 quippe
1972 4456 2021 4516 ο
2048 4435 2470 4502 propositionem
2502 4446 2728 4505 negant.
2761 4434 2945 4489 Sancti
2975 4438 3120 4491 enim
3155 4437 3386 4507 Spiritus
3416 4457 3484 4495 ex
3513 4441 3622 4495 Pa-

366 4545 526 4598 sunt,
555 4534 646 4601 qui
676 4531 932 4599 Spiritum
964 4545 992 4582 a
1023 4528 1184 4583 Patre
1218 4533 1435 4584 tertium
1466 4533 1686 4594 docent,
1731 4539 1944 4597 sutnpta

377 4626 585 4679 scilicet
613 4626 680 4678 ab
717 4626 831 4692 ipso
883 4621 1113 4675 Domino
1135 4623 1446 4686 occasione,
1481 4622 1531 4672 in
1560 4621 1820 4675 salutaris
1838 4629 1950 4673 tra-

377 4719 579 4771 ditione
600 4713 954 4782 baptismatis,
987 4727 1050 4765 ac
1076 4726 1169 4781 per
1188 4711 1381 4766 Filium
1412 4712 1703 4779 procedere
1723 4712 1937 4774 dicunt,

379 4823 577 4876 perque
614 4806 789 4874 ipsum
814 4802 957 4857 Patri
989 4802 1263 4871 conjungi.
1314 4800 1577 4870 Majorem
1606 4818 1821 4872 quoque
1854 4803 1948 4857 Fi-

374 4899 506 4951 lium
533 4896 740 4966 Spiritu
786 4900 975 4946 sancto
1021 4908 1247 4961 magnus
1295 4892 1370 4945 ait
1403 4895 1750 4947 Athanasius.
1788 4894 1944 4960 Quod

378 4990 423 5041 si
445 4991 547 5042 ista
611 5003 638 5039 a
671 4988 879 5039 sanctis
913 4985 1056 5037 dicta
1093 4996 1241 5047 sunt,
1286 4985 1508 5038 omnino
1539 4985 1680 5038 nulla
1713 5000 1807 5040 eos
1851 4988 1943 5054 qui

375 5082 478 5135 ista
512 5080 717 5140 dicunt,
768 5076 1074 5128 absurditas
1107 5076 1367 5143 sequitur.
1415 5074 1794 5145 Ptzetereaque
1825 5077 1947 5146 Spi-

382 5183 522 5229 ritus
558 5185 780 5228 sanctus
832 5172 876 5223 si
927 5188 954 5221 a
991 5168 1153 5222 Patre
1206 5168 1423 5236 quidem
1448 5170 1562 5235 pho
1608 5185 1882 5236 processu,
1912 5186 1941 5222 a

372 5268 516 5322 Filio
556 5278 737 5320 autem
771 5264 879 5318 alio
914 5262 1250 5330 procederet,
1288 5272 1539 5327 essetque
1569 5275 1854 5328 processus
1878 5277 1941 5315 ex

375 5356 634 5409 ainbobus
680 5352 900 5419 duplex,
949 5349 1199 5404 fortassis
1242 5346 1467 5400 haberet
1505 5348 1771 5401 rationem
1825 5348 1938 5400 cul-

375 5462 503 5515 pare
551 5440 913 5497 dilTercntiam
961 5454 1333 5508 processuum,
1386 5437 1529 5506 quod
1579 5439 1739 5491 etiam
1791 5440 1944 5493 dilic-

376 5547 558 5593 t'cntcr
602 5549 629 5585 a
659 5531 819 5587 Patre
860 5545 915 5587 et
942 5531 1075 5586 Filio
1105 5533 1330 5585 distaret
1369 5529 1625 5599 Spiritus,
1674 5545 1737 5584 ac
1781 5546 1940 5598 prop-

377 5640 520 5683 terea
548 5628 744 5695 gradus
770 5628 820 5681 itt
850 5626 1097 5695 personis
1117 5624 1380 5693 quosdam
1400 5624 1673 5692 cogitare;
1708 5623 1787 5677 sin
1817 5636 1943 5675 veto

375 5738 514 5779 unus
561 5724 807 5790 idemque
839 5718 940 5775 sibi
971 5718 1039 5771 ab
1067 5726 1296 5787 utroque
1332 5731 1614 5786 processus
1643 5725 1749 5784 est,
1780 5717 1930 5771 simi-

2051 4535 2132 4578 tre
2162 4524 2405 4594 Filioque
2435 4541 2726 4593 processus
2768 4542 2906 4580 unus
2935 4516 3101 4597 atqtﬂa
3147 4530 3289 4582 idem
3320 4540 3426 4595 est,
3462 4540 3514 4584 ct
3549 4534 3621 4585 ab

2049 4629 2279 4685 utroque
2312 4617 2550 4687 perfecte
2586 4617 2849 4685 procedit,
2874 4618 3027 4686 juxta
3058 4634 3155 4673 eos
3174 4621 3264 4689 qui
3292 4622 3441 4674 illum
3468 4623 3621 4677 dixe.-

2047 4718 2176 4761 runt
2219 4723 2285 4763 ex
2342 4709 2497 4763 Patre
2547 4724 2643 4777 per
2671 4708 2867 4763 Filium
2903 4713 3218 4777 procedere.
3256 4712 3319 4765 Et
3353 4718 3615 4781 quoniam

2048 4800 2391 4867 procedentis
2422 4809 2507 4855 est
2541 4801 2679 4854 ratio
2709 4816 2774 4855 ex
2809 4801 2967 4854 Patre
3002 4816 3125 4858 esse
3176 4819 3272 4871 per
3322 4809 3559 4873 genitum
3599 4822 3616 4859 :

2048 4910 2218 4962 neque
2247 4892 2407 4948 Pater
2432 4895 2582 4946 solus
2614 4893 2874 4962 producet
2908 4893 3171 4964 Spiritum
3206 4910 3457 4953 sanctum
3493 4901 3615 4968 (ne-

2045 5003 2151 5054 que
2179 4987 2319 5039 enim
2362 4987 2660 5053 procedens
2693 5000 2857 5051 esset,
2894 4988 2936 5040 si
2986 5000 3132 5043 esset
3164 4990 3284 5045 sine
3333 4993 3509 5046 medio
3546 5009 3613 5047 ex

2047 5077 2268 5144 primo).
2304 5091 2482 5143 neque
2508 5074 2675 5130 Filios
2709 5078 2880 5145 solus,
2912 5094 3015 5133 non
3043 5080 3186 5135 cnim
3220 5083 3492 5138 diceretur
3519 5101 3618 5154 per

2050 5170 2244 5223 Filium
2289 5184 2356 5222 ex
2406 5169 2566 5223 Patre
2597 5177 2913 5238 procedere,
2959 5175 3053 5226 sed
3088 5184 3171 5227 est
3220 5191 3283 5228 ex
3328 5176 3488 5231 Patre
3519 5194 3619 5248 per

2048 5262 2242 5315 Filium
2284 5271 2337 5314 et
2385 5276 2450 5314 ex
2500 5260 2661 5328 Filio,
2692 5266 2845 5332 quasi
2876 5281 2941 5318 ex
2977 5281 3083 5318 una
3112 5281 3194 5330 re,
3230 5279 3287 5322 ut
3315 5283 3457 5337 saepe
3496 5270 3612 5339 jam

2047 5355 2249 5406 dictum
2276 5362 2359 5406 est
2387 5367 2404 5408 :
2435 5352 2578 5418 ideo,
2606 5370 2830 5424 magnus
2860 5371 3073 5425 quoque
3101 5358 3430 5416 Athanasius
3456 5362 3613 5415 dixit:

2047 5442 2256 5496 Idcirco
2292 5459 2356 5496 ex
2394 5443 2554 5498 Patre
2584 5447 2859 5512 procedere
2897 5449 3115 5516 dicitur,
3136 5453 3380 5519 quoniam
3410 5470 3443 5506 α
3468 5451 3614 5508 Filio

2046 5546 2157 5597 est;
2186 5536 2342 5590 aliter
2373 5540 2516 5590 enim
2554 5542 2854 5606 procedens
2881 5555 2987 5594 non
3019 5555 3159 5597 esset
3187 5583 3202 5607 ,
3250 5549 3342 5600 sed
3392 5559 3484 5601 aut
3514 5564 3615 5603 ne-

2046 5642 2149 5696 que
2190 5642 2419 5695 persona
2467 5638 2632 5691 esset.
2686 5631 2729 5685 si
2779 5632 2958 5687 dicere
2997 5633 3077 5688 fas
3116 5638 3209 5698 sit,
3261 5649 3354 5692 aut
3390 5638 3560 5695 It‘ilius
3594 5653 3611 5692 :

2047 5719 2293 5789 quamvis
2327 5720 2438 5773 lucc
2467 5720 2770 5776 absurditas
2808 5734 2861 5778 et
2909 5740 3002 5780 eos
3030 5727 3382 5785 nihilominus
3411 5745 3615 5801 seque-
