3996 6222
326 388 435 452 177

1430 391 1837 451 ADVERSUS
1878 391 2192 453 GlirECOS
2234 395 2381 455 LIB.
2422 394 2533 453 lii.

3494 396 3595 457 178

324 513 407 553 tur
441 516 456 552 :
487 512 616 553 nam
645 499 689 555 si
718 500 954 569 perfecte
986 517 1014 556 a
1049 502 1209 557 Patre
1240 502 1476 556 mittitur
1514 502 1753 570 Spiritus
1779 517 1905 555 san-
1938 513 1980 569 Α
2010 519 2231 571 quoque
2259 503 2557 572 producere
2585 514 2807 573 cegnnt,
2838 506 2919 557 vel
2951 520 3008 560 se
3037 507 3232 573 ipsum,
3256 503 3338 559 vel
3364 507 3593 560 alterum

321 602 464 653 ctus,
506 592 842 659 superﬂuum
894 596 1022 658 erit,
1050 604 1103 649 et
1138 611 1165 647 a
1203 593 1338 647 Filio
1386 594 1569 655 mitti;
1608 594 1694 648 sin
1728 601 1909 647 autem

320 680 662 749 imperfecte,
728 699 835 738 non
877 700 1007 753 ergo
1066 685 1334 751 perfectus
1379 695 1463 738 est
1512 683 1692 738 Pater.
1753 683 1820 736 Et
1863 683 1911 736 si

317 774 564 842 prfecto
596 778 777 828 omnia
814 792 844 830 a
893 775 1058 832 Patre
1088 790 1274 832 creata
1323 788 1447 832 sunt
1470 818 1485 841 ,
1519 777 1652 845 quid
1686 790 1911 829 necesse

316 867 417 920 fuit
448 868 635 924 dicere
665 885 679 922 :
708 868 899 925 Omnia
931 887 1025 940 per
1049 872 1216 941 ipsum
1244 872 1388 941 facta
1417 880 1538 924 sunt
1560 873 1589 926 ἵ
1610 871 1697 924 sin
1728 882 1909 922 antem

315 960 639 1027 imperfecte
664 1000 680 1025 ,
714 973 905 1017 contra
942 964 1156 1018 Patrem
1194 965 1511 1033 blasphema
1548 963 1907 1017 nihilominus

309 1066 403 1104 ora
430 1050 716 1107 lambunt.
747 1052 878 1119 Sed,
903 1055 1141 1111 absurda
1176 1072 1273 1113 eos
1307 1056 1621 1112 necessario
1659 1070 1904 1124 sequun-

312 1154 427 1207 tur,
470 1146 566 1211 qni
606 1146 743 1201 duos
773 1162 1063 1213 processus
1091 1160 1325 1214 ponunt.

382 1234 583 1295 Porro.
614 1236 708 1304 qni
744 1252 909 1291 unam
942 1247 1156 1293 tantum
1191 1255 1374 1295 rerum
1421 1242 1667 1296 omnium
1701 1241 1907 1312 produ-

310 1325 557 1380 ctionem
593 1327 929 1381 conﬁteantur
956 1342 1021 1382 ex
1050 1329 1209 1384 Patre
1241 1345 1340 1400 per
1371 1329 1571 1385 Filium
1608 1332 1661 1384 in
1696 1331 1905 1400 Spiritu

305 1430 526 1479 sancte.
559 1434 832 1487 unamque
862 1420 1201 1487 missionem,
1227 1432 1283 1477 et
1311 1423 1682 1491 largitionem,
1714 1433 1768 1477 et
1800 1422 1902 1476 da-

309 1513 517 1564 tionem
566 1512 743 1566 sancti
793 1512 1034 1584 Spiritus
1099 1530 1167 1570 ex
1215 1515 1396 1583 Patre,
1444 1526 1501 1571 et
1560 1515 1699 1570 Filio
1776 1518 1906 1586 (una

307 1602 514 1671 quippe
547 1602 806 1669 datione,
842 1612 898 1660 et
930 1605 1218 1676 largitione
1262 1608 1405 1663 mitti
1436 1624 1466 1662 a
1504 1607 1772 1675 theologis
1812 1621 1904 1661 as-

304 1696 561 1761 seritur);
594 1711 760 1749 unum
794 1712 1011 1767 quoque
1044 1698 1402 1767 inspirantem
1430 1704 1779 1769 conlitentur,
1801 1701 1907 1757 dif-

307 1783 550 1837 ferentia
582 1785 651 1840 ad
690 1786 921 1842 invicem
964 1799 1180 1845 servata
1214 1807 1228 1844 :
1263 1806 1359 1846 eos
1403 1790 1540 1845 nihil
1571 1793 1765 1846 durutn
1811 1801 1906 1845 aut

2015 596 2301 663 Spiritum,
2334 606 2425 650 aut
2446 596 2663 663 Filittm;
2699 598 2743 653 si
2773 608 2952 652 autem
2976 614 3041 654 ex
3074 600 3373 654 substantia
3398 598 3587 670 [hypo-

2013 686 2169 760 stasi]
2197 689 2455 756 quoniam
2489 689 2607 743 dure
2636 691 2953 745 substantiae
2985 702 3129 757 sunt,
3148 690 3345 755 Patris,
3374 704 3425 745 et
3449 692 3588 753 Filii,

2011 783 2057 836 si
2084 780 2303 847 quidem
2333 795 2399 835 ex
2428 781 2606 836 Patris
2637 782 2935 836 substantia
2966 795 3069 844 est,
3097 793 3305 837 constat
3334 783 3589 852 quani-un

2012 888 2078 927 ex
2111 871 2272 926 Patre
2306 872 2420 927 solo
2461 873 2778 943 :quomodo
2822 874 2989 943 igitur
3025 888 3089 927 ex
3126 875 3302 929 Filio?
3332 875 3375 929 si
3412 883 3591 927 autent

2010 979 2073 1017 ex
2106 964 2221 1019 Filii
2248 964 2687 1028 substantia,aut
2714 966 3157 1020 substantialinm
3188 967 3437 1019 etilli"le
3461 968 3588 1028 erit,

2013 1068 2108 1110 aut
2146 1056 2253 1112 duo
2280 1056 2568 1127 principia,
2611 1058 2753 1112 sicut
2782 1067 2836 1113 et
2873 1059 3190 1114 substantiae
3219 1056 3589 1129 [ltyposlases]

2011 1147 2130 1201 dum
2162 1164 2176 1201 :
2222 1148 2317 1203 sed
2351 1150 2496 1204 enim
2538 1151 2631 1218 qui
2681 1152 2780 1204 ista
2809 1149 3021 1208 dicunt.
3051 1151 3304 1204 arbitrari
3344 1151 3594 1203 videntur

2010 1239 2157 1292 aliud
2194 1238 2415 1308 quidem
2449 1240 2745 1294 secundum
2779 1255 2837 1294 se
2869 1256 2992 1295 esse
3027 1240 3413 1302 substantiam,
3450 1239 3593 1290 aliud

2012 1348 2140 1387 vero
2173 1332 2472 1387 essentiam
2513 1349 2528 1387 :
2564 1333 2775 1401 istaqne
2804 1333 3108 1388 secundum
3142 1347 3253 1385 rem
3285 1348 3313 1385 a
3361 1347 3419 1385 se
3448 1332 3592 1384 invi-

2010 1438 2128 1478 cem
2158 1423 2396 1478 dilierre.
2417 1422 2533 1477 Hoc
2555 1432 2737 1477 autem
2765 1432 2821 1476 et
2853 1421 3045 1477 falsum
3069 1422 3229 1476 simul
3254 1431 3309 1476 et
3340 1422 3595 1488 blasphe-

2010 1532 2159 1571 mnm
2191 1530 2312 1570 esse
2335 1530 2401 1570 ex
2431 1515 2807 1583 superioribus
2836 1525 3121 1571 ostensum
3151 1522 3258 1578 est,
3293 1514 3597 1581 adjectum-

2008 1622 2117 1676 que
2164 1607 2461 1662 secundum
2499 1620 2661 1674 quam
2700 1606 2967 1659 rationem
2997 1646 3012 1670 ,
3056 1603 3202 1658 aliud
3255 1605 3594 1664 essentiam,

2009 1701 2155 1755 aliud
2185 1700 2574 1763 substantiam,
2609 1708 2704 1751 ant
2742 1714 2847 1753 non
2880 1696 3024 1752 idem
3060 1699 3118 1752 in
3152 1697 3262 1751 Deo
3291 1711 3411 1750 esse
3446 1697 3601 1749 then-

2011 1793 2115 1863 logi
2140 1792 2441 1855 aﬂirmant;
2462 1776 2563 1846 sed
2589 1788 2878 1844 dicendum
2902 1799 3005 1850 est.
3033 1798 3345 1843 sanctorum
3372 1789 3594 1857 vestigia

304 1890 571 1942 asperum
597 1877 870 1943 sequitur.
902 1877 1053 1932 Idem
1086 1888 1142 1933 et
1168 1878 1222 1933 in
1257 1894 1515 1949 processu
1559 1879 1734 1935 sancti
1775 1879 1899 1948 Spl-
1934 1893 1979 1951 Β
2009 1884 2446 1953 theologiamque
2475 1883 2773 1950 sequendo,
2803 1897 2867 1937 ex
2901 1880 3081 1935 Patris
3112 1890 3166 1935 et
3197 1880 3316 1934 Filii
3349 1881 3589 1934 essentia

274 1968 453 2021 ~ritus
486 1968 817 2034 dicendum;
855 1970 999 2024 sicut
1046 1971 1195 2026 enim
1229 2010 1245 2035 ,
1281 1971 1423 2040 quod
1456 1971 1682 2038 dicitur,
1716 1973 1901 2025 omnia

305 2060 460 2113 facta
493 2074 618 2114 esse
648 2075 747 2129 per
766 2060 987 2128 Filium,
1011 2063 1305 2119 voluntatis
1334 2064 1595 2118 unitatem
1627 2080 1906 2125 commen-

304 2153 403 2203 dat
434 2167 450 2204 :
484 2151 558 2205 ita
584 2163 635 2204 et
659 2168 755 2222 per
782 2153 977 2207 Filium
1008 2156 1306 2224 procedere
1331 2155 1595 2225 Spiritum
1628 2168 1905 2224 sanctum,

306 2244 582 2297 unitatem
614 2244 996 2301 substantialis
1053 2262 1344 2317 processus
1373 2249 1514 2318 ejus,
1536 2250 1910 2320 productionis

309 2338 754 2406 processiouisve
789 2340 1155 2397 demonstrat.

380 2430 587 2482 Putant
617 2440 881 2497 prtelet'ea
921 2447 1150 2489 necesse
1177 2449 1320 2497 esse,
1351 2437 1703 2505 compositum
1734 2434 1909 2505 Spiri-

312 2531 426 2574 sirrr.
462 2534 711 2575 sanctum
748 2524 1020 2591 conﬁteri,
1053 2525 1134 2579 Itis
1158 2528 1251 2587 qui
1272 2528 1420 2582 illum
1456 2539 1508 2582 et
1532 2545 1599 2583 ea:
1620 2529 1758 2584 Filio
1789 2546 1911 2597 pro-

312 2616 496 2668 cedere
522 2616 761 2684 fatentur
781 2633 801 2670 :
828 2617 1090 2687 istudque.
1122 2621 1246 2690 quia
1293 2623 1358 2674 ab
1399 2623 1636 2692 utrisque
1674 2624 1911 2685 accipere

314 2725 529 2762 necesse
576 2720 691 2774 est;
737 2711 785 2763 si
818 2719 992 2764 autem
1038 2715 1145 2768 duo
1192 2727 1339 2781 sunt,
1390 2733 1423 2769 a
1474 2718 1665 2786 quibus
1696 2717 1908 2784 accipit,

314 2804 539 2856 omnino
570 2819 633 2856 ex
665 2803 872 2858 duobus
904 2807 1223 2873 compositus
1259 2810 1383 2863 erit.

390 2894 501 2949 Sed
536 2896 643 2950 hoc
673 2912 891 2967 quoque
913 2899 1149 2968 primum
1182 2901 1395 2967 quidem
1430 2902 1635 2954 sanctis
1660 2900 1913 2954 Patribtts

312 2987 690 3053 obiiciendum
728 2988 849 3042 fuit.
883 2988 946 3043 lli
996 2991 1143 3046 enim
1193 3000 1357 3055 sunt,
1387 2992 1478 3061 qui
1517 2992 1569 3046 id
1597 2992 1740 3061 quod
1778 2992 1913 3047 dici-

310 3086 405 3130 tur
439 3092 458 3129 :
495 3076 574 3131 De
620 3096 732 3131 meo
763 3080 1020 3147 accipiet,
1051 3096 1147 3148 pro
1177 3097 1263 3144 eo,
1298 3082 1441 3150 quod
1487 3092 1604 3148 est,
1640 3099 1706 3136 ea:
1745 3081 1910 3146 Filio,

309 3183 694 3237 exposuerunt
727 3189 744 3224 :
782 3171 984 3240 quique
1034 3188 1063 3226 a
1112 3173 1295 3239 Patre,
1342 3187 1392 3229 et
1448 3173 1585 3229 Filio
1638 3176 1911 3245 accipere,

312 3270 493 3328 atque
522 3265 715 3313 audire
746 3263 1020 3321 dixerunt.
1054 3274 1113 3319 ttt
1139 3282 1302 3336 supra
1340 3267 1645 3320 docuimus.

391 3355 627 3418 Deinde,
651 3371 822 3423 neque
840 3357 953 3424 ipse
968 3357 1202 3425 Spiritus
1223 3368 1444 3413 sanctus
1466 3359 1609 3413 aliud
1628 3360 1920 3428 exsistens,

314 3448 471 3500 aliud
491 3463 520 3498 a
544 3446 729 3507 Patre,
754 3458 809 3502 et
828 3448 967 3502 Filio
982 3451 1199 3519 accipit;
1218 3452 1330 3506 sive
1349 3452 1491 3507 aliud
1516 3452 1736 3521 quidem
1768 3468 1797 3505 ε
1827 3452 1925 3506 Pa-

314 3548 430 3595 tre.
461 3538 609 3592 aliud
633 3551 812 3592 autem
838 3558 864 3593 a
890 3540 1044 3607 Filio;
1074 3543 1188 3598 sive
1225 3544 1392 3611 igitur
1411 3561 1505 3612 per
1535 3560 1593 3598 se
1632 3546 1755 3613 quis
1781 3559 1923 3599 com-

312 3629 649 3694 positionem
670 3632 802 3694 vult,
819 3633 950 3687 nihil
979 3634 1121 3688 aliud
1146 3649 1308 3703 qttam
1338 3636 1628 3689 essentiam
1654 3646 1705 3689 et
1730 3650 1853 3690 esse
1868 3644 1923 3689 et

314 3720 597 3786 quodest,
635 3723 865 3791 aetripit;
896 3740 1018 3780 esse
1055 3741 1209 3789 vero,
1235 3738 1289 3782 et
1317 3729 1552 3783 essentia
1595 3728 1770 3783 sancti
1799 3727 1923 3796 Spi-

317 3812 485 3875 ritus,
508 3816 725 3879 etquod
748 3824 853 3879 est,
876 3832 1041 3871 unum
1061 3819 1316 3886 quiddam
1338 3831 1392 3874 et
1414 3819 1638 3887 simplex
1665 3830 1749 3875 est
1771 3836 1785 3872 :
1810 3821 1923 3874 sive

318 3916 552 3972 prOpter
582 3923 677 3957 eos
710 3910 799 3974 qni
827 3911 977 3975 dant,
1013 3920 1109 3966 aut
1137 3912 1463 3980 producunt,
1500 3929 1668 3967 unum
1695 3922 1780 3968 est
1814 3912 1919 3966 Pa-

321 4006 409 4050 ter
443 4008 492 4050 et
527 3996 720 4052 Filius.
764 3998 881 4053 Non
913 4001 1058 4054 enim
1092 4002 1146 4056 in
1198 4012 1460 4071 quantum
1492 4005 1597 4057 dno
1629 4010 1792 4065 sunt,
1824 4002 1919 4056 sed

320 4090 379 4144 in
431 4099 699 4159 quantum
765 4107 928 4145 unum
974 4106 1040 4146 ex
1109 4094 1273 4147 Patre
1312 4102 1367 4146 et
1411 4093 1543 4148 Filio
1574 4104 1656 4148 est
1685 4092 1921 4161 Spiritus

318 4195 591 4250 sanctus;
639 4185 734 4239 sed
767 4187 1225 4254 quemadmodum
1258 4187 1426 4242 Filius
1467 4195 1615 4243 totus
1667 4203 1732 4241 ex
1782 4196 1917 4249 toto.

324 4280 403 4331 ita
439 4285 494 4329 et
525 4275 763 4345 Spiritus
796 4287 941 4332 totus
969 4292 1033 4332 es
1064 4288 1176 4334 toto
1222 4279 1507 4334 asseritur.
1551 4277 1738 4346 Neque
1771 4278 1915 4333 aliud

322 4368 552 4433 quidem
578 4378 746 4422 totum
778 4367 960 4432 Pater,
993 4370 1135 4423 aliud
1166 4382 1346 4426 autem
1370 4379 1541 4426 totum
1587 4370 1774 4432 Filius,
1820 4372 1915 4425 sed

328 4477 500 4515 unum
541 4471 708 4515 totum
740 4474 821 4514 est
850 4463 1004 4531 juxta
1045 4463 1165 4519 lidei
1200 4464 1543 4532 positionem,
1573 4463 1825 4530 gignendi
1856 4477 1918 4515 ac

1944 3238 1991 3300 C

2008 1991 2134 2031 esse
2166 1973 2431 2042 Spiritum
2464 1981 2738 2037 sanetum,
2775 1981 2834 2025 nt
2886 1988 2951 2026 ex
2979 1971 3348 2041 snperiorilms
3392 1972 3598 2022 consti—

2011 2068 2099 2121 tit.
2136 2065 2307 2120 Porro
2339 2063 2517 2118 Patris
2545 2062 2785 2118 essentia
2822 2062 3003 2117 Patris
3036 2077 3263 2130 persona
3293 2071 3397 2123 est,
3434 2062 3592 2113 sicuti

2009 2160 2131 2216 Filii
2163 2159 2434 2223 essentia,
2463 2156 2583 2211 Filii
2615 2156 2799 2210 itidem
2832 2171 3064 2225 persona
3116 2165 3220 2217 est,
3276 2171 3373 2223 per
3422 2152 3603 2205 Patris

2010 2268 2208 2307 nomen
2232 2266 2296 2305 ac
2321 2248 2445 2304 Filii
2470 2247 2795 2303 substantiis
2820 2244 3261 2318 [hypostasibns]
3285 2244 3598 2308 insinuatis;

2010 2343 2174 2398 Pater
2202 2345 2347 2398 enim
2391 2352 2447 2397 et
2487 2340 3122 2395 Filiussubstantiarnm
3176 2348 3301 2392 sunt
3337 2338 3598 2400 nomina;

2012 2452 2109 2505 per
2131 2453 2330 2493 nomen
2360 2445 2538 2490 autem
2565 2435 2847 2498 assentire,
2871 2431 3108 2487 essentia
3142 2432 3255 2499 ipsa
3283 2440 3599 2499 appar-cute.

2011 2526 2200 2595 Neque
2245 2527 2393 2581 enim
2446 2527 2683 2580 essentia
2736 2535 2821 2579 est
2870 2524 2988 2576 sine
3039 2522 3369 2581 substantia,
3422 2534 3596 2586 neque

2012 2619 2320 2677 substantia
2354 2619 2474 2673 sine
2498 2619 2774 2683 essentia;
2821 2630 2944 2670 nam
2977 2624 3031 2668 et
3060 2614 3367 2667 substantia
3402 2612 3606 2665 dicitur

2013 2728 2305 2769 commune
2330 2726 2451 2767 cum
2484 2713 2737 2778 proprio;
2772 2726 2875 2762 non
2914 2718 3124 2771 tamen,
3159 2708 3285 2775 qnia
3317 2706 3479 2760 unius
3519 2719 3599 2759 eat

2014 2805 2269 2861 essentia:
2302 2820 2424 2859 cum
2468 2802 2631 2857 Patre
2665 2812 2720 2857 et
2751 2802 2890 2856 Filio
2920 2800 3159 2870 Spiritus
3200 2808 3445 2859 sanctus,
3484 2798 3606 2849 ideo

2017 2914 2240 2954 necesse
2265 2906 2349 2953 est
2379 2899 2578 2967 ipsum,
2610 2895 2692 2949 vel
2734 2910 2796 2949 se
2844 2895 3045 2961 ipsum,
3094 2891 3177 2943 vel
3234 2890 3474 2951 Filium,
3522 2894 3602 2941 vel

2015 2993 2179 3046 alium
2213 2990 2479 3059 Spiritum
2514 2990 2834 3058 producere.
2862 2986 3078 3039 Dictum
3111 2984 3308 3053 quippe
3338 2994 3442 3044 cst,
3470 2999 3606 3051 quo-

2017 3083 2160 3135 niam
2188 3091 2380 3135 natura
2404 3091 2666 3149 operatur
2687 3080 2837 3149 juxta
2864 3077 3252 3148 prpprietatem
3284 3092 3527 3145 persona:
3550 3076 3601 3127 in

2018 3190 2124 3245 qua
2148 3184 2253 3230 est.

2098 3268 2284 3335 Itaque
2316 3265 2529 3320 Patrem
2570 3265 2793 3334 quidem
2829 3279 2890 3318 ac
2936 3263 3129 3319 Filium
3159 3303 3173 3325 ,
3222 3263 3334 3317 sive
3371 3263 3603 3315 Moulertt

2028 3375 2091 3415 ac
2126 3359 2403 3422 Verbum,
2439 3372 2558 3425 qua:
2601 3357 2826 3410 relative
2857 3358 3112 3410 dit-untur
3147 3357 3442 3409 scentulum
3475 3371 3604 3424 pro-

2028 3451 2316 3519 prietatem
2349 3466 2527 3515 suam,
2556 3464 2611 3504 et
2646 3447 2909 3517 Spiritntn
2938 3450 3140 3503 habere
3164 3446 3434 3514 Sequitur;
3475 3462 3606 3514 pro-

2026 3543 2202 3611 prium
2228 3542 2375 3597 enim
2423 3542 2566 3610 quod
2601 3542 2834 3595 Mentem
2867 3541 3141 3609 sequitur,
3171 3549 3255 3592 est
3288 3556 3352 3593 ex
3392 3542 3600 3605 seipss

2028 3633 2273 3705 proferre
2290 3633 2526 3688 Verbum
2548 3634 2667 3688 sine
2689 3631 2889 3696 medio,
2913 3631 3209 3686 secundum
3240 3629 3603 3699 intelligemus
3680 3634 3689 3637 “

2026 3742 2365 3795 processum.
2387 3726 2559 3780 Aliter
2581 3725 2725 3779 enim
2748 3739 2904 3778 mens
2930 3726 3051 3777 sine
3072 3720 3248 3775 Verba
3289 3732 3454 3783 ωερε,
3476 3719 3602 3774 Ver-

2027 3817 2263 3886 bumqne
2292 3817 2410 3871 sine
2439 3824 2618 3870 mente
2648 3829 2813 3884 porro
2845 3812 3164 3883 intelligibili
3195 3828 3260 3865 ac
3297 3811 3550 3865 rationali
3582 3852 3596 3871 ,

2025 3910 2331 3979 cuiusmodi
2379 3911 2615 3979 primum
2653 3923 2717 3963 ac
2750 3923 3025 3963 summum
3065 3909 3209 3963 Dens
3258 3915 3340 3961 est
3366 3948 3380 3967 ,
3434 3907 3600 3959 etiam

2026 4002 2287 4071 Spiritum
2324 4002 2525 4057 habere
2574 4003 2846 4069 sequitur,
2883 4016 3044 4070 quem
3096 4002 3428 4054 voluntatem
3454 4038 3467 4059 ,
3506 4013 3601 4049 seu

2022 4094 2368 4158 cbaritatem,
2396 4107 2489 4147 seu
2520 4089 2929 4160 quontodolibct
2960 4105 3080 4144 eam
3113 4091 3236 4158 quis
3268 4103 3466 4140 vocare
3510 4101 3602 4134 w—

2024 4188 2105 4248 lit,
2137 4201 2167 4239 a
2199 4183 2464 4254 theologis
2493 4184 2721 4249 dictum,
2751 4197 2911 4257 supra
2946 4189 3305 4237 monSIratnm
3323 4189 3407 4231 est
3433 4194 3447 4229 :
3471 4191 3604 4245 quo-

2024 4277 2167 4331 niam
2201 4274 2439 4345 Spiritus
2471 4284 2700 4330 sanctus
2730 4288 2797 4328 ex
2826 4272 3007 4327 Mente
3047 4286 3141 4340 per
3186 4268 3422 4324 Verbum
3444 4309 3459 4329 .
3515 4284 3603 4322 se-

2023 4369 2260 4423 cundum
2306 4367 2592 4421 charitatis
2631 4380 2944 4436 processum
2993 4365 3211 4434 prodit,
3259 4378 3419 4432 quem
3455 4361 3598 4413 enim

2025 4459 2177 4516 Mens
2207 4473 2301 4529 per
2324 4457 2564 4512 Verbum
2597 4450 2876 4525 intelligit,
2910 4455 3057 4509 hunc
3092 4464 3145 4508 et
3173 4453 3368 4520 diligit,
3388 4461 3435 4504 et
3467 4451 3599 4510 \tlll;

334 4554 594 4607 nascendi
620 4552 950 4610 discretione
978 4566 1214 4609 servata.
1238 4554 1393 4610 Nullo
1413 4570 1542 4627 ergo
1574 4557 1732 4610 modo
1764 4572 1910 4609 com-
1952 4576 1994 4631 υ
2025 4562 2189 4614 atque
2219 4550 2377 4604 aliter
2405 4556 2463 4602 ut
2492 4548 2585 4612 sit,
2617 4546 2877 4616 possibile
2909 4562 3013 4599 non
3055 4554 3159 4599 est.
3194 4544 3271 4596 ita
3308 4544 3470 4608 igitur
3503 4557 3601 4593 vo-

337 4649 665 4715 p:sitionem
697 4650 939 4718 cogitare
988 4648 1149 4710 licet,
1183 4664 1492 4718 quanquam
1538 4649 1754 4702 etiamsi
1795 4649 1919 4718 plus

338 4754 499 4806 quam
552 4752 664 4794 tres
715 4756 957 4809 persona:
1013 4754 1157 4797 esset
1204 4742 1344 4795 Dens
1373 4784 1388 4806 ,
1440 4741 1587 4795 nulla
1626 4744 1923 4796 necessitas

339 4835 759 4901 compositionis
787 4844 955 4898 esset,
981 4846 1033 4890 et
1054 4836 1196 4905 quod
1222 4844 1522 4889 extremum
1556 4834 1923 4902 processionis

339 4929 535 4981 ordine
568 4945 595 4979 a
630 4928 854 4996 singulis
878 4928 1169 4994 acciperet.
1202 4925 1323 4980 Non
1345 4926 1487 4981 enim
1512 4925 1757 4979 dantinm
1791 4926 1925 4979 ntul-

346 5019 605 5082 titudine,
638 5018 733 5072 sed
778 5034 842 5071 ex
885 5033 1075 5071 eorum
1108 5019 1201 5087 qui
1238 5018 1391 5081 dant,
1433 5028 1757 5084 eorumque,
1801 5032 1922 5082 qum

344 5112 549 5173 insunt,
584 5110 889 5165 dili'erentia
918 5147 933 5171 .
962 5109 1281 5178 compositio
1314 5108 1624 5177 jndicatnr;
1656 5108 1699 5162 si
1738 5117 1917 5160 autem

342 5219 462 5271 qua:
483 5206 706 5266 dantur,
728 5201 1033 5255 ditl‘erentia
1069 5211 1221 5264 sunt,
1252 5211 1305 5254 et
1326 5215 1445 5267 qua:
1477 5201 1681 5263 insunt,
1706 5200 1923 5254 dill'errc

348 5311 571 5350 necesse
606 5303 689 5348 est
724 5309 740 5345 :
770 5307 935 5361 atque
969 5294 1040 5346 ita
1071 5291 1431 5361 compositum
1474 5293 1612 5355 erit,
1665 5293 1807 5360 quod
1856 5308 1920 5345 ex

351 5389 657 5457 huiusmodi
689 5386 985 5450 constabit,
1023 5385 1167 5453 quod
1205 5384 1258 5437 in
1291 5394 1481 5440 sancto
1526 5384 1731 5453 Spiritu
1797 5401 1925 5439 utts-

349 5496 511 5549 quam
551 5482 710 5533 habet
750 5480 949 5532 locum.

423 5570 490 5627 Et
522 5571 575 5623 id
616 5586 849 5637 quoque,
896 5568 1051 5635 quasi
1102 5567 1410 5624 inevitabile
1440 5568 1749 5637 percontari
1804 5582 1925 5635 per-

352 5672 481 5728 gunt
512 5676 527 5714 :
564 5658 748 5714 Utrum
784 5676 849 5713 ca:
876 5660 1102 5714 esscmia
1140 5677 1209 5712 an
1234 5676 1299 5714 ea:
1324 5660 1621 5715 substantia
1649 5676 1724 5714 est
1748 5659 1923 5728 Spiri-

360 5763 437 5803 tus
473 5752 727 5803 sanctus?
755 5752 809 5802 Si
839 5752 985 5805 enim
1016 5766 1078 5802 ex
1114 5753 1374 5818 essentia,
1411 5752 1536 5817 quia
1562 5751 1802 5821 ejusdem
1835 5767 1923 5804 cs-

361 5845 543 5897 scmia:
565 5853 641 5895 est
658 5859 777 5895 cum
800 5841 953 5895 Patre
990 5854 1039 5895 ct
1074 5841 1206 5895 Filio
1229 5841 1464 5909 Spiritus
1484 5852 1721 5904 Sanctus,
1747 5842 1920 5903 ipsum

2030 4644 2229 4704 lunias,
2270 4642 2385 4695 sive
2408 4655 2583 4703 amor,
2606 4648 2661 4693 et
2687 4638 2904 4693 dilectio
2937 4653 3002 4691 ex
3039 4636 3216 4690 Mente
3246 4651 3342 4705 per
3366 4634 3598 4687 Verbum

2024 4734 2235 4803 prodit;
2263 4732 2607 4802 praecogitan
2670 4729 2888 4799 quidem
2924 4744 3178 4797 processu
3207 4744 3273 4781 ex
3308 4728 3487 4780 Mente
3505 4741 3600 4793 per

2026 4822 2283 4886 Verbum,
2317 4820 2777 4891 quemadmodum
2816 4834 3037 4873 causam
3062 4829 3188 4874 ante
3219 4819 3432 4873 caussle
3464 4834 3601 4885 prae-

2024 4917 2248 4988 cogitari
2299 4916 2570 4977 dicimus.
2625 4914 2729 4968 etsi
2783 4913 2944 4968 simul
2998 4915 3259 4966 asseritnr
3294 4928 3309 4965 :
3340 4910 3598 4977 quoidam

2026 5009 2169 5060 aliud
2202 5007 2417 5074 quidem
2455 5006 2804 5059 continenter
2831 5020 2896 5056 ex
2929 5003 3125 5069 primo,
3158 5001 3301 5053 aliud
3348 5016 3476 5053 vero
3505 5016 3601 5067 per

2027 5097 2077 5151 id
2113 5098 2254 5165 quod
2280 5106 2363 5149 est
2401 5095 2746 5149 continenter
2767 5108 2834 5147 ex
2866 5093 3065 5161 primo.

2095 5191 2457 5260 Quanquam,
2505 5189 2608 5242 etsi
2644 5187 2876 5254 primam
2922 5200 3141 5239 causam
3184 5185 3403 5239 Patrem
3443 5170 3633 5239 voca?

2029 5301 2169 5349 tuus,
2198 5294 2253 5338 et
2277 5290 2668 5350 consequenter
2700 5276 2960 5339 Verbum,
3001 5276 3219 5339 Filium,
3253 5275 3447 5331 Filium
3475 5277 3599 5346 qui-

2026 5380 2145 5433 dem
2192 5377 2309 5432 sine
2355 5375 2530 5429 medio
2565 5390 2625 5427 ex
2660 5372 2818 5425 Patre
2860 5370 3007 5424 nasci
3042 5370 3297 5435 dicimus,
3334 5371 3596 5439 Spiritum

2029 5486 2155 5524 vero
2180 5480 2430 5524 sanctum
2452 5482 2515 5518 ex
2540 5466 2696 5518 Patre
2731 5478 2825 5530 per
2848 5460 3040 5515 Filium
3067 5461 3383 5530 procedere.
3417 5460 3598 5528 Itaque.

2029 5563 2177 5617 Patri
2209 5570 2262 5613 et
2288 5559 2443 5620 Filio,
2486 5555 2893 5625 qnomodolibct
2925 5555 3048 5624 quis
3082 5554 3292 5607 divinas
3337 5568 3598 5620 personas

2028 5670 2227 5710 vocare
2270 5651 2419 5712 velit,
2470 5650 2764 5701 secundum
2813 5661 3165 5713 personarum
3213 5644 3595 5699 substantiales

2030 5745 2408 5815 proprietates,
2440 5740 2605 5793 etiam
2635 5737 2891 5804 Spiritum
2925 5736 3145 5796 habere,
3177 5734 3442 5802 sequitur.
3471 5733 3593 5786 Ideo

2028 5852 2075 5891 et
2109 5836 2338 5904 Spiritus
2375 5832 2547 5886 Patris
2582 5844 2644 5884 ac
2682 5828 2801 5882 Filii
2839 5827 3075 5896 Spiritus
3110 5828 3323 5886 dicitur,
3374 5835 3424 5876 et
3464 5824 3590 5891 Spi-
