4020 6206
400 388 504 452 179

1663 386 2061 453 MANUELIS
2097 389 2409 450 CALEC/E

3560 383 3665 454 190

395 499 637 554 rsculum
685 497 863 557 Patris
902 513 957 556 et
1006 500 1150 567 Filii,
1193 502 1319 569 quia
1366 511 1419 557 et
1469 501 1631 572 hujus
1683 516 1975 572 processus
2005 508 2046 564 Α
2080 500 2132 554 iu
2162 502 2517 564 Filioautem,
2546 499 2818 568 liliariter,
2841 504 2945 558 hoc
2966 513 3047 556 est
3064 504 3375 569 causaliter,
3396 506 3661 560 nascendi

395 592 669 658 spiracqu
692 593 1046 657 assimilatur,
1073 595 1371 649 secundum
1396 595 1780 655 Athanasium.
1809 603 1975 661 atque

394 686 464 740 ad
488 683 705 739 Patrem
755 696 807 739 ct
830 684 1023 739 Filium
1051 685 1276 743 relative
1302 688 1522 750 dicitur,
1554 698 1611 741 ut
1637 687 1977 743 demonstra-

397 790 509 830 tum
542 790 659 842 est;
689 777 852 831 veluti
888 780 1188 846 procedens
1215 788 1270 834 et
1304 779 1629 848 inspiratum
1668 778 1732 833 ad
1768 779 1976 847 produ-

395 878 607 923 renteut
640 878 805 937 atque
838 869 1198 937 inspirantem
1246 888 1260 924 :
1307 870 1620 938 indicatque
1653 869 1875 938 etquod
1910 885 1973 921 ex

396 959 557 1013 Patre
627 961 871 1029 genitum
913 970 1032 1025 est,
1099 970 1158 1015 ut
1210 962 1373 1017 etiam
1427 964 1493 1015 ad
1560 961 1775 1017 Patrem
1814 970 1975 1029 atque

399 1049 597 1103 Filiqu
632 1051 853 1114 relatio,
881 1055 1035 1120 quasi
1069 1054 1122 1106 iu
1159 1069 1323 1107 untuu
1352 1054 1769 1123 producentem,
1801 1054 1975 1115 inspi-

396 1152 716 1211 rantemque
746 1144 1045 1197 reducatur
1070 1184 1086 1209 ,
1116 1160 1278 1214 quam
1314 1146 1385 1199 ob
1411 1159 1632 1199 causam
1658 1132 1872 1206 ,°etiam
1907 1144 1975 1198 ad

395 1234 625 1289 invicem
656 1234 822 1289 simul
867 1237 1197 1303 cogitantur,
1229 1236 1528 1292 secundum
1559 1237 1841 1291 relationis
1873 1236 1976 1291 ha-

392 1326 562 1381 bitum
600 1344 614 1381 :
648 1343 774 1381 nam
824 1329 917 1395 qui
966 1328 1228 1396 Spiritum
1263 1329 1431 1393 dicit,
1472 1345 1595 1383 eum
1622 1329 1783 1383 simul
1818 1329 1974 1396 cuius

390 1426 478 1474 est
507 1419 750 1485 Spiritus
783 1421 1114 1490 cogitatione
1142 1422 1579 1489 comprehendit.
1613 1422 1688 1477 ita
1721 1436 1852 1492 ergo
1880 1438 1971 1475 ne-

390 1511 637 1565 cessario
686 1526 1030 1582 consequens
1074 1522 1180 1577 est,
1239 1520 1537 1567 secundum
1587 1511 1975 1565 substantiales

391 1618 580 1658 eorum
610 1606 993 1674 proprietates,
1025 1605 1242 1659 Patrem
1285 1621 1346 1661 ac
1378 1605 1573 1660 Filium
1619 1605 1858 1668 habere,
1912 1618 1975 1658 ac

394 1697 631 1764 mittere,
659 1707 713 1753 et
740 1713 999 1753 emanare
1034 1700 1299 1768 Spiritum
1324 1710 1591 1761 sanctum,
1616 1708 1975 1753 attestautur-

390 1803 498 1856 que
531 1788 617 1844 bis
639 1789 895 1845 Ecclesiae
921 1791 1183 1859 magistri.
1213 1791 1509 1859 Gregorius
1539 1791 1758 1859 quidem
1792 1789 1971 1843 Theo-

2079 595 2407 662 proprictate
2433 594 2665 664 adjecta,
2695 593 2849 664 juxta
2895 596 3199 652 nativitatis
3233 597 3569 658 terminum;
3602 598 3659 652 lu

2077 694 2263 737 sancto
2299 694 2475 738 autem
2502 682 2707 753 Spiritu
2737 687 3068 754 processive,
3097 685 3198 741 hoc
3223 696 3306 741 est
3328 688 3650 749 causaliter,

2077 787 2287 830 servata
2328 778 2428 831 sibi
2468 779 2799 848 proprietate
2834 794 3148 847 processus.

2148 871 2620 934 Quemadmodum
2673 871 2836 941 igitur
2872 871 3030 926 Pater
3075 887 3181 926 non
3217 883 3361 927 esset
3390 874 3578 935 Pater,
3609 875 3654 929 si

2076 960 2240 1012 etiam
2267 959 2403 1015 Filio
2436 959 2608 1015 Filius
2637 972 2802 1023 esset,
2830 963 2901 1015 ita
2928 962 3073 1015 enim
3103 973 3250 1017 esset
3274 973 3327 1017 et
3356 964 3528 1018 Filius
3558 964 3662 1017 Pa-

2079 1061 2181 1116 ter,
2226 1067 2694 1122 personarumque
2725 1052 2978 1107 confusio
3006 1065 3361 1121 sequeretur;
3398 1066 3449 1109 et
3484 1067 3658 1116 certe.

2077 1158 2201 1198 cum
2238 1159 2340 1197 una
2374 1145 2446 1198 sit
2475 1145 2665 1209 Patri,
2718 1161 2784 1201 ac
2809 1145 2946 1200 Filio
2978 1149 3221 1201 essentia
3261 1164 3275 1201 :
3312 1159 3366 1203 et
3399 1149 3661 1217 quemad-

2079 1237 2294 1290 modum
2326 1236 2496 1292 Filius
2534 1254 2639 1292 non
2670 1249 2815 1295 esset
2848 1239 3016 1294 Filius
3056 1241 3160 1297 nisi
3208 1251 3349 1295 esset
3385 1240 3659 1296 ex"Patre

2078 1329 2196 1385 sine
2238 1332 2438 1395 medio,
2467 1332 2517 1385 id
2552 1344 2655 1397 εει,
2696 1335 3000 1403 nascendo;
3036 1335 3109 1389 ita
3145 1343 3199 1389 et
3244 1334 3479 1403 Spiritus
3525 1351 3657 1389 san-

2079 1432 2197 1475 ctus
2247 1437 2351 1475 non
2396 1434 2541 1477 esset
2589 1424 2823 1490 Spiritus
2879 1426 2985 1479 nisi
3050 1436 3198 1480 esset
3241 1440 3305 1479 ex
3362 1425 3524 1479 Patre
3563 1442 3660 1493 per

2080 1511 2338 1568 Verbum.
2370 1514 2505 1569 Nam
2539 1517 2581 1569 si
2609 1532 2672 1571 ex
2713 1516 2874 1571 Patre
2908 1526 3052 1571 esset
3086 1519 3202 1572 sine
3240 1517 3403 1571 Verbi
3448 1520 3651 1585 medio,

2078 1608 2350 1661 nascendo
2389 1618 2531 1661 esset
2559 1649 2574 1674 ,
2612 1618 2664 1663 et
2695 1621 3113 1678 consequenter,
3169 1610 3361 1665 Filius.
3397 1610 3461 1664 Et
3513 1611 3660 1667 sicut

2076 1699 2246 1753 Filius
2282 1716 2344 1755 ex
2376 1700 2763 1756 communione
2800 1713 3003 1756 natura:
3054 1705 3119 1755 ad
3172 1699 3389 1756 Patrem
3413 1741 3428 1765 ,
3480 1718 3659 1771 neque

2076 1791 2293 1848 Patrem
2327 1809 2428 1848 nec
2461 1796 2696 1864 seipsum
2730 1796 2924 1865 gignit,
2957 1796 3008 1849 id
3051 1796 3249 1866 quippe
3286 1806 3432 1850 esset
3464 1804 3661 1864 praeter

391 1880 549 1947 legus
586 1882 777 1936 dicens
810 1897 826 1933 :
864 1883 982 1937 Non
1022 1887 1160 1937 enim
1194 1884 1408 1938 decebat
1446 1883 1525 1938 vel
1558 1882 1766 1938 Filium
1809 1882 1970 1937 Patri
2009 1862 2051 1920 Β
2080 1883 2201 1939 Filii
2230 1862 2555 1953 terminum,
2580 1902 2677 1956 per
2710 1862 2870 1957 quem
2904 1862 3290 1955 persoita'est',
3324 1889 3395 1942 ita
3425 1862 3481 1943 et
3526 1887 3656 1956 Spi-

393 1971 475 2025 tth
509 1971 772 2040 Spiritum
804 1972 949 2027 Filio
979 1991 1208 2044 unquam
1239 1977 1441 2029 deesse.

464 2065 697 2120 Sanctus
737 2066 1064 2122 Anastasius
1099 2068 1474 2122 Antiocheuus
1514 2070 1565 2122 in
1602 2070 1717 2137 ipso
1747 2085 1846 2124 suo
1874 2069 1973 2124 do-

394 2160 638 2227 gmatico
675 2160 813 2215 libro
842 2178 857 2213 :
888 2162 1124 2229 Spiritus
1155 2172 1392 2225 sanctus,
1425 2163 1521 2226 ait,
1552 2179 1667 2215 cum
1712 2162 1893 2225 Patre,
1923 2173 1972 2216 et

392 2249 542 2303 Filio
588 2252 749 2305 simul
801 2263 1062 2321 apparet,
1103 2254 1264 2307 veluti
1297 2271 1413 2307 cum
1455 2264 1646 2318 mente,
1697 2263 1748 2307 et
1795 2255 1973 2309 verba.

394 2343 767 2399 Daumsceuus
808 2360 1031 2414 quoque
1072 2347 1150 2400 ait
1203 2364 1217 2400 :
1273 2345 1489 2412 Oportet
1531 2356 1711 2399 autem
1748 2345 1973 2401 Verbum

389 2436 554 2489 etiam
582 2434 840 2503 Spiritum
870 2437 1080 2492 habere.

465 2525 723 2596 Magnum
771 2529 901 2584 item
950 2529 1214 2585 Basilium
1262 2531 1603 2585 ostendimus
1650 2530 1704 2584 in
1742 2530 1972 2597 quodam

391 2616 657 2671 adversus
688 2619 1016 2675 Ettuomittm
1049 2623 1291 2691 capitulo
1322 2622 1589 2676 dicentem
1630 2640 1644 2676 :
1687 2619 1809 2676 Nisi
1850 2620 1975 2690 Spi-

391 2706 554 2760 ritum
580 2723 645 2761 ea:
673 2706 780 2762 Deo
806 2709 935 2761 dicit
959 2710 1244 2779 quispiam,
1279 2726 1343 2763 ne
1376 2708 1601 2764 Verbum
1633 2713 1864 2781 quidem.

468 2799 734 2866 Quoniam
769 2802 934 2870 igitur
963 2803 1242 2872 proprimu
1271 2812 1356 2858 est
1396 2819 1632 2873 sequens
1664 2805 1975 2860 necessario

392 2893 637 2948 Verbum
690 2904 743 2947 et
788 2895 1051 2963 Spiritum
1101 2895 1305 2951 habere
1346 2915 1361 2951 :
1403 2898 1587 2952 omnia
1638 2910 1817 2951 autem
1856 2913 1977 2965 qtue

391 2988 562 3040 Pater
592 2987 757 3042 habet
779 3025 796 3050 ,
846 2988 1009 3042 habet
1042 2999 1097 3043 et
1124 2988 1325 3055 Filius;
1359 2990 1463 3045 nisi
1494 3005 1629 3046 vero
1674 2991 1837 3047 Pater
1872 2992 1977 3046 ha-

394 3079 543 3144 beat,
574 3092 675 3133 nec
703 3079 870 3135 Filius
905 3080 1106 3147 habet;
1139 3082 1222 3134 sin
1253 3094 1436 3137 autem
1464 3098 1571 3137 nou
1606 3084 1767 3138 habet
1801 3099 1977 3152 neque

392 3171 633 3226 Verbum
658 3171 784 3235 erit,
813 3184 989 3238 neque
1007 3186 1070 3224 ex
1090 3170 1287 3238 Patre;
1321 3184 1537 3242 oportet
1567 3175 1713 3228 enim
1736 3172 1971 3228 Verbum

391 3265 558 3318 etiam
597 3264 796 3319 habere
827 3262 1113 3334 Spiritum,
1144 3272 1204 3319 ut
1241 3265 1545 3319 rectissime
1572 3266 1832 3335 magister
1861 3264 1975 3335 (58)

393 3358 549 3412 dixit.
584 3356 639 3412 Si
668 3359 814 3413 enim
843 3356 1105 3427 Spiritqu
1140 3374 1205 3413 ex
1232 3357 1365 3422 Deo,
1390 3368 1444 3413 et
1471 3358 1633 3415 Patre
1659 3360 1788 3413 dicit
1820 3360 1977 3429 quis-

394 3449 560 3518 piam,
596 3464 663 3504 ue
694 3449 935 3507 Verbum
958 3451 1213 3521 quidem;
1244 3453 1502 3520 quoniam
1532 3467 1662 3506 vero
1691 3451 1850 3505 Pater
1883 3452 1976 3505 ha-

396 3540 486 3592 bet
512 3548 565 3594 et
598 3539 768 3594 Filius
796 3540 980 3596 habet.
1018 3538 1251 3596 Sanctus
1279 3542 1423 3596 enim
1453 3542 1692 3612 Spit-itus
1719 3558 1842 3596 cum
1872 3542 1976 3596 Pa-

397 3643 501 3697 tre,
548 3644 605 3687 et
651 3632 789 3687 Filio
819 3633 982 3688 simul
1027 3643 1275 3705 apparet,
1313 3634 1483 3689 veluti
1535 3650 1659 3690 cum
1710 3646 1890 3689 mente
1918 3642 1976 3689 et

390 3726 581 3788 verbo,
644 3739 708 3779 ac
755 3726 1054 3781 secundum
1096 3724 1349 3780 etuudem
1398 3725 1658 3789 modum,
1714 3725 1794 3778 sic
1829 3726 1974 3779 enim

392 3815 570 3868 sancti
614 3815 787 3870 aiunt.
840 3814 1047 3871 Deinde
1088 3813 1427 3871 concludens
1459 3812 1668 3866 infert:
1702 3808 1975 3874 Quomodo

380 3908 561 3978 igitur
590 3908 827 3975 separari
858 3916 1076 3976 possunt
1097 3906 1504 3975 inseparabilia,
1529 3904 1753 3958 Verbum
1776 3903 1974 3957 scilicet

392 4014 460 4053 ea:
494 3998 624 4061 Deo,
657 4008 707 4053 et
736 3996 970 4065 Spiritus
1003 4012 1070 4051 ex
1103 3997 1212 4053 Deo
1236 4008 1330 4065 per
1354 3997 1603 4054 Filium?
1847 4005 1850 4008 ’

468 4087 700 4154 Magnus
727 4088 854 4142 item
904 4087 1241 4143 Athanasius
1267 4088 1347 4142 ait
1379 4105 1394 4144 :
1426 4086 1694 4153 Quoniam
1734 4090 1975 4156 Spiritus

392 4198 498 4236 non
531 4190 604 4236 est
627 4191 779 4236 extra
817 4179 1065 4237 Verbum.
1101 4180 1169 4237 Et
1200 4196 1415 4237 rursum
1443 4200 1455 4236 :
1504 4180 1650 4237 Ess‘et
1680 4183 1840 4236 etiam
1872 4183 1977 4236 im-

391 4272 644 4341 possibile
695 4273 755 4326 iu
812 4271 1097 4327 Trinitatis
1137 4274 1312 4344 gloria
1359 4272 1623 4341 Spiritum
1660 4273 1971 4342 gloriﬁcari,

394 4367 497 4422 nisi
527 4382 801 4436 processus
840 4367 1048 4421 ratione
1087 4376 1221 4421 esset
1268 4381 1334 4420 ea:
1382 4366 1492 4420 Deo
1526 4382 1619 4432 per
1646 4366 1861 4421 Filium.
1900 4365 1976 4421 De

324 4450 327 4451 ν
394 4458 629 4514 naturali
668 4457 788 4527 ejus
827 4458 1283 4528 substantialique
1332 4454 1589 4528 processu
1634 4458 1855 4513 verbum
1887 4458 1976 4512 hic

2079 1980 2218 2033 ritus
2249 1990 2468 2035 sanctus
2496 1996 2590 2050 per
2616 1991 2824 2035 natura-
2855 1982 2920 2034 ad
2946 1980 3159 2035 Patrem
3194 1991 3249 2035 et
3272 1980 3468 2034 Filium
3503 1980 3659 2034 iden-

2080 2074 2309 2139 titatem,
2333 2082 2388 2127 et
2419 2075 2877 2141 communionem,
2915 2074 3326 2143 productionem
3359 2088 3467 2127 non
3499 2074 3662 2127 babe-

2079 2167 2187 2231 bit;
2219 2166 2419 2235 quippe
2446 2165 2579 2219 alias
2601 2166 2815 2221 desinet
2846 2182 2966 2221 esse
2997 2166 3295 2235 procedens
3322 2166 3579 2234 Spiritus:
3602 2175 3662 2219 et

2078 2260 2192 2315 sive
2222 2259 2488 2329 gignendo
2521 2258 2683 2312 Pater
2710 2258 2835 2322 erit,
2870 2269 2924 2314 et
2959 2260 3225 2326 quomodo
3260 2275 3289 2312 a
3316 2257 3517 2312 Patre?
3544 2259 3659 2312 sive

2077 2354 2395 2422 productor,
2445 2363 2501 2408 et
2538 2354 2808 2423 quomodo
2856 2351 3134 2420 Spiritus?
3187 2367 3542 2420 prorsusque,
3608 2354 3653 2407 si

2077 2444 2292 2513 quidem
2320 2458 2481 2498 causa
2508 2446 2579 2499 sit
2608 2444 2727 2499 Filii
2756 2485 2770 2510 ,
2803 2454 3198 2513 consequenter
3235 2445 3335 2497 erit
3385 2459 3451 2497 cx
3494 2445 3660 2499 Patre

2078 2534 2247 2590 Filius
2274 2550 2370 2604 per
2408 2526 2692 2604 Spiritum,
2727 2536 3027 2605 tertiusque
3057 2537 3163 2589 crit
3192 2552 3219 2587 a
3246 2534 3428 2598 Patre,
3470 2550 3660 2589 secuu.

2079 2630 2206 2684 dum
2247 2628 2586 2695 personalem
2633 2629 2916 2697 ordinem;
2946 2628 3086 2697 quod
3120 2628 3365 2697 proiecto
3395 2636 3478 2682 est
3514 2642 3655 2696 pra:-

2080 2729 2161 2775 ter
2186 2719 2306 2774 Filii
2337 2735 2399 2774 ac
2428 2719 2665 2789 Spiritus
2699 2721 3017 2774 terminum.

2150 2811 2219 2863 At
2250 2825 2430 2879 neque
2456 2810 2538 2864 sui
2578 2810 2748 2878 ipsius
2788 2825 2953 2863 causa
2999 2823 3122 2864 esse
3157 2816 3351 2877 potest.
3387 2808 3470 2862 Nil
3505 2810 3653 2863 cuius

2080 2906 2257 2974 ipsum
2291 2904 2373 2958 sui
2416 2902 2588 2971 ipsius
2624 2917 2786 2955 causa
2828 2911 2933 2957 est.
2965 2901 3468 2956 Coutradietionent
3504 2901 3651 2954 enim

2080 2998 2153 3052 ita
2185 2996 2500 3057 continebit,
2535 2996 2828 3050 secundum
2863 2995 3027 3048 idem.
3062 2992 3245 3061 Neque
3281 2993 3505 3046 alterius
3536 2992 3659 3061 Spi-

2079 3091 2217 3146 ritus
2276 3104 2439 3143 causa
2491 3102 2612 3141 esse
2666 3096 2862 3156 potest.
2911 3086 3025 3141 Hac
3075 3086 3218 3140 enim
3272 3086 3502 3147 ratione,
3546 3100 3654 3139 non

1997 3202 2046 3267 ο
2081 3193 2223 3237 esset
2242 3178 2483 3234 Trinitast
2522 3181 2661 3234 Deits
2694 3194 2708 3232 :
2742 3179 3030 3246 simulque,
3064 3191 3163 3231 nec
3197 3178 3352 3231 nobis
3380 3176 3514 3230 lides
3544 3186 3653 3229 tra-

2078 3275 2210 3330 didit
2234 3273 2519 3342 Spiritum,
2546 3272 2628 3325 vel
2657 3270 2740 3325 sui
2771 3271 2960 3340 ipsius,
2989 3271 3070 3325 vel
3101 3270 3364 3339 Spiritum
3392 3269 3653 3338 Spiritus.

2076 3370 2283 3439 Nempe
2320 3369 2464 3422 enim
2499 3368 2544 3423 si
2576 3366 2900 3420 Trinitatem
2928 3364 3340 3427 excesserimus,
3374 3364 3505 3417 nihil
3537 3380 3661 3432 pro-

2077 3460 2305 3525 hibebit,
2338 3470 2392 3514 et
2420 3460 2690 3529 quintam,
2722 3464 2778 3511 et
2803 3464 3010 3510 sextam
3044 3469 3330 3523 personam
3371 3453 3424 3508 iu
3456 3454 3661 3509 divinis

2078 3564 2345 3615 quaerere.

2151 3641 2274 3697 ilice
2322 3642 2486 3714 igitur
2530 3641 2691 3703 velle,
2740 3639 3020 3695 hominum
3054 3646 3179 3705 est,
3213 3650 3337 3707 quae
3365 3637 3431 3691 de
3462 3642 3656 3691 sancta

2077 3734 2347 3791 Trinitate
2375 3745 2499 3790 sunt
2536 3736 2752 3799 tradita,
2785 3733 3001 3799 auferre
3030 3732 3342 3793 nitentium,
3374 3732 3658 3800 ipsamque

2079 3842 2110 3881 e
2142 3829 2364 3897 regione
2411 3826 2927 3895 blasphemantium.
2965 3824 3149 3894 Neque
3191 3824 3335 3878 enim
3370 3823 3659 3877 multitudo

2076 3932 2436 3990 personarum
2464 3926 2547 3973 est
2566 3960 2580 3984 ,
2615 3918 2711 3973 sed
2743 3933 2915 3989 usque
2944 3918 3013 3972 ad
3042 3917 3370 3972 Trinitatem
3398 3928 3657 3985 progres-

2078 4026 2172 4066 808
2201 4020 2287 4065 68'.
2318 4023 2597 4065 numerus.

2156 4101 2423 4168 Quocirca
2472 4111 2554 4156 est
2585 4099 2803 4171 quidem
2854 4100 3089 4170 Spiritus
3128 4108 3351 4155 sanctus
3383 4112 3448 4153 ex
3479 4096 3662 4153 Patris

2079 4209 2143 4250 ac
2171 4194 2294 4249 Filii
2324 4193 2587 4257 essentia,
2623 4194 2738 4249 sive
2762 4209 2830 4249 ex
2863 4193 3174 4249 substantia
3202 4193 3381 4247 Patris
3412 4207 3476 4246 ac
3507 4190 3659 4258 Filii,

2079 4286 2380 4340 secundum
2421 4285 2675 4339 traditam
2701 4285 2990 4351 rationem,
3014 4299 3120 4337 non
3159 4284 3210 4337 in
3245 4290 3506 4353 quantum
3542 4283 3662 4337 dua:

2080 4379 2399 4434 substantia:
2440 4386 2597 4442 sunt,
2641 4378 2733 4432 sed
2784 4392 2847 4433 ea
2892 4376 3125 4439 ratione,
3166 4391 3270 4446 qua
3318 4390 3481 4429 unum
3532 4384 3663 4428 sunt

2078 4471 2241 4526 Pater
2266 4478 2322 4525 et
2357 4468 2551 4536 Filius,
2589 4470 2937 4538 producendo
2986 4468 3219 4532 scilicet,
3254 4467 3397 4536 quod
3440 4466 3662 4532 utrique

392 4551 629 4607 faciebat
659 4559 907 4614 sanctus.
957 4549 1259 4605 secundum
1285 4565 1448 4621 quem
1476 4560 1561 4605 est
1594 4560 1760 4619 atque
1791 4550 1972 4605 snbsi-
2004 4590 2049 4644 υ
2078 4575 2368 4615 commune
2406 4571 2489 4615 es;
2512 4599 2527 4622 ,
2564 4570 2621 4613 ιη
2655 4574 2796 4629 saepe
2829 4558 2942 4626 jam
2974 4559 3256 4623 diximus;
3294 4568 3457 4627 atque
3492 4558 3618 4611 hinc
3642 4597 3661 4623 ,

391 4644 488 4699 stit
526 4643 764 4715 Spiritus
793 4654 1038 4699 sanctus.
1074 4643 1201 4699 Non
1226 4653 1304 4697 est
1346 4643 1483 4697 enim
1514 4654 1665 4698 extra
1706 4642 1970 4709 Verbum;
2010 4642 2022 4686 ἶ

391 4750 653 4808 tanquam
686 4738 730 4792 si
764 4739 973 4793 diceret
1003 4754 1018 4791 :
1056 4735 1172 4791 Non
1203 4737 1456 4793 subsistit
1482 4734 1609 4792 sine
1630 4734 1848 4802 Verbo;
1875 4752 1973 4807 per

392 4833 570 4903 ipsum
599 4832 742 4885 enim
775 4832 1024 4900 procedit
1079 4844 1145 4884 ex
1191 4828 1376 4884 Patre.
1413 4829 1537 4886 licet:
1572 4830 1755 4899 itaque
1804 4830 1882 4883 sic
1914 4845 1975 4885 se

393 4925 617 4987 habent,
647 4934 703 4979 et
730 4939 852 4993 quae
885 4923 989 4978 alia
1022 4924 1087 4978 de
1118 4924 1221 4979 hoc
1255 4924 1512 4991 prtedicta
1546 4932 1677 4979 sunt
1718 4939 1732 4977 :
1780 4933 1991 4977 sancto-

394 5028 575 5071 autem
612 5017 863 5088 Spiritui,
897 5017 1199 5071 secundum
1225 5033 1379 5073 suam
1409 5019 1821 5074 substantialem
1850 5034 1980 5089 pro-

395 5108 704 5175 prietatem,
729 5108 975 5177 sequitur
999 5124 1067 5162 ex
1098 5106 1283 5164 Mente
1319 5124 1415 5179 per
1432 5109 1675 5165 Verbum
1708 5128 1851 5169 esse.
1881 5113 1980 5168 llic

393 5199 540 5251 enim
569 5208 653 5253 est
687 5200 1056 5270 procedentis,
1088 5200 1174 5255 vel
1198 5199 1437 5270 Spiritus
1469 5204 1756 5269 terminus,
1784 5220 1980 5261 secun-

393 5293 523 5342 dum
556 5307 717 5358 quem
761 5292 924 5345 etiam
971 5300 1030 5346 ut
1071 5293 1381 5348 subsistens
1423 5294 1495 5348 sit
1521 5335 1536 5362 ,
1585 5300 1882 5352 secundum
1921 5314 1980 5354 se

398 5397 632 5451 persona
681 5383 863 5438 habet.
915 5385 1029 5440 Una
1067 5386 1305 5456 denique
1355 5399 1407 5442 et
1456 5389 1649 5444 eadem
1697 5395 1934 5447 essentia
1963 5437 1978 5460 ,

400 5475 602 5537 Patris,
626 5486 680 5530 et
704 5474 846 5541 Filii,
876 5489 929 5531 et
950 5477 1189 5547 Spiritus
1223 5482 1396 5537 sancti
1431 5498 1444 5535 :
1471 5484 1522 5537 in
1549 5483 1708 5539 Patre
1734 5485 1975 5555 quidem,

399 5576 621 5633 paterno
661 5575 742 5618 est
764 5604 779 5631 ,
819 5566 923 5621 hoc
956 5578 1063 5631 est,
1098 5570 1215 5626 sine
1247 5585 1410 5626 causa
1435 5611 1451 5639 ,
1486 5572 1695 5644 adjecta
1730 5577 1978 5644 preprie-

400 5666 511 5711 tate
562 5656 855 5724 gignendi,
907 5660 1204 5715 secundum
1267 5664 1609 5732 paternitatis
1650 5665 1970 5730 terminum;

469 5841 581 5915 (38)
619 5842 870 5903 Basilius.

2080 4664 2256 4719 neque
2286 4650 2676 4720 eouglutinatio
2706 4651 2812 4706 erit
2855 4651 3034 4706 Patris
3086 4662 3142 4706 et
3180 4650 3340 4717 Filii;
3379 4666 3479 4705 nec
3510 4650 3658 4705 enim

2081 4744 2441 4799 substantiale
2465 4754 2570 4810 est,
2603 4746 2937 4812 producere;
2970 4760 3147 4815 neque
3192 4760 3300 4799 una
3343 4744 3658 4800 substantia

2083 4844 2166 4891 est
2216 4836 2382 4892 Pater
2409 4850 2463 4892 et
2501 4837 2708 4903 Filius;
2743 4852 2917 4906 neque
2957 4839 3063 4892 duo
3113 4837 3375 4906 principia
3406 4876 3422 4899 ,
3454 4836 3662 4905 quippe

2087 4945 2227 4984 unus
2256 4929 2559 4999 producats
2589 4940 2691 4985 est.
2718 4930 2820 4995 Qui
2845 4929 2993 4983 enim
3029 4929 3368 4999 producitur,
3402 4944 3465 4983 ex
3498 4928 3663 4982 Patre

2083 5036 2180 5086 per
2209 5019 2403 5074 Filium
2446 5022 2785 5091 producitur,
2820 5030 2874 5075 et
2924 5022 3170 5090 procedit
3227 5036 3335 5076 uno
3373 5036 3654 5089 processu.

2082 5111 2268 5181 Neque
2300 5111 2420 5167 Filii
2453 5128 2617 5168 causa
2654 5122 2771 5179 est;
2807 5114 2910 5167 hoc
2937 5113 3081 5168 enim
3130 5122 3327 5181 prieter
3367 5112 3663 5166 terminum

2082 5204 2286 5274 proprii
2326 5218 2615 5273 processus
2639 5215 2743 5259 est.
2780 5205 2899 5275 ipse
2941 5205 3140 5274 quippe
3186 5218 3285 5272 per
3323 5201 3517 5256 Filium
3548 5213 3655 5259 est.

2079 5296 2266 5366 Neque
2291 5296 2374 5351 sui
2402 5296 2595 5364 ipsius,
2629 5296 2767 5350 nihil
2799 5296 2942 5348 enim
2972 5296 3146 5364 ipsum
3180 5295 3262 5349 sui
3295 5295 3467 5365 ipsius
3491 5310 3660 5350 causa

2076 5400 2178 5444 est.
2208 5388 2396 5459 Neque
2423 5404 2667 5459 personae
2704 5390 2966 5452 alterius;
3007 5387 3250 5443 Trinitas
3287 5389 3431 5441 enim
3472 5403 3660 5457 perso-

2078 5498 2267 5536 narum
2308 5483 2449 5536 Deus
2471 5491 2574 5536 est.
2605 5482 2765 5551 Atqui
2799 5498 2898 5536 nec
2927 5481 3064 5535 Filio
3098 5489 3180 5534 est
3205 5481 3400 5535 minor.
3436 5480 3568 5535 Nam
3604 5489 3662 5535 et

2078 5574 2251 5630 Filius
2295 5574 2531 5629 causalis
2571 5576 2866 5637 exsistens,
2912 5589 2975 5627 ac
3009 5574 3284 5629 secundus
3318 5589 3346 5627 a
3379 5573 3540 5628 Patre
3572 5589 3663 5628 se-

2082 5666 2318 5721 cundum
2348 5667 2688 5737 personalem
2721 5667 3003 5735 ordinem;
3041 5683 3147 5723 nou
3196 5668 3317 5721 idco
3350 5678 3528 5723 tamen
3563 5666 3665 5720 l’a-
