4020 6206
245 339 344 404 185

1323 351 1730 415 ADVERSUS
1767 355 2086 419 GRAECOS
2116 361 2268 422 LIB.
2308 361 2450 425 IlI.'

3398 372 3502 438 186

239 471 340 526 que
386 458 608 561 beatum
651 459 875 561 Paulum
926 463 1456 561 cosincrepantetn,
1484 469 1578 539 qui
1619 485 1716 538 per
1743 485 1807 525 ea
1839 473 1892 532 Α
1915 487 2038 543 qua:
2067 474 2136 551 de
2165 475 2270 532 nde
2301 492 2558 536 concessa
2592 487 2740 548 sunt,
2775 495 2896 552 quas
2919 491 3109 561 aperte
3161 485 3365 557 scripta
3391 506 3498 544 non

238 566 354 620 qua:
386 550 648 608 videntur
685 554 754 609 de
784 555 895 610 Deo
923 557 1178 627 colligere
1205 558 1582 617 ratioc'inaudo
1615 563 1816 631 nequi.-

240 646 452 706 verunt,
482 650 539 695 et
561 644 626 697 de
646 646 912 701 creaturis
932 647 1250 706 Creatorem
1272 664 1504 707 noscere
1529 654 1594 709 '°.
1623 654 1819 727 Culpa-

241 730 314 784 bit
337 741 390 785 et
420 733 703 803 theologos
718 737 836 791 sive
859 737 928 794 de
955 741 1432 807 substantialibus,
1454 738 1571 800 sive
1596 748 1662 800 de
1683 748 1820 802 divi-

243 825 320 877 nis
355 828 704 892 processibus
729 831 1094 899 disserentes;
1123 834 1419 892 Salvatoris
1462 838 1818 897 nihilominus

244 919 562 970 sententiam
588 920 765 987 tollet,
790 922 1104 993 Scripturas
1148 927 1430 997 jubentetn
1461 933 1813 999 perscrutari.

307 1007 494 1076 Neque
528 1014 673 1066 enim
705 1016 998 1072 obscurum
1039 1029 1142 1086 est,
1191 1035 1338 1088 eutn,
1383 1024 1474 1092 qui
1501 1023 1816 1092 Scripturas

243 1110 640 1168 perscrutatur,
668 1105 995 1176 colligendo,
1020 1122 1077 1165 et
1099 1111 1480 1169 ratiocinando
1503 1114 1768 1170 lecturum
1797 1135 1813 1174 :

242 1194 363 1259 quin
391 1195 570 1263 ipsum
601 1214 820 1268 quoque
852 1203 1168 1269 Dominum,
1200 1207 1292 1274 qui
1327 1207 1812 1280 diligenterinspi-

243 1285 345 1340 ciat
368 1287 687 1344 ratiocinari
728 1291 1148 1359 animadvertet,
1207 1311 1332 1367 puta
1365 1315 1488 1352 cum
1520 1300 1708 1365 infert,
1737 1303 1817 1356 di-

241 1391 363 1432 cens
394 1396 411 1433 :
447 1379 514 1434 Si
557 1391 732 1437 autem
787 1389 954 1454 (gain
987 1387 1152 1458 digito
1214 1393 1310 1445 Dei
1350 1391 1507 1459 ejicio
1531 1395 1815 1461 daemonia,

239 1470 470 1538 profecto
497 1476 730 1536 pervenit
762 1477 812 1530 in
844 1494 932 1532 uos
960 1493 1175 1549 regnum
1203 1481 1300 1536 Dei
1352 1485 1432 1550 “;
1473 1493 1527 1538 et
1555 1503 1569 1540 :
1611 1486 1674 1540 Si
1709 1485 1814 1541 Sa-

244 1574 390 1614 tanas
421 1560 687 1618 Satanam
715 1568 884 1636 ejicit,
919 1586 1041 1642 ergo
1065 1571 1268 1627 diuisus
1299 1583 1413 1640 est;
1446 1593 1600 1631 omne
1637 1590 1812 1631 autent

241 1670 458 1724 regnum
481 1657 536 1711 in
561 1676 618 1713 se
640 1662 754 1728 ipso
777 1662 1028 1726 diuisum,
1053 1665 1330 1720 desolatur
1355 1668 1398 1699 “
1422 1684 1438 1732 ;
1469 1679 1524 1723 et
1560 1684 1773 1722 rursum
1799 1687 1812 1723 :

243 1746 426 1817 Itaque
447 1766 552 1803 non
583 1762 661 1805 est
685 1765 1014 1808 mortuorum
1042 1755 1202 1820 Deus,
1225 1760 1319 1812 sed
1348 1760 1582 1814 uiuorum
1615 1761 1680 1814 ⁸³.
1708 1762 1772 1814 Et
1799 1778 1812 1816 :

243 1839 299 1894 Si
325 1842 432 1909 [xlii
460 1843 730 1898 Abraham
777 1850 983 1912 essetis,
1025 1866 1188 1919 opera
1219 1851 1488 1906 Abraham
1515 1855 1760 1922 faceretis
1794 1871 1811 1913 :

241 1949 372 1986 nunc
413 1944 594 1988 autem
629 1939 870 2004 queritis
920 1957 1000 1994 me
1043 1942 1367 2010 interﬁcere;
1395 1945 1490 1997 hoc
1543 1944 1814 1998 Abraham

239 2039 332 2077 non
369 2024 496 2091 fecit
533 2025 612 2092 “;
646 2038 698 2082 et
730 2028 833 2085 :Si
859 2047 979 2101 ergo
1017 2049 1130 2099 uos,
1157 2051 1278 2087 cum
1309 2036 1426 2088 sitis
1466 2036 1618 2101 mali,
1648 2039 1815 2089 nostis

207 2116 364 2180 ,bone
383 2118 518 2172 data
539 2120 668 2175 dare
692 2123 821 2188 ﬁliis
842 2127 1024 2178 uestris
1059 2143 1078 2180 :
1099 2137 1298 2197 quanto
1325 2129 1491 2196 ntagis
1517 2127 1679 2182 Pater
1709 2144 1818 2182 res-

238 2219 308 2260 ter
336 2209 584 2278 cwlestis,
637 2230 761 2267 eum
791 2213 863 2269 sit
903 2215 1100 2283 bonus,
1141 2219 1278 2274 bona
1310 2220 1460 2274 dabit
1518 2220 1815 2289 petentibus

239 2313 348 2351 eam
383 2301 426 2331 ⁸³
449 2301 475 2354 ?
515 2313 572 2356 et
608 2319 729 2372 qua:
763 2306 912 2360 talia.

307 2390 534 2458 Deinde,
569 2404 622 2449 et
653 2411 715 2452 se
757 2397 932 2466 ipsum
959 2400 1228 2455 destruet.
1289 2398 1427 2456 Nam
1484 2415 1604 2469 qua:
1626 2411 1816 2456 contra

246 2484 709 2542 ratiocinationem
757 2491 918 2555 dixit,
977 2492 1092 2546 ιιωο
1143 2492 1520 2547 ratiocinando
1567 2493 1683 2548 ait:
1713 2494 1814 2548 nisi

175 2616 185 2622 .
245 2575 353 2642 quis
385 2591 513 2632 eum
547 2595 653 2633 non
681 2582 1020 2646 ratiocinari,
1045 2584 1138 2638 sed
1173 2600 1203 2636 a
1233 2585 1444 2638 ratione
1474 2586 1696 2639 deviare
1718 2601 1815 2655 po-

244 2671 485 2751 tiusiista
519 2672 790 2728 dicentem
843 2677 1197 2740 pronuntiet:
1227 2678 1372 2746 quod
1415 2677 1462 2732 si
1505 2678 1814 2746 ltajusmodi

243 2763 715 2820 ratiocinationem
747 2766 798 2819 in
841 2766 949 2820 Deo
985 2777 1194 2822 tantum
1240 2767 1515 2835 prohibet,
1561 2781 1814 2823 cunctam

240 2868 554 2912 sanctorum
602 2861 849 2915 destruet
881 2861 1208 2932 theologiam
1237 2878 1252 2914 :
1279 2871 1335 2916 et
1364 2878 1484 2916 eam
1516 2863 1571 2916 in
1618 2863 1816 2932 primis

243 2968 397 3019 quam
439 2966 634 3008 contra
668 2955 1047 3012 haereticorum
1078 2973 1302 3013 errores
1335 2957 1661 3015 dimicantes
1692 2960 1818 3014 dili-

245 3047 480 3113 gentius,
504 3047 870 3120 subtiliusque
922 3053 1389 3120 conscripserunt,
1420 3050 1658 3118 solisque
1684 3067 1815 3108 sen-

1922 579 2072 636 sunt,
2104 573 2383 641 peribunt.

1991 661 2217 730 Verum,
2273 666 2317 721 si
2377 667 2499 734 quis
2555 667 2775 733 dixerit,
2835 667 3190 736 Sitpossibile
3244 673 3314 726 sit
3351 673 3498 727 inve-

1919 756 2024 810 niri
2051 757 2416 826 syllogismum
2456 759 2854 813 concladentem
2890 759 2955 814 de
2991 760 3306 829 Scripturis,
3335 765 3497 818 etiam

1917 865 1984 902 ea:
2040 847 2183 903 Filio
2235 867 2347 904 esse
2407 852 2664 919 Spiritum
2731 865 2995 916 sanetum,
3048 865 3099 908 et
3155 862 3336 910 ambas
3398 859 3498 911 lm-

1920 941 2116 996 bentem
2157 944 2572 1010 propositiones,
2614 943 2750 996 hunc
2779 961 2895 1014 ego,
2932 955 2990 997 ut
3018 946 3230 999 ueritati
3264 950 3500 1002 proxime

1919 1047 2310 1107 congruentem,
2373 1038 2716 1091 libentissime
2766 1039 3125 1106 susciperent;
3169 1041 3313 1094 hunc
3371 1057 3497 1107 pro-

1919 1129 2061 1184 fecto
2093 1129 2145 1183 in
2185 1131 2268 1184 his
2291 1145 2409 1199 qua:
2439 1130 2583 1184 dicta
2624 1140 2773 1198 sunt,
2807 1131 3010 1201 liquido
3038 1130 3305 1200 reperiet;
3330 1129 3498 1185 Filius

1918 1221 2120 1292 quippe
2153 1237 2219 1276 ex
2253 1223 2415 1277 Patre
2455 1222 2756 1290 accipiens,
2810 1232 2865 1276 et
2893 1223 3142 1286 audiens,
3178 1223 3247 1276 ab
3278 1240 3344 1278 eo
3372 1238 3497 1277 esse

1921 1312 2104 1366 habet.
2135 1310 2370 1367 Sanctus
2395 1323 2578 1367 autem
2637 1313 2873 1382 Spiritus
2896 1329 2923 1366 a
2948 1311 3090 1368 Filio
3120 1315 3291 1377 audit,
3324 1326 3378 1369 et
3411 1331 3502 1367 ac-

1919 1403 2070 1472 cipit.
2106 1402 2342 1470 Spiritus
2389 1416 2613 1459 sanctus
2641 1418 2829 1475 ergo,a
2858 1403 2993 1458 Filio
3024 1418 3149 1460 esse
3186 1407 3370 1459 habet.
3401 1405 3499 1459 llic

1921 1495 2095 1565 major
2131 1496 2350 1564 quidem
2385 1495 2691 1564 propositio
2724 1496 2845 1550 ﬁdei
2894 1496 3168 1550 sententia
3204 1505 3289 1550 est
3334 1511 3349 1546 ε
3399 1498 3500 1550 ιιιί-

1919 1603 2022 1642 nor
2054 1599 2234 1644 autem
2270 1603 2285 1640 :
2314 1588 2440 1658 quia
2470 1587 2710 1657 Spiritus
2750 1597 2966 1642 sanctus
2990 1604 3024 1639 a
3053 1586 3200 1642 Filio
3237 1588 3425 1654 accipit
3452 1597 3501 1639 et

1919 1681 2207 1734 audit:et
2252 1680 2355 1734 ista
2414 1681 2483 1735 de
2542 1681 2827 1750 principiis
2885 1681 3032 1746 lldei,
3089 1679 3503 1747 Salvatorisque

1921 1769 2211 1823 sententiis
2262 1775 2368 1823 est.
2418 1759 2497 1822 Ita
2530 1769 2695 1838 igitur
2724 1769 2924 1829 sancti,
2961 1776 3020 1823 ut
3073 1778 3353 1822 ostensum
3392 1775 3499 1828 est,

1924 1862 2062 1917 hanc
2108 1861 2432 1917 sententiam
2483 1871 2878 1931 exposuerunt.
2934 1861 3146 1916 idcirco
3178 1868 3233 1914 et
3272 1860 3339 1912 ab
3383 1859 3502 1928 ipso

1924 1953 2072 2008 illum
2109 1967 2230 2008 esse
2262 1953 2462 2007 habere
2488 1953 2680 2007 dicunt
2711 1962 2767 2006 ut
2798 1953 2890 2022 qui
2923 1955 2990 2007 ab
3031 1955 3148 2020 ipso
3173 1949 3505 2018 acripiat,et

1922 2044 2132 2108 audiat,
2168 2052 2334 2112 alque
2363 2046 2680 2110 annuntiet;
2711 2052 2765 2098 et
2796 2059 2920 2098 esse
2943 2059 3008 2097 ex
3049 2041 3206 2104 Filio,
3235 2049 3292 2096 et
3322 2056 3388 2096 ex
3430 2057 3500 2094 eu

1923 2136 2166 2207 prodire,
2195 2145 2249 2189 et
2287 2149 2388 2204 per
2415 2135 2621 2206 ipsum,
2653 2144 2708 2189 et
2749 2150 2815 2189 ex
2853 2135 2972 2205 ipso
3007 2135 3328 2204 procedere,
3357 2142 3410 2185 et
3452 2132 3502 2186 si

1923 2227 2053 2298 quid
2086 2227 2393 2294 huiusmodi
2415 2227 2728 2297 praedictum
2761 2236 2866 2282 est.
2889 2228 3056 2298 Igitur
3079 2241 3200 2279 cum
3220 2227 3503 2296 quaesitum

1923 2319 2290 2390 syllogismum
2342 2320 2562 2385 habeat,
2598 2308 2950 2375 contentione
3003 2318 3252 2384 desistat,
3291 2317 3502 2386 reliquo

1924 2413 2069 2468 enim
2101 2413 2226 2467 huic
2256 2412 2466 2466 similes
2487 2413 2725 2482 adjicere
2760 2413 2978 2466 omitto.
3161 2404 3169 2413 ’

1998 2505 2309 2567 Enimvero.
2361 2505 2408 2558 si
2450 2506 2669 2573 quidem
2719 2519 2937 2558 omnem
2989 2503 3383 2574 syllogismum,
3411 2502 3504 2570 qui

1927 2613 2032 2652 nou
2068 2598 2258 2652 ambas
2295 2596 2364 2651 de
2390 2597 2689 2666 Scripturis
2711 2594 3118 2665 propositiones
3152 2595 3336 2659 habet,
3361 2593 3498 2647 falsa
3530 2607 3539 2614 '

1928 2702 2079 2757 putat
2131 2690 2500 2754 concludere;
2531 2698 2588 2742 et
2644 2688 2762 2754 ipse
2791 2688 2928 2742 falso
2957 2688 3286 2754 suspicatur,
3317 2695 3373 2738 et
3401 2685 3505 2737 ﬁc-

1926 2783 2106 2835 clesize
2158 2783 2470 2849 magistros,
2502 2779 2594 2848 qui
2628 2779 2829 2834 talibus
2876 2794 2975 2846 pro
3025 2778 3256 2830 veritate
3286 2774 3340 2828 in
3390 2775 3505 2828 Deo

1927 2867 2005 2919 usi
2039 2877 2166 2919 sunt
2205 2866 2602 2932 calumniatur;
2643 2867 2744 2920 hoc
2771 2875 2950 2920 autem
2977 2874 3214 2931 constat,
3245 2864 3388 2932 quod
3417 2877 3502 2917 se-

1903 2958 2162 3028 cundum
2203 2957 2502 3012 essentiam
2537 2973 2600 3011 ex
2632 2958 2814 3026 aliquo
2851 2957 3116 3018 nascitur.
3148 2957 3392 3024 ejusdem
3413 2970 3504 3010 es-

1925 3053 2116 3106 Samiae
2139 3067 2260 3103 cum
2289 3053 2545 3120 gignente
2576 3061 2659 3105 est
2695 3049 2898 3105 :Filius
2915 3060 3092 3104 autem
3116 3066 3182 3105 ex
3215 3050 3376 3104 Patre
3407 3065 3477 3103 na

238 3138 379 3192 sibus
404 3141 723 3195 divinarum
777 3157 956 3197 rerum
984 3159 1240 3208 examen,
1271 3155 1330 3199 ut
1379 3144 1602 3212 intelligi
1633 3143 1812 3199 datur.
1844 3167 1889 3225 ο
1925 3145 2122 3209 scitur,
2163 3143 2331 3198 Filius
2371 3159 2500 3211 ergo
2533 3143 2779 3210 ejusdem
2813 3144 3064 3197 essentia:
3095 3151 3203 3208 est,
3229 3142 3384 3211 cujus
3413 3142 3508 3196 ille

239 3233 536 3298 permittit;
572 3232 844 3300 aliterque
895 3250 1002 3288 non
1038 3249 1103 3290 ex
1152 3235 1319 3291 Patre
1351 3237 1468 3291 solo
1520 3238 1815 3306 procedere

239 3335 423 3392 putare
484 3325 756 3394 Spiritum
807 3315 1071 3383 sanctum
1111 3328 1504 3385 docmnentmn
1552 3331 1815 3391 admittit,

249 3416 380 3480 quod
423 3425 485 3467 ut
522 3416 597 3469 ita
630 3431 752 3471 esse
797 3419 1048 3485 probent,
1083 3421 1231 3474 omni
1265 3420 1478 3486 studio,
1505 3429 1559 3474 et
1601 3420 1820 3490 ingenio

239 3506 526 3562 nituntur:
564 3523 690 3563 eum
745 3525 875 3564 vero
903 3511 1066 3566 etiam
1109 3527 1171 3566 ex
1225 3511 1361 3567 Filio
1401 3528 1664 3572 asserere.
1711 3530 1814 3566 non

242 3614 385 3668 sique
427 3601 807 3668 probationem
843 3602 1092 3667 admitti;
1125 3605 1171 3659 si
1213 3605 1361 3660 enim
1399 3605 1533 3660 illud
1566 3607 1634 3661 de
1662 3605 1816 3660 Scri-

241 3691 428 3760 pturis,
467 3701 528 3744 ut
555 3703 734 3762 putat,
771 3693 908 3747 nihil
951 3709 1240 3766 peragens,
1286 3697 1580 3752 ostendere
1604 3697 1816 3760 nititur,

248 3783 629 3854 multomagis,
660 3785 754 3854 qui
787 3785 935 3839 illum
957 3788 1124 3841 etiam
1143 3803 1209 3842 ex
1241 3787 1380 3842 Filio
1401 3788 1555 3853 dicit,
1576 3803 1644 3843 ex
1669 3786 1819 3844 Scri-

244 3875 409 3942 pturis
453 3889 522 3930 ac
549 3877 891 3954 doctoribus,
921 3879 1280 3950 omnibusque
1310 3896 1494 3936 secum
1533 3896 1640 3936 una
1678 3897 1817 3952 pug-

247 3965 517 4028 nantibus,
569 3968 846 4035 copiosius
883 3969 933 4023 id
966 3980 1020 4024 et
1054 3971 1397 4026 manifestius
1422 3973 1661 4028 docebit.
1700 3973 1818 4029 Non

247 4055 399 4123 igitur
431 4059 634 4113 malum
658 4061 884 4116 omnino
930 4072 1038 4125 est,
1061 4066 1322 4133 probare,
1349 4066 1443 4120 sed
1464 4081 1570 4120 non
1603 4066 1671 4121 ad
1696 4083 1821 4136 pro-

248 4149 472 4213 positum
497 4151 733 4220 propriis
763 4154 836 4206 uti
870 4153 1173 4222 principiis,
1211 4170 1276 4210 ac
1318 4166 1510 4224 putare
1537 4158 1697 4212 {idem
1722 4174 1814 4213 na-

253 4240 508 4296 turalibus
543 4243 720 4297 initiis
749 4246 992 4314 probari,
1033 4246 1087 4302 id
1117 4247 1320 4303 malum
1352 4259 1410 4302 et
1445 4250 1817 4320 perniciosum

249 4341 343 4384 cst.

315 4422 500 4491 itaque
551 4424 601 4479 is
633 4424 851 4492 quidem
901 4426 992 4494 qui
1037 4428 1209 4479 utitur
1254 4431 1639 4489 communibus
1693 4433 1815 4488 ildei

1919 3236 2009 3305 qui
2043 3237 2249 3302 genuit.
2280 3235 2343 3288 Et
2377 3236 2468 3289 hic
2504 3237 2668 3304 igitur
2691 3235 2868 3288 minor
2888 3250 2953 3288 ex
2991 3235 3195 3289 nostris
3223 3242 3500 3300 assumpta

1919 3344 2047 3381 vera
2072 3337 2185 3392 est;
2224 3328 2367 3394 quod
2395 3327 2542 3381 cuitu
2573 3328 2836 3396 gignitur,
2855 3325 3094 3393 ejusdem
3115 3326 3366 3379 essentia:
3395 3335 3506 3387 est,

1917 3417 2072 3479 cuius
2125 3416 2216 3470 ille
2262 3417 2352 3487 qui
2391 3417 2588 3487 gignit;
2635 3432 2741 3471 non
2785 3427 2964 3471 tamen
3000 3417 3125 3470 ideo
3157 3415 3506 3487 syllogismus

1929 3510 2126 3562 falsum
2157 3509 2208 3561 in
2239 3509 2348 3563 Deo
2383 3509 2679 3574 concludit,
2713 3519 2768 3570 et
2795 3509 2838 3562 si
2889 3509 2982 3564 Dei
3012 3509 3182 3563 Filius
3207 3509 3506 3577 perfectius

1917 3611 1971 3655 et
1995 3601 2351 3656 excellentius
2399 3600 2640 3669 ejusdem
2697 3603 2948 3655 essentia:
2997 3617 3118 3655 cum
3158 3600 3321 3654 l’atre
3372 3615 3505 3653 cou-

1919 3693 2172 3762 spicitur;
2208 3692 2432 3744 materia
2475 3693 2692 3759 quippe,
2722 3703 2774 3746 et
2807 3691 2989 3744 omnia
3028 3706 3150 3760 qua-
3172 3703 3502 3758 sequuntur,

1921 3786 2047 3838 inde
2067 3783 2379 3854 longissime
2404 3795 2616 3837 remota
2636 3795 2784 3837 sunt.
2809 3779 2946 3837 Nam
2965 3784 3067 3836 nisi
3100 3782 3504 3851 propositiones

1920 3893 2040 3948 qua:
2058 3879 2126 3931 de
2159 3877 2366 3934 n0stris
2407 3885 2720 3941 sumuntur,
2759 3889 2868 3929 non
2924 3881 3176 3942 possunt,
3219 3873 3505 3941 quodcun-

1920 3986 2027 4040 que
2052 3981 2339 4038 quteratur
2376 3971 2433 4024 in
2469 3969 2601 4034 Deo,
2630 3969 2779 4024 sicut
2809 3977 2897 4023 est
2921 3967 3234 4032 ostendere,
3264 3981 3330 4020 eo
3360 3968 3506 4029 quod

1920 4063 2056 4117 Crea
2067 4071 2152 4117 tor
2173 4061 2443 4118 creaturis
2465 4059 2786 4131 longissime
2805 4058 3060 4121 excellat,
3085 4058 3364 4113 conclusio
3392 4058 3503 4126 jam

1921 4156 2054 4212 falsa
2089 4167 2195 4223 est,
2244 4169 2406 4224 atque
2452 4155 2725 4211 contraria
2757 4171 2772 4208 :
2807 4155 2887 4209 sic
2918 4153 3064 4208 enim
3107 4152 3324 4206 veritati
3359 4149 3506 4204 veri-

1924 4261 2006 4306 tas
2039 4250 2428 4311 relumaretur,
2463 4257 2518 4301 et
2555 4248 2838 4303 veritatem
2865 4246 3008 4301 Deus
3045 4245 3244 4299 veritas
3277 4244 3504 4298 collide-

1923 4351 2026 4407 ret,
2055 4353 2111 4395 ιιι
2157 4356 2336 4412 neque
2385 4357 2451 4395 ex
2486 4340 2796 4394 visibilibus
2837 4337 3131 4392 invisibilia
3174 4337 3320 4390 illius
3371 4353 3504 4389 cun-

1923 4433 2285 4500 Spicercntur.
2322 4446 2497 4500 neque
2526 4430 2847 4485 Creatorem
2877 4445 2943 4483 ex
2972 4438 3240 4484 creatura:
3264 4427 3508 4494 pulchri-

253 4512 549 4582 ptincipiis,
579 4515 724 4569 circa
757 4518 807 4568 id
839 4519 979 4584 quod
1015 4519 1254 4586 quotidie
1282 4523 1567 4590 quaeritur,
1591 4541 1712 4578 cum
1751 4527 1816 4582 de
1851 4499 1896 4556 θ
1926 4526 2112 4578 tudine
2157 4523 2585 4590 specularentur.
2622 4522 2730 4576 Ista
2766 4522 2911 4576 enim
2961 4520 3132 4585 magis
3173 4526 3424 4571 arcerent
3473 4533 3505 4569 a

251 4599 352 4657 Deo
373 4609 711 4673 proponitur,
745 4612 1130 4682 concessisque
1158 4622 1472 4669 sant-torum
1503 4619 1813 4672 sententiis.

251 4697 433 4762 quibus
458 4701 740 4765 subjectis,
762 4703 910 4756 nullo
931 4721 996 4758 ex
1023 4706 1106 4761 his
1132 4723 1249 4772 quae
1265 4719 1379 4760 rata
1403 4720 1549 4773 sunt,
1581 4709 1814 4775 sublato,

252 4791 510 4845 concinne
533 4794 840 4858 concludit;
875 4797 1016 4850 sicut
1057 4799 1300 4868 antiquis
1325 4797 1577 4856 Pati-ibus
1599 4803 1664 4855 de
1683 4818 1818 4856 con-

251 4882 591 4938 substantiali
623 4884 1014 4942 disserentihus
1059 4891 1416 4961 plurimisque
1451 4894 1572 4946 aliis
1603 4895 1668 4950 de
1715 4895 1820 4948 ﬁde

251 4973 640 5040 quarstionibus
683 4978 1363 5046 contingit:nihiloutinus
1405 4995 1458 5036 et
1502 4985 1652 5040 illam
1679 5002 1811 5041 cou-

247 5064 538 5121 clusiuuem
574 5066 878 5136 Scriptura:
932 5085 1054 5125 esse
1092 5075 1444 5138 sententiam,
1476 5092 1539 5129 ex
1579 5076 1683 5130 illis
1714 5082 1820 5130 sci-

246 5156 370 5212 licet
412 5163 698 5230 principiis
743 5167 1093 5232 pendentem.
1125 5168 1439 5237 causisquc,
1485 5170 1629 5222 ttnde
1657 5171 1817 5224 ducta

247 5259 329 5304 est
367 5256 644 5322 propriam
685 5257 988 5320 fatendum,
1024 5258 1283 5327 illamque
1323 5261 1684 5328 theologicam
1721 5277 1819 5316 vo-

244 5345 553 5409 candatn,et
573 5364 640 5401 ex
665 5349 744 5402 eis
769 5365 889 5418 qua:
907 5362 1075 5405 sunta
1104 5351 1580 5417 revelatioue,csse
1600 5371 1612 5404 :
1632 5368 1824 5423 quem-
1851 5390 1864 5394 -

247 5435 533 5492 admodum
585 5442 930 5505 geometrica:
998 5443 1376 5498 conclusiones
1440 5460 1470 5498 a
1538 5445 1822 5514 principiis

246 5532 552 5594 geometrim
586 5519 706 5586 iton
742 5534 1342 5605 deviantcs;'alioqttin
1400 5537 1626 5608 plurima
1648 5555 1711 5592 ex
1742 5540 1824 5594 his

317 5707 361 5738 “
389 5707 543 5763 lium.
583 5727 626 5773 ι,
680 5710 770 5764 9.6.

885 5712 922 5743 “
960 5708 1090 5766 Luc.
1128 5728 1202 5779 ιι,
1231 5713 1320 5768 20.

249 5791 339 5834 vtt.
373 5779 453 5831 ll.

1436 5716 1478 5746 ¹²
1511 5714 1642 5769 ibid.
1696 5713 1782 5768 l8.

1925 4618 2174 4678 veritate,
2207 4615 2272 4666 ad
2314 4629 2499 4683 quam,
2549 4629 2646 4682 per
2674 4630 2736 4668 ea
2775 4613 3026 4667 homines
3059 4613 3329 4665 adducere
3360 4610 3505 4661 Vuln-

1927 4709 2038 4763 bat.
2072 4707 2254 4775 Atque
2283 4708 2381 4758 ista
2418 4705 2674 4766 dicinms.
2709 4721 2812 4759 nou
2849 4704 2992 4771 quod
3037 4703 3089 4757 itt
3130 4702 3507 4771 superioribus

1925 4799 2361 4870 syllogismorum
2416 4807 2536 4850 arte
2585 4798 2665 4851 usi
2725 4796 2922 4859 simus.
2981 4793 3142 4864 quasi
3202 4809 3301 4848 nos
3357 4807 3506 4846 nunc

1927 4904 2160 4960 purgare
2210 4888 2523 4957 cupientes;
2576 4888 2928 4956 praediximus
2981 4886 3127 4942 enim
3183 4894 3502 4939 sanctorum

1924 4983 2069 5038 dicta
2125 4997 2224 5036 nos
2285 4980 2610 5050 simpliciter
2667 4983 3020 5049 exposuisse;
3090 4983 3187 5034 sed
3247 4977 3507 5046 quoniam

1927 5074 2196 5145 plerique,
2229 5072 2392 5128 veluti
2423 5073 2465 5126 si
2497 5089 2525 5126 a
2550 5073 2948 5128 disserentihus
2982 5059 3304 5124 concessum
3338 5075 3504 5130 esset,

1931 5168 2096 5222 Deum
2155 5165 2494 5222 naturalibus
2545 5165 2825 5234 principiis
2865 5164 3191 5231 subjectum,
3251 5176 3348 5230 per
3393 5161 3508 5212 ha-c

1929 5260 2112 5313 dicere
2151 5258 2355 5327 aliquid
2389 5267 2669 5326 putantur,
2704 5256 3175 5325 sitnpiiciorusque
3204 5254 3504 5321 decipiunt.

1931 5350 2038 5406 Sed
2076 5352 2236 5422 hujus
2278 5366 2496 5421 quoque
2540 5349 2830 5405 voluminis
2881 5349 3162 5419 prolixitas
3200 5346 3506 5403 cohibenda

1931 5455 2034 5501 cst.
2083 5443 2319 5512 Cretera,
2368 5443 2479 5498 Deo
2525 5444 2841 5508 miserante,
2902 5441 3150 5513 sequenti
3209 5453 3404 5512 quarto
3454 5447 3509 5493 cl.

1931 5537 2120 5592 ultimo
2151 5537 2288 5591 libro
2316 5535 2670 5591 disseremus.

1901 5711 2157 5769 “Matth.
2206 5728 2342 5779 xm,
2395 5714 2484 5769 5‘2.
2611 5711 2839 5772 "Joan.
2913 5714 3146 5781 vttt,37.
3247 5711 3498 5768 "Matth.
