4020 6206
438 350 538 417 187

1626 344 1629 345 ν
1700 356 2098 419 MANUELIS
2124 358 2435 420 CALECE

3598 356 3705 423 188'

1503 640 1867 729 LIBER
1943 637 2539 745 QUARTUS.

488 880 778 973 ‘Quoniam
813 908 996 977 igitur,
1046 908 1270 977 iuvante
1297 894 1535 973 Christo,
1581 921 1647 961 ac
1698 907 1835 961 duce
1887 906 2004 974 ipsa
2035 902 2293 963 Λειτουιὶ
2376 904 2678 973 futurum‘.
2748 905 2805 960 Si
2879 906 3045 975 igitur
3124 908 3319 978 primis
3367 910 3708 968 sul‘li‘cienter

386 1046 397 1057 ,
436 998 661 1064 pietate,
716 991 977 1064 Spiritum
1017 1006 1265 1051 sanctum
1318 998 1482 1051 etiam
1523 1011 1591 1050 ex
1646 996 1783 1051 Filio
1830 1011 2019 1066 proce-

437 1088 586 1153 dere,
614 1089 884 1142 Veraciter
916 1090 1204 1156 probatum
1247 1099 1350 1150 est,
1386 1089 1582 1142 mirum
1616 1088 1858 1158 profecto
1896 1103 2021 1143 esse

438 1194 544 1232 non
598 1180 775 1244 debet,
816 1181 861 1234 si
916 1182 970 1234 in
1020 1181 1280 1251 Symbulo
1314 1182 1619 1237 communis
1672 1182 1793 1234 lidei
1850 1181 2018 1235 dictio

439 1274 531 1326 illa
575 1274 784 1340 adjecta
825 1284 942 1339 est;
987 1276 1080 1329 sed
1124 1276 1175 1329 id
1211 1277 1391 1344 potius
1420 1276 1708 1344 diligenter
1738 1276 2021 1343 inquiren-

440 1365 567 1417 dum
607 1375 709 1428 est,
743 1380 944 1421 verane
978 1382 1050 1420 an
1085 1367 1217 1420 lalsa
1251 1368 1324 1421 sit
1392 1368 1482 1422 illa
1514 1367 1766 1431 adiectio.
1798 1367 1933 1423 Nam
1965 1378 2021 1424 et

438 1459 531 1528 qui
589 1458 921 1513 additionem
992 1461 1360 1524 interdixere,
1449 1462 1810 1530 adiectionem
1872 1462 2018 1527 lidei,

439 1562 809 1621 corruiuaque
872 1555 1121 1622 dogmata
1185 1555 1536 1611 conscribere
1599 1558 2018 1623 prohibuerunt.

444 1643 582 1698 Nam
627 1647 678 1698 in
718 1645 994 1714 Ephesina
1038 1647 1245 1717 synodo
1296 1646 1526 1711 :Lecto,
1571 1648 1775 1717 inquit,
1828 1646 2023 1703 Niceni

440 1742 660 1796 concilii
710 1740 982 1811 Symbolo,
1028 1743 1379 1796 communiter
1423 1745 1730 1807 decernunt,
1774 1745 1893 1812 jam
1928 1762 2020 1799 ne-

443 1836 571 1887 mini
626 1834 783 1888 licere
835 1835 992 1903 ﬁdem
1042 1834 1206 1888 aliam
1251 1838 1601 1897 conscribere,
1635 1846 1727 1890 aut
1764 1836 2021 1906 proferre,

440 1934 534 1976 aut
566 1926 774 1980 tradere
807 1929 886 1979 his
926 1929 1017 1994 qui
1058 1943 1123 1981 ea:
1149 1927 1379 1991 Jndmis,
1409 1930 1493 1982 vel
1524 1930 1790 1998 gentibus,
1820 1945 1931 1993 seu,
1960 1943 2025 1981 ex

443 2016 551 2067 alia
588 2017 772 2081 quavis
806 2017 995 2070 luci-esi
1022 2020 1091 2071 ad
1144 2018 1442 2073 Ecclesium
1474 2022 1727 2085 veniunt;
1781 2021 1874 2089 qui
1905 2036 2024 2074 vero

440 2105 537 2157 hoc
574 2111 986 2173 prrcsumpserit,
1009 2112 1121 2164 licet:
1150 2121 1199 2164 et
1237 2111 1332 2165 illa
1364 2113 1603 2179 patiatur
1633 2112 1772 2181 (39).

519 2198 705 2253 Fidem
744 2201 910 2255 aliam
956 2203 1231 2258 dixerunt.
1262 2204 1463 2258 Eadem
1501 2218 1631 2259 vero
1661 2204 1941 2274 liquidius.
1970 2214 2027 2259 et

443 2295 789 2349 manifesdus
822 2296 958 2350 alias
989 2296 1231 2364 qualibet
1280 2299 1609 2352 necessitate
1641 2301 2019 2367 pronuntiare,

444 2388 951 2442 contradicentibus
986 2390 1310 2457 quihusdam
1365 2392 1647 2447 catholica:
1704 2393 1849 2458 lidei,
1893 2391 2025 2445 nihil

448 2482 621 2549 ipsam
660 2481 816 2535 (idem
850 2483 1066 2536 unicam
1102 2484 1291 2537 violat.
1338 2482 1457 2538 Non
1490 2485 1653 2545 igitur
1680 2500 2025 2541 communem

444 2573 607 2626 ﬁdem
643 2572 945 2636 declarare,
995 2573 1347 2629 interdictum
1395 2586 1515 2641 est;
1555 2577 1674 2641 sed,
1721 2579 1804 2631 vel
1839 2578 2025 2644 aliam,

446 2664 531 2716 vel
573 2667 905 2719 contrariam
956 2667 1235 2731 inducere,
1288 2676 1347 2722 nt
1399 2667 1532 2732 ipsa:
1564 2684 1783 2739 quoque
1837 2671 2031 2726 littera:

447 2760 761 2821 testantur;
794 2757 911 2810 sive
942 2758 1280 2827 quibuslibet
1315 2760 1630 2819 hominibus
1679 2763 2027 2820 interdictum

449 2853 555 2906 est,
614 2861 682 2899 ne
743 2848 974 2914 quisque
1033 2849 1265 2917 horum,
1327 2852 1527 2919 passim
1594 2856 1869 2923 proprium
1929 2856 2031 2911 sibi

453 2934 767 3006 Symbolum
804 2942 1175 3017 conscribens,
1205 2954 1260 2997 et
1283 2945 1496 3015 aliquos
1529 2962 1559 3001 a
1595 2950 1873 3003 communi
1901 2966 2035 3005 con-

449 3029 685 3084 fessione
707 3046 989 3097 separatis,
1017 3049 1138 3087 cum
1164 3037 1266 3089 hoc
1300 3037 1553 3106 deceptos
1577 3040 1838 3110 baptizet,
1870 3044 2031 3098 llant-

448 3136 555 3188 qne
584 3124 979 3185 conventicula,
1005 3125 1306 3193 cuiusmodi
1351 3138 1479 3183 tunc
1541 3132 1776 3200 plurima
1812 3134 2033 3191 ﬁebant.

523 3213 691 3267 Porro
722 3216 836 3284 ipsa
878 3216 1114 3272 Ecclesia
1150 3219 1251 3273 sibi
1285 3221 1682 3292 ipsi,docendi,
1725 3234 1888 3297 atque
1916 3229 2039 3285 aliis

454 3305 715 3367 r'irttiudi,
781 3324 904 3377 qua}
967 3326 1093 3364 vera
1156 3314 1286 3376 sint,
1332 3323 1386 3368 et
1437 3316 1712 3381 salubria,
1765 3319 2038 3375 licentiam

454 3409 887 3469 potestatemque
919 3419 1023 3456 non
1058 3405 1304 3459 abstulit.
1331 3407 1446 3461 Non
1472 3410 1648 3475 enim,
1692 3415 2037 3480 postmodum

454 3492 609 3546 novis
666 3493 716 3546 in
772 3494 889 3549 dies
943 3496 1297 3562 hlasphemiis
1345 3503 1757 3569 exorientibus,
1811 3510 1863 3559 in
1918 3508 2038 3561 lidei

2119 997 2491 1065 habentibus,
2555 1001 2621 1055 ad
2672 1002 3070 1057 occurrendum
3150 1004 3411 1073 periculis
3457 1007 3709 1062 omnibus

2121 1088 2341 1156 futuris,
2398 1092 2543 1145 nulla
2608 1101 2795 1162 postea
2855 1094 3159 1151 necessitas
3220 1095 3416 1151 luisset
3470 1099 3703 1153 concilia

2120 1183 2349 1252 cogendi
2382 1201 2398 1238 :
2430 1186 2674 1240 eamdem
2745 1187 2826 1241 sic
2888 1202 3106 1257 quoque
3140 1198 3461 1258 potestatem
3495 1199 3708 1261 tempo-

2121 1277 2272 1332 ribus
2306 1281 2559 1334 omnibus
2600 1280 2898 1336 Ecclesiam
2963 1283 3186 1346 habere,
3243 1284 3536 1350 putandum
3598 1295 3706 1345 est.

2124 1371 2391 1441 aliterque
2416 1374 2515 1428 hac
2546 1374 2797 1428 libertate
2824 1375 3059 1437 sublata,
3093 1390 3199 1428 non
3227 1391 3389 1445 parva
3413 1376 3715 1429 detrimen-

2124 1473 2199 1525 ta.
2225 1466 2318 1521 sed
2343 1481 2607 1519 summam
2631 1466 2922 1534 perniciem
2944 1469 3094 1536 sequi
3120 1453 3558 1533 necessariomisl
3582 1469 3715 1523 lice-

2126 1566 2209 1613 ret
2232 1558 2489 1613 Ecclesiae
2512 1558 2580 1612 de
2597 1559 2701 1612 llde
2720 1568 2982 1623 statuere,
3006 1562 3264 1624 scribere,
3286 1570 3447 1628 atque
3463 1561 3717 1614 delinire.

2196 1648 2273 1703 Ex
2303 1649 2595 1717 praeteritis
2628 1650 2885 1718 cognitis,
2926 1651 3271 1718 perspicuum
3315 1662 3399 1705 est
3438 1667 3542 1705 non
3569 1650 3719 1714 adje-

2125 1743 2365 1798 ctiouem
2388 1742 2671 1806 dictionis,
2702 1742 2793 1796 sed
2835 1742 3061 1795 alterius
3092 1743 3213 1797 lidei
3254 1744 3717 1811 conscriptionetn

2129 1833 2395 1896 interdici,
2424 1833 2833 1902 Eeclesiamque
2867 1851 2974 1888 non
3001 1835 3102 1889 sibi
3136 1836 3259 1904 ipsi,
3288 1836 3379 1887 sed
3404 1834 3723 1888 hominibus

2128 1927 2356 1997 singulis
2397 1929 2462 1980 de
2531 1926 2633 1981 lide
2688 1928 2963 1981 statuendi
3046 1930 3314 1982 ademisse
3370 1938 3717 1989 petestatcm.

2127 2019 2316 2087 Neque
2342 2018 2488 2073 enim
2521 2020 2573 2072 in
2596 2019 2715 2073 lidei
2752 2019 3002 2074 terminis
3033 2020 3289 2088 deinceps
3321 2036 3351 2073 a
3386 2020 3557 2075 sueris
3589 2034 3726 2072 con-

2129 2110 2268 2164 ciliis
2325 2111 2736 2176 quomodolibet
2808 2112 3001 2165 fuisset
3067 2112 3383 2181 adjectum,
3426 2112 3471 2166 si
3540 2128 3603 2167 ea
3660 2119 3779 2167 se‘

2129 2212 2402 2272 potestate
2456 2202 2748 2271 privasset.
2796 2205 2969 2259 Aliter
3016 2206 3185 2264 enim.
3230 2206 3318 2274 qui
3371 2206 3474 2258 ista
3510 2205 3722 2269 dicunt,

2129 2307 2223 2346 eos
2254 2293 2441 2355 etiam,
2497 2294 2588 2358 qui
2653 2294 2705 2347 in
2760 2293 2965 2349 Niceno
3019 2296 3255 2350 concilio
3313 2308 3723 2357 convenerunt,

2129 2382 2469 2436 anathemati
2500 2384 2855 2453 subiicerent,
2877 2385 2968 2455 qui
2999 2401 3105 2440 non
3141 2402 3313 2457 pauca
3347 2389 3721 2457 apostolorum

2130 2473 2377 2543 symbolo
2437 2474 2866 2541 addiderunt,et
2909 2493 3005 2534 eos
3048 2480 3141 2548 qui
3187 2482 3531 2548 postmodum
3573 2481 3725 2536 Con-

2132 2568 2487 2636 stantinopoli
2569 2569 2996 2634 convenientes,
3052 2577 3108 2626 et
3180 2573 3278 2641 ipsi
3360 2573 3727 2628 nihilominus

2132 2655 2339 2712 Niceno
2384 2658 2642 2729 Symbolo
2684 2660 2948 2730 adiecisse
2984 2663 3411 2731 comprobantur
3440 2665 3727 2731 qumdam:

2134 2752 2384 2818 qumdam
2421 2752 2548 2806 item
2588 2752 2901 2819 abstulisse,
2927 2754 3145 2808 nemine
3176 2755 3546 2817 insimulaute,
3589 2757 3743 2829 quia

2135 2843 2214 2897 sic
2243 2842 2416 2895 visum
2466 2850 2570 2897 est.
2603 2841 2807 2914 Nempe
2852 2853 2907 2899 et
2949 2845 3155 2914 reliqua
3193 2847 3447 2913 deinceps
3490 2848 3726 2901 concilia

2137 2934 2273 2989 alias
2321 2935 2481 2989 aliter
2537 2935 2805 3006 adiecisse
2862 2934 3066 3006 aliqua,
3114 2939 3198 2992 vel
3238 2939 3558 2993 immutasse
3604 2941 3731 3007 quis

2141 3029 2370 3093 nesciat,
2446 3043 2574 3083 cum
2638 3029 2719 3084 hae
2767 3028 2855 3083 Vel
2903 3028 3011 3086 illa:
3057 3032 3412 3088 necessitates
3462 3048 3735 3101 casusque

2139 3119 2519 3184 requirerent?

2210 3208 2385 3265 Porro
2443 3211 2803 3267 conciliorum
2842 3213 2909 3269 de
2956 3214 3061 3270 nde
3092 3216 3403 3270 sanctiones
3440 3231 3614 3285 teque,
3665 3231 3736 3273 ac

2144 3302 2459 3372 Symbolum
2499 3305 2844 3374 suscipimus.
2871 3322 2990 3376 qua:
3023 3307 3074 3361 in
3120 3309 3235 3377 ipso
3265 3310 3562 3377 complexa:
3593 3324 3735 3364 con-

2146 3397 2413 3452 tinentur.
2446 3398 2552 3453 Sed
2587 3409 2786 3452 etcum
2817 3400 3010 3455 beatus
3039 3400 3241 3455 Paulus
3274 3402 3417 3457 dicat
3455 3420 3468 3456 :
3504 3402 3737 3457 Etiamsi

2145 3491 2363 3560 angelus
2394 3491 2855 3560 evangelizaverit,
2882 3501 3075 3560 praeter
3098 3492 3173 3557 id,
3205 3494 3345 3561 quod
3375 3495 3737 3565 euangelizavi

456 3585 707 3641 terminis
747 3588 859 3657 (40)
890 3588 1169 3656 adiiceret,
1225 3608 1344 3662 quae
1395 3595 1535 3663 pios,
1580 3596 1881 3666 impiosque
1932 3599 2046 3653 dis-
2073 3588 2115 3646 C
2147 3585 2311 3653 vobis,
2342 3588 2622 3641 anathema
2643 3588 2713 3641 sit
2746 3589 2790 3651 ',
2823 3586 3292 3641 consubstantiale
3319 3594 3503 3641 tamen
3540 3586 3737 3642 Patres

455 3687 783 3744 cernerent;
828 3688 918 3734 aut
947 3682 1090 3736 enim
1139 3686 1502 3740 necessarium
1535 3698 1619 3741 est
1643 3689 1893 3743 conﬁteri
1928 3705 2047 3743 om-

458 3770 569 3829 nia.
606 3782 733 3823 tunc
757 3774 1090 3828 confessioni
1125 3776 1245 3831 lidei
1284 3764 1602 3844 plenissime
1633 3781 1864 3850 adiecta,
1890 3789 1944 3835 et
1978 3781 2046 3836 ad

460 3864 673 3918 futuras
707 3867 971 3921 novitates
999 3884 1081 3921 νος
1103 3887 1190 3921 um
1216 3870 1470 3926 sufﬁcere
1487 3875 1752 3927 arcendas
1780 3894 1793 3939 ;
1820 3882 1874 3928 et
1905 3887 2049 3941 post-

459 3958 563 4012 hac
589 3960 788 4013 futuris
822 3961 1067 4015 conciliis
1101 3964 1323 4017 minime
1352 3967 1514 4019 licere
1532 3969 1599 4021 de
1625 3967 1725 4021 lide
1753 3976 1995 4023 statuere
2029 3989 2045 4023 :

461 4060 553 4101 aut
578 4049 880 4101 Ecclesiam
918 4051 1072 4103 initio
1099 4053 1319 4120 quidem
1355 4056 1598 4121 potuisse.
1620 4057 1684 4109 de
1707 4058 2047 4126 dogmatibus

461 4148 725 4204 Statuere,
757 4150 806 4193 et
839 4141 941 4194 alia
963 4142 1180 4208 quidem
1214 4144 1436 4208 addere,
1467 4146 1570 4198 alia
1601 4147 1853 4217 auferre;
1892 4162 2047 4218 post-

465 4232 682 4283 modum
714 4246 867 4297 vero,
885 4233 1024 4287 hanc
1058 4235 1309 4290 amisisse
1343 4246 1692 4304 potestatem.
1720 4242 1786 4292 At
1814 4243 2045 4310 primum

465 4323 595 4377 illud
650 4326 863 4391 quidem
903 4342 1088 4381 verum
1120 4344 1224 4383 non
1252 4344 1407 4394 esse,
1442 4340 1565 4398 post
1600 4332 1714 4387 hanc
1754 4347 1875 4389 acta
1910 4351 2048 4389 con-

463 4418 588 4471 cilia
643 4426 906 4473 testantur
938 4438 951 4474 :
999 4436 1120 4491 qua:
1170 4423 1436 4492 proiecto,
1466 4442 1739 4495 nunquam
1767 4431 2049 4487 convenis-

465 4521 611 4576 sent,
655 4513 699 4566 si
729 4514 901 4581 prima
939 4515 1026 4570 illa
1073 4518 1344 4572 scaudalis
1410 4519 1609 4575 futuris
1656 4523 1788 4577 satis
1833 4524 2051 4579 obvias-

466 4614 622 4670 sent;
676 4605 765 4658 Dei
824 4607 969 4660 enim
1020 4620 1104 4663 est
1162 4610 1341 4665 futura
1392 4626 1758 4680 prrenoscere.
1825 4614 2048 4687 Singula

464 4711 597 4751 vero
631 4701 879 4761 concilia.
904 4701 968 4755 ad
1000 4716 1236 4769 praesens
1268 4704 1568 4771 periculum
1602 4705 1837 4769 intenta,
1860 4721 2049 4764 contra

467 4789 751 4846 haereticos
797 4804 1057 4860 pugnant,
1108 4809 1215 4849 non
1274 4793 1516 4849 futurum
1567 4797 1876 4867 propellunt
1938 4799 2051 4856 Hoc

465 4883 609 4935 enim
650 4882 915 4937 incertum
948 4896 1050 4940 est.
1084 4884 1219 4940 Illud
1255 4902 1419 4951 vero,
1457 4889 1644 4949 instat.
1678 4900 1731 4943 et
1763 4901 1940 4959 urget.
1969 4890 2048 4948 Ex

464 4974 666 5042 quibus
713 4984 768 5030 et
825 4977 953 5032 illud
996 4988 1230 5042 constat,
1264 4989 1465 5046 postea
1497 4981 1727 5035 concilia
1762 4982 1967 5036 utiliter
1996 4993 2051 5039 et

468 5070 785 5125 necessario
835 5070 1003 5126 fuisse
1035 5074 1288 5135 conﬂata,
1319 5074 1535 5144 quoties
1568 5073 1823 5129 Ecclesia:
1859 5092 2049 5131 neces-

466 5161 602 5214 sitas
641 5172 879 5228 urgeret.
920 5162 1125 5231 Nempe
1171 5166 1313 5219 enim
1356 5166 1603 5220 eamdem
1647 5168 1754 5220 vim
1792 5167 2049 5224 Ecclesiae

471 5268 577 5308 non
616 5269 852 5324 semper,
895 5270 958 5309 ac
1005 5255 1253 5310 similiter
1287 5258 1479 5311 adesse
1511 5258 1861 5323 existimare;
1906 5274 2052 5329 mys-

474 5345 609 5398 teria
664 5345 785 5399 lidei
838 5348 1137 5400 tollentium
1186 5357 1290 5413 est,
1342 5349 1576 5401 maxime
1621 5364 1742 5401 cum
1805 5347 2055 5403 Salvator

470 5436 688 5499 dixerit,
746 5451 805 5493 se
870 5455 989 5492 cum
1035 5440 1133 5493 illa
1204 5456 1366 5507 usque
1424 5440 1493 5492 ad
1549 5441 2055 5494 consmnmationem

548 5548 563 5578 ¹
605 5548 797 5603 Matth.
858 5568 1049 5618 xxvut,
1095 5554 1184 5608 20.
1265 5556 1285 5585 ²
1312 5553 1490 5609 Galat.
1525 5570 1585 5615 ιι,
1619 5552 1672 5606 8.

548 5662 661 5744 (39)
688 5664 762 5746 [ξε
792 5667 1041 5746 liogloco
1078 5670 1293 5746 conﬁii
1326 5672 1626 5746 AEphcsini,
1684 5673 1798 5743 lege
1846 5671 2052 5727 Bellar-

479 5734 685 5805 mintun
715 5736 755 5792 ι.
789 5753 827 5792 ιι
864 5738 941 5791 De
970 5734 1287 5805 Christo,'c.
1318 5734 1410 5796 29.

553 5804 666 5877 (40)
694 5807 1115 5866 Deliuitionibus
1136 5820 1189 5865 et
1218 5814 1473 5868 decretis.

2149 3680 2501 3749 adiecerunt,
2561 3696 2682 3734 cum
2755 3696 2915 3736 nemo
2964 3690 3092 3736 ante
3149 3681 3271 3736 illos
3338 3682 3477 3736 hanc
3536 3682 3737 3736 dictio—

2148 3788 2270 3827 nem
2319 3773 2604 3827 tradiderit
2654 3772 2790 3844 (41).
2826 3774 3036 3829 idcirco
3091 3774 3254 3828 etiam
3288 3788 3315 3826 a
3352 3775 3741 3829 contradicen-

2150 3866 2294 3921 tibus
2347 3865 2487 3921 hanc
2518 3881 2624 3920 non
2658 3865 2895 3921 inveniri
2938 3866 2992 3920 in
3029 3866 3201 3922 sacris
3238 3865 3393 3921 libris
3423 3867 3741 3937 argueban-

2149 3967 2256 4012 tur.
2294 3956 2627 4010 Addiderunt
2654 3964 2854 4021 tameu,
2886 3955 3083 4011 litterae
3107 3970 3325 4011 sensum
3354 3957 3738 4021 conferentes,

2149 4058 2205 4103 et
2249 4059 2442 4102 contra
2492 4047 2839 4103 adversarios
2877 4056 3191 4103 constanter
3220 4048 3545 4101 dimicantes
3575 4046 3739 4115 iuxta

2151 4140 2459 4208 theologum
2497 4140 2843 4209 Gregorium,
2874 4143 2968 4210 qui
3000 4141 3074 4194 ait
3111 4158 3125 4195 :
3164 4137 3286 4193 Non
3343 4141 3407 4193 de
3454 4139 3641 4204 verbis,
3686 4147 3745 4193 et

2151 4235 2446 4297 nominibus
2474 4249 2793 4303 pugnamus,
2829 4232 3115 4286 dummodo
3144 4233 3365 4303 syllaba:
3397 4231 3466 4285 ad
3498 4234 3742 4286 eamdem

2151 4329 2551 4398 intelligentiam
2591 4329 2787 4396 (erant.
2823 4327 2889 4380 Et
2930 4334 3081 4381 certe
3119 4342 3228 4380 non
3284 4334 3505 4394 propter
3553 4324 3748 4392 huius-

2154 4420 2298 4473 modi
2354 4418 2713 4487 adiectionem
2763 4416 2915 4470 Pauli
2972 4415 3347 4483 subjiciuntur
3380 4412 3747 4468 anathemati.

2153 4511 2382 4566 Prorsus
2435 4527 2565 4566 vero
2628 4510 2870 4581 synodus
2933 4504 3113 4564 omnis
3154 4523 3254 4578 pro
3310 4505 3749 4588 reprehensione

2150 4606 2590 4674 blasphemorum
2618 4614 2966 4672 congregata,
3004 4602 3128 4656 lidei
3165 4600 3457 4656 terminum
3491 4596 3748 4666 exponit,

2150 4712 2249 4767 per
2299 4696 2352 4750 id
2405 4698 2549 4766 quod
2599 4695 2884 4749 veteribus
2935 4694 3205 4748 dictiones
3261 4692 3554 4751 adduntur,
3598 4704 3748 4743 nova

2154 4788 2405 4856 dogmata
2438 4801 2714 4840 resecaus.
2740 4785 2819 4840 Ita
2848 4784 2993 4839 enim
3027 4799 3085 4839 se
3104 4798 3192 4837 res
3220 4783 3403 4835 habet.
3441 4776 3495 4833 Si
3523 4780 3749 4846 quidem

2154 4890 2298 4935 esset
2342 4879 2625 4948 possibile,
2658 4878 2777 4932 sine
2826 4876 3007 4944 aliqua
3058 4873 3499 4929 contradictione
3549 4886 3747 4924 eorum

2156 4973 2249 5042 qui
2306 4985 2644 5027 cmnmunem
2698 4970 2856 5023 ﬁdem
2908 4982 3227 5038 oppugnare
3270 4968 3479 5027 volunt,
3517 4977 3751 5016 manere

2158 5066 2456 5121 Ecclesium
2511 5064 2561 5117 iu
2614 5062 2851 5132 antiquis
2896 5063 3180 5131 principiis
3243 5063 3547 5119 immotam,
3593 5056 3748 5110 nulla

2156 5159 2349 5215 fuisset
2381 5158 2682 5212 necessitas
2734 5156 2941 5225 aliquid
2998 5154 3410 5225 quomotlolibet
3462 5151 3748 5219 adiicere;

2158 5253 2252 5308 sed
2285 5252 2595 5307 suli‘ecisset
2637 5249 2706 5305 ad
2743 5248 3145 5305 confessionem
3192 5247 3342 5313 lidei,
3374 5242 3747 5313 compositum

2162 5361 2190 5401 a
2226 5346 2428 5400 sanctis
2457 5344 2726 5414 apostolis
2759 5344 2827 5398 ah
2853 5341 3009 5398 initio
3036 5341 3355 5413 Symbolum
3391 5339 3554 5395 breve
3579 5334 3750 5392 simul

2163 5455 2225 5494 ac
2254 5438 2501 5509 simplex.
3400 5479 3423 5496 .

2234 5669 2347 5738 (41)
2373 5669 2714 5724 Contrarium
2750 5678 2972 5738 apparet
2994 5682 3060 5723 ex
3082 5667 3188 5721 illis
3223 5679 3343 5734 qua:
3359 5663 3519 5718 docet
3543 5657 3749 5714 Bellar-

2169 5743 2347 5796 tninns
2372 5755 2408 5795 tt
2447 5741 2523 5794 De
2551 5740 2784 5803 Christo,
2822 5755 2870 5793 c.
2901 5740 2954 5792 5.
