3996 6222
184 345 281 410 189

176 558 415 613 essentia
446 558 746 616 detrudere
788 564 1159 632 praesumpsit,
1204 568 1348 636 quod
1396 570 1449 624 in
1486 574 1764 639 apostolo-

175 668 287 705 rum
350 653 613 722 symbolo
657 654 920 723 scriptum
964 663 1155 725 aperte
1200 674 1310 716 non
1342 661 1537 731 fuerat,
1569 664 1765 720 Filium

175 746 420 813 ejusdem
451 746 710 800 essentia
737 762 863 801 cum
902 745 1066 805 Patre
1100 763 1222 807 esse
1254 769 1271 808 :
1306 766 1429 809 cum
1455 754 1765 823 hujusmodi

174 851 445 890 renonum
471 852 571 900 per
598 853 797 908 corpus
820 839 1079 896 Ecclesiae
1103 856 1371 914 serperet.
1407 860 1579 915 eaque
1601 848 1770 916 pestis

175 928 557 985 clauderetur
614 931 669 985 in
714 934 921 1003 plures,
977 936 1070 1004 qui
1136 936 1187 990 in
1242 932 1404 992 Nicen
1462 952 1769 995 convenere

172 1022 388 1083 Patres,
441 1024 720 1087 veritatis.
785 1040 852 1080 ac
919 1027 1157 1080 ﬁdelium
1212 1043 1399 1083 curam
1462 1030 1768 1097 habentes,

173 1114 439 1184 Symbolo
470 1114 587 1169 alio
608 1119 943 1186 composito,
970 1119 1023 1174 ei
1053 1121 1510 1177 consubstantiale
1548 1124 1771 1180 addide-

169 1218 324 1269 runt;
382 1216 561 1276 atque
609 1216 734 1264 ante
781 1211 959 1264 omnia
1017 1212 1213 1265 scruta
1264 1211 1480 1267 suam
1514 1230 1580 1269 ea:
1613 1214 1771 1271 Patre

168 1301 424 1367 genitam.
456 1318 569 1355 non
602 1301 851 1369 factum.
880 1312 930 1356 ct
987 1318 1053 1358 ea:
1112 1303 1220 1358 Deo
1267 1320 1409 1367 vero.
1450 1304 1615 1360 Deum
1656 1323 1774 1361 csse

169 1409 364 1455 mm,
428 1403 492 1445 et
547 1408 671 1462 qua:
755 1401 883 1447 tunc
944 1395 1299 1465 adjecerunt,
1348 1411 1475 1451 eum
1538 1398 1769 1466 apostoli

171 1493 359 1538 natura
372 1484 744 1541 solummodo
771 1500 836 1540 ex
866 1484 1031 1539 Patre
1058 1487 1358 1542 dixissent.

232 1575 415 1630 Erant
488 1578 596 1630 ista
665 1577 784 1641 sic;
865 1578 1267 1649 videbaturque
1343 1588 1472 1634 tunc
1549 1579 1769 1636 abunde

168 1668 374 1723 munita
407 1669 579 1732 ﬁdes,
598 1684 718 1720 cum
743 1683 917 1734 parvo
941 1678 1062 1735 post
1092 1680 1339 1735 tempore
1365 1680 1559 1725 contra
1591 1673 1771 1726 sancti

167 1759 407 1823 Spiritus
430 1761 785 1815 divinitatem
814 1774 874 1813 se
901 1762 1071 1817 erexit
1098 1762 1372 1829 impietas.
1403 1763 1568 1817 Erant
1596 1763 1764 1827 enim,

167 1855 254 1921 qui
298 1856 562 1909 dicerent
619 1865 842 1910 sanctos
878 1857 930 1909 in
965 1855 1124 1909 Nicea
1186 1855 1375 1909 Patres
1445 1856 1650 1925 optime
1703 1855 1770 1910 de
1802 1846 1844 1901 Β

172 1942 269 1997 Ide
300 1943 602 2003 statuisse,
629 1952 683 1995 et
711 1942 925 1997 Patrem
959 1943 1175 2013 quidem
1210 1943 1379 1998 Deum
1402 1945 1765 2013 prmtﬁrasse:

170 2033 363 2088 Filium
421 2035 560 2087 item
594 2035 711 2102 pari
746 2034 907 2088 laude
947 2035 1282 2102 ltonorasse;
1318 2035 1579 2102 Spiritum
1630 2051 1765 2091 vero

166 2135 420 2179 sant-Inm
468 2141 580 2178 non
624 2124 929 2191 appellasse
972 2126 1161 2179 Deum.
1191 2123 1577 2181 Conrenerunt
1610 2126 1766 2182 Con-
1834 2164 1844 2171 -

167 2216 538 2285 stantinopoli
599 2217 813 2274 Patres.
855 2226 909 2269 et
961 2216 1091 2271 illud
1148 2218 1289 2283 quod
1346 2232 1495 2271 nunc
1547 2217 1770 2287 legitur,

110 2312 119 2323 ’
168 2310 486 2378 symbolum
530 2317 981 2375 composuerunt.
1034 2309 1283 2376 Cumque
1325 2308 1518 2363 Niceni
1549 2310 1769 2364 concilii

167 2398 357 2455 Patres
382 2400 599 2464 solum,
623 2407 672 2451 et
697 2400 751 2449 in
782 2398 1042 2462 Spiritum
1061 2409 1328 2465 sanctum,
1353 2400 1580 2455 credere
1605 2401 1773 2455 dixis-

170 2502 308 2554 sent,
347 2492 613 2561 nihilque
636 2491 970 2559 adjecisseut
998 2493 1267 2561 amplius;
1301 2493 1415 2556 isti,
1460 2508 1580 2561 qua:
1611 2492 1767 2562 plura

170 2596 289 2639 sunt
324 2585 525 2639 addita
580 2595 961 2648 opposuerunt
997 2584 1065 2637 de
1096 2586 1272 2638 sancti
1307 2582 1543 2652 Spiritus
1589 2584 1770 2640 domi-

172 2679 393 2731 natione
445 2683 509 2730 et
560 2676 790 2730 deitale.
830 2675 1017 2744 Neque
1055 2675 1230 2729 solum
1286 2675 1639 2736 addiderunt.
1675 2676 1773 2733 sed

170 2770 537 2822 detraxerunt
588 2768 779 2822 etiam.
819 2765 979 2831 Nam,
1013 2783 1136 2821 cum
1179 2766 1450 2822 dixi-sent
1480 2768 1581 2829 illi,
1609 2768 1773 2822 Geni-

170 2873 275 2914 ιτειι
319 2878 387 2913 ex
433 2860 632 2922 Putre,
676 2858 955 2924 videlicet,
1008 2874 1077 2912 ex
1124 2858 1304 2913 Patris
1363 2861 1624 2923 essentia,
1683 2861 1774 2915 isti

168 2953 339 3005 auium
389 2966 463 3005 ex
507 2949 676 3002 Patre
714 2949 942 3016 genitum
989 2948 1324 3003 retinuerunt
1357 2968 1372 3004 :
1409 2943 1773 3018 magnamque

168 3045 396 3098 omnino
462 3041 838 3096 tliﬂ'ercnliatn
901 3043 955 3094 in
1023 3042 1198 3095 trilttts
1259 3041 1343 3095 bis
1405 3042 1700 3109 Sytnltolis,
1729 3043 1775 3096 si

170 3140 331 3193 verba
382 3146 447 3191 et
511 3136 740 3189 nomina
796 3134 1065 3192 attendts,
1102 3133 1370 3186 invenies.
1414 3131 1532 3192 Non
1591 3143 1770 3187 tamen

170 3230 232 3281 ob
266 3244 393 3281 eam
441 3225 838 3287 diﬁ‘erentiam,
869 3225 951 3278 vel
987 3225 1079 3292 qui
1121 3226 1173 3277 in
1228 3224 1392 3279 Nicea
1446 3240 1770 3290 convenere,

172 3323 321 3375 aliam
362 3322 567 3382 ﬁdem,
620 3335 781 3388 quam
818 3319 885 3371 ab
933 3319 1209 3385 Apostolis
1244 3318 1578 3386 acceperint,
1622 3332 1771 3371 com-

174 3416 417 3482 posuisse
451 3413 876 3473 existimantur,
924 3411 1006 3464 vel
1035 3411 1126 3481 qui
1160 3419 1349 3477 postea
1377 3409 1772 3465 Constantino-

174 3508 271 3574 poli
317 3507 584 3568 fuerunt,
620 3513 817 3571 pra-ter
865 3503 1084 3557 Patrum
1155 3503 1336 3564 ﬁdem,
1378 3504 1469 3570 qui
1510 3501 1563 3554 itt
1609 3500 1771 3570 Nirea

174 3599 411 3659 inerant,
450 3604 773 3651 senserunt.
809 3594 1067 3649 Testatur
1109 3593 1408 3658 Gregorius
1439 3592 1771 3658 Tlmologus,

175 3693 255 3757 qui
296 3693 437 3746 huic
488 3689 708 3758 synodo
760 3685 1032 3743 interfuit.
1067 3685 1120 3738 in
1152 3685 1317 3753 epist.
1352 3687 1417 3736 ad
1455 3684 1773 3738 Cleduniuut

178 3787 243 3837 sic
299 3784 573 3837 scribens
608 3793 623 3831 :
658 3776 773 3832 Nos
822 3776 953 3830 nihil
998 3792 1228 3845 unquam
1286 3776 1410 3845 [idei
1477 3793 1509 3828 a
1574 3777 1775 3829 sanctis

182 3875 435 3928 Psm'bus
462 3875 554 3943 qui
586 3872 643 3925 in
672 3869 836 3925 Nirea
868 3884 1151 3923 canuenere
1180 3883 1275 3935 pro
1322 3868 1544 3922 delenda
1570 3868 1777 3921 Ariona

179 3970 353 4022 heresi
384 3966 724 4033 compositis,
746 3966 799 4017 in
832 3965 1029 4016 honore
1054 3962 1129 4016 re!
1155 3961 1508 4029 prcrtulimns,
1530 3961 1607 4017 uel
1629 3977 1773 4030 prte-

179 4066 300 4129 jerre
348 4073 692 4127 possumus;
736 4057 827 4108 sed
885 4054 1036 4109 illius
1082 4054 1230 4121 ﬁdei,
1291 4054 1577 4107 miserante
1633 4053 1777 4115 Deo,

178 4170 375 4219 suus,
402 4160 580 4219 atque
617 4150 832 4201 erimus.
872 4147 933 4201 Μ
957 4156 1131 4199 autem
1159 4145 1489 4199 solummodo
1526 4142 1776 4198 elucida-

178 4248 361 4304 riuus.
408 4240 560 4309 quod
602 4242 665 4293 de
703 4250 883 4293 sancto
916 4238 1121 4307 Spiritu
1153 4239 1328 4290 minus
1363 4237 1563 4290 dictum
1584 4239 1781 4306 fuerat,

178 4351 231 4388 es
263 4336 416 4401 quod
456 4347 588 4385 tunc
638 4329 935 4397 huiusmodi
992 4331 1216 4399 q'trettio
1256 4338 1399 4382 utota
1446 4345 1550 4381 non
1584 4327 1778 4396 fuerit,

179 4431 292 4490 quit
318 4429 489 4481 strains
526 4425 822 4477 divinitatis
849 4423 982 4476 scire
1008 4429 1208 4490 oportet
1234 4419 1442 4473 Patrem
1466 4431 1512 4472 et
1545 4417 1590 4470 F
1594 4418 1771 4483 ilium,

180 4533 225 4573 et
252 4521 527 4583 Satrium:
566 4522 802 4570 sanctum
825 4556 843 4581 ,
875 4515 1037 4569 Deum
1069 4514 1227 4567 etiam
1254 4511 1513 4580 Spiritum
1543 4511 1786 4581 fatendo_
1823 4542 1867 4597 ο

256 4613 314 4665 la
370 4606 821 4663 Cltalcedoncnsi
877 4619 1092 4675 quoque
1149 4602 1383 4656 concilio
1437 4601 1778 4669 congregati,

185 4719 278 4763 pro
309 4705 403 4756 bis
438 4700 612 4754 veluti
652 4699 917 4751 rationem
944 4695 1254 4755 reddemus,
1288 4678 1388 4745 hos
1427 4706 1599 4759 neque
1631 4690 1784 4756 adje-

185 4794 325 4846 (isse
358 4792 521 4843 aiunt
583 4788 704 4841 ﬁdei
746 4786 1070 4842 Nicenornm
1126 4780 1545 4851 Patrum,qttasi
1578 4795 1778 4834 novum

189 4885 501 4953 quidpiam,
530 4891 588 4933 et
619 4880 825 4933 varium
872 4878 1143 4939 dicentes;
1173 4888 1370 4942 neque,
1400 4872 1545 4941 quod
1573 4872 1642 4925 ab
1673 4870 1780 4925 illis

187 4976 361 5029 fuerat
418 4974 716 5037 relictum,
751 4971 848 5025 ltos
897 4968 1230 5038 implevisse,
1263 4967 1357 5020 sed
1421 4965 1661 5025 illorttm,
1711 4962 1780 5015 de

190 5080 380 5123 saneto
408 5065 630 5134 Spiritu
660 5062 1093 5132 intelligentiam,
1122 5070 1312 5114 contra
1353 5073 1447 5112 eos
1483 5056 1575 5126 qui
1631 5055 1780 5107 illius

193 5161 632 5215 dominum-em
668 5156 884 5208 auferre
914 5154 1253 5212 nitebantur,
1286 5150 1584 5217 Scriptum
1627 5145 1783 5201 testi-

195 5252 400 5303 moniis
431 5247 635 5301 iecisse
673 5245 993 5314 planiorem.
1027 5243 1283 5296 Videmus
1316 5232 1496 5292 autem
1526 5247 1581 5292 et
1611 5236 1785 5305 ipsos,

195 5347 285 5411 qni
320 5344 438 5399 illic
491 5347 887 5400 murenarum,
916 5334 1172 5406 Sytnholo
1220 5332 1433 5387 Niceno
1479 5327 1785 5383 addidisse.

196 5432 334 5487 Nam
389 5448 513 5486 eum
563 5430 662 5491 illi,
693 5426 837 5481 Patri
882 5424 1078 5479 Filium
1111 5420 1637 5479 consubstantialem
1665 5426 1786 5471 tan-

198 5526 485 5579 tummodo
534 5522 801 5581 dixerint,
849 5518 945 5573 isti
1000 5514 1378 5569 addiderunt:
1418 5507 1787 5585 Consubstau-

201 5618 381 5671 tidem
424 5615 580 5669 Patri
630 5612 912 5665 secundum
957 5607 1231 5672 deitatem,
1271 5600 1786 5658 consubstantialem

206 5712 387 5764 uﬁs.
434 5703 722 5759 secundum
764 5701 1191 5763 humanitatem,
1257 5694 1522 5766 Eulycltis
1572 5694 1624 5747 in
1691 5694 1791 5746 hoc

208 5802 523 5866 opinionem
548 5796 916 5867 corrigentes.

1284 361 1695 429 ADVERSUS
1727 369 2043 440 GRAECOS
2071 379 2218 448 LIB.
2241 384 2346 453 IV.
2434 416 2442 423 ο

242 464 525 568 montani
574 480 707 568 vero
753 468 965 538 primus
1009 468 1176 568 Arius
1211 474 1310 530 Del
1343 474 1539 532 Filium
1587 479 1764 536 Patris
1794 496 1841 555 Α
1941 492 2009 548 Et
2036 496 2129 565 qui
2175 496 2381 568 Ephesi

3340 398 3448 469 uo

2406 503 2643 571 primum
2671 521 3065 579 convenerunt,
3095 514 3220 573 ﬁdei
3256 524 3443 577 termi-

1869 591 2037 678 num"
2060 596 2452 678 exposuerunt,
2483 608 2595 662 quo
2645 595 2740 653 Dei
2801 598 3048 657 Genitrix
3088 605 3245 661 beata
3276 608 3444 678 Virgo

1870 672 2219 770 praedicatur.
2253 677 2420 751 Virgo
2453 687 2597 741 enim
2644 690 2985 749 solummodo
3014 696 3166 751 beata
3207 698 3259 753 in
3293 672 3443 770 sym-

1868 759 1995 817 bolo
2032 767 2300 835 appellata
2331 772 2531 830 fuerat.
2568 777 2683 832 Etsi
2742 782 2887 835 enim
2942 783 3202 854 Symbolo
3245 790 3297 843 id
3322 759 3450 846 ἠιμ

1863 855 2066 949 justum
2098 877 2205 917 non
2228 875 2330 928 est,
2360 868 2715 943 nihilominus
2743 873 2983 945 Symboli
3007 883 3296 936 terminum
3329 886 3444 949 (ω)

1870 948 2018 1003 illum
2047 968 2393 1023 veneramur,
2428 959 2739 1030 ltujusmodi
2792 969 3132 1039 vocabulum,
3189 950 3446 1047 illiusque

1869 1057 2092 1101 sensum
2152 1056 2211 1101 ut
2267 1051 2567 1107 rectissime
2603 1056 2843 1121 positum
2873 1062 3253 1131 suscipientes,
3283 1079 3447 1138 atque

1869 1138 2193 1196 conﬁtcntes
2239 1158 2253 1197 :
2307 1158 2506 1212 eosque
2535 1146 2629 1216 qui
2663 1147 2792 1203 illttd
2828 1161 3047 1221 negant.
3076 1170 3444 1225 exsecrantes,

1869 1232 2067 1302 quibus
2110 1236 2260 1290 circa
2314 1236 2627 1307 Symbolum
2669 1258 2775 1297 non
2818 1260 3082 1313 majorem
3104 1253 3445 1309 ostendimus

1870 1328 2125 1397 rigorem,
2160 1347 2322 1401 quam
2358 1334 2608 1392 universa
2663 1339 2907 1408 synodus
2953 1356 3054 1410 pro
3100 1344 3448 1401 revincendis

1871 1420 2226 1490 hlasphemiis
2277 1439 2626 1497 congregata.
2661 1429 2896 1501 ﬁdeique
2932 1434 3224 1490 terminum
3281 1452 3449 1508 expo-

1871 1530 2029 1580 nens,
2064 1525 2119 1571 et
2149 1533 2245 1589 per
2296 1535 2390 1573 eas
2441 1536 2577 1589 quas
2634 1524 2879 1593 antiquis
2932 1527 3121 1591 addit,
3153 1529 3449 1600 dictiones,

1872 1622 2009 1662 nova
2042 1608 2298 1679 dogmata
2334 1612 2646 1670 eliminans.
2694 1648 2697 1651 η

1908 1696 1913 1701 ’
1945 1700 2167 1769 Magnus
2196 1714 2454 1773 prreterea
2479 1708 2783 1764 Basiliusin
2815 1709 3020 1783 Regula
3060 1713 3127 1767 ad
3156 1716 3451 1771 monachos

1872 1805 2183 1849 sanctarum
2230 1796 2452 1851 Patrum
2501 1800 2684 1864 ﬁdem,
2717 1818 2871 1872 quae,
2916 1814 2975 1859 ut
3007 1804 3121 1873 ipse
3167 1808 3262 1871 ait,
3297 1808 3452 1876 [rau-

1871 1888 2015 1949 dari,
2048 1889 2444 1960 adulterariqus
2477 1909 2580 1946 non
2628 1907 2821 1959 posset,
2855 1912 2980 1949 eum
3021 1911 3082 1952 se
3119 1900 3448 1955 traditurum

1870 1981 2239 2061 polliceretur,
2276 1984 2534 2049 plurima,
2567 2002 2688 2055 quae
2734 1987 2789 2040 in
2846 1990 2970 2043 ﬁdei
3020 1988 3279 2061 Symbolo
3329 2001 3456 2046 sunt

1868 2077 2085 2143 posita.
2136 2075 2343 2140 omisit,
2398 2085 2452 2129 et
2500 2079 2565 2132 de
2594 2091 2789 2134 sancto
2814 2079 3021 2148 Spiritu
3071 2082 3229 2146 nihil,
3277 2098 3454 2153 neque

1871 2167 2012 2235 quod
2047 2184 2112 2222 ex
2147 2166 2330 2228 Patre,
2366 2185 2539 2240 neque
2576 2176 2718 2238 quod
2754 2190 2852 2241 per
2876 2173 3068 2229 Filium
3108 2180 3452 2244 procederet.

1870 2258 2043 2322 dixit;
2073 2261 2166 2314 sed
2214 2271 2421 2315 tantum
2460 2273 2515 2317 et
2552 2265 2603 2318 iu
2637 2264 2898 2334 Spiritum
2946 2280 3200 2323 sanctum
3249 2285 3309 2325 se
3339 2285 3457 2326 cre-

1872 2355 2001 2409 dere
2024 2355 2231 2420 dicens,
2264 2355 2489 2420 adiectis
2514 2359 2840 2425 quihusdam
2872 2359 3170 2429 Scriptura:
3202 2364 3455 2418 testimo-

1875 2447 1980 2500 niis
2025 2446 2093 2501 de
2137 2456 2327 2503 sancto
2368 2448 2597 2517 Spiritu,
2625 2466 2691 2505 ex
2735 2450 2899 2505 Patre
2952 2452 3124 2521 ipsum
3161 2458 3457 2520 procedere

1874 2537 2097 2591 omnino
2130 2540 2295 2593 tacuit
2333 2557 2347 2594 :
2383 2555 2505 2593 cum
2558 2541 2691 2597 nihil
2736 2543 3001 2612 adjicere,
3035 2558 3213 2615 neque
3240 2545 3457 2601 demere

1875 2634 2267 2700 proposuisset,
2321 2634 2643 2690 existimans
2698 2636 2785 2690 his
2839 2652 2960 2707 qua:
3007 2636 3262 2703 dixisset,
3290 2638 3454 2693 etiam

1876 2741 1996 2794 qum
2030 2726 2242 2778 tacebat
2270 2727 2679 2793 comprehendi.

1950 2816 2024 2871 Ex
2064 2818 2146 2871 bis
2183 2820 2462 2885 perspicue
2491 2829 2723 2883 constat,
2754 2834 2850 2872 ens
2883 2821 2973 2889 qui
3004 2821 3227 2875 auferre
3249 2821 3455 2891 aliquid

1878 2903 1961 2958 vri
1994 2905 2191 2959 addere
2223 2906 2637 2972 prohilmcruut,
2658 2924 2765 2962 non
2781 2908 3140 2977 adjectionem
3173 2911 3455 2981 dictionis,

1880 2997 1976 3050 sed
2010 2998 2132 3053 ﬁdei
2162 2998 2387 3053 alterius
2413 3001 2706 3055 editionem
2739 3002 3017 3067 vetuisse;
3057 3003 3297 3074 alioquin
3333 3006 3459 3059 nul-

1880 3088 1989 3143 lum
2026 3101 2170 3145 esset
2199 3092 2490 3147 concilium
2524 3108 2550 3145 a
2582 3093 2810 3147 crimine
2842 3094 3106 3151 immune.
3138 3096 3368 3151 Constat
3403 3105 3461 3152 ct

1801 3184 1847 3244 C
1879 3178 2008 3236 illud
2048 3200 2174 3244 ttna,
2231 3186 2372 3252 quod
2415 3185 2650 3238 ﬁdelium
2689 3186 2906 3255 quidem
2938 3180 3218 3255 proprium
3262 3191 3333 3243 sit
3360 3191 3463 3244 ad-

1880 3276 2032 3337 dere.
2072 3278 2327 3334 novitatis
2349 3288 2526 3347 autem
2558 3279 2901 3334 inventorum
2936 3279 3002 3333 ad
3033 3295 3141 3332 non
3173 3282 3462 3350 scriptum.

1880 3372 2053 3440 adque
2104 3375 2282 3440 priora
2329 3390 2634 3440 recurrere,
2667 3374 2949 3444 religionis
2973 3375 3183 3431 scilicet
3210 3378 3460 3445 obtentu,

1881 3465 2219 3535 iniquitatem
2253 3468 2413 3521 simul
2441 3470 2678 3537 operire,
2708 3477 2872 3538 atque
2901 3470 3250 3526 introducere
3282 3472 3463 3526 triten.

1883 3558 2053 3621 tium;
2081 3557 2277 3625 quippe
2308 3558 2689 3611 haereticorum
2738 3559 2960 3627 singuli,
2994 3562 3086 3629 qui
3135 3562 3273 3616 alias
3302 3562 3463 3617 aliam

1885 3648 2016 3719 ﬁdei
2063 3649 2468 3714 corruptionem
2514 3648 2802 3712 invexere,
2854 3651 3051 3703 merito
3106 3650 3464 3715 atljcctioncm

1884 3751 2206 3803 vetuerunt,
2234 3756 2304 3796 ne
2353 3756 2452 3811 per
2481 3755 2599 3795 eam
2639 3755 2737 3795 sua
2782 3741 3023 3795 versutia
3075 3751 3398 3811 argueretur
3445 3760 3462 3798 :

1884 3851 2044 3905 quam
2065 3836 2278 3891 scilicet
2297 3836 2471 3889 sancti
2486 3832 2676 3888 Patres
2699 3842 2891 3889 contra
2910 3832 3127 3888 illorum
3147 3833 3464 3901 perniciem,

1886 3940 1945 3984 ut
1989 3929 2427 3997 potentissimum
2476 3927 2935 3983 medicamentum
2961 3926 3463 3995 excogitaverunt:

1885 4030 1940 4078 et
1990 4036 2095 4090 qua
2146 4020 2394 4076 inﬁdeles
2440 4029 2604 4092 atque
2655 4020 2852 4088 impius
2896 4034 2927 4073 a
2976 4020 3079 4088 piis
3113 4017 3471 4086 ﬁdelibusque

1887 4115 2284 4179 discernerent,
2315 4129 2381 4169 ac
2431 4129 2531 4184 per
2558 4127 2683 4168 eam
2729 4094 2991 4168 Ecclesiae
3019 4125 3153 4180 pura
3187 4118 3243 4166 et
3276 4110 3472 4166 imma-

1888 4207 2065 4263 culata
2101 4206 2235 4261 ﬁdes
2262 4219 2597 4273 servaretur.

1960 4298 2136 4366 Atque
2182 4298 2444 4353 adversus
2487 4310 2585 4351 eos
2616 4295 2708 4362 qui
2741 4280 2931 4351 dicunt
2961 4309 3078 4360 eos,
3108 4294 3201 4363 qui
3236 4293 3468 4362 primum

1889 4390 1957 4446 de
2001 4391 2101 4446 ﬁde
2146 4398 2454 4445 statuerunt
2480 4397 2536 4443 et
2564 4389 2912 4452 deﬁnierunt,
2963 4387 3133 4440 fuisse
3161 4380 3472 4439 ssn’ctiores

1894 4494 1948 4538 et
1980 4483 2322 4538 honestiores
2343 4481 2533 4550 bisqui
2566 4494 2781 4548 semper
2808 4477 3013 4547 aliquid
3043 4476 3328 4546 adjiciunt,
3367 4489 3468 4544 pro

1897 4592 1956 4631 se
1986 4576 2141 4645 ipsis,
2174 4585 2228 4629 et
2258 4589 2357 4643 pro
2391 4573 2622 4625 veritate
2680 4570 2941 4624 rationem
2971 4567 3207 4621 reddunt
3240 4566 3467 4627 silentii,

1883 4670 2124 4737 priorum
2149 4665 2366 4719 Patrum
2384 4678 2604 4720 causam
2626 4659 2942 4722 inferentes,
2966 4659 3086 4712 illos
3120 4657 3328 4710 scilicet
3350 4655 3474 4710 ideo

1885 4758 2019 4815 nihil
2049 4757 2252 4811 dixisse
2303 4754 2432 4824 quia
2474 4753 2714 4807 nondum
2773 4759 2924 4802 tanta
2972 4746 3226 4816 nequitia:
3262 4743 3473 4799 zizania

1882 4862 2069 4909 essent
2095 4856 2283 4903 exorta
2315 4846 2495 4915 :quod
2533 4846 2577 4901 si
2613 4843 2773 4910 modo
2809 4842 2884 4897 illi
2922 4839 3200 4903 adessent,
3227 4837 3311 4891 vel
3337 4846 3466 4890 tunc

1885 4941 2197 5011 huiusmodi
2226 4939 2585 5009 pullulassent
2633 4934 2916 4996 scandala,
2946 4933 3062 4985 haec
3103 4930 3205 4997 ipsi
3257 4940 3475 4997 quoque

1879 5031 2229 5104 adiecissent.
2254 5029 2413 5084 sicuti
2435 5025 2593 5080 tundo
2614 5040 2715 5079 nos
2729 5022 2979 5085 faciams,
3003 5036 3065 5074 ac
3089 5019 3235 5072 nullo
3252 5016 3474 5071 omnino

1888 5126 2111 5181 nomine
2175 5121 2608 5180 abstinuissent,
2645 5129 2740 5185 per
2796 5112 2942 5182 quod
3002 5111 3213 5179 linguas
3265 5114 3475 5161 vestras

1885 5231 2140 5273 coercere
2189 5213 2513 5285 potuissent.
2553 5207 2630 5262 Ita
2667 5206 2897 5273 denique
2930 5201 3131 5257 Nicaml
3166 5199 3353 5252 Patres
3377 5198 3474 5248 ad-

1885 5307 2037 5379 jecto
2065 5301 2510 5359 consubstantiali
2541 5299 2809 5352 adversus
2834 5293 3025 5348 Arium
3070 5291 3299 5361 ejusque
3324 5302 3479 5343 com-

1891 5399 2060 5473 plices
2095 5406 2363 5453 steterunt
2397 5411 2412 5446 :
2446 5394 2536 5447 illo
2564 5389 2782 5462 quidem
2816 5389 2882 5441 ad
2918 5400 3023 5439 non
3060 5385 3315 5453 scriptam
3347 5398 3479 5438 con-

1896 5493 2175 5564 l'ugiente,
2227 5487 2710 5557 apostoloruutque
2764 5479 3106 5534 sanctitatem
3163 5476 3479 5546 objicieutc.

1897 5587 1986 5658 qui
2036 5587 2092 5640 in
2138 5598 2237 5637 suo
2279 5578 2536 5653 Symbolo
2564 5577 2630 5629 de
2669 5576 2771 5629 hoc
2811 5572 2941 5626 nihil
2975 5568 3422 5639 conscripserunt
3460 5581 3477 5620 :

1900 5682 2008 5738 illis
2037 5692 2161 5735 vero
2190 5673 2446 5731 dictionis
2476 5670 2836 5739 adiectionem
2862 5665 2996 5719 nihil
3023 5678 3143 5720 esse
3168 5661 3236 5717 ab
3263 5660 3477 5714 illorum

1900 5771 2205 5829 intentione
2258 5767 2493 5823 alienum
2552 5771 2737 5819 contra
2792 5759 3173 5819 inferentibus.
3206 5751 3476 5809 Cancrum

282 5912 396 5981 (ιε)
437 5910 634 5981 Ὀρον,
686 5916 972 5976 statutum,
1027 5901 1419 5966 deﬁnitionem,
1485 5894 1688 5954 clarius
1741 5893 1845 5951 hoc
1879 5905 2042 5960 quam
2075 5880 2653 5962 vocahtthuLtermmi,
2686 5892 2793 5949 quo
2841 5876 3108 5944 interpres
3134 5877 3216 5925 est
3242 5880 3396 5921 usus.

2184 6030 2211 6057 ὁ
