4020 6206
510 367 609 434 191

502 486 547 540 si
580 489 822 558 quidem,
853 494 983 549 dum
1024 500 1095 555 illi
1122 517 1496 576 superessent,
1529 512 1597 569 de
1626 514 1733 572 hoc
1770 531 1914 577 mota

498 578 609 633 stio
649 580 858 652 fuisset,
895 590 1013 647 sive
1050 609 1196 651 nunc
1226 598 1381 656 nobis
1408 604 1679 677 adessent,
1710 629 1983 684 nunquam
2011 620 2091 676 illi

500 675 660 729 aliter
718 676 1007 745 dixissent,
1042 698 1137 738 seu
1174 693 1669 765 conscripsissent,
1720 719 1879 772 quam
1932 714 2092 769 modo

500 777 599 817 nos
633 763 884 829 facimus,
914 776 1358 836 constantissime
1398 796 1840 851 asseverantibus
1880 801 2017 874 (45).

573 855 648 909 Ita
682 867 737 911 et
758 859 1230 937 Constantinopoli
1256 873 1521 934 adversus
1542 896 1636 938 eos
1658 889 1749 955 qui
1774 855 1944 947 Dcu‘tn
1970 855 2091 954 esse

498 945 764 1015 Spiritum
815 965 1062 1010 sanctum
1114 960 1499 1036 denegabant,
1552 945 1798 1047 nihilque
1835 945 1940 1039 ide“

494 1038 699 1095 deitate
730 1041 780 1094 in
816 1043 1075 1116 Sytnbolo
1132 1052 1353 1115 Nicaano
1400 1065 1665 1136 scriptum
1723 1038 2083 1147 objectantes,

495 1132 638 1198 quod
701 1135 875 1192 solum
922 1148 1258 1211 sequendum
1297 1132 1619 1216 asserebant
1646 1182 1661 1219 :
1690 1167 1755 1221 de
1780 1132 2086 1241 adjectione

496 1227 913 1296 responderunt,
946 1234 1349 1314 haereticisqne,
1382 1251 1428 1305 si
1469 1254 1810 1321 adiectiones
1841 1263 2083 1336 Symboli

496 1315 702 1336 -.-ΑΚ-η-
757 1333 768 1336 -
989 1328 1001 1336 ⁸

1537 1315 1554 1321 -
1798 1315 1802 1316 ν
1852 1315 2082 1336 νι---υνυ

493 1315 792 1386 auferrent,
824 1338 884 1378 se
910 1328 1195 1396 quieturos
1239 1339 1641 1413 pollicentibus,
1679 1355 1922 1414 veritatis
1958 1363 2085 1417 doc-

497 1414 646 1461 tores
674 1412 739 1464 ad
763 1428 857 1469 eos
894 1425 1287 1488 responderunt
1322 1449 1335 1485 :
1361 1432 1516 1491 Esset
1543 1441 1760 1509 quidem
1791 1450 2077 1522 optimum,

1561 1496 1574 1509 _
1796 1496 2077 1522 -r-.........,

491 1496 534 1548 si
572 1508 630 1553 nt
677 1502 849 1569 pritts,
879 1506 1005 1564 fidei
1054 1529 1190 1583 pura
1240 1522 1592 1595 simplicitas,
1626 1540 1841 1594 nemine
1867 1544 2081 1600 obstre-

491 1599 670 1655 pente,
699 1610 1032 1669 servaretur,
1061 1610 1207 1664 nulla
1240 1616 1383 1670 enim
1405 1622 1709 1691 adiectione
1729 1648 1862 1701 opus
1893 1653 2075 1710 esset;

1474 1684 1487 1691 -
1691 1684 1699 1685 ί
1737 1684 1780 1701 τι
1803 1684 1861 1691 ατ
1896 1684 2075 1710 *νυν-ν

487 1684 744 1748 quoniam
786 1704 914 1746 vero
961 1698 1178 1763 quidam
1232 1720 1614 1785 surrexerunt,
1672 1730 2075 1798 corruptionem

487 1783 543 1826 et
600 1779 895 1837 novitatem
942 1787 1062 1843 lidei
1109 1798 1388 1867 docentes,
1424 1816 1478 1859 et
1538 1779 1896 1881 adjectione'm
1959 1825 2074 1882 fieri

488 1880 713 1922 necesse
752 1885 855 1941 cst,
895 1878 1204 1955 factamque
1246 1903 1305 1945 nt
1348 1898 1556 1968 scripta
1586 1887 2072 1987 θειξρθηηθηθιιρ,
2107 1890 2152 1947 Β

488 1969 537 1987 nl
568 1976 663 1987 κη..
696 1963 835 1987 1,..γΔ
908 1972 919 1987 ι
1057 1978 1070 1987 ι
1185 1982 1197 1987 -
1470 1984 1471 1987 η

1466 1963 1479 1968 -
1678 1963 1688 1969 '
1728 1963 1743 1978 I
1776 1963 2007 1971 """‘""'
2023 1963 2072 1987 ν’

484 1969 663 2028 ntper
695 1963 839 2021 hanc
889 1972 1382 2054 deprehendantur,
1430 1984 1520 2060 qui
1572 1999 1858 2071 maliguari
1891 2010 2074 2081 elege-

484 2063 605 2081 rnnl
663 2054 915 2081 ξηθΛΑΑΣΛῌ
940 2079 947 2081 ι
1042 2069 1053 2081 ι
1116 2071 1127 2081 ι
1299 2078 1310 2081 _

482 2063 630 2113 runt,
662 2054 956 2131 infectique
1003 2069 1072 2123 ab
1111 2071 1341 2146 integris
1372 2082 1532 2153 [mins
1564 2054 1891 2163 adjeglionis
1913 2054 2072 2175 εἰει)ηο

482 2143 872 2175 ,ΙῖηηηριηηΑημ
923 2160 977 2175 n.
1083 2165 1094 2175 .

1235 2143 1254 2146 _
1440 2143 1458 2153 _
1631 2143 1891 2163 ,---.ν....,
1913 2143 1957 2158 ο.
2001 2143 2068 2163 ..υ

481 2143 894 2214 dignoscantur.
922 2160 1211 2234 Simulque
1251 2188 1320 2225 ne
1364 2176 1643 2238 videamur
1670 2204 1767 2257 per
1792 2143 2068 2255 silentiitm

1670 2238 1756 2257 rv-
1792 2238 2065 2255 υ--νιιυιιιιιι

479 2238 804 2303 adjectionis
846 2248 1342 2320 blasphemantium
1387 2275 1670 2343 erroribus
1702 2286 2065 2353 acquievisse.

481 2326 634 2353 σξηυῖ
658 2336 700 2353 In
820 2339 833 2351 ⁸
876 2342 905 2353 ⁸⁷
1080 2349 1092 2353 ’

481 2326 761 2398 Siquidem
817 2339 985 2410 igitur
1039 2349 1128 2417 pie
1189 2340 1440 2427 sentitis».
1495 2326 1801 2428 dictionem1
1854 2394 2068 2454 ttuoque

481 2426 847 2454 nn..ltnn...:-.:-
906 2437 961 2454 -9,
1254 2449 1286 2454 __

1781 2426 1792 2428 _
1856 2426 1959 2449 πη,
2005 2426 2068 2442 ..υ

478 2426 847 2499 conﬁtemini;
900 2437 984 2491 sin
1040 2456 1167 2498 vero
1215 2449 1376 2516 alias,
1428 2473 1527 2514 nos
1554 2466 1776 2531 quidem
1815 2426 2069 2542 hancjut

1362 2512 1370 2516 _
1508 2512 1521 2514 -
1560 2512 1776 2531 νων...
1815 2512 1975 2542 ..υηη
2012 2512 2065 2533 υ.

476 2512 622 2579 piam
659 2529 713 2574 et
744 2536 1059 2586 sanctorum
1093 2533 1317 2597 Patrum
1342 2553 1628 2610 sententia:
1662 2563 1900 2621 maxime
1936 2585 2065 2624 con-

476 2620 667 2671 gruam
711 2618 1076 2690 suscipimus;
1114 2644 1212 2685 vos
1256 2646 1476 2707 autem,
1507 2645 1576 2701 ab
1614 2649 1870 2712 Ecclesia:
1922 2660 2064 2718 inle-

473 2699 670 2767 gritate
700 2707 1047 2773 scindetnini.

547 2790 640 2847 Sic
682 2795 970 2863 Nestorius
1020 2810 1288 2883 Θεοτόκος
1349 2823 1401 2878 id
1452 2839 1559 2897 est,
1631 2834 1724 2891 Dei
1773 2838 2056 2913 ccum“,

547 2900 662 2913 Μ...
1045 2902 1106 2913 -..
1241 2911 1250 2913 Α

472 2897 664 2941 vocent
710 2891 1010 2968 denegans,
1044 2902 1252 2965 Nicami
1299 2919 1515 2975 concilii
1553 2933 1781 2996 statuta,

472 2975 522 2996 ,η
553 2994 559 2996 _
737 2995 742 2996 ,

1555 2975 1574 2978 ν
1610 2975 1781 2996 ..νην-⁷
1826 2975 1863 2987 υ
1908 2975 2057 2992 IIIIIU'

471 2975 696 3049 lmnque
732 2995 1035 3061 transgredi
1078 3015 1184 3056 non
1210 3018 1465 3072 oportere
1497 3023 1783 3078 asserebat
1812 3042 1827 3080 :
1859 2975 2059 3096 quibus

471 3071 643 3096 ..Λα-ι
676 3079 788 3096 -ηηθ
852 3083 865 3096 ⁹
1026 3091 1058 3096 ““

1251 3071 1258 3072 ,
1663 3071 1719 3076 ς-
1748 3071 1783 3078 --
1813 3071 1827 3080 -
1860 3071 1908 3096 -ις

469 3071 646 3127 solum
672 3079 983 3142 suﬂ'ecisset
1006 3091 1210 3163 dicere,
1236 3098 1508 3161 Christum
1533 3127 1598 3164 ea:
1633 3113 1810 3170 Maria
1846 3118 1908 3170 Vi

468 3176 678 3222 natum.
712 3172 820 3230 Sed
862 3184 1105 3238 occurrit
1150 3187 1387 3260 Cyrillus
1437 3214 1690 3269 arguens,
1745 3224 1811 3263 ac
1863 3211 2055 3270 dicens
2084 3250 2127 3307 ε

470 3258 669 3307 frustm
710 3266 858 3307 illum
888 3274 952 3307 ...ι
987 3275 1173 3307 ι)...-,.-
1284 3302 1305 3307 -
1336 3290 1347 3307 .
1382 3288 1414 3307 ο
1519 3294 1530 3307 .
1591 3297 1602 3307 .
1848 3305 1860 3307 _

470 3258 669 3316 frustra
710 3266 858 3322 illum
885 3274 952 3327 ad
985 3275 1173 3335 Patres
1197 3258 1257 3338 et
1281 3290 1348 3341 ad
1381 3288 1699 3362 Symbolum
1731 3305 2051 3376 confugere,

1422 3354 1439 3362 -
1742 3354 1753 3356 θ
1774 3354 1788 3355 ί
1806 3354 2051 3376 "'"DVW'

465 3354 623 3415 quasi
664 3356 744 3413 fas
775 3376 881 3416 non
904 3365 979 3419 sit
1001 3373 1143 3436 quod
1176 3373 1250 3430 illi
1288 3379 1569 3441 siluissent
1593 3392 1813 3459 addere,
1834 3412 2055 3457 causam

462 3457 563 3497 cur
609 3447 683 3502 illi
734 3451 958 3511 Mariam
995 3459 1086 3517 Dei
1111 3464 1444 3529 Genitricctn
1477 3493 1586 3534 non
1621 3483 1860 3544 diaerint
1900 3509 2058 3560 aper-

465 3535 572 3560 _,.__
601 3540 661 3560 Α
695 3542 768 3560 ..7,
848 3548 904 3560 ..

465 3535 574 3589 tius
595 3540 667 3595 ob
693 3542 859 3600 futuri
889 3549 1252 3621 ignorantiam
1273 3579 1289 3630 ;
1310 3577 1363 3619 et
1382 3573 1526 3637 quod
1547 3579 1774 3649 necdum
1795 3585 1900 3637 orti
1924 3535 2057 3641 inis-

463 3638 605 3691 sent,
643 3635 732 3700 qui
780 3638 919 3695 hanc
964 3646 1356 3710 absurditatcm
1395 3648 2051 3734 peperissentiassercns:

460 3720 527 3774 Et
557 3721 741 3782 Patres
763 3734 923 3802 enim,
954 3738 1147 3807 inquit,
1171 3748 1506 3820 adiecissent,
1529 3760 1577 3812 si
1606 3762 1810 3832 aliquos
1837 3772 1907 3821 ad
1937 3783 2055 3827 latt-

531 3909 926 3987 Compellitqne
983 3924 1290 3987 Nestorium
1342 3939 1510 3995 etiam
1583 3945 1651 4001 ab
1723 3966 1790 4004 eo
1850 3956 2049 4025 scripta

453 4007 694 4073 capitula
731 4018 1033 4086 suscipere,
1057 4036 1113 4079 et
1153 4031 1401 4088 conﬁteri
1439 4052 1498 4089 se
1538 4043 1631 4108 ita,
1668 4057 1724 4099 ut
1754 4048 1840 4102 illa
1865 4058 2043 4106 couti-

457 4111 674 4164 nerent,
705 4119 992 4166 sensurum
1029 4131 1047 4171 :
1079 4120 1230 4185 quasi
1256 4138 1359 4178 non
1387 4128 1488 4183 sibi
1515 4132 1756 4203 Sytnboli
1778 4144 2051 4203 confessio

456 4190 753 4261 sufficeret,
781 4200 1035 4274 minatus,
1060 4212 1163 4267 nisi
1188 4214 1238 4275 in
1264 4217 1349 4271 his
1384 4237 1647 4288 maneret,
1672 4247 1793 4296 quze
1820 4235 1891 4291 ibi
1910 4244 2049 4295 scri-

456 4290 546 4349 pta
566 4298 744 4357 erant,
769 4300 1075 4357 sacerdotio
1101 4303 1249 4361 illum
1280 4319 1334 4365 et
1355 4312 1422 4368 ab
1458 4315 1697 4376 Ecclesia
1722 4314 2043 4394 ejeettirutn.

522 4391 704 4454 Atque
753 4393 934 4447 Omnia
979 4393 1234 4467 deinceps
1288 4408 1524 4463 concilia
1574 4428 1744 4483 usque
1776 4420 1841 4473 ad
1870 4427 2044 4493 septi-

451 4504 601 4539 mum
652 4490 1068 4559 pervenientes,
1126 4494 1197 4549 ita
1257 4505 1609 4568 respondisse
1677 4510 2038 4574 inveniemus.

448 4577 607 4644 thl
663 4579 707 4633 si
761 4580 960 4650 ubique
996 4576 1195 4644 "omnis
1248 4588 1492 4663 Sytnholi
1548 4600 1784 4670 adjectio
1820 4607 2040 4667 lnercsis
2074 4594 2122 4654 Ῐ)

453 4674 685 4737 putanda
752 4686 837 4729 est
869 4691 885 4728 :
918 4675 1172 4733 laudandi
1230 4697 1390 4739 ernnt
1438 4691 1619 4754 Arius.
1664 4693 2037 4771 Macedonius,

450 4762 755 4823 Nestorius.
796 4776 851 4821 et
907 4772 1114 4836 crcteri,
1149 4775 1243 4841 qui
1287 4790 1477 4833 contra
1528 4789 1811 4847 veritatem
1854 4798 2039 4853 rabide

450 4856 719 4913 Intrarunt
773 4877 788 4912 :
849 4877 955 4916 non
999 4867 1367 4936 suscipientes
1414 4874 1770 4949 adjectioncs,
1811 4901 2037 4958 prapti-r

449 4952 628 5007 ﬁctam
657 4963 711 5007 et
745 4953 981 5011 fucatam
1017 4961 1358 5030 antiquitatis
1413 4978 1796 5034 reverentiam.
1829 4983 2031 5045 Contra

444 5042 729 5108 eulpabilis
756 5045 951 5116 (hisce)
985 5051 1166 5107 omnis
1198 5053 1461 5116 Ecclesia.

519 5135 717 5189 Verum
762 5138 990 5206 plurima
1045 5161 1264 5215 quoque
1348 5161 1658 5214 necessario
1726 5172 2026 5228 secundum

446 5224 604 5277 [idem
648 5228 980 5295 conﬁtenda,
1018 5232 1278 5305 Symbolo
1308 5256 1413 5296 non
1446 5250 1815 5313 continentur.
1846 5258 2032 5331 Neque

444 5315 590 5367 enim
622 5316 692 5369 ibi
726 5317 885 5372 beata
936 5321 1105 5379 Maria
1152 5324 1317 5398 Virgo
1363 5330 1453 5387 Dei
1518 5336 1765 5397 G-ttitrix
1807 5315 2027 5416 dicitur,

445 5402 541 5456 sed
584 5401 748 5471 Virgo
796 5409 997 5465 solum.
1026 5412 1212 5484 Neque
1247 5421 1390 5487 quod
1442 5424 1535 5479 Dei
1570 5428 1801 5488 Verbum
1835 5401 2031 5494 secuit:

445 5496 573 5548 dum
609 5514 770 5553 unam
820 5504 1180 5563 substantiam
1212 5526 1371 5581 quem
1400 5526 1696 5592 assumpsit
1752 5526 2025 5587 hominem

445 5589 624 5642 univit
672 5590 772 5645 sibi
824 5595 959 5664 ipsi;
997 5616 1193 5669 neque,
1238 5609 1382 5674 quod
1424 5589 1672 5671 Clll'lSittS
1714 5621 1780 5672 ad
1830 5623 2031 5683 inferos

445 5683 978 5753 tlesccnderit,tptod
1032 5692 1084 5746 in
1144 5701 1512 5767 apostolorum
1566 5706 1823 5777 Symliolo
1856 5715 2030 5773 fuerat

445 5782 733 5834 serit-tum.
781 5780 965 5851 Neque
996 5786 1233 5852 Spiritus
1275 5805 1494 5852 sanctus
1551 5806 1815 5859 assetilur
1850 5808 2007 5867 Deus.

519 5897 629 5964 (45)
663 5897 881 5957 νιιιρ-ιυι·
908 5901 1108 5970 aliquid
1149 5907 1353 5962 deesse.

1782 402 2182 470 MANUELIS
2222 414 2533 482 CALECE

3666 452 3782 522 192‘

1947 542 2096 595 qum-
2126 530 2168 587 Λ
2201 534 2338 600 Quid
2389 544 2558 613 ergo?
2582 544 2721 603 Num
2771 552 2854 607 his
2899 554 3023 613 ideo
3069 579 3175 618 noti
3213 567 3683 642 credemushtuze
3722 595 3793 633 ex-

2206 628 2291 684 his
2340 648 2461 701 qua:
2510 638 2714 709 scripta
2761 658 2912 711 sunt.
2968 653 3303 726 colliguntur
3353 670 3695 736 necessario,
3721 688 3789 724 an

2200 722 2539 791 simplicibus
2588 735 2792 802 verbis,
2820 752 2879 795 ut
2926 758 2957 797 a
3000 722 3253 806 conciliis
3277 766 3404 810 sunt
3426 761 3645 826 tradita,
3680 774 3792 817 sta-

2201 815 2417 875 bimus?
2435 823 2525 889 At,
2559 827 2689 882 illud
2724 834 2945 900 quidem
2996 854 3187 896 eorum
3237 858 3345 912 est,
3377 853 3470 920 qui
3506 855 3569 907 de
3611 860 3783 911 nomi-

2200 911 2364 968 nibus
2412 920 2788 989 contendunt;
2822 938 2876 981 et
2928 945 3090 988 omne
3121 938 3265 1005 quod
3319 953 3517 1007 praeter
3549 946 3786 1003 litteram

2196 1009 2489 1078 accipitur,
2513 1017 2835 1074 scandalum
2869 1032 3064 1090 putant
3093 1044 3109 1081 :
3143 1029 3301 1098 juxta
3330 1034 3540 1091 scilicet
3566 1037 3787 1093 Judaei»

2197 1114 2319 1154 rum
2357 1102 2652 1171 vilitatem,
2706 1112 2798 1178 qui
2851 1128 3073 1181 semper
3110 1120 3246 1192 legis
3291 1126 3782 1189 assidentlitterm.

2194 1193 2352 1260 Quod
2399 1200 2566 1256 etiam
2613 1203 2775 1260 divus
2812 1207 3127 1282 Dionysius.
3157 1215 3537 1278 irrationabile
3567 1240 3632 1279 ac
3658 1243 3788 1295 pcr-

2197 1305 2411 1346 vcrsum
2445 1310 2568 1351 esse
2590 1300 2688 1361 ait,
2711 1316 2816 1356 non
2846 1305 3056 1362 scilicet
3095 1309 3420 1370 intentionis
3446 1317 3659 1385 virtuti,
3686 1323 3783 1376 sed

2193 1384 2474 1441 vocabulis
2499 1390 2805 1450 intendere.

2263 1477 2435 1535 Porro
2504 1487 2729 1555 proprie
2812 1494 3090 1559 expositos
3145 1512 3174 1551 a
3229 1500 3456 1569 synodis
3518 1506 3786 1559 terminos

2190 1568 2357 1625 veluti
2400 1589 2690 1634 commune
2748 1580 3064 1651 Symbolum
3123 1568 3346 1646 minime
3410 1594 3783 1662 amplecti,ac

2187 1665 2494 1733 suscipere.
2549 1685 2738 1726 eorum
2783 1687 2886 1741 est,
2950 1681 3042 1747 qui
3084 1683 3315 1736 concilia
3376 1686 3527 1739 irrita
3574 1693 3781 1750 volunt.

2187 1753 2366 1826 )Eque
2397 1759 2560 1829 igitur
2591 1777 2654 1818 ae
2686 1763 3008 1835 Symbolum
3036 1789 3380 1846 quaecunque
3429 1780 3521 1835 illa
3567 1796 3786 1841 Statue-

2187 1848 2326 1913 rint,
2362 1855 2709 1923 suscipienda
2742 1869 2891 1918 sunt.
2924 1863 3112 1933 Neque
3142 1869 3288 1923 enim
3333 1874 3603 1939 profecto,
3629 1882 3778 1946 quod

2183 1942 2238 1996 in
2267 1942 2524 2013 Symbolo
2546 1949 2767 2015 quidem
2797 1955 3131 2022 eotttinetur,
3159 1965 3547 2020 honorahimns
3585 1988 3597 2023 :
3628 1976 3778 2037 quod

2181 2045 2364 2090 autem
2424 2055 2491 2094 ex
2554 2042 2695 2099 illius
2763 2048 2963 2114 pendet
3022 2051 3149 2115 line,
3186 2057 3270 2108 vel
3317 2059 3458 2124 quod
3497 2074 3616 2127 post
3649 2064 3776 2127 citis

2180 2124 2469 2183 lectionem
2517 2132 2739 2199 dicitur,
2775 2139 2857 2192 vel
2890 2155 2945 2193 tn
2994 2144 3108 2199 suis
3142 2148 3393 2203 terminis
3452 2157 3771 2219 exponitur,

2180 2231 2287 2272 non
2340 2219 2769 2281 honorabimus?
2826 2226 2938 2283 Hoc
2995 2234 3138 2287 enim
3218 2239 3476 2293 stolidum
3527 2242 3685 2295 simul
3720 2256 3779 2301 rt

2179 2309 2557 2370 irrationabile
2581 2327 2688 2371 est.

2250 2404 2405 2470 Quod
2428 2408 2475 2464 si
2501 2412 2733 2466 concilia
2760 2427 2911 2470 sacra
2933 2434 3286 2487 veneramur,
3309 2424 3526 2480 illorum
3547 2444 3774 2498 quoque

2176 2500 2485 2555 sententias
2537 2505 2786 2559 venerari
2847 2512 3124 2578 convenit,
3156 2524 3321 2584 atque
3353 2516 3449 2579 ita.
3482 2530 3541 2572 ut
3574 2520 3643 2576 de
3680 2524 3768 2578 his

2176 2605 2275 2645 nos
2330 2607 2455 2648 esse
2500 2597 2863 2661 certissimos,
2893 2617 3017 2655 cum
3053 2606 3208 2659 omni
3270 2607 3464 2663 fiducia
3497 2614 3765 2668 confitea-

2174 2697 2317 2748 ntur,
2351 2701 2554 2755 eosque
2583 2689 2674 2757 qui
2708 2702 2928 2760 negant,
2969 2709 3343 2754 exsecrentur.
3382 2700 3515 2755 Nam
3565 2707 3657 2773 qui
3710 2709 3764 2762 in

2169 2775 2399 2845 synodis
2427 2780 2707 2849 expositas
2748 2786 3053 2839 sententias
3083 2800 3265 2857 negat,
3341 2795 3520 2858 poenis
3555 2812 3765 2862 negau-

2169 2867 2305 2922 tium
2343 2868 2659 2940 Symbolum
2712 2875 2817 2928 erit
2866 2877 3156 2933 obnoxius.
3198 2880 3431 2940 Prorsus
3459 2895 3513 2940 et
3544 2902 3607 2941 ea
3639 2906 3764 2956 qme

2169 2940 2429 3030 Syniholo
2482 2964 2743 3035 inscripta
2802 2984 2907 3023 non
2969 2983 3117 3035 sunt,
3165 2991 3324 3045 teque
3378 2992 3441 3031 ac
3477 2995 3523 3033 su
3554 2981 3763 3048 scripta

2165 3064 2373 3119 essent,
2411 3057 2816 3117 h0norabitnus.
2852 3064 3026 3135 Atque
3076 3069 3202 3122 hinc
3242 3069 3287 3124 si
3322 3072 3464 3124 ratio
3512 3076 3763 3129 veritatis

2165 3148 2427 3217 exegerit,
2459 3150 2506 3203 si
2536 3166 2699 3206 rasus
2733 3160 3046 3213 necessario
3079 3160 3375 3230 impulerit,
3399 3166 3532 3221 nihil
3554 3170 3759 3239 diliert,

2162 3236 2322 3290 etiam
2338 3254 2454 3306 quae
2470 3257 2573 3298 non
2590 3255 2715 3300 sunt
2732 3248 2958 3319 scripta,
2976 3252 3245 3321 confiteri,
3266 3273 3388 3311 cum
3415 3260 3468 3314 in
3501 3261 3765 3334 Sytnbolo

2150 3331 2469 3400 complexa,
2500 3340 2900 3405 comprehensa
2930 3345 3062 3401 sint.

2232 3426 2524 3493 Quocirca,
2554 3446 2732 3501 neque
2760 3434 2867 3491 illis
2898 3439 3136 3509 adjectio
3180 3445 3491 3508 obiicienda
3524 3460 3628 3513 est,
3656 3454 3758 3521 qui

2158 3516 2322 3570 etiam
2359 3536 2423 3574 ea:
2479 3519 2620 3578 Filia
2668 3524 2928 3593 Spiritum
2977 3544 3225 3591 sanctum
3250 3542 3547 3608 procedere
3579 3541 3762 3596 faten-

2161 3619 2268 3666 tur.
2318 3612 2446 3677 Sed,
2486 3624 2543 3669 ιιι
2590 3618 2797 3674 dictum
2864 3634 2966 3688 est,
3009 3641 3274 3684 verumne
3310 3631 3413 3685 hoc
3448 3633 3538 3696 sit,
3575 3636 3758 3703 inspi-

2156 3701 2406 3757 ciendum
2438 3716 2539 3763 est.
2578 3708 2713 3765 Nam
2746 3724 3108 3786 prmterquam
3144 3725 3289 3791 quod
3321 3725 3584 3791 subjectis
3621 3728 3753 3784 titlei

2157 3797 2441 3867 principiis
2470 3816 2698 3858 necesse
2732 3817 2838 3867 est,
2880 3811 2922 3864 si
2972 3814 3204 3870 velimus
3249 3833 3311 3871 ea
3350 3833 3470 3887 quae
3504 3837 3758 3877 commn-

2074 3894 2095 3906 '
2157 3887 2296 3943 niter
2325 3905 2353 3942 a
2388 3890 2656 3964 theologis
2686 3898 2750 3952 de
2772 3898 3045 3958 Trinitate
3071 3907 3384 3976 traduntur,
3415 3911 3753 3982 observare;

2153 3981 2317 4035 etiam
2355 4000 2419 4038 ex
2446 3984 2583 4041 Filio
2624 3994 2940 4059 procedere,
2975 3995 3173 4065 fateri;
3204 4001 3340 4056 alios
3369 4004 3585 4069 quidem
3618 4020 3752 4057 san-

2152 4080 2269 4127 ctos
2302 4076 2585 4144 habemus,
2622 4096 2688 4134 ea:
2730 4081 2875 4140 Filio
2932 4088 3083 4142 illum
3140 4105 3263 4146 esse
3290 4094 3555 4160 dicentes,
3578 4105 3636 4150 et
3676 4096 3756 4151 ab

2154 4164 2269 4227 ipso
2302 4166 2502 4224 habere
2532 4186 2673 4237 esse,
2706 4184 2760 4228 et
2780 4190 2845 4230 ex
2880 4179 2998 4248 ipso
3027 4184 3348 4239 naturaliter
3371 4195 3533 4257 atque
3568 4204 3754 4243 essen-

2151 4257 2369 4324 tialiter,
2402 4272 2462 4316 ιιι
2497 4262 2669 4333 ipsius
2699 4271 3071 4336 operationem
3104 4276 3405 4331 naturalem
3457 4288 3512 4332 et
3556 4295 3752 4335 essm-

2154 4349 2337 4403 tialem
2400 4356 2642 4420 prodire.
2685 4355 2751 4411 Et
2808 4358 2971 4415 sicuti
3023 4377 3090 4416 ex
3130 4361 3324 4430 Patre,
3360 4367 3432 4420 ita
3476 4370 3640 4422 etiam
3670 4385 3750 4425 ex

2149 4442 2286 4497 Filio
2322 4462 2469 4510 esse,
2502 4453 2804 4505 secundum
2846 4456 3097 4509 eumdem
3137 4459 3378 4513 modum.
3417 4461 3566 4517 Alios
3604 4478 3747 4519 vero

2150 4552 2243 4603 per
2298 4537 2493 4593 Filium
2542 4543 2866 4599 naturaliter
2906 4548 3144 4614 prodire,
3175 4560 3231 4605 et
3273 4568 3368 4620 per
3413 4569 3535 4608 eum
3569 4565 3749 4625 atque

2149 4643 2215 4681 ex
2262 4645 2328 4681 co
2372 4634 2643 4699 accipere,
2672 4647 2727 4689 et
2755 4652 2822 4691 ex
2864 4636 3029 4695 Patre
3060 4657 3155 4705 per
3180 4643 3376 4699 Filium
3410 4650 3744 4716 procedere,

2147 4721 2257 4774 imo
2293 4722 2457 4777 etiam
2489 4740 2553 4778 ex
2600 4724 2735 4781 Filio
2756 4734 3070 4799 procedere,
3096 4746 3148 4788 et
3179 4752 3300 4805 qum
3332 4739 3434 4792 alia
3476 4741 3744 4810 przedieta

2141 4823 2287 4867 Stttll.
2334 4816 2408 4869 lla
2439 4820 2583 4873 enim
2639 4819 2740 4888 ipsi
2777 4823 2978 4878 dictum
3023 4827 3149 4881 illutl
3183 4833 3548 4900 evangelicum
3578 4851 3592 4889 :
3628 4835 3745 4900 Qui

2140 4923 2173 4957 a
2240 4905 2406 4963 Patre
2482 4913 2755 4981 procedit,
2814 4932 3218 4989 exposuerunt;
3284 4926 3743 4996 complexumque

2139 5000 2459 5065 procedendi
2488 5004 2780 5059 terminum
2814 5009 3094 5080 addentes,
3119 5027 3186 5068 ex
3215 5013 3376 5070 Patre
3401 5032 3495 5085 per
3533 5018 3738 5076 Filium

2139 5092 2437 5159 procedere
2468 5094 2906 5155 declaravernnt.
2945 5101 3093 5170 Quos
3129 5106 3400 5174 profecto,
3437 5125 3594 5166 nemo
3627 5115 3740 5170 erit

2135 5179 2208 5233 ita
2242 5199 2453 5247 amens,
2474 5188 2566 5257 qui
2610 5189 2809 5245 audeat
2850 5207 3113 5249 accusare
3152 5190 3402 5254 fallaciae.
3444 5200 3551 5269 ipsi
3583 5203 3734 5257 enim

2132 5284 2280 5337 Sunt,
2309 5278 2401 5345 qui
2425 5280 2656 5336 concilia
2683 5281 3037 5341 instituerunt
3072 5306 3085 5343 :
3123 5303 3220 5356 per
3248 5306 3385 5360 quos
3416 5292 3502 5346 illa
3538 5296 3731 5360 rob‘ur,

2139 5382 2200 5415 ac
2262 5368 2534 5424 muninten
2585 5384 2935 5443 acceperunt.
2990 5390 3156 5449 atque
3214 5382 3284 5435 ab
3323 5384 3424 5449 eis,
3462 5401 3582 5439 cum
3619 5388 3734 5441 ulla

2138 5454 2301 5511 luerit
2340 5461 2404 5515 de
2444 5463 2549 5517 lide
2586 5468 2815 5535 quaestio
2841 5470 3124 5535 solvenda,
3159 5474 3226 5527 ad
3254 5473 3479 5529 istorum
3518 5477 3732 5531 doctri-

2139 5564 2259 5601 nam
2318 5567 2381 5606 ae
2442 5558 2813 5625 magisterium
2873 5561 3160 5632 mittimttr,
3221 5565 3337 5622 haec
3390 5576 3443 5622 et
3483 5568 3571 5623 illa
3625 5585 3732 5625 nos

2142 5640 2249 5707 pati
2280 5642 2623 5714 addentibus,
2657 5646 2761 5703 nisi
2797 5650 2929 5704 istos
2960 5654 3342 5723 suscipiamus.
3386 5658 3500 5713 Cur
3557 5661 3728 5715 etiam

2140 5731 2225 5784 hic
2259 5733 2615 5803 adjectiooctn
2661 5757 2765 5794 non
2807 5741 3116 5813 culpamus,
3145 5762 3207 5800 ac
3239 5763 3333 5817 per
3368 5746 3563 5805 Filium
3596 5770 3731 5821 pro-

2126 5824 2316 5880 cedere
2349 5844 2626 5897 nrganms,
2655 5834 2908 5901 quoniam
2947 5840 2997 5892 in
3035 5838 3332 5909 EVJllgClltl
3368 5842 3417 5895 id
3450 5845 3721 5915 scriptum
