4020 6206
221 260 315 323 193

1316 263 1721 325 ADVERSUS
1759 262 2072 322 GRAECOS
2108 264 2255 325 LIB.
2307 266 2403 327 iV.

3364 270 3471 337 194

213 390 308 427 non
354 373 485 427 est?
528 375 594 426 At
637 388 863 443 magnus
901 374 970 427 ait
1014 373 1359 439 Atlianasim,
1396 377 1639 443 possibile
1692 392 1791 427 non
1822 381 1867 438 Α
1900 377 2023 429 hinc
2069 378 2218 430 solus
2271 380 2338 430 de
2378 379 2493 432 solo
2555 380 2826 445 creditur,
2878 381 3081 437 idcirco
3110 392 3164 437 et
3205 381 3469 451 Spiritum

214 482 313 519 esse
357 467 409 517 in
451 464 726 518 Trinitatis
764 467 957 535 gloria.
993 467 1251 536 Spiritum
1299 479 1539 521 sanctum
1589 469 1790 537 glori/i-

211 558 339 619 cari,
376 558 481 610 nisi
530 561 861 627 procedendo
895 561 959 613 sit
1000 576 1064 613 ex
1099 558 1263 613 Patre
1306 576 1394 627 per
1430 558 1629 612 Filium
1653 577 1671 623 ;
1696 557 1787 612 sed

211 665 258 705 ct
284 653 510 721 septima
539 655 800 723 synodus,
837 663 891 707 et
922 652 1179 706 Tarasius
1212 652 1520 720 patriarcha
1556 652 1789 706 sanctis-

213 745 395 807 simus,
445 755 499 798 et
548 756 863 798 sanctorum
925 745 1141 815 plurimi
1186 746 1237 798 in
1276 745 1397 798 lidei
1427 761 1537 799 sua:
1570 743 1787 798 εοιιΐιξε-

214 837 352 889 sione
409 852 475 889 ex
550 835 715 891 Patre
777 854 869 906 per
919 836 1112 891 Filium
1169 839 1463 907 procedere
1523 836 1786 907 Spiritum

212 938 449 981 Sanctum
500 927 935 982 insinuaverunt.

275 1019 573 1082 Caeterum,
630 1020 676 1074 si
735 1020 859 1088 quis
909 1020 1040 1074 illud
1089 1021 1462 1089 evangelicum
1510 1039 1523 1076 :
1582 1019 1689 1085 Qui
1726 1035 1792 1074 ex

222 1111 371 1165 I’atre
409 1112 671 1178 procedit,
722 1111 805 1166 his
831 1114 921 1179 qui
966 1114 1128 1165 etiam
1181 1129 1243 1167 ex
1301 1112 1438 1166 Filio
1493 1110 1790 1183 procedere

210 1202 466 1270 Spiritum
528 1202 759 1264 dicunt,
810 1202 1068 1271 objiciat,
1122 1218 1224 1256 non
1290 1204 1397 1257 illis
1457 1205 1788 1257 contrariam

209 1295 423 1357 Opponit
461 1307 677 1347 vocem.
729 1292 911 1362 Neque
976 1295 1144 1359 enim,
1177 1295 1221 1349 si
1273 1312 1336 1349 ex
1391 1294 1529 1349 Filio
1575 1306 1678 1357 est,
1722 1312 1786 1349 ex

211 1384 358 1440 Patre
422 1400 548 1439 esse
608 1386 858 1452 desinet;
890 1401 1063 1456 neque
1107 1388 1211 1441 ista
1266 1388 1497 1443 invicem
1552 1389 1787 1458 objecta,

209 1478 436 1530 invicem
478 1487 821 1545 pervertunt.
848 1479 983 1544 lino,
1011 1490 1070 1532 ut
1108 1478 1347 1547 pluribus
1393 1481 1699 1542 docuimus,
1724 1496 1789 1535 ex

207 1567 355 1622 Patre
383 1584 508 1623 esse
537 1568 681 1637 quod
730 1568 951 1633 dicitur,
980 1584 1102 1624 esse
1136 1571 1299 1624 etiam
1328 1585 1394 1625 ex
1433 1571 1572 1625 Filio
1602 1572 1793 1626 subin-

207 1663 357 1729 gerit.
394 1660 506 1715 Sed
543 1677 721 1730 neque
765 1678 830 1717 ex
862 1660 1026 1717 Patre
1062 1677 1160 1731 per
1186 1662 1379 1717 Filium
1427 1664 1725 1732 procedere
1760 1679 1790 1717 a

1893 476 2167 534 sanctum,
2199 470 2457 537 quoniam
2502 486 2566 524 ex
2597 473 2755 526 Patre
2788 474 3083 541 procedere
3122 474 3325 527 dictum
3365 483 3470 538 est,

1890 576 1955 613 ex
1979 562 2114 625 solo,
2150 562 2251 631 ipsi
2316 562 2631 629 adjiciunt:
2686 566 2919 635 primum
2974 566 3216 635 quidem,
3277 574 3333 619 et
3369 567 3469 635 ipsi

1892 653 2214 721 adjicientes
2265 666 2603 725 arguuntur,
2664 673 2840 727 neque
2876 659 3018 728 digni
3063 661 3317 727 suntqui
3374 675 3469 710 an-

1891 744 2128 810 diantur,
2160 763 2281 801 cum
2322 748 2643 804 insimulant
2666 765 2760 803 eos
2799 749 2888 818 qui
2929 766 2993 804 ex
3022 750 3158 804 Filio
3192 750 3354 804 etiam
3385 753 3469 803 di-

1891 847 2022 891 cunt
2049 838 2368 907 adjectiouis
2394 854 2579 894 causa.
2609 839 2823 895 Eisdem
2872 844 3017 895 enim
3049 852 3104 896 et
3137 843 3235 908 ipsi
3271 852 3468 895 tenen-

1891 939 1980 985 tur
2015 930 2259 984 obnoxii.
2279 931 2479 986 Deinde
2519 942 2807 999 cogentur,
2843 932 2887 986 si
2920 934 3254 1002 unigenitum
3277 931 3469 986 Filium

1892 1032 1950 1075 ut
1983 1023 2155 1077 Solum
2196 1038 2262 1077 ex
2299 1024 2416 1078 solo
2446 1025 2800 1091 confitentur,
2837 1028 3133 1079 secundum
3170 1026 3469 1078 nativitatis

1896 1116 2212 1178 terminum,
2272 1117 2344 1169 ita
2394 1124 2448 1169 et
2504 1115 2767 1184 Spiritum
2820 1127 3111 1178 sanetum,
3144 1116 3353 1169 sublata
3404 1132 3471 1167 ex

1897 1204 2059 1258 Patre
2117 1204 2467 1272 processione
2508 1220 2605 1273 per
2636 1205 2872 1266 Filium,
2915 1206 3253 1275 unigenitum
3314 1204 3470 1256 fateri

1893 1296 2088 1351 Filium
2116 1304 2173 1348 ut
2201 1297 2375 1350 solum
2402 1313 2465 1351 ex
2499 1297 2636 1361 solo,
2671 1298 3124 1366 quemadmodum
3172 1296 3340 1350 Filius
3383 1312 3472 1348 so-

1895 1391 1978 1444 lus
2012 1406 2075 1443 ex
2102 1389 2220 1443 solo
2245 1400 2359 1453 est;
2381 1405 2555 1458 neque
2576 1391 2721 1444 enim
2753 1405 2817 1444 ex
2844 1389 2959 1443 solo
2991 1399 3196 1442 tantum
3217 1389 3471 1453 dicimus,

1894 1484 1989 1536 sed
2019 1481 2351 1550 unigenitum
2385 1495 2599 1549 quoque
2628 1481 2845 1535 Filium.
2877 1480 3079 1548 Nempe
3105 1482 3247 1533 cnim
3287 1494 3476 1547 quem-

1894 1574 2181 1627 admodum
2235 1574 2285 1626 in
2327 1576 2501 1627 sacris
2531 1575 2725 1628 litteris
2756 1574 2902 1627 solus
2956 1589 3106 1626 verus
3149 1572 3309 1624 Pater
3335 1572 3467 1623 dici—

1898 1674 2006 1729 tur,
2039 1677 2092 1720 et
2115 1666 2239 1733 quia
2276 1664 2444 1719 Nemo
2473 1667 2611 1719 novit
2656 1664 2854 1719 Filium
2876 1706 2891 1729 ,
2944 1667 3046 1719 nisi
3088 1665 3276 1727 Pater,
3310 1680 3473 1731 neque

207 1752 398 1805 sanctis
424 1752 706 1804 diceretur
744 1768 759 1805 :
793 1753 1083 1822 siquidem
1117 1752 1219 1807 ista
1256 1754 1527 1807 contraria
1560 1754 1790 1808 invicem
1827 1737 1870 1791 Β
1901 1756 2137 1818 Patrem,
2170 1757 2275 1809 nisi
2309 1756 2475 1809 Filius
2500 1757 2579 1820 “;
2608 1764 2662 1809 et
2691 1774 2705 1811 :
2741 1755 2846 1821 Qui
2878 1756 3044 1809 credit
3076 1756 3129 1807 in
3154 1770 3251 1814 me,
3286 1768 3387 1805 non
3415 1753 3471 1804 in

208 1850 404 1895 essent.
430 1841 573 1895 Nam
604 1843 649 1897 si
681 1857 745 1896 ex
770 1842 930 1898 Patre
960 1843 1075 1898 solo
1108 1844 1310 1897 dictum
1334 1844 1546 1907 fuisset,
1568 1843 1796 1900 haberet

215 1934 483 1988 rationem
537 1934 851 2002 huiusmodi
923 1936 1181 2005 objectio.
1221 1936 1483 2001 Quoniam
1541 1953 1668 1992 vero
1723 1952 1791 1992 ex

211 2026 363 2080 l‘atre
399 2038 617 2081 tantum
658 2027 864 2081 dictum
905 2037 1009 2095 est,
1045 2028 1147 2082 hoc
1170 2040 1347 2082 autem
1380 2038 1435 2085 et
1462 2028 1529 2083 ab
1547 2030 1792 2099 utrisque

124 2176 129 2185 ,
209 2134 299 2189 pro
344 2119 608 2176 confesso
667 2122 921 2183 habetur,
968 2136 1428 2191 supervacaneum
1478 2132 1563 2176 est
1628 2131 1791 2189 atque

215 2213 594 2277 vanissimum,
619 2214 823 2279 omisso
853 2228 940 2279 eo,
960 2214 1101 2283 quod
1126 2213 1294 2280 prius,
1326 2223 1386 2268 ut
1415 2214 1791 2282 ostenderent,

215 2319 399 2358 curare
438 2305 771 2370 debuerant,
803 2319 870 2359 ex
900 2306 1017 2358 solo
1051 2304 1262 2358 scilicet
1284 2303 1445 2358 Patre
1476 2307 1790 2371 procedere,

218 2399 347 2466 quod
398 2400 742 2452 contrarium
793 2408 878 2451 est
907 2397 979 2463 ei,
1016 2397 1157 2466 quod
1211 2408 1317 2459 est,
1356 2412 1421 2451 ex
1455 2395 1594 2451 Filio
1620 2413 1744 2451 esse
1777 2416 1791 2453 :

220 2505 276 2542 ex
305 2488 470 2544 Patre
524 2489 823 2557 procedere
854 2490 996 2559 quod
1025 2489 1246 2552 dicitur,
1276 2490 1430 2557 quasi
1489 2505 1793 2560 repugnans

222 2580 409 2636 ducere
441 2582 531 2635 his
566 2581 659 2650 qui
692 2582 797 2637 hoc
834 2580 1147 2635 nullatenus
1180 2595 1397 2648 negant.

278 2669 558 2726 Concesso
585 2685 715 2741 ergo
759 2675 826 2724 ab
874 2672 1158 2739 utriusque
1193 2669 1457 2739 Spiritum
1506 2686 1571 2725 ex
1630 2672 1795 2726 Patre

220 2767 525 2832 procedere,
553 2762 917 2833 reliquasjam
942 2764 1237 2817 sententias
1262 2764 1661 2832 inspiciendum
1688 2776 1794 2829 est,

219 2856 406 2925 quibus
437 2857 622 2925 magis
673 2856 1036 2911 conveniant:
1067 2856 1245 2920 hisne,
1274 2858 1363 2925 qui
1399 2872 1463 2910 ex
1494 2857 1609 2911 solo
1636 2855 1797 2912 Patre

219 2947 509 3013 procedere
564 2945 756 2999 dicunt
790 2945 1053 3015 Spiritum
1100 2958 1350 3000 sanctum
1381 2986 1395 3009 ,
1432 2961 1499 3000 au
1528 2963 1655 3002 vero
1712 2950 1797 3003 his

1895 1864 1977 1902 me
2008 1849 2197 1911 credit,
2230 1847 2321 1901 sed
2352 1849 2406 1900 in
2426 1864 2565 1912 enm,
2595 1850 2686 1918 qui
2723 1848 2865 1901 misit
2906 1864 2985 1900 me
3003 1847 3073 1913 ¹¹;
3105 1854 3157 1900 et
3181 1864 3195 1901 :
3223 1845 3343 1898 Mea
3372 1844 3472 1897 do-

1895 1939 2036 1991 trina
2065 1954 2167 1991 non
2202 1946 2280 2009 est
2306 1954 2420 1990 mea
2447 1937 2525 1999 ¹³;
2561 1952 2733 2006 neque
2768 1937 3146 2006 compellimur
3183 1936 3314 1989 solis
3348 1950 3472 2002 per-

1896 2032 2049 2084 sonis
2093 2030 2150 2083 in
2201 2029 2397 2099 quibus
2437 2029 2743 2098 hujusmodi
2785 2031 3008 2083 delinite
3055 2028 3341 2088 dicuntur,
3370 2028 3471 2078 ista

1895 2119 2249 2186 distribuere;
2303 2121 2397 2175 sed
2439 2121 2587 2174 solus
2614 2121 2823 2190 quidem
2856 2134 3044 2181 verus,
3085 2127 3139 2171 et
3178 2116 3364 2179 Patri,
3418 2127 3473 2168 et

1897 2208 2036 2264 Filio
2107 2220 2473 2280 congruenter
2525 2220 2774 2281 aptatur;
2822 2210 2975 2279 quasi
3034 2223 3137 2262 non
3200 2206 3523 2274 objeetunr

1895 2305 2111 2359 illorum
2142 2303 2591 2358 substantialibus
2619 2303 3040 2373 preprietatihus
3060 2300 3212 2371 (ως
3239 2315 3473 2368 cognos-

1894 2415 2021 2455 cere
2043 2412 2225 2453 autem
2259 2397 2475 2450 Patrem
2498 2435 2513 2460 ,
2566 2407 2620 2451 et
2651 2396 2871 2459 Filium,
2906 2403 2960 2449 ct
2991 2394 3059 2447 ab
3093 2394 3175 2447 eis
3232 2390 3472 2459 agnosci,

1896 2492 2060 2545 etiam
2096 2488 2325 2559 Spiritui
2349 2495 2540 2541 sancto
2569 2486 2960 2551 distribuitur;
3011 2485 3249 2561 eo/quod
3298 2481 3476 2549 objec-

1897 2594 2009 2638 tum
2044 2598 2150 2637 non
2185 2586 2256 2637 sit
2289 2585 2433 2636 scire
2465 2583 2607 2636 illius
2650 2579 2993 2635 substantiali
3028 2578 3375 2649 proprietati,
3411 2591 3476 2628 ac

1898 2678 1964 2730 de
2006 2676 2130 2730 aliis
2163 2675 2437 2730 similiter.
2470 2674 2570 2729 Ubi
2605 2674 2746 2728 enim
2804 2689 2910 2727 non
2962 2675 3142 2727 obstat
3198 2672 3478 2725 relationis

1900 2767 2174 2835 nppositio
2197 2806 2212 2829 ,
2270 2766 2399 2819 nihil
2453 2764 2710 2833 prohibet
2743 2765 2885 2833 quod
2921 2763 3120 2815 dicitur
3152 2776 3474 2830 congruere.

1902 2859 1978 2912 Ita
2019 2873 2196 2926 neque
2228 2858 2271 2911 si
2306 2874 2333 2909 a
2370 2855 2530 2910 Patre
2570 2857 2848 2910 diceretur
2901 2857 3196 2924 procedere
3243 2852 3478 2922 Spiritus

1899 2961 2124 3005 sanctus
2158 2958 2211 3002 et
2242 2949 2531 3002 adderetur
2564 2948 2700 3010 solo,
2726 2947 2899 3000 valide
2924 2957 3103 3015 posset
3125 2947 3224 2998 hoc
3256 2956 3304 2998 et
3337 2943 3477 2996 Filio

218 3038 299 3105 qui
325 3040 468 3092 hunc
494 3052 564 3092 ex
600 3036 763 3092 Patre
792 3037 1157 3101 conﬁtentur,
1221 3053 1283 3091 ac
1324 3037 1497 3092 Filio?
1526 3038 1589 3092 lli
1627 3040 1799 3109 siqni-
1826 3078 1870 3134 Ε
1904 3045 2113 3113 negari.
2160 3041 2312 3096 Nunc
2366 3052 2542 3095 autem
2593 3042 2810 3110 quando
2865 3040 3189 3108 simpliciter
3229 3055 3259 3093 a
3316 3037 3480 3090 Patre

220 3133 329 3186 dem
376 3130 546 3199 illud,
608 3132 750 3201 quod
779 3131 1018 3185 dicitur:
1061 3130 1134 3184 De
1172 3147 1284 3184 meo
1324 3133 1542 3200 accipiet
1580 3133 1636 3196 ³;
1690 3144 1744 3187 et
1783 3152 1798 3189 ς

221 3221 368 3289 Quem
405 3240 506 3293 ego
541 3225 749 3276 mittam
776 3223 839 3290 ‘;
887 3238 940 3278 et
972 3239 988 3276 :
1034 3222 1296 3292 Spiritum
1338 3230 1572 3278 veritatis
1600 3226 1661 3290 ';
1709 3239 1800 3279 ct:

223 3315 381 3370 Hittet
421 3318 591 3370 Pater
627 3317 681 3369 in
714 3317 921 3370 nomine
968 3333 1080 3372 meo
1104 3319 1171 3383 ‘;
1223 3328 1277 3372 et
1310 3335 1322 3371 :
1370 3318 1498 3388 Ego,
1542 3328 1592 3372 et
1642 3318 1805 3372 l’ater

225 3426 371 3462 unum
406 3425 598 3463 sumus
624 3409 678 3473 ⁷;
738 3418 834 3463 et:
867 3410 1085 3473 Omnia,
1134 3427 1251 3481 quia
1292 3411 1447 3464 liabet
1489 3411 1649 3465 Pater
1688 3429 1802 3464 mea

225 3502 404 3567 tant';
430 3511 487 3555 et
521 3517 535 3553 :
566 3498 626 3554 Si
665 3500 719 3553 in
746 3499 910 3568 digito
946 3498 1041 3554 Dei
1076 3503 1189 3555 sive
1214 3504 1264 3554 in
1298 3502 1499 3570 Spiritu
1535 3501 1625 3554 Dei
1651 3503 1802 3568 ejicio

224 3594 477 3645 damonia
500 3594 545 3647 ’.
612 3591 923 3662 Insuﬂlavit
981 3603 1031 3645 et
1073 3594 1208 3646 dixit
1232 3633 1247 3658 ,
1277 3595 1511 3661 Accipite
1538 3594 1800 3657 Spiritum

222 3698 453 3738 sanctum
479 3686 550 3750 ",
581 3696 637 3740 et
668 3693 931 3741 sexcenta
966 3685 1091 3739 talia
1112 3726 1128 3751 ,
1179 3701 1292 3739 sua:
1345 3687 1543 3740 habent
1588 3687 1798 3739 conres-

223 3779 353 3832 sioni
397 3794 665 3833 consona.
705 3778 800 3834 llis
830 3779 1014 3841 enim,
1048 3787 1105 3832 ut
1158 3782 1410 3845 superius
1455 3779 1658 3833 dictum
1692 3787 1799 3845 est,

227 3872 460 3941 magistri
510 3871 769 3926 Ecclesia:
826 3872 1077 3935 inducti,
1130 3873 1419 3939 prtcdictas
1474 3871 1542 3925 de
1587 3871 1795 3940 Spiritu

225 3974 403 4016 sancto
446 3964 629 4016 tulere
652 3963 976 4027 sententias,
1012 3974 1065 4015 et
1111 3976 1201 4028 per
1231 3961 1425 4015 Filium
1456 3948 1513 4015 et
1543 3976 1608 4014 ea:
1654 3960 1800 4016 Filio

226 4058 519 4123 procedere
559 4056 854 4119 dixerunt;
912 4054 1004 4120 qui
1061 4064 1239 4107 autem
1274 4068 1337 4107 ex
1368 4052 1485 4107 solo
1515 4053 1674 4108 Patre
1705 4070 1802 4108 vo-

228 4148 333 4203 lant
366 4149 578 4212 dicere,
606 4146 810 4199 nullum
841 4144 1066 4199 oumiuo
1096 4159 1195 4212 pro
1233 4159 1293 4198 se
1328 4144 1533 4199 habent
1562 4147 1803 4202 testimo-

230 4244 399 4303 nium;
433 4242 571 4303 imo,
630 4246 684 4293 et
725 4237 975 4307 pril'tiiCltt
1029 4236 1211 4291 omnia
1256 4236 1358 4291 sibi
1421 4240 1800 4306 adversantur,

229 4334 512 4402 hostesque
542 4330 744 4385 habent
772 4340 992 4383 sanctos
1023 4328 1236 4393 Patres,
1267 4327 1361 4398 qui
1400 4328 1489 4381 illa
1525 4308 1802 4401 sic'expo—

227 4439 376 4479 Sueru
386 4436 467 4481 nt.

292 4517 441 4583 Quod
468 4518 518 4572 si
555 4517 611 4571 id
643 4515 931 4586 objiciunt,
960 4512 1223 4582 scriptum
1260 4527 1364 4567 non
1391 4528 1530 4577 esse,
1557 4530 1622 4568 ea:
1644 4514 1800 4582 Filio,

228 4611 449 4674 priumm
483 4607 726 4676 quidem,
775 4604 850 4657 De
895 4597 1036 4657 meo‘
1056 4602 1312 4667 accipiet,
1349 4611 1405 4654 et
1439 4602 1625 4654 omnia
1680 4616 1803 4671 qua:

231 4705 365 4755 dicta
395 4710 545 4765 sunt,
579 4697 648 4752 ad
684 4698 829 4753 istud
860 4698 1112 4761 tendunt,
1148 4710 1250 4749 nISI
1296 4696 1521 4749 vocibus
1550 4694 1803 4747 maximis

231 4794 590 4849 clamantibus
623 4791 860 4855 sanctis,
899 4790 1114 4843 illorum
1156 4801 1316 4842 aures
1348 4787 1563 4858 penitus
1600 4788 1801 4843 obsur-

234 4888 455 4941 duerunt
480 4903 496 4952 ;
527 4885 939 4951 deinde,neqne
968 4897 1033 4935 ex
1064 4880 1182 4936 solo
1210 4878 1370 4933 Patre
1400 4879 1663 4948 scriptum
1694 4888 1802 4933 est.

234 4976 409 5046 itaque
435 4992 543 5030 n0n
566 4977 739 5045 magis
768 4987 868 5042 pro
899 4988 982 5035 se,
1010 4987 1174 5041 quam
1201 4980 1391 5025 contra
1417 4983 1497 5036 se,
1530 4983 1638 5022 non
1680 4983 1802 5025 esse

233 5073 487 5139 scriptum
519 5070 803 5137 objiciunt.

299 5162 356 5215 Si
402 5174 610 5220 autem,
668 5159 923 5228 quoniam
964 5156 1133 5210 Filius
1177 5169 1242 5208 ex
1290 5153 1451 5207 Patre
1499 5154 1720 5218 dicitur,
1752 5163 1807 5210 ct

836 5294 856 5323 ’⁵
877 5293 1035 5347 Joan.
1067 5307 1157 5358 xv,
1180 5292 1272 5357 26,
1347 5289 1368 5319 ⁸
1392 5289 1522 5343 ibid.

785 5366 828 5396 ’°
860 5364 1016 5417 Joan.
1043 5361 1244 5427 xx,21.

304 5298 498 5352 ‘Joan.
529 5297 758 5360 M1,“.

236 5368 331 5435 9.8;
366 5370 493 5422 an.
518 5386 592 5432 λι,
614 5368 703 5421 20.

295 5510 409 5578 (Μ)
442 5510 552 5564 Iloc
582 5510 694 5563 vult
725 5510 906 5563 dicere
940 5522 1061 5578 esse?
1093 5506 1264 5558 solum
1295 5518 1469 5557 verum
1495 5514 1625 5578 non
1684 5516 1809 5578 esse

266 5572 563 5635 crsu-uatem
602 5582 991 5649 proprietatem
1036 5576 1233 5639 Patris,
1275 5590 1339 5627 ac
1376 5572 1618 5649 proinde
1642 5575 1806 5649 etiam

266 5594 563 5635 erat-uatem
602 5594 991 5649 proprietatem
1036 5594 1233 5639 ratrts,
1275 5594 1339 5627 ac
1393 5594 1618 5643 prmum:
1642 5594 1805 5626 cuum

236 5594 365 5701 ita"
411 5667 741 5719 ρυιιινκιειε,
800 5664 906 5701 non
943 5650 1192 5699 obstante
1238 5646 1705 5719 vocalmlu__verus.
1742 5641 1805 5693 Et

250 5721 493 5774 similiter
540 5712 823 5791 Spiritum
862 5727 1106 5772 sanctum
1142 5730 1438 5784 agnoscere
1492 5712 1705 5766 Patrem
1748 5724 1801 5762 et

1598 5287 1619 5318 ⁸
1645 5286 1803 5345 Joan.
1828 5302 1939 5351 xtv,
1958 5288 2046 5341 26.

1326 5360 1367 5390 ¹¹
1391 5360 1584 5413 Matth.
1615 5374 1693 5424 xI,
1719 5358 1810 5412 27.

1907 3137 2107 3191 dictum
2158 3144 2240 3188 est
2272 3174 2287 3199 ,
2321 3149 2496 3202 neque
2537 3134 2806 3199 adjectum
2844 3142 2928 3186 est
2965 3132 3078 3185 solo
3102 3172 3118 3196 ,
3158 3147 3278 3184 cum
3312 3132 3475 3181 etiam

1908 3228 2229 3296 producere,
2264 3235 2321 3278 ut
2356 3225 2619 3277 ttativitati
2666 3238 2772 3277 non
2818 3223 3106 3275 adversum
3142 3222 3303 3273 etiam
3341 3218 3479 3272 Filio

1904 3320 2217 3380 conveniat,
2270 3332 2333 3371 ac
2375 3328 2658 3385 propterea
2717 3329 3004 3369 coinmtme
3050 3328 3170 3366 esse
3210 3311 3353 3363 Patri
3415 3326 3479 3364 ac

1905 3405 2045 3463 Filio
2078 3410 2395 3476 inSpiciatur
2418 3448 2433 3473 ,
2463 3409 2845 3462 Stultissimum
2881 3404 3210 3459 omnimodis
3243 3416 3324 3458 est
3356 3420 3480 3456 ver-

1906 3504 2031 3555 hum
2073 3515 2290 3568 rapere,
2326 3514 2391 3554 ac
2422 3515 2516 3568 per
2567 3500 2667 3552 hoc
2707 3497 2905 3552 Filium
2946 3513 2974 3549 a
3012 3495 3189 3549 Patris
3234 3511 3479 3548 comnm-

1906 3594 2069 3645 nione
2108 3590 2411 3643 secludere.

1975 3684 2160 3752 Atqui,
2194 3681 2276 3735 vel
2310 3677 2984 3748 dispensationisimplcns
3014 3686 3376 3738 sacramenta,
3397 3677 3481 3729 vel

1906 3773 2185 3842 discipulis
2247 3785 2512 3839 parcens,
2557 3768 2640 3822 sui
2700 3783 2808 3821 non
2847 3768 3093 3821 meminit
3122 3804 3136 3827 ,
3168 3767 3308 3834 quod
3342 3765 3482 3821 forte

1905 3866 2107 3935 majora
2143 3864 2211 3917 de
2240 3862 2334 3916 illo
2365 3877 2469 3915 non
2501 3870 2795 3930 caperent:
2822 3878 2843 3912 ι
2884 3860 3058 3913 Multa
3089 3861 3247 3924 enim,
3283 3857 3479 3927 inquit,

1903 3960 2067 4012 habeo
2098 3955 2240 4010 vobis
2262 3954 2453 4017 dicere,
2476 3956 2573 4006 sed
2603 3968 2702 4006 non
2731 3954 2941 4021 potestis
2969 3961 3181 4020 portare
3198 3951 3433 4012 modo";
3455 3970 3475 3998 ο

1902 4056 2009 4108 sive
2038 4054 2107 4121 ad
2141 4050 2459 4120 principium
2494 4063 2647 4101 suum
2699 4048 2877 4100 omnia
2917 4047 3180 4114 referens,
3212 4064 3243 4098 a
3291 4061 3391 4116 quo
3430 4055 3481 4099 et

1902 4148 2009 4216 ipse
2047 4154 2145 4211 est,
2174 4153 2223 4197 et
2256 4160 2355 4197 sua
2380 4142 2579 4204 omnia,
2628 4149 2687 4193 ut
2710 4141 2786 4193 ait
2831 4141 3116 4208 theologus
3141 4138 3476 4206 Gregorius;

1903 4242 2019 4299 sive
2049 4240 2238 4301 etiam,
2271 4238 2414 4305 quod
2448 4244 2502 4288 et
2543 4232 2853 4287 necessario
2894 4233 2944 4285 id
2973 4233 3307 4284 credendum
3337 4242 3481 4285 esset

1907 4338 2133 4403 propter
2187 4340 2456 4384 summam
2502 4325 2568 4378 ad
2628 4322 2845 4375 Patrem
2892 4323 3295 4390 :eqnalitatem,
3335 4322 3481 4374 istud

1834 4408 1879 4464 Ῑ)
1908 4424 2092 4478 dicere
2130 4421 2336 4475 omisit.
2395 4416 2568 4471 Filius
2595 4415 2793 4487 quippe
2833 4412 3010 4467 Patris
3056 4423 3160 4478 est,
3199 4412 3486 4480 Patrisque

1911 4512 2155 4572 definitio
2188 4520 2242 4566 et
2278 4509 2542 4564 Verbum.

1980 4604 2302 4672 Quanquam
2332 4615 2398 4655 ex
2434 4598 2810 4670 superioribus
2841 4592 3124 4649 sententiis
3146 4592 3479 4644 tantumdem

1908 4695 2237 4756 valentibus,
2266 4706 2439 4760 neque
2473 4692 2575 4744 hoc
2600 4688 2822 4743 omnino
2859 4686 3093 4740 tacuisse
3124 4682 3483 4751 deprehendi-

1912 4797 2043 4842 tur:
2078 4799 2265 4839 verum
2317 4782 2461 4852 quod
2507 4782 2598 4836 isti
2631 4783 2894 4834 instanter
2926 4787 3146 4843 negant,
3203 4776 3478 4844 prandeat.
3538 4834 3543 4839 ἢ

1908 4879 2045 4933 Nam
2109 4876 2407 4945 Scriptura:
2453 4874 2653 4941 duplex
2699 4871 2891 4923 modus
2957 4876 3042 4923 est
3096 4867 3312 4922 dicendi
3359 4880 3483 4934 qua:

1911 4970 2063 5023 velit.
2118 4971 2227 5023 Aut
2284 4966 2429 5020 enim
2475 4965 2626 5033 puris
2670 4962 3014 5033 propriisque
3066 4958 3483 5019 nominibus,ut

1915 5077 2036 5117 cum
2068 5059 2310 5124 Patrem,
2343 5068 2397 5113 et
2436 5057 2663 5120 Filium,
2710 5066 2764 5110 et
2801 5054 3063 5123 Spiritum
3099 5057 3344 5102 sanctum
3382 5062 3481 5101 no-

1914 5155 2124 5218 minat;
2161 5156 2273 5207 sive
2321 5168 2442 5205 cum
2475 5165 2541 5206 ex
2587 5159 2773 5219 aperte
2809 5146 2995 5208 dictis,
3051 5143 3137 5198 his
3178 5143 3343 5194 etiam
3391 5156 3483 5194 se-

2587 5281 2784 5337 “Joan.
2810 5280 3037 5346 xvr,15.
3118 5280 3138 5310 ⁹
3161 5275 3353 5330 Matth.
3382 5292 3483 5341 xtl,

2122 5288 2141 5319 ⁷
2164 5286 2322 5342 Joau.
2351 5285 2511 5352 x,50.
2587 5285 2784 5337 l‘.loan.
2810 5285 3037 5346 xvr,15.
3118 5285 3138 5310 '
3161 5285 3353 5330 Matth.
3382 5292 3477 5341 xu,

2146 5374 2243 5413 xit.
2274 5358 2363 5411 Η.
2446 5353 2656 5409 "Joan.
2690 5367 2790 5413 vti,
2819 5354 2905 5405 16.
2986 5352 3029 5381 ί*
3055 5349 3210 5406 Joan.
3242 5360 3353 5413 χιι,
3390 5349 3477 5400 ιιι.

1892 5361 1932 5389 ’³
1955 5357 2114 5413 Joan.
2146 5374 2243 5418 χιι,
2274 5358 2363 5411 Η.
2446 5353 2656 5409 "Joan.
2690 5354 2905 5420 vtI,16.

1909 5499 2102 5553 Filium
2139 5511 2191 5554 et
2218 5498 2286 5552 ab
2325 5498 2431 5553 illis
2464 5496 2684 5567 agnosci
2717 5494 3008 5551 convenire
3053 5496 3215 5551 etiam
3249 5491 3477 5561 Spiritui

1907 5584 2099 5624 Sancto
2131 5587 2195 5624 eo
2218 5571 2357 5637 Quod
2404 5574 2537 5621 scire
2562 5568 2643 5619 vel
2693 5570 2913 5634 agnosci
2958 5584 3061 5621 nun
3089 5569 3158 5620 sit
3181 5568 3481 5635 person-alis

1911 5647 2207 5709 proprietas
2236 5640 2472 5706 Spiritus
2495 5639 2689 5702 sancti,
