4020 6206
580 318 684 386 195

1832 318 2246 381 ΜΛΝΗΕΙᾸΞ
2286 319 2373 377 CA
2386 318 2595 378 LEGEE

3757 322 3855 386 196

576 435 799 504 quentia
834 434 1018 503 elicit;
1048 436 1504 507 quemadmodum
1553 436 2027 490 consubstantialis
2062 450 2156 489 no-
2189 444 2235 499 Α
2338 431 2403 485 Ει
2443 448 2588 487 nunc
2615 447 2836 502 quoque
2882 431 3011 486 licet
3060 430 3112 485 in
3152 430 3410 502 Syinbolo
3445 432 3707 504 scriptum
3745 451 3851 490 non

579 544 732 592 men,
776 537 832 581 ut
869 528 1164 597 Scriptura:
1211 543 1513 598 congruum
1568 527 1934 597 intelligentiae
1987 527 2164 581 credi-

581 629 691 672 tuin
751 630 852 683 est,
914 622 1056 688 quod
1115 620 1363 689 plurimis
1414 630 1602 689 aperte
1653 620 1848 689 positis
1883 619 2162 673 videretur

572 714 723 781 juxta
765 711 1176 776 intelligentiam
1233 713 1549 765 necessario
1580 726 1908 779 congruere.
1943 710 2158 764 Dietum

577 804 723 856 enim
767 813 849 856 est
879 821 891 855 :
930 802 1037 871 Ego
1065 812 1110 855 et
1142 801 1302 854 Pater
1326 819 1484 855 unum
1505 819 1688 857 sumtis
1709 802 1755 832 ”
1776 820 1789 865 ;
1813 813 1867 855 et
1898 820 1911 855 :
1943 801 2158 865 Omnia,

575 911 691 962 qua:
726 895 889 948 Pater
930 896 1078 962 facit,
1099 895 1209 949 Iiwc
1252 905 1300 949 et
1332 893 1505 948 Filius
1552 895 1679 964 facit
1726 894 1968 947 similiter
1993 893 2035 924 ¹⁸
2062 936 2074 956 ,
2107 904 2161 948 et

575 1004 696 1055 quae
727 988 775 1039 iii
813 987 954 1041 hanc
981 986 1209 1041 l‘orniain
1247 988 1453 1055 scripta
1478 998 1625 1041 sunt.
1664 987 1731 1040 Et
1757 998 1905 1041 certe
1936 986 2042 1049 liis,
2070 986 2157 1053 qui

575 1081 744 1135 solani
778 1082 1056 1133 intuentur
1096 1081 1354 1145 litteram,
1391 1081 1668 1133 contraria
1705 1079 2020 1133 viderentur
2044 1079 2155 1141 illi,

576 1173 721 1240 quod
760 1183 945 1239 aperte
969 1173 1167 1229 dictum
1203 1181 1288 1225 est
1316 1188 1329 1224 :
1363 1170 1526 1224 Pater
1557 1172 1733 1239 major
1756 1187 1837 1224 me
1856 1179 1932 1225 est
1955 1172 2018 1224 ”.
2049 1172 2158 1226 Sed

580 1274 783 1328 tanien,
838 1263 1094 1330 quoniam
1149 1278 1212 1317 ex
1250 1263 1335 1317 his
1394 1278 1515 1331 qua:
1562 1274 1751 1332 aperte
1797 1263 1941 1317 dicta
1974 1275 2153 1328 erant,

576 1357 887 1409 necessario
934 1355 1388 1409 consubstantiale
1442 1357 1801 1424 sequebatur,
1846 1366 1903 1410 et
1941 1372 2154 1423 verum,

574 1458 629 1499 et
656 1446 950 1514 Scriptura:
986 1463 1286 1502 consonum
1315 1462 1436 1503 esse
1458 1490 1472 1511 ,
1502 1448 1801 1502 iudicatum
1835 1458 1941 1504 est.

648 1538 828 1594 Simili
858 1557 987 1609 ergo
1019 1542 1231 1596 ratione
1271 1553 1325 1595 et
1356 1543 1497 1610 quod
1530 1542 1737 1596 dicitur
1764 1544 1928 1597 etiam
1962 1560 1989 1597 a
2019 1543 2157 1598 Filio

574 1646 696 1685 esse
723 1629 984 1700 Spiritum
1014 1642 1283 1695 sanctum,
1319 1647 1425 1686 non
1455 1633 1675 1702 quidem
1711 1635 1777 1688 ad
1818 1634 2077 1699 litteram,
2104 1642 2157 1690 et

574 1732 759 1791 aperte
796 1723 849 1777 in
879 1722 1161 1793 Scriptura
1197 1724 1432 1791 positum
1466 1734 1570 1789 est,
1604 1725 1697 1779 sed
1728 1739 1790 1778 ea
1822 1740 1944 1795 qua:
1969 1734 2158 1794 aperte

574 1816 715 1868 dicta
772 1826 924 1878 sunt,
980 1817 1250 1884 sequitur.
1279 1816 1409 1881 ρυλε
1450 1830 1633 1872 autem
1666 1831 1927 1873 concessa
1959 1833 2025 1871 ex
2064 1833 2159 1874 ne-
2190 1806 2232 1859 Β
2264 1818 2364 1889 τὶο⁸
2394 1816 2460 1888 _in
2502 1828 2727 1884 magnas
2777 1813 3146 1867 alisurditates
3192 1813 3559 1867 incidentibus
3610 1834 3623 1868 :

572 1909 828 1960 cessitate
868 1918 1172 1975 sequuntur
1195 1947 1209 1972 ,
1247 1918 1301 1961 et
1337 1908 1425 1961 illa
1466 1923 1591 1963 vera
1643 1910 1754 1963 sint
1790 1924 2019 1965 necesse
2050 1920 2156 1965 est.

573 1998 1037 2061 Quemadmodum
1088 1998 1141 2051 in
1193 1999 1491 2067 disciplinis
1542 1999 1970 2065 conclusiones,
2036 2017 2157 2069 qua:

573 2089 839 2157 principia
876 2099 1203 2159 sequuntur.
1238 2091 1509 2159 Scriptum
1542 2094 1744 2161 quippe
1782 2100 1894 2146 est:
1926 2091 2160 2160 Spiritus

572 2183 829 2237 caritatis.
863 2184 931 2236 At
962 2184 1161 2236 veritas
1197 2180 1366 2237 Filius
1395 2194 1513 2247 est;
1561 2195 1615 2239 et
1655 2185 1723 2238 ab
1753 2200 1818 2239 eo
1852 2186 2057 2250 audire,
2107 2194 2162 2241 et

573 2278 832 2343 accipere,
885 2286 939 2331 et
977 2281 1135 2344 mitti,
1184 2289 1240 2333 et
1295 2278 1567 2347 insui/lari
1617 2279 1851 2342 dicitur;
1888 2293 2009 2348 qute
2041 2295 2164 2348 pro-

575 2370 715 2424 fecto
750 2370 931 2423 omnia
957 2372 1216 2426 Ecclesia:
1246 2372 1494 2441 magistri
1529 2372 1657 2425 dum
1683 2382 2043 2439 exponerent,
2067 2387 2162 2441 per

574 2461 771 2516 Filium
805 2464 1099 2533 procedere
1119 2465 1394 2529 dixerunt,
1418 2473 1474 2518 et
1509 2463 1717 2529 abillo,
1746 2478 1896 2528 esse,
1930 2465 2157 2528 habere,

575 2563 633 2605 ut
665 2556 731 2607 ab
765 2556 879 2621 ipso
908 2557 1291 2625 accipientem,
1320 2567 1372 2610 et
1407 2572 1472 2610 ex
1522 2556 1638 2625 ipso
1669 2569 1792 2610 esse
1813 2594 1828 2620 ,
1861 2570 1924 2610 ac
1964 2570 2161 2625 proco.

575 2645 728 2707 dere,
768 2657 821 2699 et
849 2665 966 2715 qua:
1003 2648 1260 2716 priedicta
1302 2660 1449 2701 sunt.

645 2739 701 2790 Si
735 2738 903 2802 enim,
937 2742 1194 2808 quoniam
1232 2740 1415 2795 veibis
1450 2740 1593 2793 dicta
1629 2756 1736 2794 non
1774 2749 1921 2803 sunt,
1959 2738 2161 2792 intelli-

571 2830 808 2895 gentiam
863 2846 1076 2899 quoque
1114 2831 1328 2885 illorum
1377 2830 1726 2899 repellamus,
1771 2830 2001 2898 plurima
2035 2843 2161 2898 pro-

577 2922 719 2975 fecto
773 2930 831 2975 et
863 2923 1196 2985 necessaria,
1228 2931 1282 2976 et
1312 2937 1573 2976 concessa
1606 2960 1621 2984 ,
1669 2932 1725 2974 ιιι
1781 2922 1987 2974 dictum
2048 2930 2155 2983 est,

572 3013 848 3079 ejicienius
883 3031 895 3065 ε
938 3017 1033 3068 sed
1066 3028 1119 3069 et
1155 3015 1332 3083 ipsum
1379 3012 1658 3067 Trinitatis
1693 3027 1912 3074 nomen,
1952 3020 1999 3064 et
2035 3012 2161 3081 sub-

2268 525 2339 578 sit
2366 528 2431 579 dc
2456 526 2661 594 Spiritu
2690 536 2903 591 sancto,
2936 527 3075 596 quod
3105 526 3251 581 Deus
3283 542 3444 581 verus
3488 533 3554 581 de
3588 529 3694 583 Deo
3728 545 3853 586 vero

2270 623 2364 683 sit,
2411 620 2456 673 si
2512 634 2637 673 cum
2691 620 2740 671 id
2767 620 2977 672 veniret
3035 618 3088 671 in
3123 618 3389 683 dubium,
3430 619 3667 673 Ecclesia
3705 622 3848 676 illum

2270 728 2515 766 errorem
2550 711 2816 781 repellere
2845 718 3102 779 satagens
3148 712 3249 764 hoc
3282 710 3539 782 Syinbolo
3572 712 3847 781 adjiceret,

2271 806 2507 873 putanda
2556 819 2662 857 non
2719 811 2865 857 esset
2902 802 3300 871 hlaspbemare.
3329 874 3334 879 ν
3362 802 3495 857 l\ain
3537 803 3581 858 si
3634 805 3849 874 quidem

2238 896 2453 975 η.οιιιιιίιι
2486 906 2673 964 aperte
2705 896 2911 963 scripta
2963 903 3182 959 essent,
3224 895 3367 949 nulla
3419 897 3642 951 lia-resis
3695 911 3850 967 caput

2268 984 2517 1038 attollere
2549 985 2793 1039 auderet.
2825 984 2981 1038 Nunc
3013 994 3190 1038 autem
3224 996 3437 1055 oportet
3465 1000 3518 1039 et
3547 990 3775 1043 haereses
3801 991 3848 1045 in

2271 1078 2428 1130 nobis
2449 1095 2591 1143 esse,
2613 1080 3204 1147 prOpterquorunidaui
3229 1079 3551 1147 nequitiam,
3568 1091 3619 1132 nt
3644 1083 3849 1149 probati

2269 1170 2537 1223 manifesti
2573 1172 2724 1224 Iiant.
2742 1170 2849 1224 Sed
2868 1180 2921 1225 et
2940 1168 3611 1240 ScrulamiuiSt‘riptttraa,
3648 1175 3734 1229 dic
3763 1190 3851 1229 um

2266 1278 2373 1316 non
2410 1272 2579 1327 esset,
2605 1262 2648 1317 si
2679 1262 3071 1338 omuialueide
3114 1274 3168 1317 et
3198 1274 3384 1333 aperte
3408 1264 3609 1333 scripta
3642 1277 3849 1320 essent.

2335 1355 2411 1408 Ita
2447 1354 2609 1423 igitur
2635 1365 2689 1408 et
2715 1354 2839 1407 Iidci
2869 1355 3169 1424 principiis,
3197 1368 3249 1410 et
3278 1354 3573 1425 Scriptura:
3608 1358 3856 1411 teatiino-

2265 1445 2371 1502 niis
2402 1463 2508 1500 non
2542 1448 2713 1501 solum
2750 1447 2883 1501 nihil
2916 1447 3368 1515 prohibentibus,
3403 1462 3613 1514 verum,
3652 1461 3705 1504 ει
3736 1450 3858 1519 plu-

2267 1540 2461 1595 riiuum
2482 1540 2818 1609 juvantibns,
2849 1549 3030 1609 atque,
3065 1541 3168 1595 hoc
3198 1552 3382 1609 aperte
3410 1542 3873 1606 οειειιάειιιίὺιιεν

2264 1632 2652 1703 magistrisque
2684 1631 2943 1686 Ecclesiae
2983 1632 3083 1686 hoc
3109 1631 3356 1700 plurimis
3390 1633 3442 1686 in
3474 1633 3606 1687 locis
3663 1645 3853 1703 aperte

2264 1725 2679 1789 asserentibus;
2713 1723 2927 1792 hisque,
2970 1723 3060 1789 qui
3093 1733 3283 1776 contra
3330 1732 3550 1792 negant,
3588 1739 3856 1779 necessa-

3683 1816 3855 1869 tradi-

2265 1917 2457 1975 tasque
2488 1906 2713 1959 omnino
2747 1906 2814 1959 de
2846 1914 3032 1957 sancta
3064 1902 3334 1957 Trinitate
3362 1906 3599 1958 rationes
3628 1908 3855 1961 convel-

2262 1999 2515 2063 lentibus,
2571 2014 2691 2067 qua:
2726 1998 2908 2051 omnia
2965 1998 3209 2066 pluribus
3264 1998 3415 2066 plura
3476 2000 3854 2053 demonstrata

2262 2104 2388 2146 sunt
2418 2110 2431 2147 :
2462 2107 2526 2145 ex
2550 2092 2690 2145 Filio
2713 2105 2927 2159 quoque
2952 2091 3245 2159 procedere
3271 2088 3532 2158 Spiritum
3565 2102 3850 2157 Sanctum,

2266 2195 2509 2253 tempore
2541 2192 2791 2251 urgente,
2837 2182 2890 2235 in
2930 2182 3187 2251 Syniliolo
3226 2182 3498 2250 adjectum
3540 2192 3641 2235 est.
3677 2184 3853 2236 Aiunt

2263 2275 2431 2336 enim,
2484 2273 2740 2341 quoniam
2799 2282 2917 2341 post
2995 2272 3227 2342 primam
3290 2273 3558 2341 synodum
3624 2274 3857 2328 haeresis

2263 2370 2531 2434 quietiam,
2553 2382 2672 2433 qua:
2694 2365 2833 2419 Filio
2852 2366 3033 2418 Patris
3067 2380 3266 2418 nomen
3293 2365 3610 2433 applicaret,
3638 2366 3854 2431 Grzcce,

2262 2457 2588 2527 υἱοπατορία
2626 2458 2764 2510 dicta
2791 2457 3092 2525 pullulavit,
3127 2456 3315 2512 dicens
3348 2472 3361 2511 :
3396 2455 3598 2511 Filium
3634 2457 3857 2513 Patrem

2262 2565 2371 2601 csse
2407 2547 2639 2617 Spiritus
2678 2549 2888 2611 sancti,
2924 2550 3099 2618 ipsum
3149 2566 3267 2603 vero
3311 2548 3568 2617 Spiritum
3611 2562 3856 2618 nepotem

2262 2638 2467 2694 Patris.
2496 2640 2839 2708 Quapropter
2872 2640 3137 2695 Damasus
3164 2677 3179 2702 ,
3212 2641 3304 2709 qui
3338 2650 3465 2694 tunc
3502 2651 3617 2695 erat
3648 2639 3858 2695 Roma-

2262 2748 2367 2786 nus
2398 2735 2702 2802 Cpisi'optts,
2764 2743 2953 2787 coactu
3003 2734 3263 2801 concilio,
3313 2732 3570 2803 Symbolo
3618 2736 3856 2803 adjecit,

2260 2842 2325 2879 ex
2368 2826 2504 2878 Filio
2535 2826 2813 2893 procedere
2845 2824 3107 2893 Spiritum
3159 2836 3443 2890 sanctum;
3475 2826 3581 2881 illis
3618 2826 3861 2880 'scilicet

2260 2918 2571 2981 obsistens,
2606 2918 2697 2985 qui
2748 2917 2994 2971 dicerent
3024 2957 3040 2978 ,
3076 2932 3199 2971 eum
3242 2934 3306 2971 ex
3361 2909 3505 2971 Filio
3542 2919 3711 2973 nasci.
3741 2918 3857 2985 Qui

2259 3010 2403 3063 enim
2439 3026 2502 3062 ex
2535 3010 2695 3064 Patre
2731 3025 2824 3077 per
2856 3008 3052 3063 Filium
3096 3011 3359 3080 procedit,
3389 3021 3443 3065 et
3472 3028 3535 3066 ex
3571 3012 3752 3076 Patre,
3800 3022 3859 3067 et

570 3109 847 3171 stantiam,
877 3119 924 3160 et
947 3123 1222 3177 personas,
1265 3106 1675 3173 ingenitumque,
1708 3105 1852 3173 quod
1886 3105 1940 3157 in
1991 3102 2154 3158 Patre
2184 3144 2227 3203 ρ
2262 3103 2397 3157 Filio
2438 3104 2732 3171 procedere
2768 3104 2967 3157 dicitur
2998 3147 3012 3170 ,
3060 3120 3126 3158 ex
3163 3104 3302 3159 Filio
3356 3105 3595 3174 profecto
3627 3107 3860 3174 genitus

570 3197 790 3261 dicitur,
844 3209 897 3252 et
951 3195 1427 3261 cousubstautiale,
1473 3197 1598 3266 quia
1649 3198 1914 3263 scriptum
1966 3206 2154 3264 aperte

571 3304 676 3341 non
713 3300 816 3353 est,
843 3290 1001 3343 simul
1039 3288 1340 3359 ejicieiuus.
1377 3288 1563 3355 Atqui,
1594 3287 1638 3340 si
1684 3287 1806 3355 quis
1844 3285 2152 3338 litterarum

570 3382 721 3434 sonis
750 3382 1008 3447 assideat,
1044 3395 1217 3447 neque
1255 3380 1307 3433 in
1362 3378 1621 3451 Synibolo
1666 3377 1971 3431 communis
2031 3376 2153 3429 fidei

570 3472 948 3526 Salvatorisde
982 3483 1173 3526 sancto
1213 3471 1418 3539 Spiritu
1453 3470 1781 3524 sententiain
1807 3467 2153 3522 cuiieorditer

571 3566 772 3619 habere
802 3565 1178 3618 conﬁtebitur.
1210 3564 1322 3617 Illic
1355 3564 1499 3618 enini
1550 3578 1581 3616 a
1632 3560 1795 3614 Patre
1853 3561 2152 3628 procedere

569 3658 797 3721 dicitur;
836 3657 923 3710 hic
958 3668 1135 3711 autent
1169 3669 1234 3709 ex
1293 3654 1458 3709 Patre
1498 3656 1816 3724 procedere.
1853 3652 1948 3707 Siti
1974 3664 2151 3705 autem

569 3751 655 3804 hic
686 3762 789 3803 aet
822 3765 884 3802 ex
916 3761 1180 3818 quantum
1217 3749 1285 3803 ad
1317 3748 1729 3816 intelligentiam
1777 3746 1911 3797 nihil
1949 3743 2149 3807 differt,

563 3857 664 3897 cur
692 3853 746 3895 et
776 3858 839 3895 ex
872 3853 927 3895 et
958 3856 1049 3909 per
1080 3840 1210 3893 nihil
1246 3840 1312 3893 ab
1362 3838 1597 3892 invicem
1644 3836 1859 3890 diITci'rc
1899 3850 2002 3888 ii0u
2052 3835 2136 3888 di-

566 3951 777 3997 camus,
809 3951 930 3986 cunt
972 3949 1038 3986 ex
1076 3932 1236 3985 Patre
1280 3946 1375 3999 per
1421 3930 1618 3983 Filium
1658 3929 1956 3997 procedere
2023 3926 2143 3994 Spi-

567 4029 729 4080 ῐίιιιιιι
763 4036 1009 4079 εέιιιιειιιιιι
1045 4026 1330 4079 audiamus
1365 4040 1380 4077 2
1418 4023 1652 4075 maxime
1697 4038 1821 4076 CIII“
1876 4032 1927 4075 ει
1964 4021 2150 4075 ηδιιιιοιί

568 4117 757 4171 Patres
804 4117 1190 4171 uuiversaliter
1219 4132 1310 4184 per
1359 4126 1413 4169 et
1447 4129 1511 4168 ea:
1554 4114 1687 4167 iiibil
1725 4112 1943 4167 ditl‘erre
1983 4114 2037 4166 in
2066 4113 2150 4163 di-

569 4213 709 4263 vinis
740 4209 959 4263 dctiiiitc
1002 4209 1192 4264 velint.

642 4301 841 4355 Verum
867 4301 991 4370 quid
1027 4316 1252 4356 necesse
1281 4310 1384 4365 est,
1406 4300 1549 4355 circa
1575 4298 1994 4369 praepositiones
2024 4306 2149 4352 tati-

568 4393 788 4447 ιιιιιιιυιιι
829 4395 1071 4447 valetites
1097 4394 1185 4446 diu
1215 4394 1499 4446 immorari
1527 4432 1543 4457 ,
1579 4394 1798 4462 quando
1826 4401 1881 4447 et
1927 4403 2148 4447 sanctos

2259 3210 2379 3250 esse
2414 3212 2523 3249 non
2575 3207 2778 3264 potest.
2814 3195 2869 3249 Iii
2901 3207 3085 3250 sancta
3118 3198 3261 3250 enim
3300 3197 3568 3252 Trinitate
3596 3238 3609 3261 ,
3643 3200 3733 3264 qui
3786 3216 3858 3253 et

2258 3290 2434 3359 primo
2462 3290 2581 3343 sine
2617 3290 2793 3343 medio
2821 3300 2926 3352 est,
2964 3288 3137 3343 Filius
3184 3299 3267 3343 est
3321 3291 3473 3359 juxta
3535 3293 3861 3349 nativitatis

2258 3380 2687 3449 processionem.
2735 3378 2972 3447 Spiritus
3004 3390 3182 3433 autem
3229 3390 3454 3435 sanctus
3507 3396 3572 3434 ex
3608 3392 3859 3449 utroque

2256 3473 2546 3533 exsisteus,
2575 3470 2825 3525 videlicet
2858 3486 2919 3523 ex
2958 3471 3118 3524 Patre
3146 3486 3239 3539 per
3272 3470 3488 3535 Filium,
3518 3471 3672 3539 juxta
3720 3490 3865 3526 san-

2256 3578 2404 3619 ctum
2433 3564 2716 3634 Cyrillum,
2745 3575 2945 3634 prater
2970 3566 3272 3620 nativitatis
3307 3572 3594 3621 terminum
3622 3570 3813 3633 prodit
3840 3585 3857 3635 ;

2254 3654 2555 3727 procedens
2583 3659 2729 3710 enim
2764 3666 2939 3711 estex
2980 3658 3159 3727 primo
3203 3674 3295 3727 per
3331 3658 3589 3714 medium.
3634 3658 3861 3714 Idcirco

2254 3750 2555 3817 adjectione
2584 3751 2685 3804 hac
2719 3751 3160 3805 contradicentes
3192 3751 3407 3818 repulit.

2324 3844 2666 3898 Attestantnr
2692 3845 2775 3897 his
2806 3845 3002 3913 partim
3032 3844 3242 3913 antiqui
3270 3844 3527 3899 Ecclesia:
3559 3844 3845 3914 magistri,

2255 3935 2529 3989 interdum
2561 3953 2653 3990 eos
2690 3937 2997 3993 refellentes
3020 3979 3033 4003 ,
3070 3939 3160 4005 qui
3188 3936 3447 4006 Spiritum
3493 3938 3572 3992 vel
3624 3949 3862 3992 creatu-

2256 4044 2393 4095 ram,
2426 4029 2509 4083 ch
2542 4028 2663 4083 Filii
2690 4029 2853 4082 lilium
2891 4030 3167 4095 dicebant,
3227 4040 3283 4082 ut
3343 4046 3570 4099 magnus
3602 4028 3869 4086 Basilius

2253 4137 2375 4175 tum
2412 4122 2541 4177 dicit
2574 4140 2589 4176 :
2638 4121 2759 4175 Non
2796 4123 2917 4190 quia
2976 4140 3076 4175 non
3111 4126 3177 4175 sit
3232 4138 3295 4175 ex
3328 4122 3432 4176 Deo
3464 4139 3556 4190 per
3610 4121 3863 4189 Filium,

2253 4224 2309 4267 et
2342 4229 2461 4282 quae
2494 4214 2643 4277 talia,
2680 4231 2774 4283 per
2802 4231 2923 4283 qua:
2969 4215 3165 4269 Filium
3208 4214 3333 4268 Filii
3369 4229 3490 4268 esse
3540 4226 3770 4283 negant,
3804 4228 3869 4271 ct

2254 4320 2350 4376 per
2376 4304 2582 4360 Filium
2609 4309 2907 4376 procedere
2939 4307 3158 4372 dicunt;
3189 4308 3390 4376 partim
3426 4321 3550 4361 \eto
3579 4316 3632 4361 et
3663 4307 3867 4361 histu-

2253 4398 2396 4451 ricus
2432 4400 2650 4464 quidam
2675 4408 3034 4467 cognomento
3078 4399 3259 4466 Seylix
3298 4398 3434 4465 (45),
3468 4402 3519 4451 in
3554 4415 3639 4461 ea,
3675 4416 3863 4469 quam

566 4489 907 4551 apertissime
961 4484 1215 4539 audimus
1269 4485 1532 4548 dicentes,
1571 4483 1699 4552 quia
1734 4498 1854 4537 esse
1887 4484 2083 4538 habeat
2111 4504 2137 4535 a

2263 4493 2462 4560 scripsit
2493 4491 2741 4554 historia,
2777 4492 3067 4545 additionis
3104 4503 3158 4545 et
3205 4506 3461 4553 causiiii,
3506 4502 3560 4544 et
3617 4500 3860 4561 tempus

503 4638 511 4646 ,
563 4577 727 4644 filio,
759 4590 813 4633 et
862 4594 924 4631 ex
961 4580 1077 4646 ipso
1101 4578 1215 4642 sit,
1260 4587 1424 4666 atque
1465 4575 1766 4645 procedat?
1797 4574 1982 4643 Itaque
2037 4576 2145 4629 illis

561 4673 803 4741 quidem,
840 4687 961 4739 qua:
990 4673 1041 4724 in
1075 4670 1376 4738 Scripturis
1415 4678 1603 4738 aperte
1630 4680 1756 4723 sunt
1786 4670 1983 4736 posita,
2022 4683 2146 4722 eum

562 4765 650 4834 pia
682 4763 968 4819 devOtione
1011 4762 1341 4819 credendum
1378 4772 1480 4815 cst.
1526 4762 1656 4827 Qua:
1712 4776 1843 4815 vero
1900 4750 1989 4814 illa
2042 4777 2147 4815 non

562 4857 722 4921 dixit,
775 4870 882 4909 non
904 4865 1031 4910 sunt
1084 4854 1489 4923 praecipitanter
1542 4852 1889 4921 abiicienda;
1926 4852 2032 4906 nisi
2094 4851 2149 4905 in

560 4954 640 5004 eis
663 4949 953 5004 manifesta
985 4948 1293 5017 absurditas
1328 4946 1790 5016 deprehendatur,
1829 4960 1950 5014 qua:
1996 4961 2147 5000 com-

556 5048 741 5098 munis
780 5044 903 5096 lidei
961 5040 1366 5095 confessionem
1426 5040 1679 5108 perimat.
1730 5036 1886 5101 Quod
1941 5035 1987 5090 si
2058 5038 2156 5089 ab-

560 5137 747 5197 fuerit,
787 5144 843 5189 et
874 5136 978 5189 ista
1018 5134 1105 5204 pie
1136 5142 1264 5187 sunt
1294 5130 1626 5188 admittenda
1654 5170 1669 5195 ,
1696 5131 1952 5194 maxime,
1989 5130 2152 5203 etiam

563 5228 891 5282 necessitate
916 5236 1162 5296 cogente,
1190 5235 1409 5293 propter
1434 5239 1527 5278 eos
1564 5226 1656 5290 qui
1691 5223 1813 5275 ιιιιεὶ
1864 5222 2152 5275 veritatem

563 5322 765 5376 violare
797 5321 1113 5383 moliuntur,
1154 5316 1417 5371 imitando
1451 5319 1504 5368 in
1529 5329 1591 5369 ea
1628 5329 1685 5367 re
1712 5324 1927 5367 veteres
1963 5313 2145 5366 doeto-

560 5429 668 5479 res,
701 5414 792 5483 qui
828 5414 877 5465 iu
917 5414 1085 5466 rebus.
1134 5411 1316 5464 arduis
1361 5408 1785 5477 urgentibusque
1814 5404 2142 5459 necessariis

558 5507 932 5563 additionibus
994 5516 1045 5559 et
1070 5505 1475 5573 Scripturarnin
1512 5502 1691 5555 sensui
1746 5501 1982 5554 maxime
2021 5515 2147 5552 con-

559 5603 730 5672 gruis,
756 5616 970 5671 gregem
990 5598 1190 5655 Christi
1214 5598 1478 5664 dissipare
1497 5596 1732 5649 nitentes
1763 5593 2124 5662 dispulerant.

631 5718 673 5749 ”
702 5717 857 5771 Joan.
884 5731 938 5777 x,
996 5714 1085 5766 50.
1200 5713 1244 5742 ¹⁶
1278 5708 1436 5764 Joaii.
1482 5725 1534 5770 γ,
1574 5710 1655 5763 I9.

1738 5709 1779 5738 ¹⁷
1815 5706 1973 5760 Joan.
2019 5722 2131 5773 xw,
2156 5707 2246 5760 ‘28.

2250 4586 2524 4654 exposuit.
2562 4584 2699 4637 Sunt
2729 4586 2855 4637 item
2887 4585 2978 4653 qui
3002 4583 3189 4639 dicant
3214 4585 3480 4653 quosdam
3510 4600 3571 4636 ex
3608 4584 3725 4638 Aiii
3756 4601 3871 4641 ve-

2252 4679 2432 4742 sania,
2467 4692 2593 4731 cum
2631 4676 2832 4731 vellent
2864 4676 2985 4729 Filii
3034 4674 3374 4743 maiestatem
3436 4675 3801 4743 imminuere,
3837 4695 3873 4735 ει

2253 4771 2368 4825 Solo
2402 4770 2563 4824 Patre
2610 4772 2875 4839 Spiritum
2910 4782 3157 4825 sanetum
3202 4771 3421 4838 prodire
3477 4770 3708 4824 dixisse.
3738 4764 3867 4838 Qui

2256 4877 2380 4915 cuni
2436 4861 2633 4916 vellent
2668 4863 3035 4928 lilaspheiiiain
3067 4863 3380 4933 Opinionem
3410 4864 3545 4916 tueri
3579 4879 3591 4914 :
3624 4863 3877 4929 pietatis

2252 4955 2419 5008 armis
2446 4965 2634 5008 contra
2667 4956 2924 5023 pietatem
2962 4959 3290 5025 utebantur,
3331 4956 3695 5010 vociferantes
3736 4972 3873 5012 non

2254 5060 2506 5119 oportere
2560 5048 2749 5103 Niecni
2816 5052 3030 5105 concilii
3105 5054 3401 5123 quidquam
3465 5051 3879 5111 sanctionibus

2251 5143 2437 5211 adjici,
2500 5157 2673 5211 neque
2732 5143 2876 5196 enim
2934 5144 3042 5197 illic
3094 5144 3148 5197 in
3214 5144 3563 5214 processione
3600 5144 3877 5209 Spiritus

2255 5233 2431 5287 sancti
2468 5233 2667 5287 Filium
2698 5233 2845 5287 I’atri
2885 5236 3157 5303 adjectum
3204 5251 3346 5290 esse.
3385 5237 3563 5303 Atque
3597 5238 3713 5289 Iiirc
3776 5241 3885 5297 (Ii,

2253 5335 2465 5388 centes,
2500 5324 2803 5378 Ecclesium
2830 5326 3173 5390 scindebant,
3212 5324 3602 5396 religionisque
3628 5324 3877 5391 Opinio-

2255 5432 2374 5469 ueni
2406 5416 2473 5467 ali
2500 5416 2793 5483 imperitis,
2823 5432 2881 5467 ai:
2918 5417 3125 5477 stultis,
3169 5428 3225 5469 ut
3257 5417 3478 5487 antiqua
3521 5430 3885 5474 revereren-

2257 5516 2367 5569 tut‘,
2404 5510 2711 5575 capiebant.

2315 5598 2521 5651 Indicio
2557 5600 2698 5651 enini
2730 5609 2813 5652 est
2842 5599 3033 5650 beatus
3068 5595 3332 5650 .‘iliiximus
3389 5598 3441 5650 in
3496 5595 3735 5666 epistola
3802 5603 3893 5661 ad

631 5829 741 5900 (45)
797 5825 1033 5881 Joannes
1089 5824 1286 5892 Scylax
1335 5824 1747 5891 Coiisianiiiiop.
1775 5821 1990 5888 seiipsit
2026 5818 2090 5872 de
2136 5819 2327 5888 imper.
2360 5817 2833 5885 Cunstantiuopol.
2869 5816 3036 5874 Gesn.
3066 5833 3131 5872 ex
3172 5816 3449 5873 \oIatcra.

1550 5930 1579 5943 ἢ
