3996 6222
252 286 352 351 197

1359 295 1760 357 ADVERSUS
1782 294 2096 356 GiUECOj
2137 299 2283 361 [ΑΒ.
2322 300 2418 360 ιν.

3427 307 3525 370 198

238 402 554 465 Marinum,
584 406 913 463 additionem
944 390 1087 464 hane
1110 408 1245 481 (ιδ),
1266 426 1373 464 non
1401 413 1618 480 quando
1648 409 1840 466 Eccle-
1868 411 1916 469 Λ
1946 420 2108 479 atque
2140 411 2390 477 Basilius,
2419 411 2680 482 Spiritum
2707 429 2737 468 a
2774 413 2912 470 Filio
2941 431 3064 473 eSse
3097 416 3299 474 habere
3324 422 3530 475 dicunt-

238 497 461 549 siarum
491 500 729 553 scissura
772 500 918 556 facta
954 511 1038 557 est
1061 542 1077 567 ,
1112 505 1207 557 sed
1252 503 1412 569 longe
1442 514 1566 557 ante
1598 504 1837 557 additam

238 588 446 653 fuisse,
499 601 553 643 ct
588 591 839 647 fortassis
876 603 1005 648 ante
1035 610 1131 648 sua
1182 606 1445 662 tempora.
1504 595 1631 649 Fuit
1658 605 1837 649 autem

235 697 305 735 eo
340 694 618 752 tempore,
655 700 761 753 quo
799 696 953 741 sexta
1007 687 1248 756 synodus
1290 688 1525 742 conﬂata
1573 698 1677 742 est.
1708 689 1839 742 Pro-

236 783 459 839 ptcrca,
500 776 659 829 rebus
704 779 1044 847 urgentibus,
1092 794 1218 833 cum
1271 781 1533 848 quosdam
1564 779 1838 836 Occiden-

237 867 369 920 talis
420 867 679 922 Ecclesia:
706 870 820 923 hazc
850 872 1018 937 pestis
1066 871 1328 938 paulatim
1375 888 1439 925 ac
1468 863 1671 926 sensim
1722 873 1838 927 inﬁ-

236 970 418 1018 reret,
462 962 800 1015 conveniens
829 964 1068 1031 synodus
1093 978 1158 1018 ex
1194 961 1333 1017 Filio
1368 964 1535 1018 etiam
1574 964 1835 1034 Spiritum

234 1054 551 1120 precedere
587 1052 848 1123 Symbolo
886 1054 1191 1124 adjecit,ad
1225 1057 1369 1126 quod
1394 1056 1623 1111 Romani
1656 1060 1837 1127 ponti-

234 1148 361 1199 ticis
398 1146 710 1201 sulIecisset
742 1147 1065 1213 auctoritas,
1095 1134 1219 1217 qua:
1250 1150 1418 1203 etiam
1452 1150 1692 1220 synodos
1722 1150 1839 1205 reli-

230 1253 382 1307 quas
407 1240 655 1292 roborat.

306 1329 512 1399 Neque
542 1347 675 1386 sane
705 1332 1011 1387 mirandum
1039 1343 1123 1388 est
1150 1332 1456 1389 Romanum
1492 1335 1835 1405 episcopum,

232 1421 509 1477 Ecclesia:
549 1424 892 1494 principem,
930 1424 1106 1491 ipsum
1152 1437 1459 1481 convocato
1511 1426 1837 1494 Occidenta-

229 1510 371 1564 hutn
401 1514 790 1580 eiiiscoporum
834 1514 1097 1577 concilio,
1129 1513 1259 1567 illud
1309 1492 1640 1571 decrevisse.
1672 1515 1833 1583 Nam,

222 1605 271 1656 si
300 1603 618 1672 provincia:
659 1618 803 1672 saepe
846 1605 1076 1673 singulae
1106 1608 1335 1661 concilia
1395 1608 1832 1674 celebraverunt,

224 1696 431 1763 eisque
496 1696 801 1748 auctoritas
856 1696 1115 1765 derogata
1176 1712 1285 1751 non
1332 1706 1436 1758 est,
1503 1698 1671 1751 multo
1703 1712 1835 1752 sane

1952 507 2321 575 tttajoretnqnc
2370 506 2580 575 Spiritu
2625 506 2819 561 Filium
2866 523 3048 564 causa:
3115 512 3325 565 ratione
3381 530 3530 567 assc—

1949 611 2098 660 runt,
2128 599 2476 668 Cyrillusque
2508 614 2672 667 super
2699 598 2927 656 Joannis
2952 600 3266 672 Evangelio,
3326 617 3380 659 et
3410 607 3528 674 pln-

1950 690 2103 744 rimis
2132 691 2520 759 Opusculorum
2546 705 2775 757 suorum
2794 692 2952 757 locis,
2977 695 3081 748 hoc
3110 696 3283 764 ipsum
3305 698 3530 760 clamat,

1947 792 2149 851 praeter
2181 783 2498 837 Occidentis
2531 785 2957 853 magistros,qui
2994 787 3294 841 innumeris
3318 790 3369 841 in
3396 789 3531 843 locis

1945 877 2157 944 dicunt,
2186 892 2250 931 ex
2287 876 2474 942 Patre,
2518 893 2581 932 ac
2615 879 2791 945 Filio;,
2822 880 2983 935 veluti
3021 896 3087 933 ex
3124 896 3230 935 uno
3263 882 3533 950 principio

1946 970 2241 1037 procedere
2274 968 2537 1038 Spiritum
2572 981 2823 1025 sanctum
2864 990 2879 1025 :
2914 989 3053 1041 opus
3076 988 3197 1027 esse
3230 970 3340 1027 n'on
3372 977 3526 1029 vide-

1946 1062 2127 1124 batur,
2161 1072 2228 1116 oe
2273 1066 2356 1117 uis
2398 1076 2518 1131 quae
2550 1076 2811 1118 concessa
2844 1074 3057 1127 essent,
3082 1064 3391 1121 Orientales
3421 1065 3524 1120 Pa~

1946 1160 2056 1208 tres
2088 1154 2364 1210 molestias
2399 1157 2530 1222 pati.

2013 1243 2189 1299 Porro
2220 1246 2266 1298 si
2293 1248 2414 1313 quis
2447 1247 2771 1317 interroget,
2804 1248 2933 1317 quid
2964 1250 3239 1318 sit,quod,
3267 1265 3391 1304 cum
3424 1250 3525 1305 ista

1945 1337 2152 1390 additio
2177 1337 2402 1405 antiqua
2439 1338 2530 1399 sit,
2558 1354 2665 1392 non
2693 1341 2859 1393 etiam
2883 1340 2950 1393 ab
2984 1337 3353 1394 Orientalibus
3370 1342 3527 1411 Sym-

1946 1428 2288 1483 boloinserta
2326 1429 2432 1483 sit?
2451 1430 2686 1505 primum
2710 1430 2929 1498 quidem
2949 1430 3157 1498 ,debita
3185 1432 3526 1500 subiectione

1942 1532 2007 1573 ac
2033 1520 2339 1574 reverentia
2373 1520 2619 1574 Romano
2650 1520 2903 1575 Pontiﬁci
2932 1561 2947 1586 ,
2981 1522 3214 1591 ejusque
3258 1510 3522 1576 Ecclesia:

1944 1611 2241 1664 secundum
2272 1610 2677 1667 ecclesiasticas
2723 1613 2938 1683 regulas
2990 1614 3200 1668 reddita
3228 1650 3247 1676 ,
3282 1613 3417 1667 nihil
3458 1629 3526 1667 ex

1948 1701 2053 1756 hoc
2086 1703 2141 1758 in
2170 1702 2297 1770 fide,
2330 1705 2411 1758 vel
2460 1704 2679 1759 dilTerre
2701 1741 2718 1768 ,
2753 1705 2837 1758 vel
2884 1714 3076 1758 contra
3109 1704 3312 1758 sentire
3361 1692 3526 1773 puta-

224 1790 411 1854 nugis
447 1789 560 1840 hoc
588 1787 679 1840 ille
718 1787 914 1855 potuit,
945 1802 1066 1842 cum
1092 1788 1352 1843 omnibus
1386 1789 1591 1842 circum
1633 1805 1693 1844 se
1718 1791 1837 1858 epi-
1871 1772 1914 1829 Β
1946 1796 2166 1860 bantur,
2193 1798 2334 1865 quod
2390 1798 2555 1851 etiam
2586 1812 2715 1852 vere
2768 1797 2849 1852 sic
2888 1808 3030 1852 erat.
3060 1797 3265 1851 Deinde
3300 1772 3527 1853 necesse

221 1880 439 1947 scopis,
472 1879 571 1945 qui
604 1890 793 1947 pastor
824 1880 1054 1948 primus,
1098 1889 1155 1934 et
1213 1878 1470 1935 Ecclesia:
1543 1880 1710 1937 totius
1743 1897 1831 1951 pa-

222 1983 331 2033 ter,
392 1972 841 2039 nuiversalisque
886 1972 1322 2027 Christianorum
1373 1973 1617 2028 omnium
1665 1974 1835 2043 judex

220 2082 355 2120 esse
413 2065 866 2132 comprobatur,
927 2063 1227 2132 apostolica
1299 2062 1445 2118 hunc
1507 2067 1835 2135 antiquitate

224 2161 554 2228 principem
586 2173 907 2227 supremum
931 2157 1260 2226 appellante,
1295 2157 1646 2230 decretisque
1672 2163 1837 2230 regiis

224 2252 413 2317 ipsum
456 2250 859 2313 statuentibus,
891 2264 955 2304 ac
986 2250 1149 2304 rebus
1186 2251 1318 2318 ipsis
1348 2253 1419 2306 ita
1450 2268 1572 2309 esse
1597 2254 1837 2310 clamau-

223 2345 399 2404 tibus,
432 2353 495 2397 et
526 2356 641 2411 quo
672 2342 814 2405 sine,
852 2341 1186 2409 impossibile
1218 2344 1463 2411 profecto
1496 2356 1579 2400 est
1600 2385 1616 2409 ,
1655 2347 1835 2402 cccle-

223 2438 464 2492 siastica
500 2438 724 2504 negotia
752 2436 1001 2501 tractari,
1033 2447 1197 2505 atque
1228 2437 1429 2504 dirigi,
1466 2439 1609 2495 sicut
1643 2441 1836 2497 beatus

228 2528 560 2597 Stephanus
591 2528 782 2594 junior
832 2526 946 2597 (47)
987 2531 1251 2585 adversus
1289 2544 1383 2584 eos
1424 2531 1541 2600 qui,
1574 2533 1834 2602 quoniam

225 2623 509 2687 imagines
567 2635 761 2673 omnes
816 2622 1173 2675 destruendas
1235 2624 1587 2689 statuebant,
1636 2625 1839 2679 εἰκονο-

229 2717 401 2783 pilo:
446 2713 713 2780 appellati
742 2724 888 2775 sunt,
941 2714 1187 2768 restitit:
1225 2728 1348 2768 cum
1396 2713 1475 2769 illi
1537 2718 1833 2772 concilium

224 2803 720 2871 umstantiuopoli
764 2803 1041 2868 fecissent,
1074 2819 1185 2858 non
1225 2805 1307 2860 eis
1346 2799 1514 2861 licere
1542 2809 1835 2865 concilium

226 2897 522 2949 celebrare
556 2910 815 2949 asserens
846 2896 948 2950 nisi
973 2895 1248 2951 Romanus
1278 2900 1595 2969 episcopus,
1628 2902 1711 2956 vel
1741 2917 1836 2970 per

223 3004 287 3042 se
323 2992 509 3057 ipsum
548 3003 793 3057 pneseus
820 2990 1162 3057 praesideret,
1191 2991 1277 3046 vel
1314 2991 1383 3046 ab
1432 3008 1499 3047 eo
1528 2996 1705 3060 missi,
1739 2997 1833 3052 alii

218 3083 377 3151 ιιιιιη
402 3082 877 3136 consuetudinem
913 3081 1090 3136 locum
1125 3083 1245 3153 ejus
1290 3085 1598 3153 implerent.
1632 3086 1835 3157 Nempe

225 3175 374 3228 enim
400 3177 479 3229 ab
518 3172 769 3227 Ecclesia
805 3174 914 3236 illa,
946 3174 1089 3228 nulla
1122 3191 1360 3244 unquam
1393 3178 1459 3231 de
1489 3178 1595 3232 lidc
1619 3192 1837 3233 seuien-

228 3272 302 3321 tia
338 3270 627 3332 manavit,
667 3283 828 3335 quam
866 3276 925 3321 ut
977 3267 1351 3335 blasphemam
1383 3284 1436 3325 et
1469 3274 1684 3325 noxiam
1728 3273 1835 3328 Ec-

227 3362 399 3415 clesia
464 3376 617 3413 nunc
668 3360 846 3413 oumis
908 3360 1157 3424 damnet,
1228 3377 1323 3415 seu
1382 3363 1832 3429 anathematizet,

230 3456 461 3524 quando
480 3458 739 3523 ingentes
757 3454 951 3507 ﬂuctus
980 3454 1327 3522 plurimaque
1341 3454 1621 3524 naufragia
1642 3465 1830 3509 contra

235 3549 547 3602 Lcclesiam
578 3546 748 3600 fuere.
779 3545 888 3599 Nisi
909 3547 1054 3598 cnim
1088 3549 1191 3600 ista
1216 3547 1600 3614 suscipiamus,
1636 3549 1825 3602 nescio

230 3644 361 3710 quid
395 3640 648 3692 validum
676 3649 729 3692 et
758 3651 938 3691 ratutn
973 3639 1278 3707 suscepturi
1328 3641 1498 3693 simus
1536 3657 1549 3693 :
1583 3639 1669 3693 vel
1702 3641 1831 3707 quid

233 3734 657 3801 apertissimum
691 3732 817 3785 licet
846 3768 862 3794 ,
919 3741 1083 3800 atque
1119 3732 1497 3799 conspicuum,
1549 3732 1837 3801 impuden-

235 3829 459 3879 tissime
492 3824 828 3891 repudiaturi
857 3838 963 3875 non
998 3823 1190 3877 simus.

304 3919 367 3971 Si
411 3919 588 3984 igitur
648 3916 748 3967 ista
788 3917 853 3968 de
886 3914 978 3967 illo
1002 3928 1125 3968 vera
1183 3924 1332 3976 sunt.
1357 3914 1477 3970 sine
1520 3930 1629 3984 quo
1658 3916 1838 3985 possi-

234 4012 342 4065 bile
379 4026 497 4063 non
529 4017 616 4061 est
640 4006 1008 4061 ecclesiastica
1044 4007 1286 4069 decerni,
1319 4009 1389 4062 ad
1441 4024 1503 4062 ea
1538 4008 1838 4063 decernen-

238 4108 397 4165 dum,
437 4117 568 4155 cuni
597 4102 789 4169 paucis
827 4109 924 4152 aut
954 4112 1079 4152 cum
1120 4099 1368 4168 pluribus
1394 4101 1705 4163 conveniat,
1733 4102 1836 4154 iiii-

240 4199 458 4251 niuium
494 4192 666 4245 reteri.
698 4209 711 4244 :
744 4191 1013 4258 simulque
1046 4193 1100 4246 in
1134 4207 1193 4246 re
1239 4204 1451 4259 aperta,
1508 4202 1561 4246 et
1612 4207 1736 4257 qua:
1768 4194 1837 4246 ab

239 4291 507 4342 omnibus
558 4284 811 4339 Ecclesia:
865 4284 1140 4355 magistris
1212 4285 1341 4337 trita
1393 4292 1513 4347 est,
1545 4284 1619 4339 de
1658 4287 1838 4362 sancti

243 4384 460 4437 scilicet
499 4379 740 4445 Spiritus
771 4379 1137 4446 processione,
1163 4392 1302 4446 opus
1331 4392 1435 4431 non
1458 4375 1632 4432 fuisse
1663 4380 1835 4432 citare

1939 1905 2048 1943 non
2102 1890 2224 1952 fuit,
2276 1899 2483 1944 rectam
2514 1900 2570 1944 et
2605 1904 2904 1960 congruam
2940 1889 3007 1943 de
3054 1889 3195 1943 Filio
3249 1899 3303 1943 et
3335 1900 3527 1943 sancto

1940 1978 2146 2047 Spiritu
2175 1976 2585 2049 intelligentiam
2613 1979 2896 2042 habentes,
2914 1993 3040 2033 cum
3059 1978 3337 2033 auditione
3360 1976 3524 2047 Sym-

1936 2071 2119 2125 bolum
2157 2071 2379 2140 legere;
2424 2085 2531 2124 non
2562 2085 2686 2124 esse
2710 2071 3001 2124 contrariae
3028 2071 3326 2139 opinionis,
3347 2084 3525 2136 neque
3605 2109 3621 2123 .

1939 2172 2132 2230 putare
2180 2178 2277 2217 eos
2322 2164 2455 2232 qui,
2488 2179 2611 2217 eum
2665 2163 2767 2216 ista
2825 2161 3103 2227 legerent,
3138 2162 3258 2215 ﬁdei
3292 2161 3523 2215 veritate

1936 2255 2230 2319 excidisse,
2285 2254 2505 2324 illisque
2555 2255 2739 2308 unitos
2786 2268 2933 2309 esse.
2972 2252 3103 2307 Nam
3154 2262 3358 2321 etpost
3385 2254 3528 2306 anti-

1938 2362 2106 2414 quum
2140 2346 2403 2412 schisma,
2428 2362 2555 2402 cum
2585 2361 2773 2401 rursus
2798 2347 3080 2413 utriusque
3101 2344 3357 2400 Ecclesia:
3381 2346 3525 2398 facta

1938 2448 2083 2493 esset
2113 2440 2261 2504 unio,
2293 2436 2515 2494 Graicos
2545 2437 2723 2491 Latini
2755 2437 2892 2492 nihil
2923 2447 3220 2506 coegerunt
3240 2476 3257 2500 ,
3298 2437 3527 2508 Symbo-

1940 2530 2048 2585 lum
2080 2548 2203 2586 cuiu
2240 2529 2517 2586 additione
2572 2529 2772 2599 legere,
2818 2528 2903 2583 vel
2965 2528 3087 2582 aliis
3128 2528 3522 2585 ecclesiasticis

1939 2622 2136 2678 ritibus
2186 2638 2340 2677 more
2388 2637 2487 2676 suo
2534 2622 2613 2675 uti
2643 2662 2658 2685 ,
2699 2622 2794 2676 sed
2829 2622 2935 2675 tria
2972 2620 3149 2674 solum
3180 2620 3247 2673 ab
3274 2619 3355 2673 eis
3399 2629 3523 2688 post

1939 2720 2140 2771 factam
2173 2717 2470 2781 unionem,
2502 2714 2765 2786 requisita
2819 2721 2970 2769 sunt.
3007 2713 3246 2766 Primum
3279 2714 3523 2782 quidem,

1941 2818 2000 2863 ut
2049 2810 2281 2864 Romani
2324 2808 2568 2878 episcopi
2620 2806 2938 2860 memoriam
2980 2806 3033 2860 in
3070 2805 3382 2875 diptychis,
3419 2806 3522 2860 hoc

1939 2913 2044 2967 est,
2081 2905 2135 2957 in
2167 2916 2375 2956 canone
2401 2899 2578 2954 Missa:
2628 2899 2905 2964 facerent;
2938 2900 3262 2962 secundum,
3294 2908 3353 2953 ut
3405 2900 3524 2951 uni~

1941 2995 2471 3063 versalemjudicem
2503 2992 2941 3047 Christianorum
2968 2990 3210 3045 omnium
3245 3000 3524 3058 putarent;

1942 3089 1992 3142 ei
2034 3089 2334 3143 secundum
2357 3086 2636 3153 antiquam
2672 3084 2923 3137 Ecclesia:
2950 3084 3396 3137 coosuetudiuem
3438 3098 3526 3135 re-

1947 3183 2244 3235 vereutiam
2299 3180 2635 3241 reddentes;
2695 3179 2938 3239 tertium,
2990 3185 3049 3228 ut
3087 3174 3384 3229 [tertianam
3424 3173 3527 3227 Ec-

1947 3274 2168 3328 clesiam
2212 3272 2263 3324 in
2319 3268 2712 3323 ecclesiasticis
2757 3268 3107 3336 dogmatibus
3131 3275 3359 3318 matrem
3392 3264 3528 3317 lide—

1944 3367 2075 3421 lium
2107 3376 2270 3434 atque
2303 3362 2621 3431 magistram
2673 3374 2805 3414 sana
2845 3373 3062 3426 semper
3090 3357 3195 3410 ﬁde
3240 3369 3383 3418 esse,
3413 3369 3528 3409 ore.

1943 3455 2157 3508 derent.
2208 3454 2418 3507 Caetera
2468 3451 2600 3505 locis
2637 3450 2754 3503 suis
2806 3463 3026 3502 manere
3081 3445 3339 3512 permissa
3373 3454 3522 3499 sunt.

1944 3548 2049 3603 Sed
2080 3560 2222 3599 nunc
2245 3559 2459 3612 quoque
2492 3544 2543 3595 in
2579 3542 2856 3603 Sicilia,et
2886 3556 2948 3593 ea
2976 3554 3097 3609 quae
3124 3553 3312 3605 magna
3338 3547 3394 3591 et
3424 3554 3528 3592 au-

1946 3643 2095 3711 tiqua
2128 3639 2334 3694 Graecia
2371 3636 2570 3690 dudum
2596 3634 2913 3695 vocabatur,
2943 3647 3065 3685 cum
3096 3630 3268 3684 Graeci
3307 3629 3527 3696 plurimi

1942 3734 2272 3797 inhabitent,
2305 3727 2705 3796 Orientalisque
2730 3724 2983 3778 Ecclesia:
3033 3723 3277 3776 muribus
3311 3731 3367 3776 et
3409 3722 3528 3775 riti-

1947 3830 2047 3881 bus
2084 3838 2303 3879 utautur
2331 3822 2491 3892 ;quia
2525 3822 2701 3874 solum
2739 3819 2998 3873 [imitante
3036 3815 3293 3869 Ecclesia:
3325 3812 3526 3869 subditi

1943 3932 2094 3981 sum,
2116 3935 2218 3971 non
2242 3927 2509 3987 coguntur
2531 3897 2845 3984 Symbolum
2867 3924 2991 3963 cum
3024 3908 3299 3962 additione
3323 3908 3524 3975 legere;

1944 4012 2038 4066 sed
2079 4011 2217 4073 sola,
2267 4020 2322 4063 ut
2372 4008 2575 4062 dictum
2606 4015 2694 4060 est
2721 4043 2735 4068 ,
2772 4002 3086 4058 obedientia
3118 4000 3373 4055 Ecclesiae
3422 3998 3529 4052 im-

1945 4122 2133 4176 pensa,
2175 4120 2296 4157 cum
2344 4118 2450 4155 non
2496 4103 2609 4153 sint
2638 4099 2928 4153 contraria:
2948 4096 3244 4166 opinionis,
3281 4092 3417 4146 nihil
3458 4091 3527 4145 ab

1946 4200 2025 4250 eis
2058 4195 2289 4262 amplius
2319 4194 2574 4260 exigitur,
2610 4208 2713 4244 una
2744 4191 2843 4244 hac
2880 4205 2937 4243 re
2970 4199 3168 4245 caetera
3202 4192 3364 4244 etiam
3392 4205 3529 4244 con-
3616 4247 3624 4254 ,

1950 4294 2107 4345 tineri
2146 4288 2540 4342 arbitrantibus
2569 4284 2813 4342 Latinis;
2844 4283 3068 4352 quippe,
3101 4298 3209 4336 nou
3243 4284 3294 4336 lu
3326 4285 3530 4347 verbis,

1946 4384 2040 4437 sed
2067 4386 2118 4434 in
2158 4380 2410 4436 sensibus
2444 4378 2635 4446 religio
2673 4386 2859 4431 nostra
2899 4376 3191 4439 consistit,
3227 4376 3523 4429 secundum

246 4479 465 4537 «item,
529 4473 697 4525 veluti
752 4486 815 4523 ea
851 4473 1077 4534 quaestio
1104 4469 1260 4522 valde
1290 4472 1730 4538 essctambigua,
1758 4482 1842 4523 at-
1874 4468 1916 4523 D
1948 4475 2257 4541 theologum
2293 4473 2641 4547 Gregorium.

251 4582 355 4638 que
388 4568 538 4630 idco,
570 4564 827 4619 Omnibus
854 4563 1330 4620 communicanda.
1364 4564 1465 4630 Qui
1490 4568 1637 4617 enim
1670 4564 1840 4618 semei

250 4662 632 4731 percepissent
689 4657 833 4711 Patri
887 4655 1082 4709 Filium
1134 4669 1255 4710 esse
1284 4654 1835 4718 consubstantialem,

253 4753 483 4822 ejusque
521 4749 1019 4805 ineonunutabilem
1050 4748 1341 4817 imaginem
1372 4763 1526 4813 esse,
1560 4756 1614 4801 et
1665 4747 1841 4804 Patris

255 4848 459 4899 habere
487 4846 696 4905 omnia,
726 4851 920 4911 praeter
949 4841 1122 4895 solum
1152 4840 1374 4895 Patrem
1413 4856 1535 4895 esse
1555 4877 1571 4903 ,
1604 4852 1657 4895 et
1696 4856 1841 4897 nunc

257 4942 479 5007 quidem
502 4938 757 4991 audirent
807 4936 1070 5003 Spiritum
1105 4935 1353 4988 veritatis
1385 4944 1439 4987 et
1470 4931 1590 4987 Filii
1625 4949 1749 4988 esse
1791 4946 1844 4988 et

258 5038 325 5085 ab
356 5033 476 5099 ipso
510 5030 778 5096 accipere,
812 5040 958 5080 nunc
985 5037 1164 5079 autem
1197 5040 1294 5094 per
1323 5024 1521 5081 Filium
1553 5025 1846 5093 procedere

260 5134 315 5177 et
351 5139 417 5176 ex
468 5120 609 5174 Filio
641 5134 797 5183 esse,
828 5118 989 5173 sicuti
1028 5119 1189 5172 etiam
1220 5132 1284 5171 ex
1332 5117 1517 5183 Patre,
1541 5128 1597 5172 et
1626 5118 1692 5172 ab
1725 5120 1843 5186 ipso

267 5216 469 5269 habere
500 5228 642 5274 esse,
674 5224 729 5265 et
763 5226 884 5280 qua:
920 5209 1047 5263 taiia
1099 5208 1356 5269 urtedicta
1400 5220 1523 5264 sunt
1551 5226 1567 5267 :
1599 5224 1666 5263 ex
1707 5210 1846 5264 Filio

266 5308 431 5359 etiam
458 5303 1044 5374 procedere,dubitare
1062 5318 1166 5356 non
1192 5314 1435 5371 possent,
1461 5303 1696 5357 maxime
1721 5319 1844 5357 cum

266 5401 493 5459 scirent.
522 5400 684 5467 quod,
722 5398 812 5466 qui
848 5395 1157 5465 bujusmodi
1194 5396 1459 5466 principia
1514 5402 1844 5464 concedunt,

268 5495 325 5547 id
350 5508 568 5561 quoque
602 5490 749 5561 quod
774 5506 838 5545 ea
858 5488 1126 5557 sequitur,
1144 5480 1477 5542 necessario
1508 5487 1800 5543 admittunt
1830 5505 1845 5553 ;

273 5596 440 5653 utque
498 5582 788 5637 Orientalis
846 5578 1105 5635 Ecclesia:
1170 5579 1461 5647 magistri,
1519 5580 1848 5635 Athanasius

337 5726 451 5791 (Mi)
483 5723 622 5790 Lege
643 5722 1027 5774 Brliarmiuum
1063 5735 1101 5791 ll
1126 5716 1209 5791 De,
1237 5717 1473 5781 Christo,
1500 5734 1549 5773 c.
1575 5719 1665 5775 2|.

2021 4569 2115 4622 His
2144 4568 2190 4620 si
2221 4566 2346 4633 quis
2377 4565 2621 4628 objicial,
2651 4562 2962 4630 oportuisse
3002 4561 3219 4616 Graecos
3239 4559 3407 4612 etiam
3438 4575 3532 4611 vo-

1949 4660 2087 4721 cari,
2115 4666 2168 4708 et
2195 4658 2405 4724 synodo
2433 4656 2500 4707 de
2532 4654 2802 4707 sententia
2819 4654 3064 4706 omnium
3084 4655 3490 4707 communicare
3514 4670 3529 4705 :

1950 4753 2186 4821 primum
2214 4747 2455 4817 quidem,
2479 4762 2601 4800 cuin
2627 4756 2747 4801 nota
2764 4746 2987 4801 omnino
3014 4760 3103 4799 res
3118 4757 3286 4810 esset,
3310 4761 3533 4800 necesse

1951 4859 2058 4899 non
2089 4842 2191 4896 fuit
2227 4840 2479 4893 omnibus
2518 4841 2660 4893 hanc
2699 4836 3061 4892 conveniendi
3110 4838 3414 4891 molestiam
3452 4843 3533 4889 iu-

1949 4936 2155 4996 dicere,
2194 4948 2367 5001 neque
2419 4946 2642 4985 necesse
2677 4942 2759 4986 est
2807 4945 2996 4984 omnes
3039 4931 3291 4982 omnibus
3340 4930 3532 4982 adesse

1951 5029 2224 5092 conciliis,
2253 5031 2344 5084 sed
2370 5026 2603 5096 primum
2636 5025 2855 5092 quidem
2886 5024 3130 5085 Patrem,
3167 5023 3532 5089 Ecclesiaeque

1953 5136 2248 5191 pastorem.
2276 5121 2383 5176 Ista
2419 5121 2561 5173 enim
2592 5119 2635 5171 si
2664 5134 2691 5170 a
2728 5116 2997 5186 principio
3015 5132 3111 5185 per
3129 5115 3534 5170 ecclesiasticas

1953 5219 2103 5285 leges
2132 5225 2379 5285 separata
2416 5225 2563 5280 sunt,
2593 5220 2647 5267 et
2683 5211 2836 5265 valde
2882 5211 3142 5264 convenit
3187 5219 3247 5261 ut
3298 5209 3379 5262 vel
3439 5224 3533 5278 per

1955 5313 2216 5380 scipsum,
2252 5309 2338 5363 vel
2405 5323 2501 5377 per
2550 5307 2769 5360 nuntios
2819 5304 3053 5359 concilio
3111 5300 3248 5355 adsit
3298 5316 3363 5356 ac
3394 5317 3536 5369 prae-

1955 5400 2046 5453 sit.
2074 5397 2208 5450 Nam
2240 5400 2284 5450 si
2317 5396 2406 5450 ille
2436 5411 2541 5450 non
2570 5396 2810 5464 adjuvat,
2841 5394 3022 5448 inania
3054 5402 3109 5446 et
3136 5396 3387 5448 hesterna
3408 5401 3535 5447 sunt

1957 5490 2137 5546 omnia
2176 5489 2338 5543 :sine
2369 5488 2472 5542 hoc
2502 5489 2646 5542 enim
2698 5488 3070 5543 ecclesiastica
3123 5488 3380 5551 tractari,
3418 5496 3531 5539 sta-

1958 5585 2147 5653 tuique
2169 5599 2274 5636 nou
2312 5592 2569 5652 possunt;
2597 5592 2940 5638 constatoue.
2970 5583 3082 5640 sive
3114 5599 3235 5639 cun;
3265 5581 3533 5652 pluribus,

344 5788 453 5865 (ιι)
485 5788 670 5847 Exstat
712 5791 827 5848 Vita
858 5792 1019 5862 hujus
1067 5790 1128 5843 Β.
1177 5790 1442 5860 Stephani
1493 5791 1634 5844 inter
1671 5808 1835 5862 Opera
1879 5790 2366 5848 Datnasccniedita
2401 5804 2429 5843 a
2464 5788 2642 5845 Billio.
