  <div class='ocr_page' id='page_1' title='image "/cluster/home/n/w/nwhite01/storage/ocr_20150623/152/hvd.32044073502635/111.png"; bbox 0 0 4020 6206; ppageno 0'>
   <div class='ocr_carea' id='block_1_1' title="bbox 487 297 594 362">
    <p class='ocr_par' dir='ltr' id='par_1_1' title="bbox 487 297 594 362">
     <span class='ocr_line' id='line_1_1' title="bbox 487 297 594 362; baseline 0.028 -3"><span class='ocrx_word' id='word_1_1' title='bbox 487 297 594 362; x_wconf 80' lang='lat'><strong>199</strong></span> 
     </span>
    </p>
   </div>
   <div class='ocr_carea' id='block_1_2' title="bbox 1751 291 2500 358">
    <p class='ocr_par' dir='ltr' id='par_1_2' title="bbox 1751 291 2500 358">
     <span class='ocr_line' id='line_1_2' title="bbox 1751 291 2500 358; baseline -0.005 0"><span class='ocrx_word' id='word_1_2' title='bbox 1751 296 2153 358; x_wconf 79' lang='lat' dir='ltr'><strong>MANUELIS</strong></span> <span class='ocrx_word' id='word_1_3' title='bbox 2193 291 2500 357; x_wconf 67' lang='lat' dir='ltr'><strong>CALECxﬁ</strong></span> 
     </span>
    </p>
   </div>
   <div class='ocr_carea' id='block_1_3' title="bbox 3650 287 3755 355">
    <p class='ocr_par' dir='ltr' id='par_1_3' title="bbox 3650 287 3755 355">
     <span class='ocr_line' id='line_1_3' title="bbox 3650 287 3755 355; baseline -0.019 0"><span class='ocrx_word' id='word_1_4' title='bbox 3650 287 3755 355; x_wconf 70' lang='lat'><strong>900</strong></span> 
     </span>
    </p>
   </div>
   <div class='ocr_carea' id='block_1_4' title="bbox 485 397 3757 482">
    <p class='ocr_par' dir='ltr' id='par_1_4' title="bbox 485 397 3757 482">
     <span class='ocr_line' id='line_1_4' title="bbox 485 397 3757 482; baseline -0.004 -13"><span class='ocrx_word' id='word_1_5' title='bbox 485 416 601 469; x_wconf 89' lang='lat' dir='ltr'><strong>sive</strong></span> <span class='ocrx_word' id='word_1_6' title='bbox 655 426 777 467; x_wconf 84' lang='lat' dir='ltr'><strong>cum</strong></span> <span class='ocrx_word' id='word_1_7' title='bbox 828 411 1019 482; x_wconf 86' lang='lat' dir='ltr'><strong>paucis</strong></span> <span class='ocrx_word' id='word_1_8' title='bbox 1046 451 1062 475; x_wconf 91' lang='lat'><strong>,</strong></span> <span class='ocrx_word' id='word_1_9' title='bbox 1106 408 1253 478; x_wconf 84' lang='lat' dir='ltr'><strong>quod</strong></span> <span class='ocrx_word' id='word_1_10' title='bbox 1307 406 1374 463; x_wconf 87' lang='lat' dir='ltr'><strong>ad</strong></span> <span class='ocrx_word' id='word_1_11' title='bbox 1416 422 1474 463; x_wconf 86' lang='lat' dir='ltr'><strong>se</strong></span> <span class='ocrx_word' id='word_1_12' title='bbox 1534 408 1795 479; x_wconf 83' lang='lat' dir='ltr'><strong>pertinet,</strong></span> <span class='ocrx_word' id='word_1_13' title='bbox 1848 409 2073 479; x_wconf 88' lang='lat' dir='ltr'><strong>implere</strong></span> <span class='ocrx_word' id='word_1_14' title='bbox 2101 412 2149 468; x_wconf 79' lang='grc' dir='ltr'>Α</span> <span class='ocrx_word' id='word_1_15' title='bbox 2176 405 2540 462; x_wconf 79' lang='lat' dir='ltr'><strong>obedientiam</strong></span> <span class='ocrx_word' id='word_1_16' title='bbox 2568 401 2881 458; x_wconf 91' lang='lat' dir='ltr'><strong>redderent.</strong></span> <span class='ocrx_word' id='word_1_17' title='bbox 2931 397 3141 457; x_wconf 89' lang='lat' dir='ltr'><strong>Idcirco</strong></span> <span class='ocrx_word' id='word_1_18' title='bbox 3165 399 3359 470; x_wconf 62' lang='lat' dir='ltr'><strong>sacpius</strong></span> <span class='ocrx_word' id='word_1_19' title='bbox 3385 399 3452 455; x_wconf 91' lang='lat' dir='ltr'><strong>ad</strong></span> <span class='ocrx_word' id='word_1_20' title='bbox 3505 398 3757 457; x_wconf 69' lang='lat' dir='ltr'><strong>Ecclesiae</strong></span> 
     </span>
    </p>
   </div>
   <div class='ocr_carea' id='block_1_5' title="bbox 486 516 683 576">
    <p class='ocr_par' dir='ltr' id='par_1_5' title="bbox 486 516 683 576">
     <span class='ocr_line' id='line_1_5' title="bbox 486 516 683 576; baseline 0 -18"><span class='ocrx_word' id='word_1_21' title='bbox 486 516 683 576; x_wconf 84' lang='lat' dir='ltr'><strong>potest.</strong></span> 
     </span>
    </p>
   </div>
   <div class='ocr_carea' id='block_1_6' title="bbox 560 592 2070 662">
    <p class='ocr_par' dir='ltr' id='par_1_6' title="bbox 560 592 2070 662">
     <span class='ocr_line' id='line_1_6' title="bbox 560 592 2070 662; baseline -0.003 -10"><span class='ocrx_word' id='word_1_22' title='bbox 560 599 705 652; x_wconf 79' lang='lat' dir='ltr'><strong>Alios</strong></span> <span class='ocrx_word' id='word_1_23' title='bbox 740 612 870 650; x_wconf 88' lang='lat' dir='ltr'><strong>vero</strong></span> <span class='ocrx_word' id='word_1_24' title='bbox 905 611 1010 649; x_wconf 89' lang='lat' dir='ltr'><strong>non</strong></span> <span class='ocrx_word' id='word_1_25' title='bbox 1062 609 1201 662; x_wconf 90' lang='lat' dir='ltr'><strong>opus</strong></span> <span class='ocrx_word' id='word_1_26' title='bbox 1230 600 1315 648; x_wconf 89' lang='lat' dir='ltr'><strong>est</strong></span> <span class='ocrx_word' id='word_1_27' title='bbox 1359 592 1538 647; x_wconf 85' lang='lat' dir='ltr'><strong>vocari</strong></span> <span class='ocrx_word' id='word_1_28' title='bbox 1569 608 1782 659; x_wconf 88' lang='lat' dir='ltr'><strong>omnes,</strong></span> <span class='ocrx_word' id='word_1_29' title='bbox 1832 593 2070 647; x_wconf 79' lang='lat' dir='ltr'><strong>maxime</strong></span> 
     </span>
    </p>
   </div>
   <div class='ocr_carea' id='block_1_7' title="bbox 486 684 2068 761">
    <p class='ocr_par' dir='ltr' id='par_1_7' title="bbox 486 684 2068 761">
     <span class='ocr_line' id='line_1_7' title="bbox 486 684 2068 761; baseline -0.004 -16"><span class='ocrx_word' id='word_1_30' title='bbox 486 692 580 761; x_wconf 89' lang='lat' dir='ltr'><strong>qtti</strong></span> <span class='ocrx_word' id='word_1_31' title='bbox 630 700 755 743; x_wconf 88' lang='lat' dir='ltr'><strong>sunt</strong></span> <span class='ocrx_word' id='word_1_32' title='bbox 811 689 1151 750; x_wconf 85' lang='lat' dir='ltr'><strong>remotiorcs,</strong></span> <span class='ocrx_word' id='word_1_33' title='bbox 1184 700 1430 754; x_wconf 89' lang='lat' dir='ltr'><strong>quosque</strong></span> <span class='ocrx_word' id='word_1_34' title='bbox 1478 684 1559 738; x_wconf 87' lang='lat' dir='ltr'><strong>vel</strong></span> <span class='ocrx_word' id='word_1_35' title='bbox 1615 687 1713 740; x_wconf 69' lang='lat' dir='ltr'><strong>vite</strong></span> <span class='ocrx_word' id='word_1_36' title='bbox 1768 687 2068 756; x_wconf 78' lang='lat' dir='ltr'><strong>longitudo,</strong></span> 
     </span>
    </p>
   </div>
   <div class='ocr_carea' id='block_1_8' title="bbox 489 775 2071 843">
    <p class='ocr_par' dir='ltr' id='par_1_8' title="bbox 489 775 2071 843">
     <span class='ocr_line' id='line_1_8' title="bbox 489 775 2071 843; baseline -0.003 -10"><span class='ocrx_word' id='word_1_37' title='bbox 489 782 571 833; x_wconf 83' lang='lat' dir='ltr'><strong>vel</strong></span> <span class='ocrx_word' id='word_1_38' title='bbox 602 780 693 833; x_wconf 94' lang='lat' dir='ltr'><strong>alii</strong></span> <span class='ocrx_word' id='word_1_39' title='bbox 724 787 949 833; x_wconf 88' lang='lat' dir='ltr'><strong>eventus</strong></span> <span class='ocrx_word' id='word_1_40' title='bbox 1002 792 1206 830; x_wconf 90' lang='lat' dir='ltr'><strong>rerum.</strong></span> <span class='ocrx_word' id='word_1_41' title='bbox 1248 775 1435 843; x_wconf 86' lang='lat' dir='ltr'><strong>quales</strong></span> <span class='ocrx_word' id='word_1_42' title='bbox 1480 790 1852 843; x_wconf 72' lang='lat' dir='ltr'><strong>smpenumero</strong></span> <span class='ocrx_word' id='word_1_43' title='bbox 1890 791 2071 830; x_wconf 89' lang='lat' dir='ltr'><strong>emer-</strong></span> 
     </span>
    </p>
   </div>
   <div class='ocr_carea' id='block_1_9' title="bbox 486 867 2069 943">
    <p class='ocr_par' dir='ltr' id='par_1_9' title="bbox 486 867 2069 943">
     <span class='ocr_line' id='line_1_9' title="bbox 486 867 2069 943; baseline -0.001 -20"><span class='ocrx_word' id='word_1_44' title='bbox 486 883 641 943; x_wconf 82' lang='lat' dir='ltr'><strong>gunt,</strong></span> <span class='ocrx_word' id='word_1_45' title='bbox 689 869 1055 940; x_wconf 90' lang='lat' dir='ltr'><strong>impedierint.</strong></span> <span class='ocrx_word' id='word_1_46' title='bbox 1102 869 1281 937; x_wconf 83' lang='lat' dir='ltr'><strong>Atque</strong></span> <span class='ocrx_word' id='word_1_47' title='bbox 1337 867 1462 931; x_wconf 91' lang='lat' dir='ltr'><strong>ista,</strong></span> <span class='ocrx_word' id='word_1_48' title='bbox 1519 882 1643 922; x_wconf 91' lang='lat' dir='ltr'><strong>cum</strong></span> <span class='ocrx_word' id='word_1_49' title='bbox 1700 883 1896 937; x_wconf 88' lang='lat' dir='ltr'><strong>magna</strong></span> <span class='ocrx_word' id='word_1_50' title='bbox 1963 882 2069 922; x_wconf 91' lang='lat' dir='ltr'><strong>non</strong></span> 
     </span>
    </p>
   </div>
   <div class='ocr_carea' id='block_1_10' title="bbox 490 959 2073 1037">
    <p class='ocr_par' dir='ltr' id='par_1_10' title="bbox 490 959 2073 1037">
     <span class='ocr_line' id='line_1_10' title="bbox 490 959 2073 1037; baseline -0.001 -20"><span class='ocrx_word' id='word_1_51' title='bbox 490 973 648 1033; x_wconf 91' lang='lat' dir='ltr'><strong>urget</strong></span> <span class='ocrx_word' id='word_1_52' title='bbox 662 962 1022 1037; x_wconf 46' lang='lat' dir='ltr'><strong>,necessitas,</strong></span> <span class='ocrx_word' id='word_1_53' title='bbox 1079 974 1201 1014; x_wconf 92' lang='lat' dir='ltr'><strong>cum</strong></span> <span class='ocrx_word' id='word_1_54' title='bbox 1248 959 1477 1028; x_wconf 86' lang='lat' dir='ltr'><strong>quaestio</strong></span> <span class='ocrx_word' id='word_1_55' title='bbox 1507 960 1795 1029; x_wconf 87' lang='lat' dir='ltr'><strong>perspicua</strong></span> <span class='ocrx_word' id='word_1_56' title='bbox 1844 972 1951 1023; x_wconf 89' lang='lat' dir='ltr'><strong>est,</strong></span> <span class='ocrx_word' id='word_1_57' title='bbox 2005 976 2073 1015; x_wconf 91' lang='lat' dir='ltr'><strong>ne</strong></span> 
     </span>
    </p>
   </div>
   <div class='ocr_carea' id='block_1_11' title="bbox 486 1051 2075 1121">
    <p class='ocr_par' dir='ltr' id='par_1_11' title="bbox 486 1051 2075 1121">
     <span class='ocr_line' id='line_1_11' title="bbox 486 1051 2075 1121; baseline -0.002 -12"><span class='ocrx_word' id='word_1_58' title='bbox 486 1056 673 1109; x_wconf 91' lang='lat' dir='ltr'><strong>orbem</strong></span> <span class='ocrx_word' id='word_1_59' title='bbox 718 1053 903 1106; x_wconf 87' lang='lat' dir='ltr'><strong>vocari</strong></span> <span class='ocrx_word' id='word_1_60' title='bbox 955 1066 1091 1121; x_wconf 87' lang='lat' dir='ltr'><strong>opus</strong></span> <span class='ocrx_word' id='word_1_61' title='bbox 1137 1052 1245 1106; x_wconf 88' lang='lat' dir='ltr'><strong>sit:</strong></span> <span class='ocrx_word' id='word_1_62' title='bbox 1282 1051 1502 1120; x_wconf 86' lang='lat' dir='ltr'><strong>quando</strong></span> <span class='ocrx_word' id='word_1_63' title='bbox 1555 1052 1667 1121; x_wconf 89' lang='lat' dir='ltr'><strong>ipse</strong></span> <span class='ocrx_word' id='word_1_64' title='bbox 1689 1067 1874 1107; x_wconf 87' lang='lat' dir='ltr'><strong>secum</strong></span> <span class='ocrx_word' id='word_1_65' title='bbox 1920 1051 2075 1106; x_wconf 87' lang='lat' dir='ltr'><strong>facil-</strong></span> 
     </span>
    </p>
   </div>
   <div class='ocr_carea' id='block_1_12' title="bbox 487 1144 2074 1216">
    <p class='ocr_par' dir='ltr' id='par_1_12' title="bbox 487 1144 2074 1216">
     <span class='ocr_line' id='line_1_12' title="bbox 487 1144 2074 1216; baseline -0.001 -17"><span class='ocrx_word' id='word_1_66' title='bbox 487 1148 615 1201; x_wconf 89' lang='lat' dir='ltr'><strong>lime</strong></span> <span class='ocrx_word' id='word_1_67' title='bbox 656 1161 905 1216; x_wconf 88' lang='lat' dir='ltr'><strong>magnam</strong></span> <span class='ocrx_word' id='word_1_68' title='bbox 954 1153 1162 1214; x_wconf 90' lang='lat' dir='ltr'><strong>partem</strong></span> <span class='ocrx_word' id='word_1_69' title='bbox 1209 1158 1440 1199; x_wconf 88' lang='lat' dir='ltr'><strong>evocare</strong></span> <span class='ocrx_word' id='word_1_70' title='bbox 1491 1145 1682 1214; x_wconf 91' lang='lat' dir='ltr'><strong>possit,</strong></span> <span class='ocrx_word' id='word_1_71' title='bbox 1716 1152 1771 1198; x_wconf 89' lang='lat' dir='ltr'><strong>et</strong></span> <span class='ocrx_word' id='word_1_72' title='bbox 1818 1160 1943 1199; x_wconf 89' lang='lat' dir='ltr'><strong>cum</strong></span> <span class='ocrx_word' id='word_1_73' title='bbox 1995 1144 2074 1198; x_wconf 87' lang='lat' dir='ltr'><strong>eis</strong></span> 
     </span>
    </p>
   </div>
   <div class='ocr_carea' id='block_1_13' title="bbox 486 1236 2066 1305">
    <p class='ocr_par' dir='ltr' id='par_1_13' title="bbox 486 1236 2066 1305">
     <span class='ocr_line' id='line_1_13' title="bbox 486 1236 2066 1305; baseline -0.003 -12"><span class='ocrx_word' id='word_1_74' title='bbox 486 1248 753 1298; x_wconf 88' lang='lat' dir='ltr'><strong>statuere,</strong></span> <span class='ocrx_word' id='word_1_75' title='bbox 801 1245 962 1305; x_wconf 87' lang='lat' dir='ltr'><strong>atque</strong></span> <span class='ocrx_word' id='word_1_76' title='bbox 1012 1236 1325 1289; x_wconf 80' lang='lat' dir='ltr'><strong>decernere.</strong></span> <span class='ocrx_word' id='word_1_77' title='bbox 1369 1236 1591 1299; x_wconf 87' lang='lat' dir='ltr'><strong>Deinde,</strong></span> <span class='ocrx_word' id='word_1_78' title='bbox 1625 1250 1731 1289; x_wconf 83' lang='lat' dir='ltr'><strong>non</strong></span> <span class='ocrx_word' id='word_1_79' title='bbox 1787 1236 2066 1299; x_wconf 88' lang='lat' dir='ltr'><strong>convenit,</strong></span> 
     </span>
    </p>
   </div>
   <div class='ocr_carea' id='block_1_14' title="bbox 488 1326 2073 1397">
    <p class='ocr_par' dir='ltr' id='par_1_14' title="bbox 488 1326 2073 1397">
     <span class='ocr_line' id='line_1_14' title="bbox 488 1326 2073 1397; baseline -0.003 -12"><span class='ocrx_word' id='word_1_80' title='bbox 488 1341 715 1385; x_wconf 88' lang='lat' dir='ltr'><strong>vocatus</strong></span> <span class='ocrx_word' id='word_1_81' title='bbox 763 1328 1056 1397; x_wconf 90' lang='lat' dir='ltr'><strong>quispiam,</strong></span> <span class='ocrx_word' id='word_1_82' title='bbox 1113 1342 1182 1381; x_wconf 89' lang='lat' dir='ltr'><strong>an</strong></span> <span class='ocrx_word' id='word_1_83' title='bbox 1227 1327 1516 1381; x_wconf 86' lang='lat' dir='ltr'><strong>invocatus</strong></span> <span class='ocrx_word' id='word_1_84' title='bbox 1541 1326 1728 1391; x_wconf 82' lang='lat' dir='ltr'><strong>fuerit,</strong></span> <span class='ocrx_word' id='word_1_85' title='bbox 1766 1327 2073 1395; x_wconf 80' lang='lat' dir='ltr'><strong>inspicere;</strong></span> 
     </span>
    </p>
   </div>
   <div class='ocr_carea' id='block_1_15' title="bbox 487 1419 2074 1490">
    <p class='ocr_par' dir='ltr' id='par_1_15' title="bbox 487 1419 2074 1490">
     <span class='ocr_line' id='line_1_15' title="bbox 487 1419 2074 1490; baseline -0.002 -13"><span class='ocrx_word' id='word_1_86' title='bbox 487 1428 607 1485; x_wconf 85' lang='lat' dir='ltr'><strong>sed,</strong></span> <span class='ocrx_word' id='word_1_87' title='bbox 641 1437 709 1474; x_wconf 90' lang='lat' dir='ltr'><strong>an</strong></span> <span class='ocrx_word' id='word_1_88' title='bbox 742 1436 866 1475; x_wconf 89' lang='lat' dir='ltr'><strong>vera</strong></span> <span class='ocrx_word' id='word_1_89' title='bbox 891 1421 1021 1483; x_wconf 86' lang='lat' dir='ltr'><strong>sint,</strong></span> <span class='ocrx_word' id='word_1_90' title='bbox 1053 1434 1172 1489; x_wconf 84' lang='lat' dir='ltr'><strong>quae</strong></span> <span class='ocrx_word' id='word_1_91' title='bbox 1199 1428 1401 1475; x_wconf 90' lang='lat' dir='ltr'><strong>statuta</strong></span> <span class='ocrx_word' id='word_1_92' title='bbox 1452 1419 1675 1483; x_wconf 78' lang='lat' dir='ltr'><strong>fuerint,</strong></span> <span class='ocrx_word' id='word_1_93' title='bbox 1705 1421 2074 1490; x_wconf 88' lang='lat' dir='ltr'><strong>perpendere:</strong></span> 
     </span>
    </p>
   </div>
   <div class='ocr_carea' id='block_1_16' title="bbox 491 1510 2077 1580">
    <p class='ocr_par' dir='ltr' id='par_1_16' title="bbox 491 1510 2077 1580">
     <span class='ocr_line' id='line_1_16' title="bbox 491 1510 2077 1580; baseline 0.001 -15"><span class='ocrx_word' id='word_1_94' title='bbox 491 1529 557 1566; x_wconf 86' lang='lat' dir='ltr'><strong>ne</strong></span> <span class='ocrx_word' id='word_1_95' title='bbox 593 1514 838 1567; x_wconf 87' lang='lat' dir='ltr'><strong>videatur</strong></span> <span class='ocrx_word' id='word_1_96' title='bbox 867 1512 1134 1580; x_wconf 83' lang='lat' dir='ltr'><strong>quispiam</strong></span> <span class='ocrx_word' id='word_1_97' title='bbox 1186 1526 1295 1565; x_wconf 91' lang='lat' dir='ltr'><strong>non</strong></span> <span class='ocrx_word' id='word_1_98' title='bbox 1331 1511 1577 1565; x_wconf 78' lang='lat' dir='ltr'><strong>veritatis</strong></span> <span class='ocrx_word' id='word_1_99' title='bbox 1623 1525 1811 1566; x_wconf 89' lang='lat' dir='ltr'><strong>curam</strong></span> <span class='ocrx_word' id='word_1_100' title='bbox 1850 1510 2077 1577; x_wconf 83' lang='lat' dir='ltr'><strong>habere,</strong></span> 
     </span>
    </p>
   </div>
   <div class='ocr_carea' id='block_1_17' title="bbox 486 1601 2075 1673">
    <p class='ocr_par' dir='ltr' id='par_1_17' title="bbox 486 1601 2075 1673">
     <span class='ocr_line' id='line_1_17' title="bbox 486 1601 2075 1673; baseline 0 -14"><span class='ocrx_word' id='word_1_101' title='bbox 486 1607 583 1659; x_wconf 89' lang='lat' dir='ltr'><strong>sed</strong></span> <span class='ocrx_word' id='word_1_102' title='bbox 616 1606 812 1671; x_wconf 87' lang='lat' dir='ltr'><strong>solum,</strong></span> <span class='ocrx_word' id='word_1_103' title='bbox 840 1604 934 1673; x_wconf 86' lang='lat' dir='ltr'><strong>qui</strong></span> <span class='ocrx_word' id='word_1_104' title='bbox 965 1612 1191 1658; x_wconf 90' lang='lat' dir='ltr'><strong>vocatus</strong></span> <span class='ocrx_word' id='word_1_105' title='bbox 1243 1619 1349 1657; x_wconf 86' lang='lat' dir='ltr'><strong>non</strong></span> <span class='ocrx_word' id='word_1_106' title='bbox 1405 1603 1588 1667; x_wconf 82' lang='lat' dir='ltr'><strong>fuerit,</strong></span> <span class='ocrx_word' id='word_1_107' title='bbox 1625 1601 1843 1672; x_wconf 79' lang='lat' dir='ltr'><strong>indigne</strong></span> <span class='ocrx_word' id='word_1_108' title='bbox 1882 1603 2030 1659; x_wconf 82' lang='lat' dir='ltr'><strong>ferre</strong></span> <span class='ocrx_word' id='word_1_109' title='bbox 2061 1625 2075 1659; x_wconf 86' lang='lat'><strong>;</strong></span> 
     </span>
    </p>
   </div>
   <div class='ocr_carea' id='block_1_18' title="bbox 486 1694 2077 1767">
    <p class='ocr_par' dir='ltr' id='par_1_18' title="bbox 486 1694 2077 1767">
     <span class='ocr_line' id='line_1_18' title="bbox 486 1694 2077 1767; baseline -0.001 -17"><span class='ocrx_word' id='word_1_110' title='bbox 486 1699 632 1767; x_wconf 87' lang='lat' dir='ltr'><strong>quod</strong></span> <span class='ocrx_word' id='word_1_111' title='bbox 665 1698 752 1751; x_wconf 86' lang='lat' dir='ltr'><strong>isti</strong></span> <span class='ocrx_word' id='word_1_112' title='bbox 788 1697 947 1751; x_wconf 86' lang='lat' dir='ltr'><strong>modo</strong></span> <span class='ocrx_word' id='word_1_113' title='bbox 974 1694 1200 1757; x_wconf 91' lang='lat' dir='ltr'><strong>faciunt,</strong></span> <span class='ocrx_word' id='word_1_114' title='bbox 1231 1695 1356 1750; x_wconf 89' lang='lat' dir='ltr'><strong>dum</strong></span> <span class='ocrx_word' id='word_1_115' title='bbox 1390 1696 1622 1749; x_wconf 80' lang='lat' dir='ltr'><strong>honores</strong></span> <span class='ocrx_word' id='word_1_116' title='bbox 1674 1709 1739 1748; x_wconf 89' lang='lat' dir='ltr'><strong>ac</strong></span> <span class='ocrx_word' id='word_1_117' title='bbox 1780 1694 2077 1765; x_wconf 86' lang='lat' dir='ltr'><strong>primatum</strong></span> 
     </span>
    </p>
   </div>
   <div class='ocr_carea' id='block_1_19' title="bbox 2174 493 3759 564">
    <p class='ocr_par' dir='ltr' id='par_1_19' title="bbox 2174 493 3759 564">
     <span class='ocr_line' id='line_1_19' title="bbox 2174 493 3759 564; baseline -0.005 -9"><span class='ocrx_word' id='word_1_118' title='bbox 2174 501 2429 555; x_wconf 91' lang='lat' dir='ltr'><strong>unionem</strong></span> <span class='ocrx_word' id='word_1_119' title='bbox 2483 498 2681 561; x_wconf 84' lang='lat' dir='ltr'><strong>vocati,</strong></span> <span class='ocrx_word' id='word_1_120' title='bbox 2711 493 3073 563; x_wconf 85' lang='lat' dir='ltr'><strong>adiectionem</strong></span> <span class='ocrx_word' id='word_1_121' title='bbox 3122 494 3274 564; x_wconf 83' lang='lat' dir='ltr'><strong>prius</strong></span> <span class='ocrx_word' id='word_1_122' title='bbox 3322 493 3523 547; x_wconf 87' lang='lat' dir='ltr'><strong>auferri</strong></span> <span class='ocrx_word' id='word_1_123' title='bbox 3576 504 3759 562; x_wconf 85' lang='lat' dir='ltr'><strong>posm-</strong></span> 
     </span>
    </p>
   </div>
   <div class='ocr_carea' id='block_1_20' title="bbox 2173 584 3756 660">
    <p class='ocr_par' dir='ltr' id='par_1_20' title="bbox 2173 584 3756 660">
     <span class='ocr_line' id='line_1_20' title="bbox 2173 584 3756 660; baseline -0.003 -16"><span class='ocrx_word' id='word_1_124' title='bbox 2173 590 2407 644; x_wconf 83' lang='lat' dir='ltr'><strong>labant:</strong></span> <span class='ocrx_word' id='word_1_125' title='bbox 2457 589 2654 660; x_wconf 86' lang='lat' dir='ltr'><strong>quibus</strong></span> <span class='ocrx_word' id='word_1_126' title='bbox 2705 601 3024 656; x_wconf 88' lang='lat' dir='ltr'><strong>responsum</strong></span> <span class='ocrx_word' id='word_1_127' title='bbox 3075 593 3193 652; x_wconf 88' lang='lat' dir='ltr'><strong>est,</strong></span> <span class='ocrx_word' id='word_1_128' title='bbox 3225 584 3369 655; x_wconf 89' lang='lat' dir='ltr'><strong>quod</strong></span> <span class='ocrx_word' id='word_1_129' title='bbox 3429 585 3476 639; x_wconf 90' lang='lat' dir='ltr'><strong>si</strong></span> <span class='ocrx_word' id='word_1_130' title='bbox 3539 586 3756 654; x_wconf 87' lang='lat' dir='ltr'><strong>quidem</strong></span> 
     </span>
    </p>
   </div>
   <div class='ocr_carea' id='block_1_21' title="bbox 2180 678 3761 746">
    <p class='ocr_par' dir='ltr' id='par_1_21' title="bbox 2180 678 3761 746">
     <span class='ocr_line' id='line_1_21' title="bbox 2180 678 3761 746; baseline -0.003 -10"><span class='ocrx_word' id='word_1_131' title='bbox 2180 681 2327 736; x_wconf 89' lang='lat' dir='ltr'><strong>nulla</strong></span> <span class='ocrx_word' id='word_1_132' title='bbox 2362 681 2556 736; x_wconf 87' lang='lat' dir='ltr'><strong>fuisset</strong></span> <span class='ocrx_word' id='word_1_133' title='bbox 2594 679 2914 745; x_wconf 88' lang='lat' dir='ltr'><strong>adiectionis</strong></span> <span class='ocrx_word' id='word_1_134' title='bbox 2965 692 3157 741; x_wconf 86' lang='lat' dir='ltr'><strong>causa,</strong></span> <span class='ocrx_word' id='word_1_135' title='bbox 3195 693 3299 732; x_wconf 91' lang='lat' dir='ltr'><strong>non</strong></span> <span class='ocrx_word' id='word_1_136' title='bbox 3330 678 3521 732; x_wconf 81' lang='lat' dir='ltr'><strong>fuisset</strong></span> <span class='ocrx_word' id='word_1_137' title='bbox 3550 694 3577 730; x_wconf 88' lang='lat' dir='ltr'><strong>a</strong></span> <span class='ocrx_word' id='word_1_138' title='bbox 3610 680 3761 746; x_wconf 87' lang='lat' dir='ltr'><strong>prin-</strong></span> 
     </span>
    </p>
   </div>
   <div class='ocr_carea' id='block_1_22' title="bbox 2173 771 3762 844">
    <p class='ocr_par' dir='ltr' id='par_1_22' title="bbox 2173 771 3762 844">
     <span class='ocr_line' id='line_1_22' title="bbox 2173 771 3762 844; baseline -0.003 -14"><span class='ocrx_word' id='word_1_139' title='bbox 2173 775 2315 844; x_wconf 90' lang='lat' dir='ltr'><strong>cipio</strong></span> <span class='ocrx_word' id='word_1_140' title='bbox 2342 774 2607 844; x_wconf 84' lang='lat' dir='ltr'><strong>apposita.</strong></span> <span class='ocrx_word' id='word_1_141' title='bbox 2640 772 2772 827; x_wconf 83' lang='lat' dir='ltr'><strong>Erat</strong></span> <span class='ocrx_word' id='word_1_142' title='bbox 2794 772 2962 835; x_wconf 88' lang='lat' dir='ltr'><strong>enim,</strong></span> <span class='ocrx_word' id='word_1_143' title='bbox 2994 773 3210 840; x_wconf 83' lang='lat' dir='ltr'><strong>quando</strong></span> <span class='ocrx_word' id='word_1_144' title='bbox 3262 779 3491 840; x_wconf 89' lang='lat' dir='ltr'><strong>utraque</strong></span> <span class='ocrx_word' id='word_1_145' title='bbox 3522 771 3762 826; x_wconf 73' lang='lat' dir='ltr'><strong>Ecclesia</strong></span> 
     </span>
    </p>
   </div>
   <div class='ocr_carea' id='block_1_23' title="bbox 2176 861 3762 933">
    <p class='ocr_par' dir='ltr' id='par_1_23' title="bbox 2176 861 3762 933">
     <span class='ocr_line' id='line_1_23' title="bbox 2176 861 3762 933; baseline -0.003 -13"><span class='ocrx_word' id='word_1_146' title='bbox 2176 867 2294 920; x_wconf 87' lang='lat' dir='ltr'><strong>sine</strong></span> <span class='ocrx_word' id='word_1_147' title='bbox 2347 865 2440 921; x_wconf 90' lang='lat' dir='ltr'><strong>illa</strong></span> <span class='ocrx_word' id='word_1_148' title='bbox 2493 865 2800 933; x_wconf 85' lang='lat' dir='ltr'><strong>adiectione</strong></span> <span class='ocrx_word' id='word_1_149' title='bbox 2851 863 3168 933; x_wconf 81' lang='lat' dir='ltr'><strong>Symbolum</strong></span> <span class='ocrx_word' id='word_1_150' title='bbox 3226 861 3459 929; x_wconf 76' lang='lat' dir='ltr'><strong>legebat,</strong></span> <span class='ocrx_word' id='word_1_151' title='bbox 3501 871 3664 931; x_wconf 89' lang='lat' dir='ltr'><strong>atque</strong></span> <span class='ocrx_word' id='word_1_152' title='bbox 3696 877 3762 916; x_wconf 80' lang='lat' dir='ltr'><strong>ex</strong></span> 
     </span>
    </p>
   </div>
   <div class='ocr_carea' id='block_1_24' title="bbox 2174 954 3760 1028">
    <p class='ocr_par' dir='ltr' id='par_1_24' title="bbox 2174 954 3760 1028">
     <span class='ocr_line' id='line_1_24' title="bbox 2174 954 3760 1028; baseline -0.003 -15"><span class='ocrx_word' id='word_1_153' title='bbox 2174 958 2317 1013; x_wconf 87' lang='lat' dir='ltr'><strong>Filio</strong></span> <span class='ocrx_word' id='word_1_154' title='bbox 2348 958 2643 1028; x_wconf 87' lang='lat' dir='ltr'><strong>procedere</strong></span> <span class='ocrx_word' id='word_1_155' title='bbox 2698 955 2957 1025; x_wconf 85' lang='lat' dir='ltr'><strong>Spiritum</strong></span> <span class='ocrx_word' id='word_1_156' title='bbox 3007 965 3275 1016; x_wconf 89' lang='lat' dir='ltr'><strong>sanctmn,</strong></span> <span class='ocrx_word' id='word_1_157' title='bbox 3306 954 3446 1022; x_wconf 88' lang='lat' dir='ltr'><strong>apud</strong></span> <span class='ocrx_word' id='word_1_158' title='bbox 3484 969 3674 1009; x_wconf 90' lang='lat' dir='ltr'><strong>omnes</strong></span> <span class='ocrx_word' id='word_1_159' title='bbox 3707 956 3760 1009; x_wconf 89' lang='lat' dir='ltr'><strong>in</strong></span> 
     </span>
    </p>
   </div>
   <div class='ocr_carea' id='block_1_25' title="bbox 2177 1045 3763 1115">
    <p class='ocr_par' dir='ltr' id='par_1_25' title="bbox 2177 1045 3763 1115">
     <span class='ocr_line' id='line_1_25' title="bbox 2177 1045 3763 1115; baseline -0.001 -12"><span class='ocrx_word' id='word_1_160' title='bbox 2177 1048 2416 1103; x_wconf 81' lang='lat' dir='ltr'><strong>Ecclesia</strong></span> <span class='ocrx_word' id='word_1_161' title='bbox 2442 1047 2794 1110; x_wconf 88' lang='lat' dir='ltr'><strong>reticebatur,</strong></span> <span class='ocrx_word' id='word_1_162' title='bbox 2816 1061 2937 1101; x_wconf 92' lang='lat' dir='ltr'><strong>cum</strong></span> <span class='ocrx_word' id='word_1_163' title='bbox 2962 1046 3105 1100; x_wconf 92' lang='lat' dir='ltr'><strong>nulla</strong></span> <span class='ocrx_word' id='word_1_164' title='bbox 3127 1047 3192 1100; x_wconf 80' lang='lat' dir='ltr'><strong>ds</strong></span> <span class='ocrx_word' id='word_1_165' title='bbox 3223 1046 3323 1101; x_wconf 87' lang='lat' dir='ltr'><strong>hoc</strong></span> <span class='ocrx_word' id='word_1_166' title='bbox 3338 1055 3485 1101; x_wconf 81' lang='lat' dir='ltr'><strong>esset</strong></span> <span class='ocrx_word' id='word_1_167' title='bbox 3508 1045 3763 1115; x_wconf 64' lang='lat' dir='ltr'><strong>quaestio.</strong></span> 
     </span>
    </p>
   </div>
   <div class='ocr_carea' id='block_1_26' title="bbox 2250 1136 3767 1208">
    <p class='ocr_par' dir='ltr' id='par_1_26' title="bbox 2250 1136 3767 1208">
     <span class='ocr_line' id='line_1_26' title="bbox 2250 1136 3767 1208; baseline -0.002 -14"><span class='ocrx_word' id='word_1_168' title='bbox 2250 1139 2443 1195; x_wconf 80' lang='lat' dir='ltr'><strong>Postea</strong></span> <span class='ocrx_word' id='word_1_169' title='bbox 2495 1153 2624 1193; x_wconf 85' lang='lat' dir='ltr'><strong>vero</strong></span> <span class='ocrx_word' id='word_1_170' title='bbox 2652 1153 2817 1208; x_wconf 90' lang='lat' dir='ltr'><strong>quam</strong></span> <span class='ocrx_word' id='word_1_171' title='bbox 2869 1137 3193 1206; x_wconf 88' lang='lat' dir='ltr'><strong>quibusdam</strong></span> <span class='ocrx_word' id='word_1_172' title='bbox 3240 1136 3767 1203; x_wconf 76' lang='lat' dir='ltr'><strong>contradicentibus,</strong></span> 
     </span>
    </p>
   </div>
   <div class='ocr_carea' id='block_1_27' title="bbox 2179 1228 3770 1301">
    <p class='ocr_par' dir='ltr' id='par_1_27' title="bbox 2179 1228 3770 1301">
     <span class='ocr_line' id='line_1_27' title="bbox 2179 1228 3770 1301; baseline -0.001 -15"><span class='ocrx_word' id='word_1_173' title='bbox 2179 1233 2367 1301; x_wconf 86' lang='lat' dir='ltr'><strong>positis</strong></span> <span class='ocrx_word' id='word_1_174' title='bbox 2388 1232 2512 1286; x_wconf 86' lang='lat' dir='ltr'><strong>ﬁdei</strong></span> <span class='ocrx_word' id='word_1_175' title='bbox 2535 1232 2801 1297; x_wconf 83' lang='lat' dir='ltr'><strong>terminis,</strong></span> <span class='ocrx_word' id='word_1_176' title='bbox 2826 1230 3132 1299; x_wconf 85' lang='lat' dir='ltr'><strong>Filinmque</strong></span> <span class='ocrx_word' id='word_1_177' title='bbox 3152 1230 3412 1284; x_wconf 82' lang='lat' dir='ltr'><strong>minorem</strong></span> <span class='ocrx_word' id='word_1_178' title='bbox 3438 1228 3595 1284; x_wconf 85' lang='lat' dir='ltr'><strong>Patre</strong></span> <span class='ocrx_word' id='word_1_179' title='bbox 3618 1230 3770 1285; x_wconf 83' lang='lat' dir='ltr'><strong>blas-</strong></span> 
     </span>
    </p>
   </div>
   <div class='ocr_carea' id='block_1_28' title="bbox 2182 1322 3773 1393">
    <p class='ocr_par' dir='ltr' id='par_1_28' title="bbox 2182 1322 3773 1393">
     <span class='ocr_line' id='line_1_28' title="bbox 2182 1322 3773 1393; baseline 0.001 -17"><span class='ocrx_word' id='word_1_180' title='bbox 2182 1324 2593 1392; x_wconf 78' lang='lat' dir='ltr'><strong>pliemantibus,</strong></span> <span class='ocrx_word' id='word_1_181' title='bbox 2625 1325 2750 1393; x_wconf 85' lang='lat' dir='ltr'><strong>quia</strong></span> <span class='ocrx_word' id='word_1_182' title='bbox 2792 1324 3053 1393; x_wconf 77' lang='lat' dir='ltr'><strong>scriptum</strong></span> <span class='ocrx_word' id='word_1_183' title='bbox 3085 1324 3139 1377; x_wconf 92' lang='lat' dir='ltr'><strong>in</strong></span> <span class='ocrx_word' id='word_1_184' title='bbox 3168 1322 3426 1392; x_wconf 87' lang='lat' dir='ltr'><strong>Symbolo</strong></span> <span class='ocrx_word' id='word_1_185' title='bbox 3467 1338 3572 1377; x_wconf 89' lang='lat' dir='ltr'><strong>non</strong></span> <span class='ocrx_word' id='word_1_186' title='bbox 3620 1332 3773 1377; x_wconf 80' lang='lat' dir='ltr'><strong>esset</strong></span> 
     </span>
    </p>
   </div>
   <div class='ocr_carea' id='block_1_29' title="bbox 2183 1413 3773 1486">
    <p class='ocr_par' dir='ltr' id='par_1_29' title="bbox 2183 1413 3773 1486">
     <span class='ocr_line' id='line_1_29' title="bbox 2183 1413 3773 1486; baseline -0.001 -15"><span class='ocrx_word' id='word_1_187' title='bbox 2183 1417 2442 1486; x_wconf 87' lang='lat' dir='ltr'><strong>Spiritum</strong></span> <span class='ocrx_word' id='word_1_188' title='bbox 2500 1427 2748 1471; x_wconf 90' lang='lat' dir='ltr'><strong>sanctum</strong></span> <span class='ocrx_word' id='word_1_189' title='bbox 2806 1416 2971 1470; x_wconf 85' lang='lat' dir='ltr'><strong>etiam</strong></span> <span class='ocrx_word' id='word_1_190' title='bbox 3004 1430 3072 1471; x_wconf 78' lang='lat' dir='ltr'><strong>ex</strong></span> <span class='ocrx_word' id='word_1_191' title='bbox 3134 1413 3271 1471; x_wconf 82' lang='lat' dir='ltr'><strong>Filio</strong></span> <span class='ocrx_word' id='word_1_192' title='bbox 3325 1420 3653 1485; x_wconf 86' lang='lat' dir='ltr'><strong>procedere;</strong></span> <span class='ocrx_word' id='word_1_193' title='bbox 3704 1431 3773 1470; x_wconf 90' lang='lat' dir='ltr'><strong>ac</strong></span> 
     </span>
    </p>
   </div>
   <div class='ocr_carea' id='block_1_30' title="bbox 2180 1504 3774 1578">
    <p class='ocr_par' dir='ltr' id='par_1_30' title="bbox 2180 1504 3774 1578">
     <span class='ocr_line' id='line_1_30' title="bbox 2180 1504 3774 1578; baseline -0.003 -15"><span class='ocrx_word' id='word_1_194' title='bbox 2180 1504 2463 1578; x_wconf 83' lang='lat' dir='ltr'><strong>propterea</strong></span> <span class='ocrx_word' id='word_1_195' title='bbox 2504 1507 2632 1562; x_wconf 88' lang='lat' dir='ltr'><strong>Filii</strong></span> <span class='ocrx_word' id='word_1_196' title='bbox 2686 1508 2751 1562; x_wconf 90' lang='lat' dir='ltr'><strong>ad</strong></span> <span class='ocrx_word' id='word_1_197' title='bbox 2801 1506 3017 1563; x_wconf 86' lang='lat' dir='ltr'><strong>Patrem</strong></span> <span class='ocrx_word' id='word_1_198' title='bbox 3064 1506 3431 1573; x_wconf 87' lang='lat' dir='ltr'><strong>identitatem,</strong></span> <span class='ocrx_word' id='word_1_199' title='bbox 3460 1506 3774 1561; x_wconf 84' lang='lat' dir='ltr'><strong>incommu-</strong></span> 
     </span>
    </p>
   </div>
   <div class='ocr_carea' id='block_1_31' title="bbox 2184 1599 3779 1674">
    <p class='ocr_par' dir='ltr' id='par_1_31' title="bbox 2184 1599 3779 1674">
     <span class='ocr_line' id='line_1_31' title="bbox 2184 1599 3779 1674; baseline -0.001 -20"><span class='ocrx_word' id='word_1_200' title='bbox 2184 1602 2612 1671; x_wconf 84' lang='lat' dir='ltr'><strong>tabilitatemque</strong></span> <span class='ocrx_word' id='word_1_201' title='bbox 2660 1600 3058 1674; x_wconf 57' lang='lat' dir='ltr'><strong>(inferentibus,</strong></span> <span class='ocrx_word' id='word_1_202' title='bbox 3092 1600 3261 1655; x_wconf 88' lang='lat' dir='ltr'><strong>dictio</strong></span> <span class='ocrx_word' id='word_1_203' title='bbox 3296 1600 3397 1653; x_wconf 67' lang='lat' dir='ltr'><strong>illa</strong></span> <span class='ocrx_word' id='word_1_204' title='bbox 3448 1615 3544 1667; x_wconf 87' lang='lat' dir='ltr'><strong>pro</strong></span> <span class='ocrx_word' id='word_1_205' title='bbox 3588 1599 3779 1653; x_wconf 69' lang='lat' dir='ltr'><strong>deria-</strong></span> 
     </span>
    </p>
   </div>
   <div class='ocr_carea' id='block_1_32' title="bbox 2185 1692 3778 1762">
    <p class='ocr_par' dir='ltr' id='par_1_32' title="bbox 2185 1692 3778 1762">
     <span class='ocr_line' id='line_1_32' title="bbox 2185 1692 3778 1762; baseline 0.001 -15"><span class='ocrx_word' id='word_1_206' title='bbox 2185 1695 2394 1747; x_wconf 90' lang='lat' dir='ltr'><strong>ratione</strong></span> <span class='ocrx_word' id='word_1_207' title='bbox 2432 1693 2666 1761; x_wconf 85' lang='lat' dir='ltr'><strong>symboli</strong></span> <span class='ocrx_word' id='word_1_208' title='bbox 2698 1693 2909 1762; x_wconf 88' lang='lat' dir='ltr'><strong>adiecta</strong></span> <span class='ocrx_word' id='word_1_209' title='bbox 2935 1701 3020 1748; x_wconf 87' lang='lat' dir='ltr'><strong>est</strong></span> <span class='ocrx_word' id='word_1_210' title='bbox 3049 1709 3063 1746; x_wconf 88' lang='lat'><strong>:</strong></span> <span class='ocrx_word' id='word_1_211' title='bbox 3097 1693 3483 1747; x_wconf 90' lang='lat' dir='ltr'><strong>communibus</strong></span> <span class='ocrx_word' id='word_1_212' title='bbox 3515 1692 3778 1748; x_wconf 77' lang='lat' dir='ltr'><strong>Ecclesia:</strong></span> 
     </span>
    </p>
   </div>
   <div class='ocr_carea' id='block_1_33' title="bbox 487 1783 3780 1863">
    <p class='ocr_par' dir='ltr' id='par_1_33' title="bbox 487 1783 3780 1863">
     <span class='ocr_line' id='line_1_33' title="bbox 487 1783 3780 1863; baseline -0.002 -20"><span class='ocrx_word' id='word_1_213' title='bbox 487 1798 784 1851; x_wconf 84' lang='lat' dir='ltr'><strong>sectantur,</strong></span> <span class='ocrx_word' id='word_1_214' title='bbox 816 1798 873 1841; x_wconf 92' lang='lat' dir='ltr'><strong>nt</strong></span> <span class='ocrx_word' id='word_1_215' title='bbox 901 1789 1002 1842; x_wconf 89' lang='lat' dir='ltr'><strong>sub</strong></span> <span class='ocrx_word' id='word_1_216' title='bbox 1030 1787 1258 1841; x_wconf 84' lang='lat' dir='ltr'><strong>Romani</strong></span> <span class='ocrx_word' id='word_1_217' title='bbox 1293 1787 1524 1863; x_wconf 82' lang='lat' dir='ltr'><strong>pastoris</strong></span> <span class='ocrx_word' id='word_1_218' title='bbox 1569 1801 1696 1841; x_wconf 91' lang='lat' dir='ltr'><strong>cura</strong></span> <span class='ocrx_word' id='word_1_219' title='bbox 1732 1795 1788 1841; x_wconf 89' lang='lat' dir='ltr'><strong>et</strong></span> <span class='ocrx_word' id='word_1_220' title='bbox 1818 1787 2078 1842; x_wconf 86' lang='lat' dir='ltr'><strong>obedien-</strong></span> <span class='ocrx_word' id='word_1_221' title='bbox 2112 1784 2152 1838; x_wconf 87' lang='grc' dir='ltr'><strong>Β</strong></span> <span class='ocrx_word' id='word_1_222' title='bbox 2185 1783 2460 1851; x_wconf 89' lang='lat' dir='ltr'><strong>magistris</strong></span> <span class='ocrx_word' id='word_1_223' title='bbox 2532 1783 2974 1849; x_wconf 88' lang='lat' dir='ltr'><strong>concinentibus,</strong></span> <span class='ocrx_word' id='word_1_224' title='bbox 3028 1790 3193 1854; x_wconf 90' lang='lat' dir='ltr'><strong>quam</strong></span> <span class='ocrx_word' id='word_1_225' title='bbox 3247 1784 3397 1837; x_wconf 86' lang='lat' dir='ltr'><strong>nefas</strong></span> <span class='ocrx_word' id='word_1_226' title='bbox 3454 1796 3598 1838; x_wconf 84' lang='lat' dir='ltr'><strong>esset</strong></span> <span class='ocrx_word' id='word_1_227' title='bbox 3673 1801 3780 1837; x_wconf 79' lang='lat' dir='ltr'><strong>au-</strong></span> 
     </span>
    </p>
   </div>
   <div class='ocr_carea' id='block_1_34' title="bbox 492 1877 2069 1949">
    <p class='ocr_par' dir='ltr' id='par_1_34' title="bbox 492 1877 2069 1949">
     <span class='ocr_line' id='line_1_34' title="bbox 492 1877 2069 1949; baseline -0.001 -15"><span class='ocrx_word' id='word_1_228' title='bbox 492 1882 586 1941; x_wconf 87' lang='lat' dir='ltr'><strong>tia,</strong></span> <span class='ocrx_word' id='word_1_229' title='bbox 624 1881 778 1946; x_wconf 77' lang='lat' dir='ltr'><strong>juxta</strong></span> <span class='ocrx_word' id='word_1_230' title='bbox 821 1880 1101 1949; x_wconf 86' lang='lat' dir='ltr'><strong>antiquum</strong></span> <span class='ocrx_word' id='word_1_231' title='bbox 1138 1892 1345 1931; x_wconf 88' lang='lat' dir='ltr'><strong>morem</strong></span> <span class='ocrx_word' id='word_1_232' title='bbox 1380 1893 1484 1930; x_wconf 92' lang='lat' dir='ltr'><strong>non</strong></span> <span class='ocrx_word' id='word_1_233' title='bbox 1533 1877 1663 1943; x_wconf 90' lang='lat' dir='ltr'><strong>sint,</strong></span> <span class='ocrx_word' id='word_1_234' title='bbox 1711 1878 2069 1945; x_wconf 67' lang='lat' dir='ltr'><strong>adiectionem</strong></span> 
     </span>
    </p>
   </div>
   <div class='ocr_carea' id='block_1_35' title="bbox 488 1970 1946 2042">
    <p class='ocr_par' dir='ltr' id='par_1_35' title="bbox 488 1970 1946 2042">
     <span class='ocr_line' id='line_1_35' title="bbox 488 1970 1946 2042; baseline -0.001 -16"><span class='ocrx_word' id='word_1_235' title='bbox 488 1972 753 2042; x_wconf 86' lang='lat' dir='ltr'><strong>Symboli,</strong></span> <span class='ocrx_word' id='word_1_236' title='bbox 787 1983 850 2026; x_wconf 90' lang='lat' dir='ltr'><strong>ut</strong></span> <span class='ocrx_word' id='word_1_237' title='bbox 877 1986 1096 2027; x_wconf 83' lang='lat' dir='ltr'><strong>causam</strong></span> <span class='ocrx_word' id='word_1_238' title='bbox 1130 1970 1506 2024; x_wconf 82' lang='lat' dir='ltr'><strong>rationabilem</strong></span> <span class='ocrx_word' id='word_1_239' title='bbox 1534 1970 1946 2039; x_wconf 72' lang='lat' dir='ltr'><strong>praetendentes.</strong></span> 
     </span>
    </p>
   </div>
   <div class='ocr_carea' id='block_1_36' title="bbox 561 2062 2080 2133">
    <p class='ocr_par' dir='ltr' id='par_1_36' title="bbox 561 2062 2080 2133">
     <span class='ocr_line' id='line_1_36' title="bbox 561 2062 2080 2133; baseline -0.001 -16"><span class='ocrx_word' id='word_1_240' title='bbox 561 2064 675 2117; x_wconf 90' lang='lat' dir='ltr'><strong>lloe</strong></span> <span class='ocrx_word' id='word_1_241' title='bbox 705 2074 1032 2119; x_wconf 90' lang='lat' dir='ltr'><strong>autemnon</strong></span> <span class='ocrx_word' id='word_1_242' title='bbox 1084 2063 1363 2133; x_wconf 79' lang='lat' dir='ltr'><strong>religionis</strong></span> <span class='ocrx_word' id='word_1_243' title='bbox 1433 2077 1498 2116; x_wconf 92' lang='lat' dir='ltr'><strong>ac</strong></span> <span class='ocrx_word' id='word_1_244' title='bbox 1558 2062 1705 2127; x_wconf 88' lang='lat' dir='ltr'><strong>fidei,</strong></span> <span class='ocrx_word' id='word_1_245' title='bbox 1737 2063 1832 2117; x_wconf 85' lang='lat' dir='ltr'><strong>sed</strong></span> <span class='ocrx_word' id='word_1_246' title='bbox 1883 2076 2080 2131; x_wconf 81' lang='lat' dir='ltr'><strong>super-</strong></span> 
     </span>
    </p>
   </div>
   <div class='ocr_carea' id='block_1_37' title="bbox 489 2152 2082 2224">
    <p class='ocr_par' dir='ltr' id='par_1_37' title="bbox 489 2152 2082 2224">
     <span class='ocr_line' id='line_1_37' title="bbox 489 2152 2082 2224; baseline -0.001 -14"><span class='ocrx_word' id='word_1_247' title='bbox 489 2157 591 2210; x_wconf 75' lang='lat' dir='ltr'><strong>bia:</strong></span> <span class='ocrx_word' id='word_1_248' title='bbox 630 2158 812 2224; x_wconf 88' lang='lat' dir='ltr'><strong>potius</strong></span> <span class='ocrx_word' id='word_1_249' title='bbox 840 2152 1089 2224; x_wconf 88' lang='lat' dir='ltr'><strong>apertum</strong></span> <span class='ocrx_word' id='word_1_250' title='bbox 1131 2155 1532 2209; x_wconf 79' lang='lat' dir='ltr'><strong>documentum</strong></span> <span class='ocrx_word' id='word_1_251' title='bbox 1573 2163 1674 2209; x_wconf 88' lang='lat' dir='ltr'><strong>est.</strong></span> <span class='ocrx_word' id='word_1_252' title='bbox 1706 2152 1873 2219; x_wconf 79' lang='lat' dir='ltr'><strong>Nam,</strong></span> <span class='ocrx_word' id='word_1_253' title='bbox 1910 2154 1953 2208; x_wconf 87' lang='lat' dir='ltr'><strong>si</strong></span> <span class='ocrx_word' id='word_1_254' title='bbox 1984 2153 2082 2208; x_wconf 88' lang='lat' dir='ltr'><strong>ad-</strong></span> 
     </span>
    </p>
   </div>
   <div class='ocr_carea' id='block_1_38' title="bbox 490 2244 2081 2316">
    <p class='ocr_par' dir='ltr' id='par_1_38' title="bbox 490 2244 2081 2316">
     <span class='ocr_line' id='line_1_38' title="bbox 490 2244 2081 2316; baseline -0.001 -16"><span class='ocrx_word' id='word_1_255' title='bbox 490 2250 750 2303; x_wconf 84' lang='lat' dir='ltr'><strong>ditionem</strong></span> <span class='ocrx_word' id='word_1_256' title='bbox 772 2249 990 2316; x_wconf 83' lang='lat' dir='ltr'><strong>impiam</strong></span> <span class='ocrx_word' id='word_1_257' title='bbox 1010 2248 1350 2309; x_wconf 75' lang='lat' dir='ltr'><strong>existimant,</strong></span> <span class='ocrx_word' id='word_1_258' title='bbox 1383 2260 1479 2300; x_wconf 90' lang='lat' dir='ltr'><strong>cur</strong></span> <span class='ocrx_word' id='word_1_259' title='bbox 1498 2245 1672 2301; x_wconf 86' lang='lat' dir='ltr'><strong>sancti</strong></span> <span class='ocrx_word' id='word_1_260' title='bbox 1696 2244 1917 2298; x_wconf 76' lang='lat' dir='ltr'><strong>Maximi</strong></span> <span class='ocrx_word' id='word_1_261' title='bbox 1947 2254 2081 2299; x_wconf 78' lang='lat' dir='ltr'><strong>tem-</strong></span> 
     </span>
    </p>
   </div>
   <div class='ocr_carea' id='block_1_39' title="bbox 488 2318 2077 2407">
    <p class='ocr_par' dir='ltr' id='par_1_39' title="bbox 488 2318 2077 2407">
     <span class='ocr_line' id='line_1_39' title="bbox 488 2318 2077 2407; baseline 0.001 -19"><span class='ocrx_word' id='word_1_262' title='bbox 488 2340 734 2406; x_wconf 83' lang='lat' dir='ltr'><strong>poribus,</strong></span> <span class='ocrx_word' id='word_1_263' title='bbox 766 2350 927 2407; x_wconf 89' lang='lat' dir='ltr'><strong>atque</strong></span> <span class='ocrx_word' id='word_1_264' title='bbox 961 2339 1125 2392; x_wconf 88' lang='lat' dir='ltr'><strong>etiam</strong></span> <span class='ocrx_word' id='word_1_265' title='bbox 1167 2350 1292 2391; x_wconf 88' lang='lat' dir='ltr'><strong>ante</strong></span> <span class='ocrx_word' id='word_1_266' title='bbox 1320 2339 1487 2399; x_wconf 89' lang='lat' dir='ltr'><strong>hunc,</strong></span> <span class='ocrx_word' id='word_1_267' title='bbox 1510 2318 1737 2405; x_wconf 81' lang='lat' dir='ltr'><strong>quando</strong></span> <span class='ocrx_word' id='word_1_268' title='bbox 1758 2335 2077 2407; x_wconf 79' lang='lat' dir='ltr'><strong>Symbolum</strong></span> 
     </span>
    </p>
   </div>
   <div class='ocr_carea' id='block_1_40' title="bbox 489 2428 2080 2497">
    <p class='ocr_par' dir='ltr' id='par_1_40' title="bbox 489 2428 2080 2497">
     <span class='ocr_line' id='line_1_40' title="bbox 489 2428 2080 2497; baseline -0.001 -13"><span class='ocrx_word' id='word_1_269' title='bbox 489 2432 562 2484; x_wconf 81' lang='lat' dir='ltr'><strong>ita</strong></span> <span class='ocrx_word' id='word_1_270' title='bbox 591 2431 768 2484; x_wconf 80' lang='lat' dir='ltr'><strong>Olllllls</strong></span> <span class='ocrx_word' id='word_1_271' title='bbox 793 2428 1155 2484; x_wconf 76' lang='lat' dir='ltr'><strong>Occidentalis</strong></span> <span class='ocrx_word' id='word_1_272' title='bbox 1181 2429 1419 2482; x_wconf 83' lang='lat' dir='ltr'><strong>Ecclesia</strong></span> <span class='ocrx_word' id='word_1_273' title='bbox 1454 2428 1686 2497; x_wconf 77' lang='lat' dir='ltr'><strong>legebat,</strong></span> <span class='ocrx_word' id='word_1_274' title='bbox 1714 2428 1909 2483; x_wconf 89' lang='lat' dir='ltr'><strong>Oriens</strong></span> <span class='ocrx_word' id='word_1_275' title='bbox 1935 2437 2080 2483; x_wconf 87' lang='lat' dir='ltr'><strong>totus</strong></span> 
     </span>
    </p>
   </div>
   <div class='ocr_carea' id='block_1_41' title="bbox 489 2517 2077 2587">
    <p class='ocr_par' dir='ltr' id='par_1_41' title="bbox 489 2517 2077 2587">
     <span class='ocr_line' id='line_1_41' title="bbox 489 2517 2077 2587; baseline 0.001 -17"><span class='ocrx_word' id='word_1_276' title='bbox 489 2520 633 2571; x_wconf 75' lang='lat' dir='ltr'><strong>lianc</strong></span> <span class='ocrx_word' id='word_1_277' title='bbox 669 2519 1004 2587; x_wconf 86' lang='lat' dir='ltr'><strong>impietatem</strong></span> <span class='ocrx_word' id='word_1_278' title='bbox 1047 2533 1151 2571; x_wconf 92' lang='lat' dir='ltr'><strong>non</strong></span> <span class='ocrx_word' id='word_1_279' title='bbox 1192 2518 1469 2587; x_wconf 81' lang='lat' dir='ltr'><strong>redarguit</strong></span> <span class='ocrx_word' id='word_1_280' title='bbox 1517 2531 1694 2586; x_wconf 85' lang='lat' dir='ltr'><strong>neque</strong></span> <span class='ocrx_word' id='word_1_281' title='bbox 1742 2517 1812 2571; x_wconf 81' lang='lat' dir='ltr'><strong>ab</strong></span> <span class='ocrx_word' id='word_1_282' title='bbox 1837 2517 2077 2572; x_wconf 85' lang='lat' dir='ltr'><strong>Ecclesia</strong></span> 
     </span>
    </p>
   </div>
   <div class='ocr_carea' id='block_1_42' title="bbox 491 2606 2082 2677">
    <p class='ocr_par' dir='ltr' id='par_1_42' title="bbox 491 2606 2082 2677">
     <span class='ocr_line' id='line_1_42' title="bbox 491 2606 2082 2677; baseline 0.003 -18"><span class='ocrx_word' id='word_1_283' title='bbox 491 2608 730 2660; x_wconf 80' lang='lat' dir='ltr'><strong>llomana</strong></span> <span class='ocrx_word' id='word_1_284' title='bbox 756 2609 1032 2662; x_wconf 87' lang='lat' dir='ltr'><strong>abscissus</strong></span> <span class='ocrx_word' id='word_1_285' title='bbox 1061 2606 1187 2661; x_wconf 75' lang='lat' dir='ltr'><strong>est?</strong></span> <span class='ocrx_word' id='word_1_286' title='bbox 1219 2610 1286 2659; x_wconf 71' lang='lat' dir='ltr'><strong>At</strong></span> <span class='ocrx_word' id='word_1_287' title='bbox 1318 2608 1369 2660; x_wconf 89' lang='lat' dir='ltr'><strong>id</strong></span> <span class='ocrx_word' id='word_1_288' title='bbox 1417 2608 1639 2677; x_wconf 90' lang='lat' dir='ltr'><strong>quidem</strong></span> <span class='ocrx_word' id='word_1_289' title='bbox 1692 2606 1765 2660; x_wconf 88' lang='lat' dir='ltr'><strong>illi</strong></span> <span class='ocrx_word' id='word_1_290' title='bbox 1800 2622 1906 2661; x_wconf 93' lang='lat' dir='ltr'><strong>non</strong></span> <span class='ocrx_word' id='word_1_291' title='bbox 1938 2608 2082 2663; x_wconf 86' lang='lat' dir='ltr'><strong>fece-</strong></span> 
     </span>
    </p>
   </div>
   <div class='ocr_carea' id='block_1_43' title="bbox 489 2697 2073 2768">
    <p class='ocr_par' dir='ltr' id='par_1_43' title="bbox 489 2697 2073 2768">
     <span class='ocr_line' id='line_1_43' title="bbox 489 2697 2073 2768; baseline 0.003 -19"><span class='ocrx_word' id='word_1_292' title='bbox 489 2708 653 2763; x_wconf 88' lang='lat' dir='ltr'><strong>runt;</strong></span> <span class='ocrx_word' id='word_1_293' title='bbox 687 2699 793 2752; x_wconf 89' lang='lat' dir='ltr'><strong>imo</strong></span> <span class='ocrx_word' id='word_1_294' title='bbox 829 2709 1017 2751; x_wconf 86' lang='lat' dir='ltr'><strong>coacta</strong></span> <span class='ocrx_word' id='word_1_295' title='bbox 1052 2708 1223 2760; x_wconf 80' lang='lat' dir='ltr'><strong>sexta,</strong></span> <span class='ocrx_word' id='word_1_296' title='bbox 1256 2708 1312 2752; x_wconf 89' lang='lat' dir='ltr'><strong>et</strong></span> <span class='ocrx_word' id='word_1_297' title='bbox 1339 2697 1567 2767; x_wconf 88' lang='lat' dir='ltr'><strong>septima</strong></span> <span class='ocrx_word' id='word_1_298' title='bbox 1624 2699 1856 2768; x_wconf 86' lang='lat' dir='ltr'><strong>synodo,</strong></span> <span class='ocrx_word' id='word_1_299' title='bbox 1888 2699 2073 2768; x_wconf 85' lang='lat' dir='ltr'><strong>adiec-</strong></span> 
     </span>
    </p>
   </div>
   <div class='ocr_carea' id='block_1_44' title="bbox 490 2788 2078 2857">
    <p class='ocr_par' dir='ltr' id='par_1_44' title="bbox 490 2788 2078 2857">
     <span class='ocr_line' id='line_1_44' title="bbox 490 2788 2078 2857; baseline 0.001 -15"><span class='ocrx_word' id='word_1_300' title='bbox 490 2791 694 2843; x_wconf 86' lang='lat' dir='ltr'><strong>tionem</strong></span> <span class='ocrx_word' id='word_1_301' title='bbox 754 2792 891 2844; x_wconf 89' lang='lat' dir='ltr'><strong>hanc</strong></span> <span class='ocrx_word' id='word_1_302' title='bbox 932 2799 991 2841; x_wconf 91' lang='lat' dir='ltr'><strong>ut</strong></span> <span class='ocrx_word' id='word_1_303' title='bbox 1056 2790 1198 2857; x_wconf 90' lang='lat' dir='ltr'><strong>piam</strong></span> <span class='ocrx_word' id='word_1_304' title='bbox 1271 2789 1475 2857; x_wconf 91' lang='lat' dir='ltr'><strong>liquido</strong></span> <span class='ocrx_word' id='word_1_305' title='bbox 1545 2788 2078 2857; x_wconf 73' lang='lat' dir='ltr'><strong>comprobaverunt:</strong></span> 
     </span>
    </p>
   </div>
   <div class='ocr_carea' id='block_1_45' title="bbox 490 2885 2077 2953">
    <p class='ocr_par' dir='ltr' id='par_1_45' title="bbox 490 2885 2077 2953">
     <span class='ocr_line' id='line_1_45' title="bbox 490 2885 2077 2953; baseline 0 -15"><span class='ocrx_word' id='word_1_306' title='bbox 490 2899 689 2953; x_wconf 90' lang='lat' dir='ltr'><strong>neque,</strong></span> <span class='ocrx_word' id='word_1_307' title='bbox 727 2885 852 2951; x_wconf 84' lang='lat' dir='ltr'><strong>quia</strong></span> <span class='ocrx_word' id='word_1_308' title='bbox 912 2885 1082 2937; x_wconf 81' lang='lat' dir='ltr'><strong>vocati</strong></span> <span class='ocrx_word' id='word_1_309' title='bbox 1146 2898 1255 2938; x_wconf 92' lang='lat' dir='ltr'><strong>non</strong></span> <span class='ocrx_word' id='word_1_310' title='bbox 1314 2895 1465 2948; x_wconf 85' lang='lat' dir='ltr'><strong>sunt,</strong></span> <span class='ocrx_word' id='word_1_311' title='bbox 1518 2885 1760 2952; x_wconf 78' lang='lat' dir='ltr'><strong>graviter</strong></span> <span class='ocrx_word' id='word_1_312' title='bbox 1813 2886 2077 2952; x_wconf 85' lang='lat' dir='ltr'><strong>tulerunt,</strong></span> 
     </span>
    </p>
   </div>
   <div class='ocr_carea' id='block_1_46' title="bbox 490 2977 1125 3032">
    <p class='ocr_par' dir='ltr' id='par_1_46' title="bbox 490 2977 1125 3032">
     <span class='ocr_line' id='line_1_46' title="bbox 490 2977 1125 3032; baseline 0 -2"><span class='ocrx_word' id='word_1_313' title='bbox 490 2989 551 3030; x_wconf 88' lang='lat' dir='ltr'><strong>ut</strong></span> <span class='ocrx_word' id='word_1_314' title='bbox 584 2979 742 3031; x_wconf 88' lang='lat' dir='ltr'><strong>modo</strong></span> <span class='ocrx_word' id='word_1_315' title='bbox 780 2979 865 3031; x_wconf 91' lang='lat' dir='ltr'><strong>isti</strong></span> <span class='ocrx_word' id='word_1_316' title='bbox 900 2977 1125 3032; x_wconf 85' lang='lat' dir='ltr'><strong>faciunt.</strong></span> 
     </span>
    </p>
   </div>
   <div class='ocr_carea' id='block_1_47' title="bbox 560 3068 2079 3139">
    <p class='ocr_par' dir='ltr' id='par_1_47' title="bbox 560 3068 2079 3139">
     <span class='ocr_line' id='line_1_47' title="bbox 560 3068 2079 3139; baseline 0.001 -16"><span class='ocrx_word' id='word_1_317' title='bbox 560 3072 670 3123; x_wconf 77' lang='lat' dir='ltr'><strong>Cur</strong></span> <span class='ocrx_word' id='word_1_318' title='bbox 733 3071 876 3123; x_wconf 88' lang='lat' dir='ltr'><strong>enim</strong></span> <span class='ocrx_word' id='word_1_319' title='bbox 910 3081 962 3122; x_wconf 93' lang='lat' dir='ltr'><strong>ct</strong></span> <span class='ocrx_word' id='word_1_320' title='bbox 1022 3069 1133 3132; x_wconf 87' lang='lat' dir='ltr'><strong>isti,</strong></span> <span class='ocrx_word' id='word_1_321' title='bbox 1188 3076 1248 3122; x_wconf 90' lang='lat' dir='ltr'><strong>ut</strong></span> <span class='ocrx_word' id='word_1_322' title='bbox 1309 3068 1407 3131; x_wconf 85' lang='lat' dir='ltr'><strong>illi,</strong></span> <span class='ocrx_word' id='word_1_323' title='bbox 1448 3069 1530 3124; x_wconf 84' lang='lat' dir='ltr'><strong>his</strong></span> <span class='ocrx_word' id='word_1_324' title='bbox 1555 3085 1674 3139; x_wconf 67' lang='lat' dir='ltr'><strong>qua:</strong></span> <span class='ocrx_word' id='word_1_325' title='bbox 1707 3079 1834 3125; x_wconf 91' lang='lat' dir='ltr'><strong>tunc</strong></span> <span class='ocrx_word' id='word_1_326' title='bbox 1862 3073 2079 3126; x_wconf 85' lang='lat' dir='ltr'><strong>decreta</strong></span> 
     </span>
    </p>
   </div>
   <div class='ocr_carea' id='block_1_48' title="bbox 491 3161 2080 3232">
    <p class='ocr_par' dir='ltr' id='par_1_48' title="bbox 491 3161 2080 3232">
     <span class='ocr_line' id='line_1_48' title="bbox 491 3161 2080 3232; baseline 0 -17"><span class='ocrx_word' id='word_1_327' title='bbox 491 3163 734 3224; x_wconf 85' lang='lat' dir='ltr'><strong>l&#39;uertmt,</strong></span> <span class='ocrx_word' id='word_1_328' title='bbox 771 3161 1015 3215; x_wconf 86' lang='lat' dir='ltr'><strong>contenti</strong></span> <span class='ocrx_word' id='word_1_329' title='bbox 1053 3177 1159 3214; x_wconf 90' lang='lat' dir='ltr'><strong>non</strong></span> <span class='ocrx_word' id='word_1_330' title='bbox 1195 3169 1322 3214; x_wconf 88' lang='lat' dir='ltr'><strong>sunt</strong></span> <span class='ocrx_word' id='word_1_331' title='bbox 1345 3161 1655 3215; x_wconf 78' lang='lat' dir='ltr'><strong>?Autenim</strong></span> <span class='ocrx_word' id='word_1_332' title='bbox 1692 3162 1824 3216; x_wconf 91' lang='lat' dir='ltr'><strong>istas</strong></span> <span class='ocrx_word' id='word_1_333' title='bbox 1845 3164 2080 3232; x_wconf 77' lang='lat' dir='ltr'><strong>synodos</strong></span> 
     </span>
    </p>
   </div>
   <div class='ocr_carea' id='block_1_49' title="bbox 489 3250 2080 3319">
    <p class='ocr_par' dir='ltr' id='par_1_49' title="bbox 489 3250 2080 3319">
     <span class='ocr_line' id='line_1_49' title="bbox 489 3250 2080 3319; baseline 0.001 -16"><span class='ocrx_word' id='word_1_334' title='bbox 489 3253 764 3304; x_wconf 71' lang='lat' dir='ltr'><strong>exsecrari</strong></span> <span class='ocrx_word' id='word_1_335' title='bbox 806 3264 1027 3303; x_wconf 86' lang='lat' dir='ltr'><strong>necesse</strong></span> <span class='ocrx_word' id='word_1_336' title='bbox 1066 3265 1169 3311; x_wconf 88' lang='lat' dir='ltr'><strong>est,</strong></span> <span class='ocrx_word' id='word_1_337' title='bbox 1195 3259 1251 3303; x_wconf 85' lang='grc' dir='ltr'><strong>ιιι</strong></span> <span class='ocrx_word' id='word_1_338' title='bbox 1276 3250 1342 3302; x_wconf 91' lang='lat' dir='ltr'><strong>ab</strong></span> <span class='ocrx_word' id='word_1_339' title='bbox 1371 3250 1678 3304; x_wconf 86' lang='lat' dir='ltr'><strong>hominibus</strong></span> <span class='ocrx_word' id='word_1_340' title='bbox 1728 3250 1909 3319; x_wconf 90' lang='lat' dir='ltr'><strong>itnpiis</strong></span> <span class='ocrx_word' id='word_1_341' title='bbox 1946 3268 2080 3305; x_wconf 89' lang='lat' dir='ltr'><strong>con-</strong></span> 
     </span>
    </p>
   </div>
   <div class='ocr_carea' id='block_1_50' title="bbox 490 3343 2080 3411">
    <p class='ocr_par' dir='ltr' id='par_1_50' title="bbox 490 3343 2080 3411">
     <span class='ocr_line' id='line_1_50' title="bbox 490 3343 2080 3411; baseline 0.001 -16"><span class='ocrx_word' id='word_1_342' title='bbox 490 3343 680 3408; x_wconf 82' lang='lat' dir='ltr'><strong>liatas;</strong></span> <span class='ocrx_word' id='word_1_343' title='bbox 710 3354 871 3411; x_wconf 89' lang='lat' dir='ltr'><strong>atque</strong></span> <span class='ocrx_word' id='word_1_344' title='bbox 898 3343 970 3394; x_wconf 88' lang='lat' dir='ltr'><strong>ita</strong></span> <span class='ocrx_word' id='word_1_345' title='bbox 996 3358 1091 3396; x_wconf 89' lang='lat' dir='ltr'><strong>eos</strong></span> <span class='ocrx_word' id='word_1_346' title='bbox 1137 3347 1229 3410; x_wconf 85' lang='lat' dir='ltr'><strong>qui</strong></span> <span class='ocrx_word' id='word_1_347' title='bbox 1270 3344 1323 3397; x_wconf 90' lang='lat' dir='ltr'><strong>in</strong></span> <span class='ocrx_word' id='word_1_348' title='bbox 1373 3343 1475 3395; x_wconf 90' lang='lat' dir='ltr'><strong>illis</strong></span> <span class='ocrx_word' id='word_1_349' title='bbox 1498 3344 1668 3405; x_wconf 85' lang='lat' dir='ltr'><strong>luere,</strong></span> <span class='ocrx_word' id='word_1_350' title='bbox 1703 3354 1940 3406; x_wconf 88' lang='lat' dir='ltr'><strong>sanctos,</strong></span> <span class='ocrx_word' id='word_1_351' title='bbox 1978 3359 2080 3397; x_wconf 89' lang='lat' dir='ltr'><strong>una</strong></span> 
     </span>
    </p>
   </div>
   <div class='ocr_carea' id='block_1_51' title="bbox 496 3435 2078 3504">
    <p class='ocr_par' dir='ltr' id='par_1_51' title="bbox 496 3435 2078 3504">
     <span class='ocr_line' id='line_1_51' title="bbox 496 3435 2078 3504; baseline 0 -15"><span class='ocrx_word' id='word_1_352' title='bbox 496 3436 769 3504; x_wconf 87' lang='lat' dir='ltr'><strong>reiicimns</strong></span> <span class='ocrx_word' id='word_1_353' title='bbox 803 3452 817 3489; x_wconf 91' lang='lat'><strong>:</strong></span> <span class='ocrx_word' id='word_1_354' title='bbox 854 3436 937 3488; x_wconf 86' lang='lat' dir='ltr'><strong>vel</strong></span> <span class='ocrx_word' id='word_1_355' title='bbox 966 3436 1096 3488; x_wconf 85' lang='lat' dir='ltr'><strong>istas</strong></span> <span class='ocrx_word' id='word_1_356' title='bbox 1126 3438 1379 3504; x_wconf 87' lang='lat' dir='ltr'><strong>probare,</strong></span> <span class='ocrx_word' id='word_1_357' title='bbox 1401 3445 1455 3488; x_wconf 91' lang='lat' dir='ltr'><strong>et</strong></span> <span class='ocrx_word' id='word_1_358' title='bbox 1481 3437 1575 3503; x_wconf 90' lang='lat' dir='ltr'><strong>qui</strong></span> <span class='ocrx_word' id='word_1_359' title='bbox 1609 3435 1729 3488; x_wconf 88' lang='lat' dir='ltr'><strong>illas</strong></span> <span class='ocrx_word' id='word_1_360' title='bbox 1756 3446 2078 3504; x_wconf 82' lang='lat' dir='ltr'><strong>coegerunt,</strong></span> 
     </span>
    </p>
   </div>
   <div class='ocr_carea' id='block_1_52' title="bbox 494 3527 2079 3602">
    <p class='ocr_par' dir='ltr' id='par_1_52' title="bbox 494 3527 2079 3602">
     <span class='ocr_line' id='line_1_52' title="bbox 494 3527 2079 3602; baseline 0.001 -22"><span class='ocrx_word' id='word_1_361' title='bbox 494 3530 716 3602; x_wconf 85' lang='lat' dir='ltr'><strong>ntpios</strong></span> <span class='ocrx_word' id='word_1_362' title='bbox 770 3546 836 3580; x_wconf 87' lang='lat' dir='ltr'><strong>ac</strong></span> <span class='ocrx_word' id='word_1_363' title='bbox 894 3529 1179 3597; x_wconf 77' lang='lat' dir='ltr'><strong>religiosos</strong></span> <span class='ocrx_word' id='word_1_364' title='bbox 1237 3542 1344 3581; x_wconf 74' lang='lat' dir='ltr'><strong>una</strong></span> <span class='ocrx_word' id='word_1_365' title='bbox 1396 3530 1698 3594; x_wconf 73' lang='lat' dir='ltr'><strong>suscipere.</strong></span> <span class='ocrx_word' id='word_1_366' title='bbox 1735 3527 1849 3581; x_wconf 88' lang='lat' dir='ltr'><strong>lloc</strong></span> <span class='ocrx_word' id='word_1_367' title='bbox 1897 3540 2079 3582; x_wconf 89' lang='lat' dir='ltr'><strong>autem</strong></span> 
     </span>
    </p>
   </div>
   <div class='ocr_carea' id='block_1_53' title="bbox 494 3621 2079 3689">
    <p class='ocr_par' dir='ltr' id='par_1_53' title="bbox 494 3621 2079 3689">
     <span class='ocr_line' id='line_1_53' title="bbox 494 3621 2079 3689; baseline 0 -14"><span class='ocrx_word' id='word_1_368' title='bbox 494 3631 713 3675; x_wconf 85' lang='lat' dir='ltr'><strong>nostros</strong></span> <span class='ocrx_word' id='word_1_369' title='bbox 744 3631 873 3675; x_wconf 89' lang='lat' dir='ltr'><strong>tunc</strong></span> <span class='ocrx_word' id='word_1_370' title='bbox 925 3621 1368 3675; x_wconf 81' lang='lat' dir='ltr'><strong>Occidentalibus</strong></span> <span class='ocrx_word' id='word_1_371' title='bbox 1417 3623 1738 3689; x_wconf 81' lang='lat' dir='ltr'><strong>congruisse</strong></span> <span class='ocrx_word' id='word_1_372' title='bbox 1784 3622 2079 3687; x_wconf 71' lang='lat' dir='ltr'><strong>signiﬁcat.</strong></span> 
     </span>
    </p>
   </div>
   <div class='ocr_carea' id='block_1_54' title="bbox 492 3712 2081 3780">
    <p class='ocr_par' dir='ltr' id='par_1_54' title="bbox 492 3712 2081 3780">
     <span class='ocr_line' id='line_1_54' title="bbox 492 3712 2081 3780; baseline 0.002 -17"><span class='ocrx_word' id='word_1_373' title='bbox 492 3714 781 3780; x_wconf 89' lang='lat' dir='ltr'><strong>Quocirca,</strong></span> <span class='ocrx_word' id='word_1_374' title='bbox 836 3728 1064 3767; x_wconf 76' lang='lat' dir='ltr'><strong>necesse</strong></span> <span class='ocrx_word' id='word_1_375' title='bbox 1109 3729 1215 3765; x_wconf 92' lang='lat' dir='ltr'><strong>non</strong></span> <span class='ocrx_word' id='word_1_376' title='bbox 1264 3712 1387 3778; x_wconf 89' lang='lat' dir='ltr'><strong>fuit,</strong></span> <span class='ocrx_word' id='word_1_377' title='bbox 1434 3723 1493 3765; x_wconf 91' lang='lat' dir='ltr'><strong>ut</strong></span> <span class='ocrx_word' id='word_1_378' title='bbox 1545 3715 1746 3765; x_wconf 89' lang='lat' dir='ltr'><strong>dictum</strong></span> <span class='ocrx_word' id='word_1_379' title='bbox 1815 3712 2081 3775; x_wconf 81' lang='lat' dir='ltr'><strong>cst,istos</strong></span> 
     </span>
    </p>
   </div>
   <div class='ocr_carea' id='block_1_55' title="bbox 488 3792 2101 3876">
    <p class='ocr_par' dir='ltr' id='par_1_55' title="bbox 488 3792 2101 3876">
     <span class='ocr_line' id='line_1_55' title="bbox 488 3792 2101 3876; baseline -0.002 -16"><span class='ocrx_word' id='word_1_380' title='bbox 488 3811 806 3876; x_wconf 84' lang='lat' dir='ltr'><strong>congregari</strong></span> <span class='ocrx_word' id='word_1_381' title='bbox 835 3824 851 3873; x_wconf 90' lang='lat'><strong>;</strong></span> <span class='ocrx_word' id='word_1_382' title='bbox 880 3822 1000 3860; x_wconf 86' lang='lat' dir='ltr'><strong>cum</strong></span> <span class='ocrx_word' id='word_1_383' title='bbox 1056 3806 1143 3859; x_wconf 90' lang='lat' dir='ltr'><strong>vel</strong></span> <span class='ocrx_word' id='word_1_384' title='bbox 1168 3820 1233 3858; x_wconf 75' lang='lat' dir='ltr'><strong>ex</strong></span> <span class='ocrx_word' id='word_1_385' title='bbox 1296 3805 1418 3861; x_wconf 88' lang='lat' dir='ltr'><strong>tidei</strong></span> <span class='ocrx_word' id='word_1_386' title='bbox 1476 3805 1780 3873; x_wconf 80' lang='lat' dir='ltr'><strong>principiis,</strong></span> <span class='ocrx_word' id='word_1_387' title='bbox 1814 3821 1878 3859; x_wconf 91' lang='lat' dir='ltr'><strong>ac</strong></span> <span class='ocrx_word' id='word_1_388' title='bbox 1915 3792 2101 3858; x_wconf 44' lang='lat' dir='ltr'><strong>sane?</strong></span> 
     </span>
    </p>
   </div>
   <div class='ocr_carea' id='block_1_56' title="bbox 492 3894 2076 3957">
    <p class='ocr_par' dir='ltr' id='par_1_56' title="bbox 492 3894 2076 3957">
     <span class='ocr_line' id='line_1_56' title="bbox 492 3894 2076 3957; baseline 0 -7"><span class='ocrx_word' id='word_1_389' title='bbox 492 3909 669 3950; x_wconf 87' lang='lat' dir='ltr'><strong>torum</strong></span> <span class='ocrx_word' id='word_1_390' title='bbox 734 3898 1047 3955; x_wconf 84' lang='lat' dir='ltr'><strong>sententiis,</strong></span> <span class='ocrx_word' id='word_1_391' title='bbox 1104 3894 1438 3948; x_wconf 87' lang='lat' dir='ltr'><strong>additionem</strong></span> <span class='ocrx_word' id='word_1_392' title='bbox 1505 3895 1867 3949; x_wconf 84' lang='lat' dir='ltr'><strong>rectissimam</strong></span> <span class='ocrx_word' id='word_1_393' title='bbox 1935 3912 2076 3957; x_wconf 84' lang='lat' dir='ltr'><strong>esse,</strong></span> 
     </span>
    </p>
   </div>
   <div class='ocr_carea' id='block_1_57' title="bbox 492 3987 2077 4058">
    <p class='ocr_par' dir='ltr' id='par_1_57' title="bbox 492 3987 2077 4058">
     <span class='ocr_line' id='line_1_57' title="bbox 492 3987 2077 4058; baseline 0.001 -16"><span class='ocrx_word' id='word_1_394' title='bbox 492 4005 815 4058; x_wconf 85' lang='lat' dir='ltr'><strong>persuasum</strong></span> <span class='ocrx_word' id='word_1_395' title='bbox 852 3990 933 4042; x_wconf 91' lang='lat' dir='ltr'><strong>eis</strong></span> <span class='ocrx_word' id='word_1_396' title='bbox 984 3988 1199 4051; x_wconf 87' lang='lat' dir='ltr'><strong>luisset,</strong></span> <span class='ocrx_word' id='word_1_397' title='bbox 1224 3987 1308 4041; x_wconf 87' lang='lat' dir='ltr'><strong>vel</strong></span> <span class='ocrx_word' id='word_1_398' title='bbox 1341 3989 1410 4041; x_wconf 86' lang='lat' dir='ltr'><strong>ab</strong></span> <span class='ocrx_word' id='word_1_399' title='bbox 1450 3987 1535 4041; x_wconf 87' lang='lat' dir='ltr'><strong>bis</strong></span> <span class='ocrx_word' id='word_1_400' title='bbox 1587 3989 1678 4056; x_wconf 87' lang='lat' dir='ltr'><strong>qui</strong></span> <span class='ocrx_word' id='word_1_401' title='bbox 1729 3989 2077 4054; x_wconf 87' lang='lat' dir='ltr'><strong>addiderunt,</strong></span> 
     </span>
    </p>
   </div>
   <div class='ocr_carea' id='block_1_58' title="bbox 491 4081 2079 4152">
    <p class='ocr_par' dir='ltr' id='par_1_58' title="bbox 491 4081 2079 4152">
     <span class='ocr_line' id='line_1_58' title="bbox 491 4081 2079 4152; baseline 0.001 -17"><span class='ocrx_word' id='word_1_402' title='bbox 491 4097 714 4135; x_wconf 82' lang='lat' dir='ltr'><strong>causam</strong></span> <span class='ocrx_word' id='word_1_403' title='bbox 773 4096 840 4133; x_wconf 88' lang='lat' dir='ltr'><strong>ac</strong></span> <span class='ocrx_word' id='word_1_404' title='bbox 900 4083 1324 4144; x_wconf 82' lang='lat' dir='ltr'><strong>necessitatem,</strong></span> <span class='ocrx_word' id='word_1_405' title='bbox 1380 4081 1931 4150; x_wconf 78' lang='lat' dir='ltr'><strong>consonantiamque,</strong></span> <span class='ocrx_word' id='word_1_406' title='bbox 1984 4098 2079 4152; x_wconf 83' lang='lat' dir='ltr'><strong>per</strong></span> 
     </span>
    </p>
   </div>
   <div class='ocr_carea' id='block_1_59' title="bbox 490 4173 1022 4229">
    <p class='ocr_par' dir='ltr' id='par_1_59' title="bbox 490 4173 1022 4229">
     <span class='ocr_line' id='line_1_59' title="bbox 490 4173 1022 4229; baseline -0.004 0"><span class='ocrx_word' id='word_1_407' title='bbox 490 4174 671 4229; x_wconf 87' lang='lat' dir='ltr'><strong>omnia</strong></span> <span class='ocrx_word' id='word_1_408' title='bbox 721 4173 1022 4227; x_wconf 85' lang='lat' dir='ltr'><strong>audissent.</strong></span> 
     </span>
    </p>
   </div>
   <div class='ocr_carea' id='block_1_60' title="bbox 562 4266 2077 4337">
    <p class='ocr_par' dir='ltr' id='par_1_60' title="bbox 562 4266 2077 4337">
     <span class='ocr_line' id='line_1_60' title="bbox 562 4266 2077 4337; baseline 0.002 -16"><span class='ocrx_word' id='word_1_409' title='bbox 562 4269 641 4321; x_wconf 76' lang='lat' dir='ltr'><strong>Ac</strong></span> <span class='ocrx_word' id='word_1_410' title='bbox 689 4269 883 4332; x_wconf 90' lang='lat' dir='ltr'><strong>nostri,</strong></span> <span class='ocrx_word' id='word_1_411' title='bbox 916 4276 976 4321; x_wconf 91' lang='lat' dir='ltr'><strong>ut</strong></span> <span class='ocrx_word' id='word_1_412' title='bbox 1006 4270 1165 4321; x_wconf 87' lang='lat' dir='ltr'><strong>dator</strong></span> <span class='ocrx_word' id='word_1_413' title='bbox 1196 4266 1443 4335; x_wconf 80' lang='lat' dir='ltr'><strong>intelligi,</strong></span> <span class='ocrx_word' id='word_1_414' title='bbox 1505 4267 1877 4337; x_wconf 86' lang='lat' dir='ltr'><strong>religiosiores</strong></span> <span class='ocrx_word' id='word_1_415' title='bbox 1933 4272 2077 4324; x_wconf 87' lang='lat' dir='ltr'><strong>circa</strong></span> 
     </span>
    </p>
   </div>
   <div class='ocr_carea' id='block_1_61' title="bbox 492 4359 2076 4431">
    <p class='ocr_par' dir='ltr' id='par_1_61' title="bbox 492 4359 2076 4431">
     <span class='ocr_line' id='line_1_61' title="bbox 492 4359 2076 4431; baseline 0.002 -19"><span class='ocrx_word' id='word_1_416' title='bbox 492 4359 676 4424; x_wconf 77' lang='lat' dir='ltr'><strong>ﬁdem,</strong></span> <span class='ocrx_word' id='word_1_417' title='bbox 722 4376 883 4428; x_wconf 84' lang='lat' dir='ltr'><strong>quam</strong></span> <span class='ocrx_word' id='word_1_418' title='bbox 931 4360 1031 4425; x_wconf 89' lang='lat' dir='ltr'><strong>illi,</strong></span> <span class='ocrx_word' id='word_1_419' title='bbox 1072 4361 1231 4413; x_wconf 88' lang='lat' dir='ltr'><strong>modo</strong></span> <span class='ocrx_word' id='word_1_420' title='bbox 1286 4360 1591 4429; x_wconf 90' lang='lat' dir='ltr'><strong>inquirunt,</strong></span> <span class='ocrx_word' id='word_1_421' title='bbox 1622 4362 1766 4431; x_wconf 88' lang='lat' dir='ltr'><strong>quod</strong></span> <span class='ocrx_word' id='word_1_422' title='bbox 1808 4370 1937 4416; x_wconf 87' lang='lat' dir='ltr'><strong>tunc</strong></span> <span class='ocrx_word' id='word_1_423' title='bbox 1999 4362 2076 4416; x_wconf 91' lang='lat' dir='ltr'><strong>illi</strong></span> 
     </span>
    </p>
   </div>
   <div class='ocr_carea' id='block_1_62' title="bbox 2189 1873 3777 1944">
    <p class='ocr_par' dir='ltr' id='par_1_62' title="bbox 2189 1873 3777 1944">
     <span class='ocr_line' id='line_1_62' title="bbox 2189 1873 3777 1944; baseline 0.002 -18"><span class='ocrx_word' id='word_1_424' title='bbox 2189 1873 2354 1939; x_wconf 69' lang='lat' dir='ltr'><strong>l’erre,</strong></span> <span class='ocrx_word' id='word_1_425' title='bbox 2413 1889 2481 1929; x_wconf 90' lang='lat' dir='ltr'><strong>ne</strong></span> <span class='ocrx_word' id='word_1_426' title='bbox 2528 1878 2758 1931; x_wconf 82' lang='lat' dir='ltr'><strong>adversa</strong></span> <span class='ocrx_word' id='word_1_427' title='bbox 2814 1876 3306 1930; x_wconf 85' lang='lat' dir='ltr'><strong>eontradicentium</strong></span> <span class='ocrx_word' id='word_1_428' title='bbox 3361 1876 3545 1944; x_wconf 83' lang='lat' dir='ltr'><strong>Opinio</strong></span> <span class='ocrx_word' id='word_1_429' title='bbox 3596 1877 3777 1929; x_wconf 80' lang='lat' dir='ltr'><strong>locum</strong></span> 
     </span>
    </p>
   </div>
   <div class='ocr_carea' id='block_1_63' title="bbox 2188 1966 3781 2036">
    <p class='ocr_par' dir='ltr' id='par_1_63' title="bbox 2188 1966 3781 2036">
     <span class='ocr_line' id='line_1_63' title="bbox 2188 1966 3781 2036; baseline 0.001 -16"><span class='ocrx_word' id='word_1_430' title='bbox 2188 1966 2405 2032; x_wconf 88' lang='lat' dir='ltr'><strong>habeat,</strong></span> <span class='ocrx_word' id='word_1_431' title='bbox 2432 1981 2497 2022; x_wconf 90' lang='lat' dir='ltr'><strong>ae</strong></span> <span class='ocrx_word' id='word_1_432' title='bbox 2551 1980 2649 2036; x_wconf 88' lang='lat' dir='ltr'><strong>per</strong></span> <span class='ocrx_word' id='word_1_433' title='bbox 2702 1967 3010 2035; x_wconf 79' lang='lat' dir='ltr'><strong>huiusmodi</strong></span> <span class='ocrx_word' id='word_1_434' title='bbox 3063 1967 3413 2021; x_wconf 86' lang='lat' dir='ltr'><strong>abolitionem</strong></span> <span class='ocrx_word' id='word_1_435' title='bbox 3471 1981 3597 2021; x_wconf 86' lang='lat' dir='ltr'><strong>vera</strong></span> <span class='ocrx_word' id='word_1_436' title='bbox 3647 1982 3781 2021; x_wconf 88' lang='lat' dir='ltr'><strong>esse</strong></span> 
     </span>
    </p>
   </div>
   <div class='ocr_carea' id='block_1_64' title="bbox 2179 2060 2445 2127">
    <p class='ocr_par' dir='ltr' id='par_1_64' title="bbox 2179 2060 2445 2127">
     <span class='ocr_line' id='line_1_64' title="bbox 2179 2060 2445 2127; baseline 0 -15"><span class='ocrx_word' id='word_1_437' title='bbox 2179 2060 2445 2127; x_wconf 83' lang='lat' dir='ltr'><strong>videatur,</strong></span> 
     </span>
    </p>
   </div>
   <div class='ocr_carea' id='block_1_65' title="bbox 2252 2151 3783 2225">
    <p class='ocr_par' dir='ltr' id='par_1_65' title="bbox 2252 2151 3783 2225">
     <span class='ocr_line' id='line_1_65' title="bbox 2252 2151 3783 2225; baseline -0.001 -16"><span class='ocrx_word' id='word_1_438' title='bbox 2252 2153 2533 2223; x_wconf 85' lang='lat' dir='ltr'><strong>Siquidem</strong></span> <span class='ocrx_word' id='word_1_439' title='bbox 2591 2154 2757 2225; x_wconf 78' lang='lat' dir='ltr'><strong>igitur</strong></span> <span class='ocrx_word' id='word_1_440' title='bbox 2804 2151 3126 2208; x_wconf 89' lang='lat' dir='ltr'><strong>consentitis</strong></span> <span class='ocrx_word' id='word_1_441' title='bbox 3181 2153 3439 2219; x_wconf 84' lang='lat' dir='ltr'><strong>veritati,</strong></span> <span class='ocrx_word' id='word_1_442' title='bbox 3517 2167 3614 2221; x_wconf 87' lang='lat' dir='ltr'><strong>pro</strong></span> <span class='ocrx_word' id='word_1_443' title='bbox 3669 2153 3783 2209; x_wconf 89' lang='lat' dir='ltr'><strong>hac</strong></span> 
     </span>
    </p>
   </div>
   <div class='ocr_carea' id='block_1_66' title="bbox 2183 2244 3785 2313">
    <p class='ocr_par' dir='ltr' id='par_1_66' title="bbox 2183 2244 3785 2313">
     <span class='ocr_line' id='line_1_66' title="bbox 2183 2244 3785 2313; baseline -0.001 -12"><span class='ocrx_word' id='word_1_444' title='bbox 2183 2246 2464 2302; x_wconf 89' lang='lat' dir='ltr'><strong>nobiscum</strong></span> <span class='ocrx_word' id='word_1_445' title='bbox 2516 2254 2749 2309; x_wconf 75' lang='lat' dir='ltr'><strong>stantes,</strong></span> <span class='ocrx_word' id='word_1_446' title='bbox 2797 2256 2893 2299; x_wconf 90' lang='lat' dir='ltr'><strong>aut</strong></span> <span class='ocrx_word' id='word_1_447' title='bbox 2946 2258 3042 2299; x_wconf 86' lang='lat' dir='ltr'><strong>vos</strong></span> <span class='ocrx_word' id='word_1_448' title='bbox 3087 2244 3253 2299; x_wconf 86' lang='lat' dir='ltr'><strong>etiam</strong></span> <span class='ocrx_word' id='word_1_449' title='bbox 3299 2260 3422 2299; x_wconf 87' lang='lat' dir='ltr'><strong>cum</strong></span> <span class='ocrx_word' id='word_1_450' title='bbox 3470 2244 3785 2313; x_wconf 82' lang='lat' dir='ltr'><strong>adiectione</strong></span> 
     </span>
    </p>
   </div>
   <div class='ocr_carea' id='block_1_67' title="bbox 2182 2336 3783 2408">
    <p class='ocr_par' dir='ltr' id='par_1_67' title="bbox 2182 2336 3783 2408">
     <span class='ocr_line' id='line_1_67' title="bbox 2182 2336 3783 2408; baseline -0.001 -16"><span class='ocrx_word' id='word_1_451' title='bbox 2182 2339 2367 2407; x_wconf 81' lang='lat' dir='ltr'><strong>legite,</strong></span> <span class='ocrx_word' id='word_1_452' title='bbox 2395 2354 2516 2408; x_wconf 76' lang='lat' dir='ltr'><strong>qua:</strong></span> <span class='ocrx_word' id='word_1_453' title='bbox 2545 2338 2879 2406; x_wconf 86' lang='lat' dir='ltr'><strong>blasphemis</strong></span> <span class='ocrx_word' id='word_1_454' title='bbox 2931 2351 3025 2391; x_wconf 90' lang='lat' dir='ltr'><strong>ora</strong></span> <span class='ocrx_word' id='word_1_455' title='bbox 3063 2338 3336 2403; x_wconf 87' lang='lat' dir='ltr'><strong>obstruit;</strong></span> <span class='ocrx_word' id='word_1_456' title='bbox 3362 2336 3469 2401; x_wconf 76' lang='lat' dir='ltr'><strong>vel,</strong></span> <span class='ocrx_word' id='word_1_457' title='bbox 3498 2338 3617 2391; x_wconf 86' lang='lat' dir='ltr'><strong>sine</strong></span> <span class='ocrx_word' id='word_1_458' title='bbox 3670 2336 3783 2391; x_wconf 85' lang='lat' dir='ltr'><strong>hac</strong></span> 
     </span>
    </p>
   </div>
   <div class='ocr_carea' id='block_1_68' title="bbox 2183 2427 3782 2500">
    <p class='ocr_par' dir='ltr' id='par_1_68' title="bbox 2183 2427 3782 2500">
     <span class='ocr_line' id='line_1_68' title="bbox 2183 2427 3782 2500; baseline -0.001 -17"><span class='ocrx_word' id='word_1_459' title='bbox 2183 2428 2425 2500; x_wconf 88' lang='lat' dir='ltr'><strong>legentes</strong></span> <span class='ocrx_word' id='word_1_460' title='bbox 2460 2428 2627 2482; x_wconf 89' lang='lat' dir='ltr'><strong>nolite</strong></span> <span class='ocrx_word' id='word_1_461' title='bbox 2655 2427 2927 2496; x_wconf 88' lang='lat' dir='ltr'><strong>opinionis</strong></span> <span class='ocrx_word' id='word_1_462' title='bbox 2960 2440 3085 2482; x_wconf 86' lang='lat' dir='ltr'><strong>esse</strong></span> <span class='ocrx_word' id='word_1_463' title='bbox 3115 2427 3432 2491; x_wconf 84' lang='lat' dir='ltr'><strong>contrariae,</strong></span> <span class='ocrx_word' id='word_1_464' title='bbox 3472 2441 3647 2495; x_wconf 89' lang='lat' dir='ltr'><strong>neque</strong></span> <span class='ocrx_word' id='word_1_465' title='bbox 3671 2441 3782 2482; x_wconf 80' lang='lat' dir='ltr'><strong>nos</strong></span> 
     </span>
    </p>
   </div>
   <div class='ocr_carea' id='block_1_69' title="bbox 2181 2519 3775 2590">
    <p class='ocr_par' dir='ltr' id='par_1_69' title="bbox 2181 2519 3775 2590">
     <span class='ocr_line' id='line_1_69' title="bbox 2181 2519 3775 2590; baseline 0 -17"><span class='ocrx_word' id='word_1_466' title='bbox 2181 2530 2374 2590; x_wconf 87' lang='lat' dir='ltr'><strong>putare</strong></span> <span class='ocrx_word' id='word_1_467' title='bbox 2404 2520 2766 2590; x_wconf 87' lang='lat' dir='ltr'><strong>blasphemos.</strong></span> <span class='ocrx_word' id='word_1_468' title='bbox 2784 2520 2944 2576; x_wconf 84' lang='lat' dir='ltr'><strong>Etsic</strong></span> <span class='ocrx_word' id='word_1_469' title='bbox 2960 2523 3105 2575; x_wconf 82' lang='lat' dir='ltr'><strong>enim</strong></span> <span class='ocrx_word' id='word_1_470' title='bbox 3130 2534 3255 2576; x_wconf 90' lang='lat' dir='ltr'><strong>cum</strong></span> <span class='ocrx_word' id='word_1_471' title='bbox 3276 2521 3507 2576; x_wconf 89' lang='lat' dir='ltr'><strong>veritate</strong></span> <span class='ocrx_word' id='word_1_472' title='bbox 3527 2519 3775 2575; x_wconf 88' lang='lat' dir='ltr'><strong>stabitis.</strong></span> 
     </span>
    </p>
   </div>
   <div class='ocr_carea' id='block_1_70' title="bbox 2182 2610 3781 2680">
    <p class='ocr_par' dir='ltr' id='par_1_70' title="bbox 2182 2610 3781 2680">
     <span class='ocr_line' id='line_1_70' title="bbox 2182 2610 3781 2680; baseline -0.001 -14"><span class='ocrx_word' id='word_1_473' title='bbox 2182 2610 2299 2666; x_wconf 86' lang='lat' dir='ltr'><strong>Non</strong></span> <span class='ocrx_word' id='word_1_474' title='bbox 2344 2611 2488 2666; x_wconf 81' lang='lat' dir='ltr'><strong>enim</strong></span> <span class='ocrx_word' id='word_1_475' title='bbox 2516 2612 2570 2664; x_wconf 91' lang='lat' dir='ltr'><strong>in</strong></span> <span class='ocrx_word' id='word_1_476' title='bbox 2625 2612 2828 2675; x_wconf 78' lang='lat' dir='ltr'><strong>verbis,</strong></span> <span class='ocrx_word' id='word_1_477' title='bbox 2863 2613 2956 2667; x_wconf 87' lang='lat' dir='ltr'><strong>sed</strong></span> <span class='ocrx_word' id='word_1_478' title='bbox 3003 2611 3058 2664; x_wconf 88' lang='lat' dir='ltr'><strong>in</strong></span> <span class='ocrx_word' id='word_1_479' title='bbox 3101 2611 3374 2676; x_wconf 86' lang='lat' dir='ltr'><strong>sensibus,</strong></span> <span class='ocrx_word' id='word_1_480' title='bbox 3405 2612 3592 2680; x_wconf 79' lang='lat' dir='ltr'><strong>religio</strong></span> <span class='ocrx_word' id='word_1_481' title='bbox 3642 2627 3781 2665; x_wconf 86' lang='lat' dir='ltr'><strong>nos-</strong></span> 
     </span>
    </p>
   </div>
   <div class='ocr_carea' id='block_1_71' title="bbox 2181 2700 3782 2767">
    <p class='ocr_par' dir='ltr' id='par_1_71' title="bbox 2181 2700 3782 2767">
     <span class='ocr_line' id='line_1_71' title="bbox 2181 2700 3782 2767; baseline 0.001 -13"><span class='ocrx_word' id='word_1_482' title='bbox 2181 2715 2260 2755; x_wconf 86' lang='lat' dir='ltr'><strong>tra</strong></span> <span class='ocrx_word' id='word_1_483' title='bbox 2296 2701 2565 2757; x_wconf 89' lang='lat' dir='ltr'><strong>consistit.</strong></span> <span class='ocrx_word' id='word_1_484' title='bbox 2601 2700 2688 2765; x_wconf 87' lang='lat' dir='ltr'><strong>Et,</strong></span> <span class='ocrx_word' id='word_1_485' title='bbox 2715 2704 2761 2758; x_wconf 92' lang='lat' dir='ltr'><strong>si</strong></span> <span class='ocrx_word' id='word_1_486' title='bbox 2794 2702 2981 2767; x_wconf 82' lang='lat' dir='ltr'><strong>vultis,</strong></span> <span class='ocrx_word' id='word_1_487' title='bbox 3013 2703 3117 2757; x_wconf 92' lang='lat' dir='ltr'><strong>hoc</strong></span> <span class='ocrx_word' id='word_1_488' title='bbox 3154 2712 3359 2756; x_wconf 90' lang='lat' dir='ltr'><strong>tantum</strong></span> <span class='ocrx_word' id='word_1_489' title='bbox 3413 2703 3563 2757; x_wconf 80' lang='lat' dir='ltr'><strong>vobis</strong></span> <span class='ocrx_word' id='word_1_490' title='bbox 3594 2703 3782 2757; x_wconf 85' lang='lat' dir='ltr'><strong>indul-</strong></span> 
     </span>
    </p>
   </div>
   <div class='ocr_carea' id='block_1_72' title="bbox 2182 2795 3778 2864">
    <p class='ocr_par' dir='ltr' id='par_1_72' title="bbox 2182 2795 3778 2864">
     <span class='ocr_line' id='line_1_72' title="bbox 2182 2795 3778 2864; baseline 0.001 -16"><span class='ocrx_word' id='word_1_491' title='bbox 2182 2809 2394 2864; x_wconf 85' lang='lat' dir='ltr'><strong>gemus,</strong></span> <span class='ocrx_word' id='word_1_492' title='bbox 2445 2803 2503 2849; x_wconf 87' lang='lat' dir='ltr'><strong>ut</strong></span> <span class='ocrx_word' id='word_1_493' title='bbox 2559 2796 2838 2849; x_wconf 91' lang='lat' dir='ltr'><strong>nobiscum</strong></span> <span class='ocrx_word' id='word_1_494' title='bbox 2896 2795 3308 2860; x_wconf 87' lang='lat' dir='ltr'><strong>convenientes,</strong></span> <span class='ocrx_word' id='word_1_495' title='bbox 3344 2811 3458 2849; x_wconf 88' lang='lat' dir='ltr'><strong>rem</strong></span> <span class='ocrx_word' id='word_1_496' title='bbox 3515 2796 3654 2848; x_wconf 86' lang='lat' dir='ltr'><strong>hanc.</strong></span> <span class='ocrx_word' id='word_1_497' title='bbox 3715 2797 3778 2850; x_wconf 93' lang='lat' dir='ltr'><strong>in</strong></span> 
     </span>
    </p>
   </div>
   <div class='ocr_carea' id='block_1_73' title="bbox 2183 2886 3778 2955">
    <p class='ocr_par' dir='ltr' id='par_1_73' title="bbox 2183 2886 3778 2955">
     <span class='ocr_line' id='line_1_73' title="bbox 2183 2886 3778 2955; baseline 0 -15"><span class='ocrx_word' id='word_1_498' title='bbox 2183 2901 2472 2942; x_wconf 86' lang='lat' dir='ltr'><strong>commune</strong></span> <span class='ocrx_word' id='word_1_499' title='bbox 2523 2887 3285 2955; x_wconf 84' lang='lat' dir='ltr'><strong>agitemus;communesque</strong></span> <span class='ocrx_word' id='word_1_500' title='bbox 3324 2902 3484 2955; x_wconf 79' lang='lat' dir='ltr'><strong>super</strong></span> <span class='ocrx_word' id='word_1_501' title='bbox 3530 2886 3632 2940; x_wconf 88' lang='lat' dir='ltr'><strong>hac</strong></span> <span class='ocrx_word' id='word_1_502' title='bbox 3665 2886 3778 2940; x_wconf 82' lang='lat' dir='ltr'><strong>Pa-</strong></span> 
     </span>
    </p>
   </div>
   <div class='ocr_carea' id='block_1_74' title="bbox 2187 2979 3769 3047">
    <p class='ocr_par' dir='ltr' id='par_1_74' title="bbox 2187 2979 3769 3047">
     <span class='ocr_line' id='line_1_74' title="bbox 2187 2979 3769 3047; baseline 0.003 -15"><span class='ocrx_word' id='word_1_503' title='bbox 2187 2987 2328 3032; x_wconf 88' lang='lat' dir='ltr'><strong>trum</strong></span> <span class='ocrx_word' id='word_1_504' title='bbox 2361 2979 2669 3033; x_wconf 87' lang='lat' dir='ltr'><strong>sententias</strong></span> <span class='ocrx_word' id='word_1_505' title='bbox 2698 2979 3077 3043; x_wconf 85' lang='lat' dir='ltr'><strong>discutiamus,</strong></span> <span class='ocrx_word' id='word_1_506' title='bbox 3129 2979 3331 3047; x_wconf 89' lang='lat' dir='ltr'><strong>quibus</strong></span> <span class='ocrx_word' id='word_1_507' title='bbox 3368 2983 3479 3033; x_wconf 78' lang='lat' dir='ltr'><strong>luec</strong></span> <span class='ocrx_word' id='word_1_508' title='bbox 3529 2980 3769 3047; x_wconf 87' lang='lat' dir='ltr'><strong>adiectio</strong></span> 
     </span>
    </p>
   </div>
   <div class='ocr_carea' id='block_1_75' title="bbox 2186 3069 3780 3142">
    <p class='ocr_par' dir='ltr' id='par_1_75' title="bbox 2186 3069 3780 3142">
     <span class='ocr_line' id='line_1_75' title="bbox 2186 3069 3780 3142; baseline 0.002 -19"><span class='ocrx_word' id='word_1_509' title='bbox 2186 3086 2308 3124; x_wconf 87' lang='lat' dir='ltr'><strong>vera</strong></span> <span class='ocrx_word' id='word_1_510' title='bbox 2366 3085 2487 3125; x_wconf 73' lang='lat' dir='ltr'><strong>esse</strong></span> <span class='ocrx_word' id='word_1_511' title='bbox 2527 3071 2935 3139; x_wconf 89' lang='lat' dir='ltr'><strong>comprobetur.</strong></span> <span class='ocrx_word' id='word_1_512' title='bbox 2966 3069 3121 3136; x_wconf 83' lang='lat' dir='ltr'><strong>Quod</strong></span> <span class='ocrx_word' id='word_1_513' title='bbox 3171 3071 3215 3124; x_wconf 87' lang='lat' dir='ltr'><strong>si</strong></span> <span class='ocrx_word' id='word_1_514' title='bbox 3278 3071 3451 3124; x_wconf 88' lang='lat' dir='ltr'><strong>aliena</strong></span> <span class='ocrx_word' id='word_1_515' title='bbox 3516 3073 3780 3142; x_wconf 69' lang='lat' dir='ltr'><strong>Opinione</strong></span> 
     </span>
    </p>
   </div>
   <div class='ocr_carea' id='block_1_76' title="bbox 2184 3163 3782 3232">
    <p class='ocr_par' dir='ltr' id='par_1_76' title="bbox 2184 3163 3782 3232">
     <span class='ocr_line' id='line_1_76' title="bbox 2184 3163 3782 3232; baseline -0.001 -14"><span class='ocrx_word' id='word_1_516' title='bbox 2184 3165 2337 3226; x_wconf 88' lang='lat' dir='ltr'><strong>estis,</strong></span> <span class='ocrx_word' id='word_1_517' title='bbox 2360 3165 2803 3232; x_wconf 87' lang='lat' dir='ltr'><strong>additionemque</strong></span> <span class='ocrx_word' id='word_1_518' title='bbox 2832 3163 2990 3216; x_wconf 82' lang='lat' dir='ltr'><strong>istam</strong></span> <span class='ocrx_word' id='word_1_519' title='bbox 3013 3163 3231 3231; x_wconf 89' lang='lat' dir='ltr'><strong>penitus</strong></span> <span class='ocrx_word' id='word_1_520' title='bbox 3257 3165 3482 3219; x_wconf 90' lang='lat' dir='ltr'><strong>renuitis</strong></span> <span class='ocrx_word' id='word_1_521' title='bbox 3515 3181 3529 3218; x_wconf 91' lang='lat'><strong>:</strong></span> <span class='ocrx_word' id='word_1_522' title='bbox 3557 3175 3782 3217; x_wconf 79' lang='lat' dir='ltr'><strong>rottstat</strong></span> 
     </span>
    </p>
   </div>
   <div class='ocr_carea' id='block_1_77' title="bbox 2184 3254 3779 3323">
    <p class='ocr_par' dir='ltr' id='par_1_77' title="bbox 2184 3254 3779 3323">
     <span class='ocr_line' id='line_1_77' title="bbox 2184 3254 3779 3323; baseline 0.002 -17"><span class='ocrx_word' id='word_1_523' title='bbox 2184 3257 2427 3323; x_wconf 84' lang='lat' dir='ltr'><strong>quidem,</strong></span> <span class='ocrx_word' id='word_1_524' title='bbox 2458 3270 2557 3309; x_wconf 90' lang='lat' dir='ltr'><strong>vos</strong></span> <span class='ocrx_word' id='word_1_525' title='bbox 2588 3256 2734 3310; x_wconf 91' lang='lat' dir='ltr'><strong>circa</strong></span> <span class='ocrx_word' id='word_1_526' title='bbox 2770 3255 2893 3308; x_wconf 85' lang='lat' dir='ltr'><strong>lidei</strong></span> <span class='ocrx_word' id='word_1_527' title='bbox 2926 3256 3214 3311; x_wconf 83' lang='lat' dir='ltr'><strong>veritatem</strong></span> <span class='ocrx_word' id='word_1_528' title='bbox 3267 3270 3392 3309; x_wconf 91' lang='lat' dir='ltr'><strong>cum</strong></span> <span class='ocrx_word' id='word_1_529' title='bbox 3443 3254 3779 3309; x_wconf 64' lang='lat' dir='ltr'><strong>adverSariis</strong></span> 
     </span>
    </p>
   </div>
   <div class='ocr_carea' id='block_1_78' title="bbox 2183 3346 3779 3415">
    <p class='ocr_par' dir='ltr' id='par_1_78' title="bbox 2183 3346 3779 3415">
     <span class='ocr_line' id='line_1_78' title="bbox 2183 3346 3779 3415; baseline 0.001 -14"><span class='ocrx_word' id='word_1_530' title='bbox 2183 3363 2406 3413; x_wconf 81' lang='lat' dir='ltr'><strong>errare;</strong></span> <span class='ocrx_word' id='word_1_531' title='bbox 2458 3349 2710 3415; x_wconf 85' lang='lat' dir='ltr'><strong>hancque</strong></span> <span class='ocrx_word' id='word_1_532' title='bbox 2761 3346 3117 3409; x_wconf 86' lang='lat' dir='ltr'><strong>additioncm,</strong></span> <span class='ocrx_word' id='word_1_533' title='bbox 3169 3347 3348 3408; x_wconf 88' lang='lat' dir='ltr'><strong>vobis,</strong></span> <span class='ocrx_word' id='word_1_534' title='bbox 3399 3357 3455 3399; x_wconf 89' lang='lat' dir='ltr'><strong>et</strong></span> <span class='ocrx_word' id='word_1_535' title='bbox 3509 3347 3613 3400; x_wconf 88' lang='lat' dir='ltr'><strong>illis</strong></span> <span class='ocrx_word' id='word_1_536' title='bbox 3663 3362 3779 3402; x_wconf 78' lang='lat' dir='ltr'><strong>una</strong></span> 
     </span>
    </p>
   </div>
   <div class='ocr_carea' id='block_1_79' title="bbox 2185 3441 3777 3510">
    <p class='ocr_par' dir='ltr' id='par_1_79' title="bbox 2185 3441 3777 3510">
     <span class='ocr_line' id='line_1_79' title="bbox 2185 3441 3777 3510; baseline 0.001 -16"><span class='ocrx_word' id='word_1_537' title='bbox 2185 3442 2384 3495; x_wconf 84' lang='lat' dir='ltr'><strong>bellum</strong></span> <span class='ocrx_word' id='word_1_538' title='bbox 2450 3442 2714 3505; x_wconf 88' lang='lat' dir='ltr'><strong>indicere,</strong></span> <span class='ocrx_word' id='word_1_539' title='bbox 2774 3442 2971 3510; x_wconf 90' lang='lat' dir='ltr'><strong>quippe</strong></span> <span class='ocrx_word' id='word_1_540' title='bbox 3042 3449 3264 3510; x_wconf 88' lang='lat' dir='ltr'><strong>propter</strong></span> <span class='ocrx_word' id='word_1_541' title='bbox 3327 3441 3777 3496; x_wconf 82' lang='lat' dir='ltr'><strong>contradicentes</strong></span> 
     </span>
    </p>
   </div>
   <div class='ocr_carea' id='block_1_80' title="bbox 2183 3518 2745 3605">
    <p class='ocr_par' dir='ltr' id='par_1_80' title="bbox 2183 3518 2745 3605">
     <span class='ocr_line' id='line_1_80' title="bbox 2183 3518 2745 3605; baseline 0.004 -17"><span class='ocrx_word' id='word_1_542' title='bbox 2183 3535 2391 3605; x_wconf 88' lang='lat' dir='ltr'><strong>adiecta</strong></span> <span class='ocrx_word' id='word_1_543' title='bbox 2425 3544 2530 3590; x_wconf 87' lang='lat' dir='ltr'><strong>est.</strong></span> <span class='ocrx_word' id='word_1_544' title='bbox 2719 3518 2745 3526; x_wconf 37' lang='grc' dir='ltr'>δ</span> 
     </span>
    </p>
   </div>
   <div class='ocr_carea' id='block_1_81' title="bbox 2256 3628 3776 3701">
    <p class='ocr_par' dir='ltr' id='par_1_81' title="bbox 2256 3628 3776 3701">
     <span class='ocr_line' id='line_1_81' title="bbox 2256 3628 3776 3701; baseline 0 -16"><span class='ocrx_word' id='word_1_545' title='bbox 2256 3631 2476 3696; x_wconf 86' lang='lat' dir='ltr'><strong>Verum,</strong></span> <span class='ocrx_word' id='word_1_546' title='bbox 2517 3632 2661 3686; x_wconf 87' lang='lat' dir='ltr'><strong>sicut</strong></span> <span class='ocrx_word' id='word_1_547' title='bbox 2710 3632 2794 3686; x_wconf 89' lang='lat' dir='ltr'><strong>his</strong></span> <span class='ocrx_word' id='word_1_548' title='bbox 2837 3630 2929 3699; x_wconf 87' lang='lat' dir='ltr'><strong>qui</strong></span> <span class='ocrx_word' id='word_1_549' title='bbox 2989 3631 3258 3701; x_wconf 88' lang='lat' dir='ltr'><strong>negabant</strong></span> <span class='ocrx_word' id='word_1_550' title='bbox 3302 3628 3501 3684; x_wconf 71' lang='lat' dir='ltr'><strong>Nicaeni</strong></span> <span class='ocrx_word' id='word_1_551' title='bbox 3553 3631 3776 3685; x_wconf 79' lang='lat' dir='ltr'><strong>concilii</strong></span> 
     </span>
    </p>
   </div>
   <div class='ocr_carea' id='block_1_82' title="bbox 2185 3724 3778 3796">
    <p class='ocr_par' dir='ltr' id='par_1_82' title="bbox 2185 3724 3778 3796">
     <span class='ocr_line' id='line_1_82' title="bbox 2185 3724 3778 3796; baseline -0.001 -16"><span class='ocrx_word' id='word_1_552' title='bbox 2185 3725 2524 3796; x_wconf 82' lang='lat' dir='ltr'><strong>Symbolum,</strong></span> <span class='ocrx_word' id='word_1_553' title='bbox 2557 3725 2674 3779; x_wconf 82' lang='lat' dir='ltr'><strong>sive</strong></span> <span class='ocrx_word' id='word_1_554' title='bbox 2716 3725 2770 3779; x_wconf 92' lang='lat' dir='ltr'><strong>id</strong></span> <span class='ocrx_word' id='word_1_555' title='bbox 2829 3725 2972 3794; x_wconf 88' lang='lat' dir='ltr'><strong>quod</strong></span> <span class='ocrx_word' id='word_1_556' title='bbox 3006 3725 3346 3793; x_wconf 88' lang='lat' dir='ltr'><strong>postmodum</strong></span> <span class='ocrx_word' id='word_1_557' title='bbox 3384 3724 3778 3779; x_wconf 82' lang='lat' dir='ltr'><strong>Constantino-</strong></span> 
     </span>
    </p>
   </div>
   <div class='ocr_carea' id='block_1_83' title="bbox 2183 3813 3776 3885">
    <p class='ocr_par' dir='ltr' id='par_1_83' title="bbox 2183 3813 3776 3885">
     <span class='ocr_line' id='line_1_83' title="bbox 2183 3813 3776 3885; baseline 0.001 -18"><span class='ocrx_word' id='word_1_558' title='bbox 2183 3816 2288 3885; x_wconf 83' lang='lat' dir='ltr'><strong>poli</strong></span> <span class='ocrx_word' id='word_1_559' title='bbox 2312 3815 2515 3867; x_wconf 88' lang='lat' dir='ltr'><strong>editum</strong></span> <span class='ocrx_word' id='word_1_560' title='bbox 2542 3825 2645 3878; x_wconf 90' lang='lat' dir='ltr'><strong>est,</strong></span> <span class='ocrx_word' id='word_1_561' title='bbox 2683 3814 2844 3868; x_wconf 88' lang='lat' dir='ltr'><strong>ambo</strong></span> <span class='ocrx_word' id='word_1_562' title='bbox 2862 3813 3005 3868; x_wconf 83' lang='lat' dir='ltr'><strong>enim</strong></span> <span class='ocrx_word' id='word_1_563' title='bbox 3043 3829 3208 3866; x_wconf 89' lang='lat' dir='ltr'><strong>unum</strong></span> <span class='ocrx_word' id='word_1_564' title='bbox 3240 3813 3412 3878; x_wconf 86' lang='lat' dir='ltr'><strong>fuere,</strong></span> <span class='ocrx_word' id='word_1_565' title='bbox 3445 3814 3549 3867; x_wconf 90' lang='lat' dir='ltr'><strong>etsi</strong></span> <span class='ocrx_word' id='word_1_566' title='bbox 3586 3815 3776 3869; x_wconf 85' lang='lat' dir='ltr'><strong>verbis</strong></span> 
     </span>
    </p>
   </div>
   <div class='ocr_carea' id='block_1_84' title="bbox 2181 3905 3772 3976">
    <p class='ocr_par' dir='ltr' id='par_1_84' title="bbox 2181 3905 3772 3976">
     <span class='ocr_line' id='line_1_84' title="bbox 2181 3905 3772 3976; baseline -0.003 -13"><span class='ocrx_word' id='word_1_567' title='bbox 2181 3906 2401 3963; x_wconf 72' lang='lat' dir='ltr'><strong>dillerre</strong></span> <span class='ocrx_word' id='word_1_568' title='bbox 2456 3906 2769 3969; x_wconf 88' lang='lat' dir='ltr'><strong>videantur,</strong></span> <span class='ocrx_word' id='word_1_569' title='bbox 2831 3905 2964 3959; x_wconf 82' lang='lat' dir='ltr'><strong>nihil</strong></span> <span class='ocrx_word' id='word_1_570' title='bbox 3018 3906 3226 3976; x_wconf 82' lang='lat' dir='ltr'><strong>proluit</strong></span> <span class='ocrx_word' id='word_1_571' title='bbox 3276 3914 3344 3960; x_wconf 85' lang='lat' dir='ltr'><strong>ad</strong></span> <span class='ocrx_word' id='word_1_572' title='bbox 3395 3906 3772 3974; x_wconf 84' lang='lat' dir='ltr'><strong>apostolorum</strong></span> 
     </span>
    </p>
   </div>
   <div class='ocr_carea' id='block_1_85' title="bbox 2184 3998 3774 4070">
    <p class='ocr_par' dir='ltr' id='par_1_85' title="bbox 2184 3998 3774 4070">
     <span class='ocr_line' id='line_1_85' title="bbox 2184 3998 3774 4070; baseline -0.003 -16"><span class='ocrx_word' id='word_1_573' title='bbox 2184 3999 2504 4070; x_wconf 75' lang='lat' dir='ltr'><strong>symbolum</strong></span> <span class='ocrx_word' id='word_1_574' title='bbox 2559 4012 2866 4061; x_wconf 88' lang='lat' dir='ltr'><strong>recurrere,</strong></span> <span class='ocrx_word' id='word_1_575' title='bbox 2928 4000 3083 4068; x_wconf 86' lang='lat' dir='ltr'><strong>quasi</strong></span> <span class='ocrx_word' id='word_1_576' title='bbox 3116 3998 3283 4052; x_wconf 78' lang='lat' dir='ltr'><strong>tutius</strong></span> <span class='ocrx_word' id='word_1_577' title='bbox 3324 4008 3491 4067; x_wconf 87' lang='lat' dir='ltr'><strong>atque</strong></span> <span class='ocrx_word' id='word_1_578' title='bbox 3543 4000 3774 4068; x_wconf 76' lang='lat' dir='ltr'><strong>religio-</strong></span> 
     </span>
    </p>
   </div>
   <div class='ocr_carea' id='block_1_86' title="bbox 2182 4090 3775 4162">
    <p class='ocr_par' dir='ltr' id='par_1_86' title="bbox 2182 4090 3775 4162">
     <span class='ocr_line' id='line_1_86' title="bbox 2182 4090 3775 4162; baseline -0.001 -15"><span class='ocrx_word' id='word_1_579' title='bbox 2182 4094 2338 4157; x_wconf 86' lang='lat' dir='ltr'><strong>sius;</strong></span> <span class='ocrx_word' id='word_1_580' title='bbox 2392 4094 2538 4162; x_wconf 91' lang='lat' dir='ltr'><strong>quod</strong></span> <span class='ocrx_word' id='word_1_581' title='bbox 2591 4092 2736 4146; x_wconf 92' lang='lat' dir='ltr'><strong>enim</strong></span> <span class='ocrx_word' id='word_1_582' title='bbox 2792 4106 2915 4145; x_wconf 91' lang='lat' dir='ltr'><strong>cum</strong></span> <span class='ocrx_word' id='word_1_583' title='bbox 2973 4090 3280 4161; x_wconf 88' lang='lat' dir='ltr'><strong>adiectione</strong></span> <span class='ocrx_word' id='word_1_584' title='bbox 3333 4090 3509 4145; x_wconf 80' lang='lat' dir='ltr'><strong>fuerat</strong></span> <span class='ocrx_word' id='word_1_585' title='bbox 3560 4093 3775 4145; x_wconf 86' lang='lat' dir='ltr'><strong>editum</strong></span> 
     </span>
    </p>
   </div>
   <div class='ocr_carea' id='block_1_87' title="bbox 2182 4182 3779 4252">
    <p class='ocr_par' dir='ltr' id='par_1_87' title="bbox 2182 4182 3779 4252">
     <span class='ocr_line' id='line_1_87' title="bbox 2182 4182 3779 4252; baseline 0.001 -15"><span class='ocrx_word' id='word_1_586' title='bbox 2182 4192 2475 4251; x_wconf 90' lang='lat' dir='ltr'><strong>negantes,</strong></span> <span class='ocrx_word' id='word_1_587' title='bbox 2509 4193 2565 4237; x_wconf 88' lang='lat' dir='ltr'><strong>et</strong></span> <span class='ocrx_word' id='word_1_588' title='bbox 2614 4182 2746 4236; x_wconf 85' lang='lat' dir='ltr'><strong>illud</strong></span> <span class='ocrx_word' id='word_1_589' title='bbox 2806 4196 2910 4235; x_wconf 89' lang='lat' dir='ltr'><strong>una</strong></span> <span class='ocrx_word' id='word_1_590' title='bbox 2970 4182 3278 4250; x_wconf 85' lang='lat' dir='ltr'><strong>negabant;</strong></span> <span class='ocrx_word' id='word_1_591' title='bbox 3339 4196 3501 4242; x_wconf 82' lang='lat' dir='ltr'><strong>nam.</strong></span> <span class='ocrx_word' id='word_1_592' title='bbox 3540 4192 3595 4234; x_wconf 89' lang='lat' dir='ltr'><strong>et</strong></span> <span class='ocrx_word' id='word_1_593' title='bbox 3646 4198 3779 4252; x_wconf 73' lang='lat' dir='ltr'><strong>qua:</strong></span> 
     </span>
    </p>
   </div>
   <div class='ocr_carea' id='block_1_88' title="bbox 2182 4273 3775 4345">
    <p class='ocr_par' dir='ltr' id='par_1_88' title="bbox 2182 4273 3775 4345">
     <span class='ocr_line' id='line_1_88' title="bbox 2182 4273 3775 4345; baseline 0.001 -16"><span class='ocrx_word' id='word_1_594' title='bbox 2182 4275 2529 4345; x_wconf 85' lang='lat' dir='ltr'><strong>postmodum</strong></span> <span class='ocrx_word' id='word_1_595' title='bbox 2584 4275 2842 4329; x_wconf 86' lang='lat' dir='ltr'><strong>videntur</strong></span> <span class='ocrx_word' id='word_1_596' title='bbox 2894 4273 3121 4342; x_wconf 86' lang='lat' dir='ltr'><strong>adiecta,</strong></span> <span class='ocrx_word' id='word_1_597' title='bbox 3162 4274 3215 4327; x_wconf 90' lang='lat' dir='ltr'><strong>in</strong></span> <span class='ocrx_word' id='word_1_598' title='bbox 3264 4282 3575 4329; x_wconf 86' lang='lat' dir='ltr'><strong>sanctorum</strong></span> <span class='ocrx_word' id='word_1_599' title='bbox 3606 4288 3775 4339; x_wconf 84' lang='lat' dir='ltr'><strong>apos-</strong></span> 
     </span>
    </p>
   </div>
   <div class='ocr_carea' id='block_1_89' title="bbox 2185 4364 3777 4438">
    <p class='ocr_par' dir='ltr' id='par_1_89' title="bbox 2185 4364 3777 4438">
     <span class='ocr_line' id='line_1_89' title="bbox 2185 4364 3777 4438; baseline -0.001 -18"><span class='ocrx_word' id='word_1_600' title='bbox 2185 4368 2417 4421; x_wconf 89' lang='lat' dir='ltr'><strong>tolorum</strong></span> <span class='ocrx_word' id='word_1_601' title='bbox 2451 4366 2715 4438; x_wconf 83' lang='lat' dir='ltr'><strong>Syutbolo</strong></span> <span class='ocrx_word' id='word_1_602' title='bbox 2766 4365 3046 4433; x_wconf 81' lang='lat' dir='ltr'><strong>complexa</strong></span> <span class='ocrx_word' id='word_1_603' title='bbox 3103 4365 3469 4420; x_wconf 82' lang='lat' dir='ltr'><strong>continentur.</strong></span> <span class='ocrx_word' id='word_1_604' title='bbox 3505 4364 3582 4418; x_wconf 82' lang='lat' dir='ltr'><strong>ita</strong></span> <span class='ocrx_word' id='word_1_605' title='bbox 3637 4366 3777 4420; x_wconf 77' lang='lat' dir='ltr'><strong>nihil</strong></span> 
     </span>
    </p>
   </div>
   <div class='ocr_carea' id='block_1_90' title="bbox 492 4453 3781 4537">
    <p class='ocr_par' dir='ltr' id='par_1_90' title="bbox 492 4453 3781 4537">
     <span class='ocr_line' id='line_1_90' title="bbox 492 4453 3781 4537; baseline 0.002 -32"><span class='ocrx_word' id='word_1_606' title='bbox 492 4468 600 4505; x_wconf 90' lang='lat' dir='ltr'><strong>non</strong></span> <span class='ocrx_word' id='word_1_607' title='bbox 656 4453 1006 4521; x_wconf 67' lang='lat' dir='ltr'><strong>quaesierunt.</strong></span> <span class='ocrx_word' id='word_1_608' title='bbox 1048 4453 1277 4508; x_wconf 80' lang='lat' dir='ltr'><strong>Constat</strong></span> <span class='ocrx_word' id='word_1_609' title='bbox 1318 4453 1461 4508; x_wconf 88' lang='lat' dir='ltr'><strong>enim</strong></span> <span class='ocrx_word' id='word_1_610' title='bbox 1505 4454 1626 4509; x_wconf 88' lang='lat' dir='ltr'><strong>illos</strong></span> <span class='ocrx_word' id='word_1_611' title='bbox 1677 4467 1824 4519; x_wconf 91' lang='lat' dir='ltr'><strong>tunc,</strong></span> <span class='ocrx_word' id='word_1_612' title='bbox 1859 4468 1914 4507; x_wconf 89' lang='lat' dir='ltr'><strong>ut</strong></span> <span class='ocrx_word' id='word_1_613' title='bbox 1939 4456 2079 4508; x_wconf 88' lang='lat' dir='ltr'><strong>veri-</strong></span> <span class='ocrx_word' id='word_1_614' title='bbox 2111 4483 2152 4537; x_wconf 74' lang='grc' dir='ltr'>υ</span> <span class='ocrx_word' id='word_1_615' title='bbox 2185 4460 2336 4514; x_wconf 81' lang='lat' dir='ltr'><strong>vobis</strong></span> <span class='ocrx_word' id='word_1_616' title='bbox 2395 4458 2637 4526; x_wconf 86' lang='lat' dir='ltr'><strong>proderit</strong></span> <span class='ocrx_word' id='word_1_617' title='bbox 2679 4458 2956 4512; x_wconf 69' lang='lat' dir='ltr'><strong>Nicaenum</strong></span> <span class='ocrx_word' id='word_1_618' title='bbox 3007 4454 3347 4527; x_wconf 84' lang='lat' dir='ltr'><strong>Symbolum,</strong></span> <span class='ocrx_word' id='word_1_619' title='bbox 3375 4457 3477 4510; x_wconf 87' lang='lat' dir='ltr'><strong>etsi</strong></span> <span class='ocrx_word' id='word_1_620' title='bbox 3530 4472 3627 4511; x_wconf 87' lang='lat' dir='ltr'><strong>vos</strong></span> <span class='ocrx_word' id='word_1_621' title='bbox 3668 4458 3781 4511; x_wconf 84' lang='lat' dir='ltr'><strong>hoc</strong></span> 
     </span>
    </p>
   </div>
   <div class='ocr_carea' id='block_1_91' title="bbox 491 4546 2077 4615">
    <p class='ocr_par' dir='ltr' id='par_1_91' title="bbox 491 4546 2077 4615">
     <span class='ocr_line' id='line_1_91' title="bbox 491 4546 2077 4615; baseline 0.003 -18"><span class='ocrx_word' id='word_1_622' title='bbox 491 4548 616 4598; x_wconf 89' lang='lat' dir='ltr'><strong>tatis</strong></span> <span class='ocrx_word' id='word_1_623' title='bbox 649 4546 914 4607; x_wconf 88' lang='lat' dir='ltr'><strong>fautores,</strong></span> <span class='ocrx_word' id='word_1_624' title='bbox 954 4546 1315 4615; x_wconf 79' lang='lat' dir='ltr'><strong>legitima:qne</strong></span> <span class='ocrx_word' id='word_1_625' title='bbox 1372 4546 1722 4615; x_wconf 81' lang='lat' dir='ltr'><strong>subiectionis</strong></span> <span class='ocrx_word' id='word_1_626' title='bbox 1768 4556 2077 4602; x_wconf 88' lang='lat' dir='ltr'><strong>servatores</strong></span> 
     </span>
    </p>
   </div>
   <div class='ocr_carea' id='block_1_92' title="bbox 490 4637 2075 4707">
    <p class='ocr_par' dir='ltr' id='par_1_92' title="bbox 490 4637 2075 4707">
     <span class='ocr_line' id='line_1_92' title="bbox 490 4637 2075 4707; baseline 0 -14"><span class='ocrx_word' id='word_1_627' title='bbox 490 4640 747 4701; x_wconf 86' lang='lat' dir='ltr'><strong>cessisse,</strong></span> <span class='ocrx_word' id='word_1_628' title='bbox 779 4640 1026 4707; x_wconf 90' lang='lat' dir='ltr'><strong>nihilque</strong></span> <span class='ocrx_word' id='word_1_629' title='bbox 1076 4638 1371 4706; x_wconf 84' lang='lat' dir='ltr'><strong>inquisisse</strong></span> <span class='ocrx_word' id='word_1_630' title='bbox 1423 4639 1676 4707; x_wconf 87' lang='lat' dir='ltr'><strong>amplius.</strong></span> <span class='ocrx_word' id='word_1_631' title='bbox 1733 4637 1844 4693; x_wconf 83' lang='lat' dir='ltr'><strong>Nos</strong></span> <span class='ocrx_word' id='word_1_632' title='bbox 1894 4650 2075 4694; x_wconf 87' lang='lat' dir='ltr'><strong>autem</strong></span> 
     </span>
    </p>
   </div>
   <div class='ocr_carea' id='block_1_93' title="bbox 492 4733 2077 4801">
    <p class='ocr_par' dir='ltr' id='par_1_93' title="bbox 492 4733 2077 4801">
     <span class='ocr_line' id='line_1_93' title="bbox 492 4733 2077 4801; baseline 0.002 -16"><span class='ocrx_word' id='word_1_633' title='bbox 492 4740 678 4785; x_wconf 84' lang='lat' dir='ltr'><strong>nostra</strong></span> <span class='ocrx_word' id='word_1_634' title='bbox 719 4742 1026 4798; x_wconf 57' lang='lat' dir='ltr'><strong>querentes</strong></span> <span class='ocrx_word' id='word_1_635' title='bbox 1077 4733 1182 4785; x_wconf 87' lang='lat' dir='ltr'><strong>sub</strong></span> <span class='ocrx_word' id='word_1_636' title='bbox 1214 4740 1482 4800; x_wconf 68' lang='lat' dir='ltr'><strong>prazteatu</strong></span> <span class='ocrx_word' id='word_1_637' title='bbox 1548 4734 2077 4801; x_wconf 79' lang='lat' dir='ltr'><strong>dogmatumEccle-</strong></span> 
     </span>
    </p>
   </div>
   <div class='ocr_carea' id='block_1_94' title="bbox 490 4823 2076 4891">
    <p class='ocr_par' dir='ltr' id='par_1_94' title="bbox 490 4823 2076 4891">
     <span class='ocr_line' id='line_1_94' title="bbox 490 4823 2076 4891; baseline 0.001 -13"><span class='ocrx_word' id='word_1_638' title='bbox 490 4824 587 4878; x_wconf 76' lang='lat' dir='ltr'><strong>sia:</strong></span> <span class='ocrx_word' id='word_1_639' title='bbox 616 4823 912 4888; x_wconf 84' lang='lat' dir='ltr'><strong>scissuram</strong></span> <span class='ocrx_word' id='word_1_640' title='bbox 945 4823 1347 4887; x_wconf 86' lang='lat' dir='ltr'><strong>macbinamur,</strong></span> <span class='ocrx_word' id='word_1_641' title='bbox 1372 4824 1722 4891; x_wconf 85' lang='lat' dir='ltr'><strong>adiectionem</strong></span> <span class='ocrx_word' id='word_1_642' title='bbox 1743 4827 1794 4879; x_wconf 87' lang='lat' dir='ltr'><strong>itt</strong></span> <span class='ocrx_word' id='word_1_643' title='bbox 1817 4826 2076 4881; x_wconf 80' lang='lat' dir='ltr'><strong>auxilium</strong></span> 
     </span>
    </p>
   </div>
   <div class='ocr_carea' id='block_1_95' title="bbox 487 4917 2079 4986">
    <p class='ocr_par' dir='ltr' id='par_1_95' title="bbox 487 4917 2079 4986">
     <span class='ocr_line' id='line_1_95' title="bbox 487 4917 2079 4986; baseline 0.004 -17"><span class='ocrx_word' id='word_1_644' title='bbox 487 4928 788 4971; x_wconf 87' lang='lat' dir='ltr'><strong>sumentes.</strong></span> <span class='ocrx_word' id='word_1_645' title='bbox 819 4917 984 4985; x_wconf 81' lang='lat' dir='ltr'><strong>Atqui</strong></span> <span class='ocrx_word' id='word_1_646' title='bbox 1013 4917 1186 4970; x_wconf 86' lang='lat' dir='ltr'><strong>nostri</strong></span> <span class='ocrx_word' id='word_1_647' title='bbox 1240 4917 1479 4985; x_wconf 82' lang='lat' dir='ltr'><strong>quidem,</strong></span> <span class='ocrx_word' id='word_1_648' title='bbox 1530 4921 1769 4986; x_wconf 87' lang='lat' dir='ltr'><strong>quandiu</strong></span> <span class='ocrx_word' id='word_1_649' title='bbox 1821 4934 2079 4975; x_wconf 78' lang='lat' dir='ltr'><strong>necessa-</strong></span> 
     </span>
    </p>
   </div>
   <div class='ocr_carea' id='block_1_96' title="bbox 488 5007 2078 5078">
    <p class='ocr_par' dir='ltr' id='par_1_96' title="bbox 488 5007 2078 5078">
     <span class='ocr_line' id='line_1_96' title="bbox 488 5007 2078 5078; baseline 0.003 -18"><span class='ocrx_word' id='word_1_650' title='bbox 488 5007 633 5060; x_wconf 82' lang='lat' dir='ltr'><strong>rium</strong></span> <span class='ocrx_word' id='word_1_651' title='bbox 692 5008 935 5061; x_wconf 88' lang='lat' dir='ltr'><strong>debitum</strong></span> <span class='ocrx_word' id='word_1_652' title='bbox 992 5016 1275 5060; x_wconf 84' lang='lat' dir='ltr'><strong>servantes</strong></span> <span class='ocrx_word' id='word_1_653' title='bbox 1346 5008 1706 5074; x_wconf 84' lang='lat' dir='ltr'><strong>obediebant,</strong></span> <span class='ocrx_word' id='word_1_654' title='bbox 1757 5009 1894 5063; x_wconf 86' lang='lat' dir='ltr'><strong>nihil</strong></span> <span class='ocrx_word' id='word_1_655' title='bbox 1941 5024 2078 5078; x_wconf 83' lang='lat' dir='ltr'><strong>opus</strong></span> 
     </span>
    </p>
   </div>
   <div class='ocr_carea' id='block_1_97' title="bbox 484 5098 2076 5169">
    <p class='ocr_par' dir='ltr' id='par_1_97' title="bbox 484 5098 2076 5169">
     <span class='ocr_line' id='line_1_97' title="bbox 484 5098 2076 5169; baseline 0.004 -18"><span class='ocrx_word' id='word_1_656' title='bbox 484 5112 613 5154; x_wconf 81' lang='lat' dir='ltr'><strong>esse</strong></span> <span class='ocrx_word' id='word_1_657' title='bbox 628 5098 828 5152; x_wconf 82' lang='lat' dir='ltr'><strong>arbitra</strong></span> <span class='ocrx_word' id='word_1_658' title='bbox 839 5099 1035 5152; x_wconf 89' lang='lat' dir='ltr'><strong>bantur</strong></span> <span class='ocrx_word' id='word_1_659' title='bbox 1051 5112 1297 5153; x_wconf 85' lang='lat' dir='ltr'><strong>seorsum</strong></span> <span class='ocrx_word' id='word_1_660' title='bbox 1319 5099 1548 5153; x_wconf 76' lang='lat' dir='ltr'><strong>concilia</strong></span> <span class='ocrx_word' id='word_1_661' title='bbox 1572 5100 1752 5154; x_wconf 85' lang='lat' dir='ltr'><strong>facere</strong></span> <span class='ocrx_word' id='word_1_662' title='bbox 1771 5116 1789 5166; x_wconf 85' lang='lat'><strong>;</strong></span> <span class='ocrx_word' id='word_1_663' title='bbox 1819 5102 2076 5169; x_wconf 84' lang='lat' dir='ltr'><strong>adiectio-</strong></span> 
     </span>
    </p>
   </div>
   <div class='ocr_carea' id='block_1_98' title="bbox 489 5193 2075 5262">
    <p class='ocr_par' dir='ltr' id='par_1_98' title="bbox 489 5193 2075 5262">
     <span class='ocr_line' id='line_1_98' title="bbox 489 5193 2075 5262; baseline 0.002 -16"><span class='ocrx_word' id='word_1_664' title='bbox 489 5208 617 5247; x_wconf 82' lang='lat' dir='ltr'><strong>nem</strong></span> <span class='ocrx_word' id='word_1_665' title='bbox 674 5193 873 5262; x_wconf 88' lang='lat' dir='ltr'><strong>quippe</strong></span> <span class='ocrx_word' id='word_1_666' title='bbox 925 5202 985 5245; x_wconf 88' lang='lat' dir='ltr'><strong>nt</strong></span> <span class='ocrx_word' id='word_1_667' title='bbox 1039 5207 1249 5246; x_wconf 87' lang='lat' dir='ltr'><strong>smnme</strong></span> <span class='ocrx_word' id='word_1_668' title='bbox 1316 5193 1500 5246; x_wconf 88' lang='lat' dir='ltr'><strong>utilem</strong></span> <span class='ocrx_word' id='word_1_669' title='bbox 1576 5208 1641 5247; x_wconf 85' lang='lat' dir='ltr'><strong>ac</strong></span> <span class='ocrx_word' id='word_1_670' title='bbox 1706 5195 2075 5250; x_wconf 83' lang='lat' dir='ltr'><strong>necessariam</strong></span> 
     </span>
    </p>
   </div>
   <div class='ocr_carea' id='block_1_99' title="bbox 490 5287 2073 5353">
    <p class='ocr_par' dir='ltr' id='par_1_99' title="bbox 490 5287 2073 5353">
     <span class='ocr_line' id='line_1_99' title="bbox 490 5287 2073 5353; baseline 0 -14"><span class='ocrx_word' id='word_1_671' title='bbox 490 5287 755 5339; x_wconf 86' lang='lat' dir='ltr'><strong>sciebant.</strong></span> <span class='ocrx_word' id='word_1_672' title='bbox 824 5287 1015 5339; x_wconf 78' lang='lat' dir='ltr'><strong>Postea</strong></span> <span class='ocrx_word' id='word_1_673' title='bbox 1054 5300 1182 5339; x_wconf 87' lang='lat' dir='ltr'><strong>vero</strong></span> <span class='ocrx_word' id='word_1_674' title='bbox 1229 5301 1389 5353; x_wconf 84' lang='lat' dir='ltr'><strong>quam</strong></span> <span class='ocrx_word' id='word_1_675' title='bbox 1431 5301 1676 5341; x_wconf 87' lang='lat' dir='ltr'><strong>seorsum</strong></span> <span class='ocrx_word' id='word_1_676' title='bbox 1708 5302 1828 5341; x_wconf 90' lang='lat' dir='ltr'><strong>esse</strong></span> <span class='ocrx_word' id='word_1_677' title='bbox 1883 5288 2073 5342; x_wconf 84' lang='lat' dir='ltr'><strong>volne-</strong></span> 
     </span>
    </p>
   </div>
   <div class='ocr_carea' id='block_1_100' title="bbox 490 5378 2075 5439">
    <p class='ocr_par' dir='ltr' id='par_1_100' title="bbox 490 5378 2075 5439">
     <span class='ocr_line' id='line_1_100' title="bbox 490 5378 2075 5439; baseline 0.004 -9"><span class='ocrx_word' id='word_1_678' title='bbox 490 5390 639 5439; x_wconf 86' lang='lat' dir='ltr'><strong>runt,</strong></span> <span class='ocrx_word' id='word_1_679' title='bbox 691 5380 1018 5432; x_wconf 76' lang='lat' dir='ltr'><strong>auditionem</strong></span> <span class='ocrx_word' id='word_1_680' title='bbox 1069 5380 1217 5432; x_wconf 88' lang='lat' dir='ltr'><strong>illam</strong></span> <span class='ocrx_word' id='word_1_681' title='bbox 1273 5378 1626 5434; x_wconf 86' lang='lat' dir='ltr'><strong>discessionis</strong></span> <span class='ocrx_word' id='word_1_682' title='bbox 1678 5395 1898 5434; x_wconf 89' lang='lat' dir='ltr'><strong>causam</strong></span> <span class='ocrx_word' id='word_1_683' title='bbox 1955 5381 2075 5435; x_wconf 86' lang='lat' dir='ltr'><strong>ido-</strong></span> 
     </span>
    </p>
   </div>
   <div class='ocr_carea' id='block_1_101' title="bbox 491 5470 2072 5539">
    <p class='ocr_par' dir='ltr' id='par_1_101' title="bbox 491 5470 2072 5539">
     <span class='ocr_line' id='line_1_101' title="bbox 491 5470 2072 5539; baseline 0.001 -17"><span class='ocrx_word' id='word_1_684' title='bbox 491 5484 697 5533; x_wconf 73' lang='lat' dir='ltr'><strong>neam,</strong></span> <span class='ocrx_word' id='word_1_685' title='bbox 753 5484 812 5524; x_wconf 86' lang='grc' dir='ltr'><strong>ιιι</strong></span> <span class='ocrx_word' id='word_1_686' title='bbox 865 5472 969 5524; x_wconf 80' lang='lat' dir='ltr'><strong>sibi</strong></span> <span class='ocrx_word' id='word_1_687' title='bbox 1040 5470 1361 5533; x_wconf 85' lang='lat' dir='ltr'><strong>videbatur,</strong></span> <span class='ocrx_word' id='word_1_688' title='bbox 1426 5471 1593 5535; x_wconf 90' lang='lat' dir='ltr'><strong>nacti,</strong></span> <span class='ocrx_word' id='word_1_689' title='bbox 1653 5485 1829 5539; x_wconf 89' lang='lat' dir='ltr'><strong>neque</strong></span> <span class='ocrx_word' id='word_1_690' title='bbox 1900 5472 2072 5524; x_wconf 86' lang='lat' dir='ltr'><strong>vocati</strong></span> 
     </span>
    </p>
   </div>
   <div class='ocr_carea' id='block_1_102' title="bbox 485 5561 2072 5627">
    <p class='ocr_par' dir='ltr' id='par_1_102' title="bbox 485 5561 2072 5627">
     <span class='ocr_line' id='line_1_102' title="bbox 485 5561 2072 5627; baseline 0.001 -12"><span class='ocrx_word' id='word_1_691' title='bbox 485 5563 714 5617; x_wconf 88' lang='lat' dir='ltr'><strong>obedire</strong></span> <span class='ocrx_word' id='word_1_692' title='bbox 782 5563 1087 5616; x_wconf 82' lang='lat' dir='ltr'><strong>voluerunt.</strong></span> <span class='ocrx_word' id='word_1_693' title='bbox 1145 5561 1316 5627; x_wconf 72' lang='lat' dir='ltr'><strong>Nam,</strong></span> <span class='ocrx_word' id='word_1_694' title='bbox 1349 5562 1395 5616; x_wconf 90' lang='lat' dir='ltr'><strong>si</strong></span> <span class='ocrx_word' id='word_1_695' title='bbox 1421 5564 1835 5627; x_wconf 87' lang='lat' dir='ltr'><strong>convenissent,</strong></span> <span class='ocrx_word' id='word_1_696' title='bbox 1885 5575 2072 5619; x_wconf 88' lang='lat' dir='ltr'><strong>contra</strong></span> 
     </span>
    </p>
   </div>
   <div class='ocr_carea' id='block_1_103' title="bbox 489 5656 2071 5726">
    <p class='ocr_par' dir='ltr' id='par_1_103' title="bbox 489 5656 2071 5726">
     <span class='ocr_line' id='line_1_103' title="bbox 489 5656 2071 5726; baseline 0.002 -20"><span class='ocrx_word' id='word_1_697' title='bbox 489 5669 553 5707; x_wconf 84' lang='lat' dir='ltr'><strong>se</strong></span> <span class='ocrx_word' id='word_1_698' title='bbox 578 5656 851 5709; x_wconf 82' lang='lat' dir='ltr'><strong>ferendam</strong></span> <span class='ocrx_word' id='word_1_699' title='bbox 878 5657 1202 5710; x_wconf 83' lang='lat' dir='ltr'><strong>sententiam</strong></span> <span class='ocrx_word' id='word_1_700' title='bbox 1232 5671 1336 5709; x_wconf 89' lang='lat' dir='ltr'><strong>non</strong></span> <span class='ocrx_word' id='word_1_701' title='bbox 1353 5656 1718 5726; x_wconf 64' lang='lat' dir='ltr'><strong>ambigi-bant,</strong></span> <span class='ocrx_word' id='word_1_702' title='bbox 1745 5658 2071 5724; x_wconf 83' lang='lat' dir='ltr'><strong>compellen-</strong></span> 
     </span>
    </p>
   </div>
   <div class='ocr_carea' id='block_1_104' title="bbox 493 5749 2069 5820">
    <p class='ocr_par' dir='ltr' id='par_1_104' title="bbox 493 5749 2069 5820">
     <span class='ocr_line' id='line_1_104' title="bbox 493 5749 2069 5820; baseline 0.001 -17"><span class='ocrx_word' id='word_1_703' title='bbox 493 5750 717 5817; x_wconf 83' lang='lat' dir='ltr'><strong>dosquc,</strong></span> <span class='ocrx_word' id='word_1_704' title='bbox 750 5762 806 5804; x_wconf 89' lang='lat' dir='ltr'><strong>ut</strong></span> <span class='ocrx_word' id='word_1_705' title='bbox 840 5767 1000 5820; x_wconf 86' lang='lat' dir='ltr'><strong>quam</strong></span> <span class='ocrx_word' id='word_1_706' title='bbox 1038 5751 1135 5817; x_wconf 77' lang='lat' dir='ltr'><strong>ipsi</strong></span> <span class='ocrx_word' id='word_1_707' title='bbox 1170 5749 1526 5817; x_wconf 72' lang='lat' dir='ltr'><strong>refugit-bant,</strong></span> <span class='ocrx_word' id='word_1_708' title='bbox 1557 5751 1800 5805; x_wconf 79' lang='lat' dir='ltr'><strong>Romano</strong></span> <span class='ocrx_word' id='word_1_709' title='bbox 1830 5751 2069 5819; x_wconf 84' lang='lat' dir='ltr'><strong>pontilici</strong></span> 
     </span>
    </p>
   </div>
   <div class='ocr_carea' id='block_1_105' title="bbox 2185 4547 3775 4617">
    <p class='ocr_par' dir='ltr' id='par_1_105' title="bbox 2185 4547 3775 4617">
     <span class='ocr_line' id='line_1_105' title="bbox 2185 4547 3775 4617; baseline -0.001 -16"><span class='ocrx_word' id='word_1_710' title='bbox 2185 4561 2371 4603; x_wconf 82' lang='lat' dir='ltr'><strong>tenere</strong></span> <span class='ocrx_word' id='word_1_711' title='bbox 2448 4549 2690 4617; x_wconf 89' lang='lat' dir='ltr'><strong>iactatis,</strong></span> <span class='ocrx_word' id='word_1_712' title='bbox 2742 4548 2901 4602; x_wconf 87' lang='lat' dir='ltr'><strong>istam</strong></span> <span class='ocrx_word' id='word_1_713' title='bbox 2953 4547 3285 4602; x_wconf 84' lang='lat' dir='ltr'><strong>sdditionem</strong></span> <span class='ocrx_word' id='word_1_714' title='bbox 3339 4548 3775 4613; x_wconf 76' lang='lat' dir='ltr'><strong>exsecrantibus,</strong></span> 
     </span>
    </p>
   </div>
   <div class='ocr_carea' id='block_1_106' title="bbox 2180 4638 3781 4709">
    <p class='ocr_par' dir='ltr' id='par_1_106' title="bbox 2180 4638 3781 4709">
     <span class='ocr_line' id='line_1_106' title="bbox 2180 4638 3781 4709; baseline -0.001 -17"><span class='ocrx_word' id='word_1_715' title='bbox 2180 4657 2341 4709; x_wconf 89' lang='lat' dir='ltr'><strong>quam</strong></span> <span class='ocrx_word' id='word_1_716' title='bbox 2374 4640 2446 4694; x_wconf 91' lang='lat' dir='ltr'><strong>illi</strong></span> <span class='ocrx_word' id='word_1_717' title='bbox 2499 4655 2801 4695; x_wconf 78' lang='lat' dir='ltr'><strong>connexam</strong></span> <span class='ocrx_word' id='word_1_718' title='bbox 2854 4638 3133 4709; x_wconf 83' lang='lat' dir='ltr'><strong>Symbolo,</strong></span> <span class='ocrx_word' id='word_1_719' title='bbox 3162 4640 3611 4709; x_wconf 75' lang='lat' dir='ltr'><strong>complexamque</strong></span> <span class='ocrx_word' id='word_1_720' title='bbox 3657 4649 3781 4691; x_wconf 78' lang='lat' dir='ltr'><strong>tra-</strong></span> 
     </span>
    </p>
   </div>
   <div class='ocr_carea' id='block_1_107' title="bbox 2187 4730 3774 4801">
    <p class='ocr_par' dir='ltr' id='par_1_107' title="bbox 2187 4730 3774 4801">
     <span class='ocr_line' id='line_1_107' title="bbox 2187 4730 3774 4801; baseline -0.004 -14"><span class='ocrx_word' id='word_1_721' title='bbox 2187 4734 2462 4797; x_wconf 81' lang='lat' dir='ltr'><strong>uiderunt,</strong></span> <span class='ocrx_word' id='word_1_722' title='bbox 2520 4742 2576 4787; x_wconf 89' lang='lat' dir='ltr'><strong>et</strong></span> <span class='ocrx_word' id='word_1_723' title='bbox 2628 4747 2789 4801; x_wconf 89' lang='lat' dir='ltr'><strong>quam</strong></span> <span class='ocrx_word' id='word_1_724' title='bbox 2854 4733 2957 4800; x_wconf 85' lang='lat' dir='ltr'><strong>ipsi</strong></span> <span class='ocrx_word' id='word_1_725' title='bbox 3022 4732 3245 4786; x_wconf 86' lang='lat' dir='ltr'><strong>omnino</strong></span> <span class='ocrx_word' id='word_1_726' title='bbox 3301 4732 3664 4800; x_wconf 82' lang='lat' dir='ltr'><strong>adiecissent:</strong></span> <span class='ocrx_word' id='word_1_727' title='bbox 3698 4730 3774 4792; x_wconf 84' lang='lat' dir='ltr'><strong>si,</strong></span> 
     </span>
    </p>
   </div>
   <div class='ocr_carea' id='block_1_108' title="bbox 2184 4823 3777 4892">
    <p class='ocr_par' dir='ltr' id='par_1_108' title="bbox 2184 4823 3777 4892">
     <span class='ocr_line' id='line_1_108' title="bbox 2184 4823 3777 4892; baseline -0.001 -14"><span class='ocrx_word' id='word_1_728' title='bbox 2184 4827 2269 4880; x_wconf 91' lang='lat' dir='ltr'><strong>vel</strong></span> <span class='ocrx_word' id='word_1_729' title='bbox 2300 4827 2381 4880; x_wconf 89' lang='lat' dir='ltr'><strong>eis</strong></span> <span class='ocrx_word' id='word_1_730' title='bbox 2412 4826 2723 4879; x_wconf 87' lang='lat' dir='ltr'><strong>viventibus</strong></span> <span class='ocrx_word' id='word_1_731' title='bbox 2750 4825 2981 4892; x_wconf 85' lang='lat' dir='ltr'><strong>quaestio</strong></span> <span class='ocrx_word' id='word_1_732' title='bbox 3032 4825 3135 4879; x_wconf 89' lang='lat' dir='ltr'><strong>ista</strong></span> <span class='ocrx_word' id='word_1_733' title='bbox 3194 4824 3381 4879; x_wconf 87' lang='lat' dir='ltr'><strong>fuisset</strong></span> <span class='ocrx_word' id='word_1_734' title='bbox 3430 4825 3650 4892; x_wconf 85' lang='lat' dir='ltr'><strong>agitata,</strong></span> <span class='ocrx_word' id='word_1_735' title='bbox 3685 4823 3777 4877; x_wconf 84' lang='lat' dir='ltr'><strong>vel</strong></span> 
     </span>
    </p>
   </div>
   <div class='ocr_carea' id='block_1_109' title="bbox 2182 4915 3778 4985">
    <p class='ocr_par' dir='ltr' id='par_1_109' title="bbox 2182 4915 3778 4985">
     <span class='ocr_line' id='line_1_109' title="bbox 2182 4915 3778 4985; baseline -0.001 -16"><span class='ocrx_word' id='word_1_736' title='bbox 2182 4932 2324 4969; x_wconf 91' lang='lat' dir='ltr'><strong>nunc</strong></span> <span class='ocrx_word' id='word_1_737' title='bbox 2360 4917 2669 4985; x_wconf 86' lang='lat' dir='ltr'><strong>lmiusmodi</strong></span> <span class='ocrx_word' id='word_1_738' title='bbox 2706 4916 3089 4970; x_wconf 61' lang='lat' dir='ltr'><strong>centroversize</strong></span> <span class='ocrx_word' id='word_1_739' title='bbox 3112 4918 3389 4978; x_wconf 76' lang='lat' dir='ltr'><strong>adessent,</strong></span> <span class='ocrx_word' id='word_1_740' title='bbox 3423 4916 3531 4980; x_wconf 91' lang='lat' dir='ltr'><strong>vel,</strong></span> <span class='ocrx_word' id='word_1_741' title='bbox 3560 4915 3603 4969; x_wconf 89' lang='lat' dir='ltr'><strong>si</strong></span> <span class='ocrx_word' id='word_1_742' title='bbox 3631 4928 3778 4982; x_wconf 89' lang='lat' dir='ltr'><strong>quos</strong></span> 
     </span>
    </p>
   </div>
   <div class='ocr_carea' id='block_1_110' title="bbox 2180 5008 3423 5078">
    <p class='ocr_par' dir='ltr' id='par_1_110' title="bbox 2180 5008 3423 5078">
     <span class='ocr_line' id='line_1_110' title="bbox 2180 5008 3423 5078; baseline 0.001 -16"><span class='ocrx_word' id='word_1_743' title='bbox 2180 5008 2410 5063; x_wconf 80' lang='lat' dir='ltr'><strong>scissent</strong></span> <span class='ocrx_word' id='word_1_744' title='bbox 2439 5009 2505 5062; x_wconf 88' lang='lat' dir='ltr'><strong>ad</strong></span> <span class='ocrx_word' id='word_1_745' title='bbox 2543 5018 2747 5061; x_wconf 89' lang='lat' dir='ltr'><strong>tantum</strong></span> <span class='ocrx_word' id='word_1_746' title='bbox 2778 5012 3012 5063; x_wconf 80' lang='lat' dir='ltr'><strong>vesania:</strong></span> <span class='ocrx_word' id='word_1_747' title='bbox 3032 5010 3423 5078; x_wconf 88' lang='lat' dir='ltr'><strong>pervehendos.</strong></span> 
     </span>
    </p>
   </div>
   <div class='ocr_carea' id='block_1_111' title="bbox 2254 5099 3773 5169">
    <p class='ocr_par' dir='ltr' id='par_1_111' title="bbox 2254 5099 3773 5169">
     <span class='ocr_line' id='line_1_111' title="bbox 2254 5099 3773 5169; baseline 0.001 -17"><span class='ocrx_word' id='word_1_748' title='bbox 2254 5099 2415 5169; x_wconf 83' lang='lat' dir='ltr'><strong>Atqui</strong></span> <span class='ocrx_word' id='word_1_749' title='bbox 2450 5113 2547 5154; x_wconf 87' lang='lat' dir='ltr'><strong>vos</strong></span> <span class='ocrx_word' id='word_1_750' title='bbox 2579 5114 2682 5152; x_wconf 92' lang='lat' dir='ltr'><strong>non</strong></span> <span class='ocrx_word' id='word_1_751' title='bbox 2716 5110 2771 5152; x_wconf 92' lang='lat' dir='ltr'><strong>nt</strong></span> <span class='ocrx_word' id='word_1_752' title='bbox 2808 5100 2878 5152; x_wconf 83' lang='lat' dir='ltr'><strong>ab</strong></span> <span class='ocrx_word' id='word_1_753' title='bbox 2918 5100 3024 5154; x_wconf 83' lang='lat' dir='ltr'><strong>illis</strong></span> <span class='ocrx_word' id='word_1_754' title='bbox 3054 5100 3286 5169; x_wconf 83' lang='lat' dir='ltr'><strong>positum</strong></span> <span class='ocrx_word' id='word_1_755' title='bbox 3336 5111 3441 5165; x_wconf 89' lang='lat' dir='ltr'><strong>est,</strong></span> <span class='ocrx_word' id='word_1_756' title='bbox 3496 5100 3589 5154; x_wconf 89' lang='lat' dir='ltr'><strong>sed</strong></span> <span class='ocrx_word' id='word_1_757' title='bbox 3639 5113 3773 5153; x_wconf 87' lang='lat' dir='ltr'><strong>cum</strong></span> 
     </span>
    </p>
   </div>
   <div class='ocr_carea' id='block_1_112' title="bbox 2180 5190 3772 5261">
    <p class='ocr_par' dir='ltr' id='par_1_112' title="bbox 2180 5190 3772 5261">
     <span class='ocr_line' id='line_1_112' title="bbox 2180 5190 3772 5261; baseline -0.003 -14"><span class='ocrx_word' id='word_1_758' title='bbox 2180 5194 2485 5260; x_wconf 79' lang='lat' dir='ltr'><strong>adiectione</strong></span> <span class='ocrx_word' id='word_1_759' title='bbox 2546 5192 2744 5261; x_wconf 86' lang='lat' dir='ltr'><strong>legitis.</strong></span> <span class='ocrx_word' id='word_1_760' title='bbox 2806 5190 2944 5245; x_wconf 78' lang='lat' dir='ltr'><strong>Nam</strong></span> <span class='ocrx_word' id='word_1_761' title='bbox 2989 5192 3221 5257; x_wconf 88' lang='lat' dir='ltr'><strong>sublato,</strong></span> <span class='ocrx_word' id='word_1_762' title='bbox 3255 5192 3398 5260; x_wconf 89' lang='lat' dir='ltr'><strong>quod</strong></span> <span class='ocrx_word' id='word_1_763' title='bbox 3448 5191 3669 5251; x_wconf 88' lang='lat' dir='ltr'><strong>dicitur,</strong></span> <span class='ocrx_word' id='word_1_764' title='bbox 3698 5206 3772 5243; x_wconf 64' lang='lat' dir='ltr'><strong>ex</strong></span> 
     </span>
    </p>
   </div>
   <div class='ocr_carea' id='block_1_113' title="bbox 2181 5284 3774 5355">
    <p class='ocr_par' dir='ltr' id='par_1_113' title="bbox 2181 5284 3774 5355">
     <span class='ocr_line' id='line_1_113' title="bbox 2181 5284 3774 5355; baseline 0.001 -17"><span class='ocrx_word' id='word_1_765' title='bbox 2181 5285 2348 5353; x_wconf 82' lang='lat' dir='ltr'><strong>Filio,</strong></span> <span class='ocrx_word' id='word_1_766' title='bbox 2379 5287 2721 5355; x_wconf 88' lang='lat' dir='ltr'><strong>perspicuum</strong></span> <span class='ocrx_word' id='word_1_767' title='bbox 2754 5296 2837 5339; x_wconf 84' lang='lat' dir='ltr'><strong>est</strong></span> <span class='ocrx_word' id='word_1_768' title='bbox 2889 5287 3014 5354; x_wconf 85' lang='lat' dir='ltr'><strong>quia</strong></span> <span class='ocrx_word' id='word_1_769' title='bbox 3045 5301 3107 5338; x_wconf 79' lang='lat' dir='ltr'><strong>ex</strong></span> <span class='ocrx_word' id='word_1_770' title='bbox 3157 5287 3276 5339; x_wconf 83' lang='lat' dir='ltr'><strong>solo</strong></span> <span class='ocrx_word' id='word_1_771' title='bbox 3328 5284 3492 5340; x_wconf 82' lang='lat' dir='ltr'><strong>Patre</strong></span> <span class='ocrx_word' id='word_1_772' title='bbox 3535 5286 3774 5353; x_wconf 82' lang='lat' dir='ltr'><strong>adiectio</strong></span> 
     </span>
    </p>
   </div>
   <div class='ocr_carea' id='block_1_114' title="bbox 2180 5377 3775 5441">
    <p class='ocr_par' dir='ltr' id='par_1_114' title="bbox 2180 5377 3775 5441">
     <span class='ocr_line' id='line_1_114' title="bbox 2180 5377 3775 5441; baseline 0.001 -10"><span class='ocrx_word' id='word_1_773' title='bbox 2180 5379 2427 5431; x_wconf 76' lang='lat' dir='ltr'><strong>infertur.</strong></span> <span class='ocrx_word' id='word_1_774' title='bbox 2464 5377 2577 5431; x_wconf 83' lang='lat' dir='ltr'><strong>Etsi</strong></span> <span class='ocrx_word' id='word_1_775' title='bbox 2610 5379 2754 5431; x_wconf 87' lang='lat' dir='ltr'><strong>enim</strong></span> <span class='ocrx_word' id='word_1_776' title='bbox 2788 5380 2889 5432; x_wconf 85' lang='lat' dir='ltr'><strong>hoc</strong></span> <span class='ocrx_word' id='word_1_777' title='bbox 2923 5379 3086 5431; x_wconf 84' lang='lat' dir='ltr'><strong>verbo</strong></span> <span class='ocrx_word' id='word_1_778' title='bbox 3115 5394 3218 5431; x_wconf 90' lang='lat' dir='ltr'><strong>non</strong></span> <span class='ocrx_word' id='word_1_779' title='bbox 3251 5380 3454 5441; x_wconf 86' lang='lat' dir='ltr'><strong>dicitis,</strong></span> <span class='ocrx_word' id='word_1_780' title='bbox 3491 5393 3615 5433; x_wconf 83' lang='lat' dir='ltr'><strong>cum</strong></span> <span class='ocrx_word' id='word_1_781' title='bbox 3654 5378 3775 5433; x_wconf 83' lang='lat' dir='ltr'><strong>Deo</strong></span> 
     </span>
    </p>
   </div>
   <div class='ocr_carea' id='block_1_115' title="bbox 2179 5465 3771 5538">
    <p class='ocr_par' dir='ltr' id='par_1_115' title="bbox 2179 5465 3771 5538">
     <span class='ocr_line' id='line_1_115' title="bbox 2179 5465 3771 5538; baseline 0.001 -14"><span class='ocrx_word' id='word_1_782' title='bbox 2179 5483 2358 5524; x_wconf 85' lang='lat' dir='ltr'><strong>tamen</strong></span> <span class='ocrx_word' id='word_1_783' title='bbox 2418 5469 2723 5538; x_wconf 82' lang='lat' dir='ltr'><strong>loquentes,</strong></span> <span class='ocrx_word' id='word_1_784' title='bbox 2756 5465 2883 5523; x_wconf 79' lang='lat' dir='ltr'><strong>dnin</strong></span> <span class='ocrx_word' id='word_1_785' title='bbox 2941 5485 3008 5523; x_wconf 81' lang='lat' dir='ltr'><strong>ex</strong></span> <span class='ocrx_word' id='word_1_786' title='bbox 3051 5469 3213 5526; x_wconf 78' lang='lat' dir='ltr'><strong>Patre</strong></span> <span class='ocrx_word' id='word_1_787' title='bbox 3268 5471 3471 5537; x_wconf 87' lang='lat' dir='ltr'><strong>dicitis,</strong></span> <span class='ocrx_word' id='word_1_788' title='bbox 3527 5488 3592 5525; x_wconf 76' lang='lat' dir='ltr'><strong>ea:</strong></span> <span class='ocrx_word' id='word_1_789' title='bbox 3628 5473 3771 5534; x_wconf 81' lang='lat' dir='ltr'><strong>solo,</strong></span> 
     </span>
    </p>
   </div>
   <div class='ocr_carea' id='block_1_116' title="bbox 2176 5560 3777 5630">
    <p class='ocr_par' dir='ltr' id='par_1_116' title="bbox 2176 5560 3777 5630">
     <span class='ocr_line' id='line_1_116' title="bbox 2176 5560 3777 5630; baseline 0.002 -14"><span class='ocrx_word' id='word_1_790' title='bbox 2176 5562 2338 5616; x_wconf 81' lang='lat' dir='ltr'><strong>etiam</strong></span> <span class='ocrx_word' id='word_1_791' title='bbox 2401 5560 2671 5628; x_wconf 86' lang='lat' dir='ltr'><strong>adjicitis,</strong></span> <span class='ocrx_word' id='word_1_792' title='bbox 2742 5561 2993 5630; x_wconf 87' lang='lat' dir='ltr'><strong>Deoqne,</strong></span> <span class='ocrx_word' id='word_1_793' title='bbox 3044 5565 3132 5615; x_wconf 85' lang='lat' dir='ltr'><strong>cui</strong></span> <span class='ocrx_word' id='word_1_794' title='bbox 3188 5576 3395 5616; x_wconf 80' lang='lat' dir='ltr'><strong>tuentes</strong></span> <span class='ocrx_word' id='word_1_795' title='bbox 3444 5572 3643 5618; x_wconf 70' lang='lat' dir='ltr'><strong>nostra:</strong></span> <span class='ocrx_word' id='word_1_796' title='bbox 3714 5576 3777 5620; x_wconf 82' lang='lat' dir='ltr'><strong>et</strong></span> 
     </span>
    </p>
   </div>
   <div class='ocr_carea' id='block_1_117' title="bbox 2179 5656 3772 5726">
    <p class='ocr_par' dir='ltr' id='par_1_117' title="bbox 2179 5656 3772 5726">
     <span class='ocr_line' id='line_1_117' title="bbox 2179 5656 3772 5726; baseline 0.003 -16"><span class='ocrx_word' id='word_1_797' title='bbox 2179 5658 2339 5710; x_wconf 81' lang='lat' dir='ltr'><strong>Corda</strong></span> <span class='ocrx_word' id='word_1_798' title='bbox 2374 5664 2560 5723; x_wconf 84' lang='lat' dir='ltr'><strong>aperta</strong></span> <span class='ocrx_word' id='word_1_799' title='bbox 2590 5666 2737 5721; x_wconf 88' lang='lat' dir='ltr'><strong>sunt,</strong></span> <span class='ocrx_word' id='word_1_800' title='bbox 2773 5656 3079 5722; x_wconf 77' lang='lat' dir='ltr'><strong>huiusmodi</strong></span> <span class='ocrx_word' id='word_1_801' title='bbox 3115 5659 3296 5721; x_wconf 84' lang='lat' dir='ltr'><strong>tidem,</strong></span> <span class='ocrx_word' id='word_1_802' title='bbox 3340 5660 3449 5710; x_wconf 82' lang='lat' dir='ltr'><strong>imo</strong></span> <span class='ocrx_word' id='word_1_803' title='bbox 3481 5660 3772 5726; x_wconf 74' lang='lat' dir='ltr'><strong>perlidiant</strong></span> 
     </span>
    </p>
   </div>
   <div class='ocr_carea' id='block_1_118' title="bbox 2180 5748 3772 5815">
    <p class='ocr_par' dir='ltr' id='par_1_118' title="bbox 2180 5748 3772 5815">
     <span class='ocr_line' id='line_1_118' title="bbox 2180 5748 3772 5815; baseline 0.004 -12"><span class='ocrx_word' id='word_1_804' title='bbox 2180 5748 2402 5805; x_wconf 81' lang='lat' dir='ltr'><strong>oli&#39;crtis.</strong></span> <span class='ocrx_word' id='word_1_805' title='bbox 2440 5749 2531 5803; x_wconf 76' lang='lat' dir='ltr'><strong>Est</strong></span> <span class='ocrx_word' id='word_1_806' title='bbox 2556 5752 2696 5802; x_wconf 78' lang='lat' dir='ltr'><strong>enim</strong></span> <span class='ocrx_word' id='word_1_807' title='bbox 2736 5751 2965 5805; x_wconf 77' lang='lat' dir='ltr'><strong>validius</strong></span> <span class='ocrx_word' id='word_1_808' title='bbox 2997 5762 3221 5815; x_wconf 79' lang='lat' dir='ltr'><strong>sentire,</strong></span> <span class='ocrx_word' id='word_1_809' title='bbox 3254 5769 3410 5815; x_wconf 72' lang='lat' dir='ltr'><strong>iniam</strong></span> <span class='ocrx_word' id='word_1_810' title='bbox 3443 5754 3648 5807; x_wconf 77' lang='lat' dir='ltr'><strong>dicere.</strong></span> <span class='ocrx_word' id='word_1_811' title='bbox 3681 5754 3772 5811; x_wconf 83' lang='lat' dir='ltr'><strong>Ne</strong></span> 
     </span>
    </p>
   </div>
  </div>
