3996 6222
267 355 366 420 Idl

1350 346 1748 415 ADVERSUS
1786 345 2098 408 GRAECOS
2133 346 2281 407 LIB.
2324 346 2424 406 IV-

3402 343 3510 406 2‘2

271 487 370 541 que
401 487 532 526 vero
561 470 612 526 id
636 469 849 526 sentitis
870 470 1070 534 solum,
1102 467 1194 524 sed
1227 465 1387 522 etiam
1425 464 1682 528 scribitis,
1715 477 1835 518 cum
1868 469 1910 525 Α
1942 460 2117 529 potius
2178 474 2338 530 quam
2404 458 2696 528 principem
2721 499 2734 522 ,
2793 466 2846 512 et
2892 457 3112 511 militem
3164 455 3282 525 plus
3341 471 3502 525 quam

270 569 390 622 illos
424 565 516 632 qui
565 563 724 616 etiam
751 577 820 616 es
851 561 986 616 Filio
1033 561 1326 629 procedere
1373 559 1580 622 dicunt,
1609 569 1836 625 arguere
1883 581 1888 584 -

272 658 521 714 uitimini.
564 655 766 724 itaque,
796 654 842 708 si
890 653 1204 730 vituperatis
1239 650 1589 714 additionem,
1615 648 1715 718 ipsi
1761 655 1841 700 ta-

272 767 388 804 men
424 746 775 803 nihilominus
830 743 1085 812 adjicitis.
1119 741 1188 796 Et
1241 741 1399 795 nobis
1443 739 1656 808 quidem
1687 737 1838 791 adest

273 857 366 910 per
401 838 583 892 omnia
639 837 950 901 concordia,
991 833 1233 902 nihilque
1286 831 1524 894 illorum,
1564 843 1683 899 quze
1735 827 1840 882 ﬁde

271 931 614 984 continentur
643 927 902 990 tollimus,
938 924 1090 978 vobis
1116 933 1296 977 autem
1347 929 1536 976 contra
1600 919 1833 987 penitus.

334 1008 740 1074 Consideranda
794 1025 972 1070 autem
1022 1014 1176 1069 vobis
1227 1022 1310 1070 est
1345 1012 1599 1067 Ecclesia:
1643 1019 1839 1064 nostra!

270 1111 523 1177 dignitas,
549 1125 670 1180 quae
698 1122 970 1177 nunquam
997 1108 1066 1161 de
1098 1106 1202 1160 ﬁde
1243 1105 1346 1159 nisi
1379 1118 1614 1174 congrua
1670 1102 1842 1156 sensit

271 1220 328 1258 ac
389 1202 586 1256 statuit
619 1218 633 1254 :
665 1210 721 1253 et
778 1213 898 1269 quae
946 1197 1085 1260 sola,
1143 1196 1298 1250 vobis
1338 1195 1590 1249 omnibus
1631 1192 1840 1248 caeteris

270 1296 406 1348 circa
451 1292 616 1346 ﬁdem
663 1287 1133 1356 naul'ragantibus,
1162 1300 1270 1339 non
1296 1285 1470 1339 solum
1513 1283 1644 1337 nihil
1682 1297 1839 1351 passa

274 1393 350 1437 est
377 1380 713 1450 hujnsmodi,
747 1393 932 1432 verum
963 1385 1017 1430 et
1041 1375 1288 1444 iacentes
1317 1382 1541 1429 caeteras
1571 1370 1840 1426 Ecclesias

268 1474 484 1534 erexit;
515 1480 593 1534 et,
635 1469 805 1523 sicubi
860 1467 1138 1535 religionis
1188 1464 1368 1519 fervor
1422 1470 1719 1531 supererat,
1772 1459 1838 1512 ad

270 1566 402 1617 banc
453 1557 831 1630 confugiebat,
883 1558 1023 1610 hanc
1076 1554 1400 1624 appellabat.
1458 1551 1584 1606 llaac
1635 1559 1838 1612 autem,

273 1667 488 1709 manum
514 1653 814 1722 porrigens,
837 1664 954 1718 quae
976 1649 1220 1719 dispersa
1246 1655 1422 1711 erant,
1442 1645 1496 1700 in
1521 1658 1685 1698 unum
1699 1641 1840 1696 ovile

266 1748 519 1815 cogebat,
550 1754 716 1812 atque
745 1740 1127 1812 coniungebat,
1157 1751 1214 1792 ut
1250 1755 1347 1792 vos
1399 1737 1588 1791 melius
1641 1733 1834 1790 nostis.

1941 553 2317 619 imperatorem
2365 551 2415 605 in
2463 550 2697 607 decretis
2746 548 2972 612 bellicis,
2998 563 3155 616 posse
3209 557 3502 602 asseveret.

1940 645 2048 696 Sed
2100 643 2198 698 ista
2255 644 2519 712 superbiae
2576 652 2762 712 aperta
2811 641 3125 696 documenta
3188 639 3406 704 habent,
3455 647 3507 692 et

1939 734 2376 790 irrationabiliter
2404 733 2841 789 distribuentium
2876 740 3023 786 sunt.

2012 825 2115 878 Ista
2178 835 2303 880 tunc
2359 825 2558 880 nostris
2626 825 2693 877 ab
2751 821 3185 878 Occidentalibus
3256 835 3507 890 responsa

1938 928 2065 973 sunt
2130 931 2254 972 cum
2324 916 2686 985 adiectionem
2772 913 2973 968 aboleri
3029 911 3382 980 postularent.
3446 913 3510 966 Et

1939 1017 2092 1072 tunc,
2131 1007 2317 1062 eadem
2369 1007 2574 1069 dicunt,
2611 1013 2664 1059 et
2713 1003 2884 1058 modis
2933 1002 3205 1067 omnibus,
3236 1006 3301 1056 ad
3355 1004 3512 1057 uuioo

1939 1116 2058 1155 nem
2107 1107 2319 1154 vocant.
2376 1097 2504 1161 Sed,
2549 1110 2723 1162 neque
2779 1096 2971 1158 modo,
3010 1109 3183 1164 neque
3227 1106 3384 1148 antea
3431 1096 3512 1149 bis

1942 1208 2061 1263 qua:
2090 1193 2364 1254 dicuntur,
2401 1188 2652 1244 assentiri
2691 1187 3022 1256 delegerunt.
3083 1189 3364 1254 Quomodo
3416 1189 3515 1256 igi-

1943 1293 2049 1348 tur,
2083 1297 2202 1336 cum
2234 1282 2342 1335 sint
2373 1280 2656 1334 contrariae
2680 1278 2967 1346 Opinionis,
3001 1279 3161 1332 etiam
3195 1279 3393 1340 vocati,
3433 1278 3517 1331 his

1941 1371 2230 1429 convenire
2260 1369 2570 1434 voluissent,
2603 1382 2742 1437 quos
2777 1367 2922 1421 circa
2949 1367 3107 1420 iidem
3142 1367 3520 1434 blasplicmare

1941 1463 2316 1517 arbitrantur?
2353 1460 2458 1514 Sed
2493 1469 2667 1513 tamen
2717 1468 2770 1513 et
2804 1458 2904 1512 hoc
2953 1457 3152 1512 factum
3189 1467 3294 1520 est,
3323 1470 3517 1524 eaque,

1941 1570 2099 1624 quam
2135 1542 2352 1614 dicunt,
2372 1551 2635 1614 evocatio,
2664 1550 3075 1617 communisque
3104 1550 3342 1619 synodus
3365 1549 3476 1617 (ιθ)
3503 1589 3518 1605 .

1940 1646 2055 1700 sive
2089 1645 2290 1700 nostris
2330 1643 2395 1696 ad
2425 1641 2784 1697 obedientiam
2827 1643 3068 1709 priorem
3104 1639 3472 1694 remeantibus
3504 1679 3519 1703 ,

1947 1737 2062 1791 sive
2127 1737 2194 1791 de
2243 1733 2544 1801 bujusmodi
2600 1733 2873 1786 additione
2925 1730 3107 1785 doceri
3141 1730 3519 1798 cupientibus,

266 1833 544 1902 Eon-ergo
566 1833 818 1888 convenit
843 1841 899 1886 ut
931 1809 1051 1886 cium
1095 1830 1202 1884 tale
1249 1829 1318 1884 ab
1351 1827 1505 1882 initio
1533 1824 1839 1896 exemplum
1874 1809 1916 1865 Β
1949 1831 2063 1883 sive
2093 1842 2188 1897 per
2237 1829 2440 1896 seipsos
2462 1827 2746 1880 veritatem
2800 1822 3243 1894 agnoscentibus,
3274 1821 3520 1892 Lugduni

266 1923 537 1987 habeatis,
569 1937 890 1992 semperque
939 1925 1004 1977 ad
1060 1920 1148 1975 illa
1210 1918 1418 1974 fueritis
1465 1916 1662 1981 edocti,
1698 1930 1841 1970 nunc

264 2025 476 2069 mutato
511 2014 732 2076 ordine,
763 2028 862 2069 vos
911 2012 1054 2066 illam
1106 2013 1300 2066 docere
1326 2009 1616 2072 conemini,
1647 2008 1841 2062 adver-

259 2120 351 2160 sus
378 2122 547 2175 quam
581 2118 750 2174 porta:
778 2104 935 2174 inferi
975 2120 1250 2175 nunquam
1285 2099 1714 2171 prwvalituras"
1755 2099 1845 2152 ille

259 2199 545 2269 promisit,
584 2198 678 2266 qui
713 2197 926 2251 mentiri
957 2212 1061 2251 non
1096 2203 1293 2264 potest.

323 2287 547 2356 itaque,
578 2296 639 2341 ut
672 2302 738 2341 ex
770 2287 1058 2356 praemissis
1107 2286 1361 2348 inuetuit,
1393 2292 1586 2352 praeter
1632 2295 1843 2336 omnem

261 2379 542 2433 rationem
587 2388 691 2442 est,
729 2389 914 2446 putare
957 2379 1096 2434 hanc
1142 2393 1173 2432 a
1199 2377 1428 2432 veritate
1481 2375 1764 2438 excidisse,
1794 2381 1848 2426 et

258 2469 561 2521 occasione
600 2467 876 2536 religionis
917 2468 1061 2522 circa
1118 2467 1298 2531 ﬁdem,
1349 2467 1476 2520 dum
1524 2464 1847 2518 additiouem

262 2560 533 2627 abjicitis.
566 2559 685 2626 ejus
711 2561 870 2613 etiam
918 2558 1325 2628 intelligentiam
1367 2556 1630 2626 negando,
1657 2555 1726 2609 ab
1751 2555 1849 2608 bu-

257 2651 516 2718 jusmodi
561 2651 799 2706 Ecclesia
833 2651 1070 2719 prmeidi,
1097 2651 1236 2704 sicut
1269 2659 1322 2704 et
1350 2648 1480 2702 alias
1517 2657 1678 2702 ante:
1710 2663 1850 2702 nunc

259 2742 492 2809 quidem
535 2749 759 2810 propter
801 2740 1268 2795 consubstantialis
1293 2753 1485 2794 nomen
1517 2754 1532 2803 ;
1561 2753 1702 2792 nunc
1757 2753 1852 2793 au-

263 2842 396 2894 tem,
449 2829 604 2896 quod
662 2829 763 2883 hoc
814 2843 1012 2884 nomen
1073 2830 1211 2884 Deus
1273 2829 1341 2883 de
1400 2825 1602 2895 Spiritu
1661 2837 1852 2882 sancto

257 2921 534 2987 scriptum
595 2936 699 2973 non
762 2929 928 2986 esset,
955 2928 1009 2974 et
1055 2921 1190 2978 alias
1245 2921 1421 2985 aliter,
1467 2929 1690 2990 propter
1715 2934 1851 2989 quas

259 3015 450 3068 nostis
480 3027 704 3075 causas,
735 3011 1190 3081 praecidebamini.

1945 1929 2268 1990 congregata
2319 1928 2424 1984 est,
2450 1925 2503 1972 et
2533 1927 2718 1986 aperte
2763 1926 2886 1970 aute
2936 1915 3113 1986 plures
3163 1931 3333 1968 annos
3386 1930 3520 1968 con-

1944 2020 2230 2068 summata.
2256 2010 2354 2067 Ubi
2385 2010 2569 2065 aderat
2591 2009 2800 2078 quidem
2827 2008 3100 2062 Rotnanus
3141 2007 3378 2076 pootifex
3401 2007 3516 2078 (50)

1943 2121 2037 2172 per
2071 2107 2332 2172 seipsum,
2367 2103 2510 2158 illius
2535 2103 2935 2158 convocatiouis
2960 2115 3168 2162 auctor.
3201 2114 3362 2172 atque
3385 2116 3510 2157 cum

1945 2195 2600 2265 eoquadringentil'erme
2643 2193 2905 2262 episcopi.
2935 2192 3172 2248 Aderant
3225 2201 3402 2245 autem
3462 2201 3514 2245 et

1946 2288 2554 2358 Constantinopolitanae
2606 2285 2855 2342 Ecclesia:
2917 2285 3108 2352 legati.
3154 2286 3246 2353 qui
3302 2286 3512 2341 illorum

1951 2379 2236 2450 implerent
2287 2379 2488 2433 locum.
2541 2376 2692 2431 Tunc
2748 2378 2926 2446 igitur,
2964 2385 3021 2429 ut
3078 2385 3245 2445 patet,
3278 2391 3341 2429 ex
3405 2376 3515 2429 illic

1951 2469 2164 2538 scriptis
2232 2467 2676 2530 commentariis,
2721 2466 2773 2519 in
2825 2465 3015 2534 quibus
3072 2475 3125 2518 et
3182 2478 3367 2517 eorum
3422 2466 3513 2532 qui

1950 2569 2336 2624 convenerant,
2391 2559 2630 2621 nomina,
2658 2565 2711 2611 et
2767 2557 2950 2621 verba,
3003 2565 3059 2610 et
3109 2555 3418 2626 dignitates,
3464 2565 3520 2608 et

1953 2652 2133 2706 omnia
2182 2651 2404 2705 omnino
2447 2647 2718 2702 memoria:
2771 2647 3021 2700 mandata
3073 2655 3236 2700 sunt:
3274 2661 3519 2700 commu-

1955 2744 2098 2798 niter
2124 2743 2190 2795 ab
2244 2741 2494 2796 omnibus
2539 2749 2624 2794 est
2677 2739 3033 2803 declaratum,
3087 2737 3516 2806 antiquissimam

1956 2832 2208 2888 Ecclesizn
2249 2831 2590 2885 traditionem
2639 2843 2782 2894 esse,
2832 2839 2884 2884 et
2933 2830 3000 2883 ad
3051 2839 3298 2883 sam-tam
3339 2828 3523 2882 Trini-

1960 2925 2083 2979 tatis
2113 2923 2543 2987 saluberrimam,
2573 2931 2629 2975 et
2671 2936 2853 2975 veram
2876 2921 3057 2985 ﬁdem,
3085 2934 3295 2974 summe
3331 2935 3522 2975 neces-

1958 3015 2176 3080 sariam,
2206 3014 2643 3084 Graecorumque,
2666 3012 2983 3068 Latinorum
3033 3013 3314 3068 doctorum
3341 3028 3523 3082 aequa-
3616 3041 3618 3044 ν

329 3103 432 3158 Est
507 3113 691 3157 autem
759 3102 973 3171 plenum
1046 3102 1397 3159 sbsurditatis
1469 3113 1525 3158 et
1579 3105 1927 3199 amentiamc
1960 3108 2100 3172 liter,
2169 3107 2419 3178 dogmate
2460 3115 2514 3162 et
2564 3106 2806 3159 doctrina
2866 3105 3206 3168 roboxatam,
3261 3104 3523 3172 Spiiium

263 3204 469 3262 putare
522 3193 684 3246 vobis
721 3192 936 3260 quidem
982 3193 1143 3247 licere
1174 3194 1408 3263 synodos
1456 3208 1670 3264 cogere,
1699 3209 1760 3250 ac
1790 3199 1856 3250 de

257 3284 362 3339 ﬁde
413 3285 650 3338 decreta
683 3282 1020 3337 conscribere
1039 3282 1187 3354 (i8);
1221 3299 1341 3337 cum
1388 3285 1531 3339 nulla
1559 3285 1708 3341 illinc
1735 3300 1856 3340 sen-

267 3377 444 3429 tentia
512 3374 770 3434 manarit,
821 3389 925 3429 non
971 3376 1343 3432 consentiente
1377 3376 1457 3430 vel
1514 3391 1609 3447 per
1663 3392 1742 3441 se,
1774 3377 1854 3432 vel

257 3481 356 3534 per
427 3465 580 3520 alios
634 3463 876 3518 Romano
933 3466 1206 3533 pontiﬁce,
1262 3481 1383 3535 quae
1429 3481 1534 3521 non
1583 3476 1640 3520 nt
1695 3469 1852 3522 noxia

257 3559 613 3621 existimata,
640 3556 874 3611 tenebris
891 3557 1140 3611 damnata
1159 3559 1247 3612 sit.
1271 3557 1331 3612 Ei
1357 3573 1504 3622 vero,
1526 3569 1579 3613 et
1607 3559 1855 3612 Ecclesiae

259 3664 397 3710 suae,
425 3662 560 3715 quae
584 3660 616 3698 a
640 3648 856 3700 nemine
874 3661 1104 3715 unquam
1141 3647 1534 3715 quontodolibel
1558 3650 1857 3702 communi-

262 3751 346 3791 ter
388 3737 486 3790 vel
522 3737 751 3791 seorsim
786 3737 854 3791 de
899 3735 1004 3792 ﬁde
1054 3737 1375 3807 reprehensa
1393 3747 1496 3804 est,
1524 3746 1580 3794 et
1609 3739 1723 3794 sine
1747 3755 1854 3808 quo

259 3829 545 3899 possibile
600 3842 706 3881 non
737 3837 821 3883 est
867 3827 1233 3895 ecclesiastica
1287 3830 1473 3896 statui,
1510 3839 1564 3884 et
1618 3831 1852 3884 ordinari

253 3923 665 3994 negotiaznon
724 3922 946 3987 dicere,
999 3923 1225 3976 concilia
1281 3937 1406 3977 cum
1459 3924 1574 3978 suis
1625 3921 1853 3992 agendo,

255 4019 408 4084 quod
449 4014 523 4067 ad
577 4027 639 4067 se
692 4012 944 4081 pertinet,
978 4015 1339 4079 ecclesiastica
1398 4024 1629 4070 tractare
1661 4029 1725 4068 ac
1769 4014 1854 4068 di-

271 4103 490 4172 rigere.
525 4099 637 4154 Sed
672 4099 823 4152 vobis
877 4100 1092 4169 quidem
1164 4102 1558 4170 praesentibus,
1617 4102 1848 4172 primum

258 4193 552 4256 conﬁteri,
601 4205 656 4246 et
702 4193 936 4247 omnium
988 4207 1106 4248 esse
1157 4194 1457 4264 principem
1507 4197 1851 4250 concedere:

259 4298 578 4352 oris-iesqne
619 4295 837 4353 propter
862 4285 1174 4353 dignitatem
1203 4285 1254 4339 in
1278 4299 1404 4339 eum
1448 4287 1720 4355 respicere
1760 4286 1855 4340 de-

259 4376 391 4430 bere
466 4375 762 4440 arbitrari,
817 4386 1002 4444 utpote
1082 4377 1245 4431 totius
1302 4377 1506 4446 collegii
1562 4386 1756 4446 caput,
1802 4388 1856 4431 et

267 4482 603 4536 supremum
641 4466 917 4521 verticem:
946 4469 1261 4524 absentibus
1292 4479 1494 4534 autem,
1526 4485 1701 4538 neque
1729 4471 1854 4523 ulti-
1887 4447 1928 4501 θ

274 4573 428 4610 mum
467 4556 544 4609 illi
577 4556 754 4608 locum
780 4557 1106 4624 relinquere,
1138 4573 1202 4611 ne
1223 4558 1505 4612 minimum
1541 4559 1778 4626 quidem,
1800 4571 1856 4612 ut

268 4662 369 4700 vos
399 4648 639 4699 seorsim
668 4645 790 4698 ﬁdei
842 4645 1055 4701 decreta
1083 4655 1136 4700 et
1177 4647 1423 4714 dogmata
1455 4648 1714 4715 scribitis,
1754 4651 1855 4719 ipsi

266 4738 441 4790 licere
482 4737 535 4789 in
572 4735 956 4790 ecclesiasticis
1009 4737 1238 4806 agendo,
1269 4752 1390 4805 quas
1416 4753 1510 4792 sua
1566 4750 1691 4794 sunt
1744 4751 1854 4794 sta-

270 4834 452 4885 tuere,
484 4833 650 4892 atque
695 4823 1010 4888 decernere,
1037 4825 1288 4879 omnibus
1337 4824 1433 4891 illi,
1460 4839 1580 4894 quae
1631 4826 1859 4882 habebat

265 4916 493 4969 abiatis.
530 4916 651 4969 Hoc
696 4925 872 4968 autem
931 4923 1016 4969 est
1061 4916 1225 4970 vestri
1265 4931 1426 4969 causa
1474 4925 1662 4984 putare
1712 4917 1859 4971 illum

269 5009 575 5072 primatum
629 5016 685 5058 et
738 5007 1111 5061 auctoritatem
1179 5007 1230 5060 in
1291 5009 1579 5064 sententiis
1638 5010 1859 5076 habere,

273 5111 382 5150 non
448 5111 548 5150 vos
600 5097 744 5150 illius
802 5111 965 5151 causa
1019 5099 1069 5151 in
1125 5099 1347 5169 synodis
1385 5101 1590 5167 ornari,
1622 5111 1677 5155 et
1703 5115 1862 5170 posse

273 5188 484 5253 aliquid
529 5197 744 5256 putare,
770 5188 1048 5257 sequendo
1078 5190 1129 5244 id
1163 5193 1304 5260 quod
1342 5203 1536 5262 praeter
1583 5195 1858 5260 antiquam

278 5280 531 5332 Ecclesia
567 5280 1004 5334 consuetudinem
1038 5295 1138 5344 est,
1168 5285 1328 5338 veluti
1360 5301 1402 5340 si
1424 5287 1544 5354 quis
1575 5287 1850 5341 subditum

353 5412 400 5441 ’⁸
456 5410 651 5465 Matth.
705 5427 813 5474 svi,
859 5413 943 5464 18.

359 5549 474 5617 (.58)
512 5548 707 5602 Notent
729 5550 839 5617 haec
869 5548 1126 5611 haeretici,
1149 5556 1203 5600 et
1235 5549 1285 5617 in
1314 5547 1432 5614 jura
1483 5561 1700 5616 pectora
1757 5549 1847 5602 de-

281 5615 502 5671 mittant
528 5620 615 5670 isti
640 5619 784 5682 impii
815 5615 1103 5670 Lutberani
1129 5628 1183 5669 et
1220 5615 1531 5671 Calvinistie
1562 5620 1650 5686 qui
1679 5636 1739 5674 se
1762 5633 1858 5685 per

279 5703 553 5739 susurnam
575 5688 954 5756 impudentiam
981 5686 1332 5754 Evangelicos
1350 5688 1549 5741 audent
1571 5689 1858 5756 appellare.

353 5759 470 5824 (59)
495 5753 743 5823 Synodns
766 5753 1306 5824 Lngdunicelcbrata
1357 5773 1448 5810 au.
1507 5753 1654 5812 cur;
1699 5756 1856 5812 ΝΜ.

607 5847 877 5905 l’arnoa.
917 5845 1032 5905 Gtt.
1082 5847 1242 5906 CLII.

1960 3206 2204 3253 sanctum
2257 3212 2324 3251 ex
2385 3195 2545 3250 Patre
2605 3206 2658 3248 et
2709 3193 2846 3247 Filio
2901 3194 3169 3259 similiter,
3246 3193 3404 3249 veluti
3459 3209 3522 3248 es

1969 3303 2074 3343 uno
2113 3288 2382 3358 principio
2435 3287 2746 3355 procedere.
2778 3285 3040 3340 Damnant
3074 3295 3270 3348 autem,
3305 3292 3359 3339 et
3395 3300 3527 3338 ana-

1959 3380 2330 3443 thematizant,
2361 3379 2451 3445 qui
2488 3388 2613 3432 tunc
2659 3392 2960 3432 convenere
2998 3393 3213 3441 omnes,
3242 3376 3332 3444 qui
3374 3376 3528 3430 dein-

1945 3454 2091 3535 ceps
2120 3466 2225 3518 duo
2254 3465 2524 3533 principia
2562 3473 2890 3518 conarentur
2919 3463 3278 3526 introducere,
3306 3470 3361 3515 et
3388 3462 3527 3515 lianc

1959 3557 2346 3612 absurditatem
2408 3554 2661 3609 Ecclesia:
2699 3554 2921 3606 auribus
2953 3554 3218 3622 ingerere.
3277 3551 3349 3604 Ea
3401 3567 3527 3605 vero

1964 3647 2258 3708 sententia,
2309 3645 2692 3700 communibus
2739 3643 2980 3696 omnium
3035 3643 3172 3696 votis
3224 3641 3526 3701 enuntiata.

1961 3737 2250 3807 digesta‘in
2283 3735 2486 3790 eisdem
2517 3733 2735 3801 scriptis
2761 3743 2864 3787 est.

2035 3831 2312 3894 Nusquam
2345 3842 2471 3882 vero
2496 3828 2602 3882 illic
2632 3827 2898 3896 quispiam
2928 3824 3190 3880 additioui
3220 3824 3525 3891 indignari;

1957 3921 2079 3986 sed,
2117 3934 2241 3973 vera
2299 3917 2504 3978 omnia,
2537 3926 2591 3970 et
2642 3931 2802 3971 voces
2838 3925 2892 3971 et
2931 3916 3190 3981 actiones,
3219 3929 3337 3984 quae
3387 3914 3528 3986 Lug-

1955 4018 2080 4072 duni
2112 4025 2237 4070 tunc
2285 4025 2433 4085 gesta
2483 4023 2630 4077 sunt;
2661 4026 2734 4078 ei,
2769 4014 2858 4080 qui
2907 4029 2972 4068 ex
3011 4015 3211 4068 nostris
3258 4013 3527 4069 affuerunt

1955 4107 2210 4172 concilio,
2247 4108 2537 4178 legatique,
2563 4117 2616 4160 et
2675 4104 2920 4173 cpiscOpi
2982 4105 3238 4170 confessi,
3278 4105 3524 4160 foederati

1959 4199 2251 4263 redierunt,
2296 4207 2515 4267 agentes
2567 4195 2674 4250 Deo
2723 4202 2926 4262 gratias
2953 4211 3074 4248 cum
3124 4195 3394 4258 omnibus.
3432 4210 3527 4264 pro

1955 4291 2224 4344 communi
2261 4287 2382 4342 ﬁdei
2426 4287 2735 4348 concordia,
2768 4301 2872 4356 qua
2905 4287 2958 4340 in
3019 4286 3291 4354 praedictis
3354 4287 3527 4342 tribus

1959 4378 2211 4446 capitulis
2248 4376 2406 4430 simul
2438 4385 2848 4430 consenserunt.

2032 4469 2274 4535 Cumque
2333 4467 2528 4520 animis
2584 4466 2859 4534 conjuncti
2924 4473 3134 4530 essent,
3189 4465 3360 4519 coacti
3419 4480 3522 4518 non

1957 4571 2086 4615 sunt
2115 4559 2428 4629 Symbolum
2474 4573 2595 4612 cum
2645 4557 2920 4611 additione
2969 4558 3180 4626 legere;
3234 4557 3349 4619 sed,
3379 4555 3523 4609 sicut

1961 4650 2296 4721 temporibus
2348 4650 2490 4703 beati
2552 4647 2791 4710 Maximi,
2846 4649 2924 4700 sic
2967 4655 3094 4700 tunc
3146 4660 3203 4700 se
3263 4647 3532 4699 habebant

1954 4759 2060 4798 res.
2102 4742 2387 4795 Enimvero
2441 4741 2694 4807 quoniam
2754 4735 3057 4791 communis
3107 4736 3390 4802 utriusque
3429 4735 3531 4788 Ec-

1961 4833 2142 4886 clesia:
2201 4830 2490 4893 sententia,
2547 4828 2807 4896 Spiritum
2865 4834 3110 4881 sanctum
3157 4841 3186 4878 a
3231 4823 3422 4887 Patre,
3473 4808 3528 4879 et

1959 4924 2095 4978 Filio
2159 4922 2482 4992 procedere,
2536 4935 2723 4990 verum
2774 4931 2894 4972 esse
2953 4917 3352 4985 promulgatum
3420 4923 3524 4974 est,

1958 5017 2226 5084 aliterque
2292 5013 2612 5076 sentientes,
2661 5008 3019 5064 malcdictioni
3088 5007 3286 5061 addicti
3353 5013 3523 5059 sunt:

1959 5113 2169 5160 constat
2200 5103 2464 5174 profecto,
2489 5103 2638 5170 quia,
2673 5101 2764 5171 qui
2805 5099 2964 5154 modo
2995 5097 3135 5152 istud
3168 5098 3516 5156 conﬁtentur,

1958 5197 2104 5266 digni
2161 5205 2305 5259 sunt,
2337 5199 2430 5264 qui
2487 5203 2890 5260 assevercntur,
2935 5200 2990 5244 et
3045 5199 3260 5243 nostras
3301 5187 3525 5252 diligere

1963 5286 2264 5346 Ecclesius,
2314 5285 2634 5350 illarumqttc
2712 5281 3070 5340 sententiam,
3147 5277 3298 5344 quasi
3369 5277 3540 5330 unius

2031 5550 2142 5618 (50)
2170 5551 2474 5621 Secundum
2500 5552 2836 5621 Ouuplirium
2877 5562 2959 5607 est
2998 5555 3042 5606 is
3101 5551 3398 5617 Gregorius
3451 5551 3518 5605 Χ.

1967 5620 2218 5691 Interfuit
2262 5619 2389 5673 huic
2426 5619 2655 5691 concilio
2689 5625 2852 5677 etiam
2904 5621 3130 5678 Michael
3192 5621 3523 5691 Palmolngus

1969 5692 2098 5757 imp.
2128 5689 2777 5760 ConstantinOpolitauus.
3275 5705 3278 5707 ‘

2911 5868 2915 5872 ·
2986 5851 3020 5906 7
