4020 6206
446 345 553 406 203

1711 331 2111 393 MANUELIS
2146 328 2450 391 CALECIE

3598 328 3703 391 204

446 463 844 521 confessionem
891 457 1196 525 complecti,
1237 462 1398 520 atque
1424 451 1741 514 continere;
1780 446 1871 516 qui
1903 461 2030 515 vero
2060 449 2102 504 Δ
2131 445 2220 514 qui
2281 442 2555 514 synodicis
2606 442 2921 506 sententiis.
2946 442 3285 511 decretisque
3334 442 3657 498 interessent
3688 464 3702 500 :

452 559 594 610 illam
619 552 940 609 sententiam
984 554 1207 616 negant,
1232 551 1475 596 neutram
1513 539 1761 593 venerari
1811 537 2020 606 perspi-

449 663 611 701 cuum
682 655 786 706 est;
853 650 1067 693 lernam
1135 644 1340 694 autem,
1393 631 1575 686 nescio
1638 645 1795 698 quam
1864 629 2022 709 aliam

450 738 743 792 Ecclesiam
802 732 1026 793 habere,
1076 724 1145 780 ab
1192 735 1421 793 utraque
1474 731 1796 791 separatam,
1843 723 2026 776 amba-

450 832 659 896 husque
691 824 886 878 bellum
920 822 1271 874 indicentem.

521 917 750 986 Liquido
796 928 924 982 ergo
978 911 1388 978 comprobatur,
1438 916 1491 960 et
1539 922 1699 975 quam
1756 903 2032 973 inquirant

450 1012 735 1082 synodum,
766 1008 874 1077 jam
909 1005 1105 1059 factam
1154 1016 1295 1067 esse,
1328 1001 1514 1069 eisque
1549 1014 1655 1052 non
1702 1013 1807 1052 una
1840 996 2029 1051 decer-

450 1100 705 1155 nentibus
732 1096 1094 1165 adjectionem
1144 1092 1363 1155 factata,
1400 1089 1541 1159 quod
1578 1098 1847 1158 qurerunt,
1877 1086 2032 1141 aliter

450 1205 510 1244 se
575 1189 793 1242 habere.
852 1187 958 1241 Eos
1015 1194 1195 1239 tamen
1244 1193 1303 1236 ut
1353 1182 1713 1237 concedamus
1768 1179 2034 1247 neglectos

453 1282 648 1345 fuisse,
700 1294 879 1334 nonne
908 1289 1166 1332 extremae
1197 1274 1583 1339 contentionis,
1616 1282 1777 1337 atque
1813 1272 2037 1323 demen-

450 1372 537 1426 tiae
565 1380 667 1432 est,
702 1384 804 1422 non
854 1367 1144 1428 discutere,
1178 1380 1244 1417 an
1293 1378 1417 1417 vera
1443 1362 1514 1415 sit
1564 1361 1805 1414 additio:
1835 1359 2037 1413 solum-

451 1478 577 1530 que,
617 1460 741 1529 quia
778 1444 1006 1512 revocati
1041 1472 1143 1509 non
1197 1462 1341 1519 sunt,
1393 1452 1690 1522 indignari,
1725 1460 1777 1506 et
1818 1450 2040 1504 moleste

452 1552 642 1605 ferre?
673 1560 727 1605 et
761 1550 883 1618 quia
920 1562 981 1601 ea
1020 1544 1404 1601 convocatione
1436 1543 1685 1597 honorati
1731 1558 1835 1595 non
1893 1550 2037 1603 sunt,

453 1645 617 1697 Deum
652 1643 1014 1703 iultonorare;
1042 1638 1293 1707 quodque
1337 1637 1542 1690 vocatis
1590 1650 1711 1689 esse
1742 1635 1916 1687 visum
1958 1644 2043 1689 est

455 1737 529 1796 id,
559 1734 681 1803 quia
707 1730 936 1797 neglecti
970 1738 1116 1793 sunt,
1149 1728 1342 1781 falsum
1370 1726 1706 1790 existimare,
1728 1724 2043 1792 morbisque

2129 544 2354 605 postque
2375 536 2623 589 cmissaru
2643 534 2706 588 de
2728 534 2957 587 veritate
2985 536 3331 599 sententiam,
3354 547 3568 603 semper
3593 534 3709 589 tue-

2128 629 2235 683 rint
2264 628 2427 693 aliqui
2452 628 2880 681 contradicentes
2910 626 3143 680 veritati.

2199 718 2420 782 Deinde,
2454 718 2598 771 nulla
2630 732 2865 785 unquam
2908 716 3005 769 fuit
3038 716 3294 787 synodus,
3325 725 3610 784 praesente,
3656 728 3709 791 et

2135 811 2525 877 comprobante
2564 809 2811 862 Romano
2836 806 3116 870 Pontiﬁce,
3144 809 3227 863 vel
3261 808 3389 869 alio,
3420 807 3513 877 qui
3533 809 3710 862 locum

2132 901 2274 956 illius
2298 902 2543 971 impleret
2577 911 2921 971 congregata,
2958 900 3112 969 cujus
3150 901 3489 955 maluerint
3525 916 3711 955 omnes

2136 1002 2266 1046 ratae
2315 994 2611 1047 Sententiae.
2652 992 2851 1047 Contra
2896 1007 3022 1046 vero
3056 994 3105 1045 in
3144 994 3244 1057 his,
3280 1007 3401 1061 quae
3449 992 3566 1047 sine
3598 993 3709 1054 illo,

2137 1100 2199 1138 ac
2241 1094 2434 1154 prmtcr
2463 1085 2582 1154 ejus
2630 1096 2814 1139 nutum
2845 1097 3044 1139 coacta:
3074 1095 3219 1148 sunt,
3252 1086 3535 1154 plerasque
3574 1086 3713 1138 latas

2140 1176 2438 1230 sententias
2479 1179 2757 1243 reprobas,
2791 1189 2845 1231 et
2878 1178 3070 1231 merito
3114 1176 3363 1245 explosus
3408 1176 3627 1240 scimus,
3657 1187 3711 1228 et

2138 1265 2296 1322 facile
2362 1269 2648 1322 ostendere
2701 1284 3006 1337 possumus.
3058 1269 3197 1322 Hinc
3249 1284 3399 1338 ergo.
3449 1275 3716 1337 praesente

2139 1357 2229 1410 illo
2266 1372 2329 1411 ac
2361 1358 2701 1426 prasidente,
2733 1359 3030 1413 sententias
3059 1358 3128 1413 ibi
3180 1360 3572 1425 prouuutiatas.
3603 1374 3715 1431 quo

2141 1458 2297 1517 pacto
2330 1449 2513 1503 irritas
2536 1465 2659 1504 esse
2696 1450 2883 1515 velint,
2914 1465 3017 1504 non
3051 1450 3226 1504 video.

2211 1538 2325 1594 Nisi
2378 1539 2515 1594 forte
2572 1539 2827 1595 Nicetium
2883 1555 3100 1610 quoque
3145 1543 3435 1595 coincilium
3486 1543 3715 1597 dicimus

2146 1634 2311 1688 fuisse
2358 1634 2675 1699 violentum,
2701 1634 2920 1700 partim,
2955 1634 3079 1702 quia
3122 1634 3508 1689 Constantinus
3563 1634 3713 1703 Mog-
3748 1665 3758 1673 -

2149 1741 2249 1781 nus
2278 1725 2540 1787 interfuit.
2568 1725 3006 1780 contradicentes
3033 1726 3286 1779 omnibus
3310 1726 3517 1780 viribus
3564 1742 3717 1781 coer-

454 1825 587 1885 suis,
628 1833 790 1889 atque
838 1820 1184 1888 passionibus
1224 1817 1526 1871 divinarum
1566 1830 1746 1869 rerum
1786 1814 2033 1881 judicare
2071 1808 2111 1863 Β
2140 1831 2301 1873 cens:
2350 1817 2541 1886 partim
2590 1817 2739 1902 quia‘
2777 1818 2993 1885 plurimi
3051 1818 3533 1873 contradicentium
3593 1829 3717 1887 post

455 1912 773 1967 veritatem?
800 1910 1208 1979 Aspernationis
1242 1907 1384 1960 enim
1429 1907 1631 1974 potius,
1662 1915 1715 1960 et
1750 1915 2032 1959 contume-

457 2004 559 2068 liae,
590 2018 682 2053 seu
731 2000 1017 2069 cujuslibet
1062 1999 1310 2051 humana:
1347 1997 1613 2065 passionis
1659 1995 2033 2051 Occidentales

458 2096 804 2148 insituulandi
849 2093 1085 2155 fuerant,
1128 2094 1173 2145 si
1226 2091 1526 2145 insimulari
1582 2098 1890 2151 merentur;
1927 2105 2029 2143 non

457 2188 827 2255 blaSphemire,
880 2195 934 2239 et
988 2182 1307 2251 impietatis,
1361 2196 1661 2251 eorumque
1717 2181 2029 2243 criminum,

456 2280 652 2346 quibus
683 2277 815 2330 nihil
848 2276 1035 2329 tetrius
1062 2273 1351 2340 excogitari
1388 2282 1587 2341 potest.
1622 2271 1806 2340 Neque
1846 2282 2022 2324 tamen

458 2378 800 2436 contemptus
829 2368 1040 2420 illorum
1079 2381 1261 2428 causa,
1298 2366 1538 2431 gladium
1572 2366 1622 2417 in
1649 2378 1706 2417 se
1757 2362 2036 2430 impellere

460 2463 777 2524 debuerant,
803 2474 859 2513 se
891 2460 1034 2528 ipsos
1065 2472 1093 2510 a
1123 2458 1553 2511 Christianorum
1614 2456 1819 2509 unitate
1844 2456 2035 2524 pracci-

461 2556 657 2618 dendo,
690 2566 875 2622 seque,
903 2551 1229 2620 perniciose,
1260 2550 1636 2617 lethaliterque
1666 2547 2037 2612 vulnerando;

459 2655 512 2698 et
537 2660 601 2696 ex
633 2645 716 2697 his
753 2657 873 2710 quae
896 2651 1084 2696 contra
1107 2648 1419 2694 sanctorum
1456 2640 1759 2693 doctrinam
1796 2639 2037 2706 culpant,

461 2746 515 2787 et
550 2750 671 2802 qua:
708 2731 813 2801 ipsi
838 2740 1027 2785 contra
1062 2730 1361 2785 sentientes
1391 2731 1614 2783 addunt.

531 2824 796 2892 Quoniam
826 2824 988 2890 igitur
1008 2833 1063 2877 et
1090 2824 1400 2887 convenire,
1425 2833 1478 2875 et
1503 2822 1825 2891 quaastiones
1848 2823 1912 2877 de
1941 2822 2042 2877 fide

464 2917 592 2971 solis
632 2913 1070 2967 Occidentalibus
1125 2927 1369 2966 seorsum
1441 2926 1546 2966 non
1618 2912 1743 2966 licet
1794 2912 2041 2978 deﬁnire,

464 3018 627 3075 atque
656 3004 724 3057 de
756 3005 1009 3056 omnibus
1056 3004 1366 3067 decernere,
1401 3002 1564 3057 aliter
1607 3017 1769 3072 quam
1817 3005 2045 3074 putaba-

2140 1909 2400 1979 prolatam
2450 1910 2769 1963 sententiam
2812 1908 3002 1970 relicti,
3055 1909 3401 1963 nihilominus
3442 1912 3714 1965 contradi-

2143 1999 2549 2053 xerunt:sicut
2573 1999 2703 2053 etin
2761 1998 2989 2068 singulis
3055 2001 3458 2053 universalibus
3529 2004 3717 2055 conci-

2142 2090 2229 2144 liis
2252 2089 2540 2158 contigisse
2567 2089 2867 2153 cernimus,
2900 2104 3006 2143 non
3055 2097 3229 2143 tamen
3255 2090 3375 2143 ideo
3420 2092 3717 2144 sententias

2142 2182 2283 2245 illas,
2322 2184 2403 2237 vel
2456 2184 2715 2238 violenter
2762 2183 3017 2254 prolatas,
3072 2185 3156 2238 vel
3218 2185 3421 2250 irritas,
3456 2184 3717 2237 audemus

2145 2273 2344 2327 dicere.
2378 2275 2487 2328 Cur
2516 2274 2604 2328 id?
2634 2275 2755 2343 quia
2795 2289 2958 2343 caput
2984 2276 3236 2329 Ecclesia
3286 2276 3567 2339 intererat,
3598 2278 3717 2329 sine

2147 2379 2255 2434 quo
2290 2364 2502 2432 negotia
2540 2364 2913 2419 ecclesiastica
2945 2366 3419 2434 dirigi,statuique
3458 2380 3559 2417 non
3598 2380 3716 2432 pos-

2145 2466 2291 2517 sunt,
2326 2466 2379 2508 et
2412 2455 2526 2520 qui,
2574 2456 2617 2508 si
2651 2456 2795 2511 adsit
2821 2458 3025 2525 synodo
3057 2473 3175 2511 cum
3206 2457 3469 2527 quolibet,
3496 2470 3712 2511 omnem

2147 2549 2212 2601 de
2249 2548 2350 2600 (ide
2384 2550 2705 2603 sententiam
2737 2550 2861 2604 inde
2894 2561 3200 2604 manantem
3233 2550 3420 2604 falsam
3450 2564 3568 2604 esse
3606 2566 3713 2602 non

2151 2654 2331 2709 posse,
2363 2650 2416 2694 et
2464 2656 2585 2694 esse
2640 2641 2977 2695 verissimam
3015 2642 3305 2697 credimus.
3361 2641 3531 2694 Aliter
3570 2640 3720 2695 enim

2150 2733 2327 2785 omnia
2382 2733 2749 2787 ecclesiastica
2798 2744 2955 2787 erunt
3009 2734 3303 2803 ambigua;
3342 2746 3517 2800 neque
3558 2746 3722 2785 nosse

2148 2822 2347 2874 certius
2389 2821 2685 2886 poterimus
2732 2837 2851 2889 qua
2906 2838 3029 2876 vera
3087 2832 3234 2886 sunt,
3262 2835 3569 2890 quanquam
3623 2837 3724 2873 cur

2157 2928 2263 2966 non
2301 2912 2479 2980 potius
2513 2914 2661 2981 pacis
2700 2912 2845 2967 illius
2901 2914 3237 2969 eversionem
3275 2912 3722 2967 violentissimam

2154 3006 2418 3073 dicamus,
2449 3024 2570 3079 qua:
2596 3019 2646 3061 et
2690 3009 3009 3064 universalis
3063 3008 3279 3064 concilii
3331 3008 3549 3062 decreta
3597 3022 3723 3077 per-

466 3106 572 3159 tur,
609 3109 665 3147 se
697 3094 858 3149 habet
884 3093 1043 3146 ratio.
1073 3093 1138 3147 Et
1186 3093 1327 3146 enim
1357 3108 1419 3147 ea
1450 3092 1649 3171 opinio
1678 3093 2040 3148 obedientiam
2067 3138 2112 3199 Ο
2148 3099 2327 3161 vertit,
2356 3100 2497 3167 quod
2529 3106 2579 3152 et
2614 3098 2885 3152 Romanus
2909 3099 3191 3169 episcopus
3217 3112 3454 3169 praesens
3474 3112 3723 3167 compro-

464 3184 844 3253 refugientium
880 3180 1071 3246 fastus,
1098 3191 1151 3234 et
1176 3181 1428 3234 elationis
1454 3195 1638 3247 causa,
1667 3190 1889 3250 prepter
1916 3182 2043 3237 civi-

467 3276 593 3331 tatis
644 3271 1426 3344 amplitudinem,imperiique
1487 3272 1828 3341 dignitatem,
1884 3287 2042 3326 occa-

467 3372 752 3437 sionesque
804 3364 1180 3436 qurereutium,
1211 3379 1273 3418 ac
1323 3364 1613 3434 primatum
1664 3365 2042 3431 ambientium,

469 3462 592 3529 quia
636 3470 814 3512 tamen
855 3455 1029 3511 vocati
1062 3466 1339 3518 venerant,
1373 3464 1430 3507 ut
1460 3454 1662 3509 dictum
1714 3464 1833 3520 est;
1882 3468 2046 3517 opor-

473 3561 647 3605 tuerat
673 3565 801 3604 sane
828 3550 1074 3602 unionem
1110 3559 1278 3614 usque
1309 3546 1359 3598 in
1395 3545 1555 3599 ﬁnem
1604 3558 1822 3600 servare
1857 3546 2047 3613 positis

471 3643 929 3699 Contentiunilms.

541 3737 694 3790 Nunc
731 3745 909 3788 autem
943 3740 1354 3801 permanserunt
1382 3730 1600 3796 quidem
1632 3731 1686 3783 in
1719 3729 1835 3798 ipsa
1868 3728 2049 3782 Eccle-

474 3831 567 3883 siae
602 3829 798 3881 unione
830 3837 1039 3891 tempus
1066 3838 1172 3889 nco
1202 3821 1502 3876 modicum:
1535 3829 1715 3886 postea
1747 3834 1933 3872 rursus
1956 3819 2047 3885 qui

468 3918 666 3984 justam
699 3914 1084 3978 subjectionem
1114 3910 1387 3964 servitutis
1411 3908 1597 3977 jugurn
1624 3909 2043 3973 arbitrabantur,

477 4024 651 4075 regem
686 4022 887 4058 novum
936 4004 1104 4064 nacti,
1144 4002 1256 4070 (5t)
1296 4015 1577 4071 Ipsumque
1629 4001 1817 4064 libere,
1844 4010 1897 4054 et
1942 4015 2047 4069 qua

474 4099 642 4150 ferret
675 4100 927 4162 impetus,
957 4102 1144 4159 suapte
1178 4102 1373 4144 natura
1406 4092 1472 4145 ad
1504 4106 1592 4145 res
1620 4106 1787 4151 novas
1823 4106 2047 4159 pronum

477 4195 881 4255 persuaserunt,
904 4194 973 4236 .ut
1022 4184 1257 4252 imperii,
1286 4185 1425 4251 quod
1460 4183 1563 4235 illis
1611 4183 2047 4249 cooperantibus,

478 4280 720 4344 neglecto
741 4275 927 4339 fratre,
958 4275 1131 4327 fuerat
1153 4274 1400 4341 adeptus,
1422 4274 1719 4326 mercedem
1737 4274 1815 4325 eis
1839 4274 2051 4325 unionis

472 4370 882 4441 ,pcrvcrsionem
918 4368 1091 4421 daret.
1148 4365 1345 4434 Sicque
1385 4366 1650 4434 perversis
1680 4365 1951 4427 omnibus,
1984 4364 2052 4417 ad

480 4464 714 4533 priorem
749 4462 957 4512 rediere
986 4459 1401 4511 contumaciam.

547 4552 813 4604 l’rtctcrea
851 4563 957 4617 qua
985 4550 1192 4600 ratione
1249 4548 1337 4599 hic
1377 4547 1628 4599 unionem
1679 4546 1761 4598 vel
1818 4553 2063 4600 servaret

473 4642 923 4707 υικνεεηιειιῃνει
982 4640 1256 4691 absentem
1304 4638 1606 4704 requireret
1657 4646 1709 4688 et
1760 4646 2061 4702 revocaret,

478 4736 567 4804 qui
624 4735 832 4801 imperii
898 4730 981 4783 sui
1038 4742 1276 4795 tempore
1315 4740 1545 4794 quatuor
1594 4728 1926 4792 patriarchas
1952 4725 2060 4793 (52)

478 4824 776 4892 abrogavit,
822 4823 964 4875 hunc
1014 4818 1324 4881 instituens,
1361 4817 1508 4869 illum
1534 4817 1962 4885 ejiciens;quod
2013 4816 2061 4869 ei

481 4932 585 4969 non
619 4915 836 4978 licebat,
864 4913 907 4965 si
950 4911 1193 4964 Romano
1246 4908 1487 4975 pontifici
1520 4908 1605 4974 jus
1656 4923 1813 4960 suum
1866 4906 2061 4959 redde-

480 5019 582 5067 ret,
640 5005 782 5072 quod
843 5002 1064 5057 unionis
1113 5000 1317 5053 ftedcra
1365 4998 1777 5067 compcllerent.
1824 4997 1898 5051 Ex
1949 4998 2053 5066 q'ua

482 5113 584 5150 una
623 5111 701 5158 re,
737 5097 802 5147 de
839 5093 1063 5161 reliquis
1095 5091 1257 5144 etiam
1289 5092 1415 5143 licet
1445 5089 1734 5157 conjicere.

551 5189 720 5240 Porro
751 5186 796 5237 si
822 5184 943 5252 quis
974 5197 1093 5235 eam
1134 5183 1398 5251 synodum
1431 5189 1636 5235 asserat
1662 5180 1827 5233 fuisse
1856 5178 2056 5233 violen-

478 5292 612 5341 tam,
650 5278 838 5331 eadem
882 5276 1094 5329 ratione
1122 5276 1357 5342 synodos
1388 5274 1513 5325 item
1548 5273 1783 5341 reliquas
1810 5283 2056 5326 evertere

481 5384 753 5438 cogemur,
782 5383 902 5435 qua:
928 5368 978 5419 in
1014 5368 1093 5417 eis
1121 5377 1374 5418 concessa
1403 5371 1546 5423 sunt,
1577 5363 1821 5427 ambigua
1858 5375 2059 5427 ponen-

481 5472 561 5515 tcs
593 5460 791 5524 omnia,
821 5475 885 5512 eo
908 5458 1047 5527 quod
1081 5471 1174 5525 per
1202 5454 1442 5521 singulas
1470 5452 1612 5518 leges
1638 5451 1799 5517 aliqui
1842 5450 2061 5514 fuerint,

553 5598 665 5668 15!)
702 5598 859 5651 Estis
893 5595 1229 5668 Andronicus
1256 5593 1433 5668 senior
1472 5591 1799 5668 l‘aheologus
1829 5594 2052 5668 quiim-

478 5662 833 5741 pcritnniniit
866 5668 1157 5741 secundum
1187 5662 1519 5729 Utttlpltl'ltlltl
1544 5677 1629 5741 an.
1665 5664 1863 5741 Curistt
1894 5663 2045 5741 ιρδβ.

554 5740 663 5806 (52)
696 5738 952 5789 Videntur
981 5748 1097 5787 ρδδε
1130 5736 1211 5786 lSll
1245 5744 1495 5799 quatuor,
1560 5730 1782 5797 Βροιιμ,
1830 5733 2047 5802 ,Ιυςυριη

2147 3191 2312 3244 bavit.

2216 3280 2280 3333 Et
2312 3290 2457 3334 certe
2485 3282 2538 3335 in
2568 3281 2962 3337 universalibus
2991 3283 3211 3352 synodis
3237 3282 3415 3343 nullm,
3449 3280 3538 3335 illo
3585 3295 3724 3349 pra:-

2146 3383 2319 3435 sente,
2350 3371 2468 3425 latae
2514 3374 2791 3427 sententia:
2833 3375 3195 3441 reprehensas,
3231 3373 3335 3430 ulla
3378 3388 3610 3441 unquam
3637 3373 3725 3425 vel

2147 3462 2299 3515 locali
2333 3465 2555 3533 synodo,
2592 3465 2672 3518 vel
2702 3464 2989 3531 cujuslibet
3039 3466 3261 3519 audacia
3313 3464 3526 3533 rejectre
3573 3475 3725 3518 sunt.

2149 3553 2373 3607 Plurimi
2429 3569 2555 3609 vero
2604 3557 2988 3609 venerabilium
3039 3550 3430 3625 episcop'orum,
3462 3570 3581 3624 qua:
3623 3556 3727 3609 lie-

2149 3644 2297 3707 bant,
2340 3647 2719 3714 increpabant;
2750 3647 2945 3715 quibus
2988 3648 3169 3710 facile,
3200 3662 3296 3717 pro
3340 3649 3637 3709 honestate,
3664 3658 3728 3701 et

2148 3736 2431 3803 sapientia,
2466 3737 2921 3806 dignitatibusque
2944 3740 3259 3792 throuorum
3293 3739 3724 3795 concedebatur:

2150 3840 2376 3892 quorum
2414 3828 2575 3879 etiam
2623 3827 2865 3880 nonnulli
2918 3830 3399 3882 contradictionem
3435 3828 3727 3881 adversum

2150 3916 2272 3970 illos
2323 3919 2655 3987 reliquerunt
2683 3920 2733 3971 ln
2790 3920 3215 3985 commentariis,
3246 3920 3356 3982 alii,
3404 3919 3733 3989 publicatio—

2150 4020 2265 4069 nes,
2297 4016 2351 4060 et
2376 4021 2639 4070 carceres,
2670 4016 2725 4060 et
2754 4008 2941 4066 exsilia
2969 4022 3064 4075 pro
3090 4022 3211 4061 vera
3242 4008 3511 4077 Opinione,
3537 4016 3590 4060 et
3619 4005 3734 4060 fido

2149 4095 2484 4161 pertulertnrt
2516 4114 2528 4148 :
2557 4111 2649 4164 per
2700 4110 2883 4164 quam,
2919 4095 3275 4150 Ecclesiarum
3319 4110 3422 4165 pax
3481 4097 3731 4164 subjecta

2152 4184 2367 4239 Patrum
2403 4188 2668 4255 theologia
2700 4189 2836 4241 facta
2860 4198 2964 4244 est.

2222 4276 2453 4331 Prorsus
2495 4294 2647 4339 vero,
2686 4289 2740 4331 et
2771 4297 2832 4331 ex
2869 4283 3068 4333 nostris
3109 4295 3389 4350 nunquam
3426 4280 3735 4331 defuerunt

2152 4383 2217 4421 ex
2248 4368 2355 4429 his,
2397 4369 2486 4436 qui
2531 4368 2733 4437 aliquid
2767 4386 2877 4422 esse
2925 4372 3261 4435 ridebantur,
3291 4372 3420 4440 qttitt
3470 4368 3737 4421 Romanae

2087 4466 2131 4522 D
2164 4460 2416 4514 Ecclesia:
2470 4463 2722 4522 laverint,
2779 4478 2999 4515 suorum
3057 4464 3273 4531 quidem
3324 4462 3731 4527 separationem

2162 4552 2610 4615 irrationabilem,
2648 4562 2699 4604 et
2748 4564 2942 4620 praeter
2985 4553 3388 4607 ecclesiasticas
3422 4552 3583 4619 leges,
3621 4549 3733 4602 ινδ-

2159 4651 2409 4709 trumque
2440 4643 2757 4706 theologiam
2801 4657 2921 4695 esse
2956 4644 3315 4706 arbitrantes;
3352 4656 3411 4693 se
3449 4651 3622 4692 autem
3657 4640 3735 4691 ad

2161 4730 2283 4787 illos
2338 4732 2679 4789 conferentes
2737 4732 3046 4801 ign0miniis
3085 4733 3299 4800 quidem
3356 4729 3552 4793 allecti,
3612 4731 3740 4783 sive

2164 4823 2327 4872 etiam
2370 4822 2536 4888 fugati
2569 4820 2636 4873 ob
2662 4823 2774 4873 veri
2806 4820 3223 4884 confessionem,
3256 4830 3421 4889 atque
3452 4819 3737 4873 confiden-

2161 4914 2287 4965 tiam
2326 4931 2338 4965 :
2385 4914 2583 4980 quibus
2614 4924 2665 4965 et
2697 4914 2784 4981 qui
2844 4915 2955 4966 haec
3008 4914 3244 4981 scripsit,
3296 4916 3577 4980 adjunctus
3621 4926 3734 4974 est,

2160 5009 2471 5076 gratiasque
2515 5005 2642 5068 Deo,
2675 5007 2816 5073 quod
2867 5007 2950 5058 his
2983 5008 3172 5075 dignus
3213 5007 3424 5058 habitus
3456 5017 3557 5058 est.
3591 5004 3735 5058 For-

2165 5099 2289 5150 titer
2319 5109 2497 5149 autem
2544 5096 2779 5175 ferentes
2806 5098 3010 5160 omnia,
3066 5108 3263 5165 printer
3294 5096 3595 5164 hujusmodi
3646 5112 3740 5148 re-

2157 5191 2385 5255 positam
2448 5191 2775 5252 mercedem,
2831 5191 3286 5257 quemadmmlum
3347 5199 3400 5242 et
3459 5191 3740 5257 prioribus

2161 5279 2488 5347 temporibus
2544 5280 2791 5347 plurimis
2859 5282 3104 5349 contigit,
3171 5295 3291 5333 cum
3354 5296 3451 5349 pro
3500 5282 3737 5335 veritate

2167 5369 2285 5420 lidei
2321 5369 2487 5421 libere
2514 5381 2759 5437 agerent,
2790 5372 3335 5439 contratliccntesque
3366 5370 3732 5423 revincercnt.

2164 5457 2267 5511 Pro
2295 5475 2399 5526 quo
2450 5476 2582 5513 sane
2614 5461 2959 5513 admirationi
3008 5470 3062 5513 et
3106 5462 3437 5515 venerationi
3500 5465 3739 5529 poSIcr-is

2164 5598 2457 5670 Gregorius
2484 5600 2596 5653 sive
2625 5601 2896 5669 Georgius
2928 5600 3180 5670 Cyprius,
3217 5600 3562 5653 Athanasius.
3593 5598 3742 5666 Lege

2157 5669 2515 5737 Nicephorum
2543 5671 2833 5739 Gregoram
2864 5672 2953 5724 lib.
2977 5669 3040 5724 ’t't
3069 5682 3121 5723 ct
3148 5686 3213 5723 νει
3248 5670 3517 5725 Ηίειυτιςιρ.
