4020 6206
464 329 567 391 907

1721 331 2115 395 MANUELIS
2145 331 2449 392 CALECE

3603 327 3707 390 208

462 456 566 511 cst,
606 446 707 502 hoc
756 461 784 501 a
842 444 1166 515 quibusdam
1219 430 1417 515 postea
1458 447 1627 517 gestis
1676 447 2028 515 synodalibus
2060 450 2102 505 Α
2134 444 2299 512 pisse.
2360 444 2427 499 de
2473 441 2670 513 quibus
2725 439 2865 495 nulla
2914 449 3067 495 esset
3116 440 3259 496 facta
3316 438 3541 494 mentio.
3605 441 3712 495 Αυι

469 539 801 609 appositum,
834 539 961 593 hinc
1011 538 1301 594 ostendere
1347 538 1670 606 nitentibus,
1722 532 2032 609 huiusmodi

469 630 802 685 additionem
838 628 1001 683 fuisse
1033 630 1393 699 prohibitam;
1427 631 1528 686 hoc
1564 637 1745 685 autem
1772 630 2033 687 rationem

464 735 570 775 non
604 721 824 783 habere,
856 720 1196 789 perspicuum
1227 730 1332 775 est.

536 810 779 867 Primum
817 812 1052 881 quidem,
1086 814 1343 881 quoniam
1389 814 1441 869 in
1471 816 1636 885 gestis
1665 814 1832 887 huius
1869 828 2038 886 syno-

467 903 546 968 di,
577 904 1086 959 commentariolum
1124 904 1234 975 (64)
1274 907 1545 976 quoddam
1573 916 1678 972 est,
1705 922 1889 971 eorum
1920 921 2039 977 quae

469 996 523 1049 in
556 1009 621 1049 eo
652 995 882 1049 concilio
921 1006 1078 1050 erant
1123 997 1461 1053 discutienda
1492 1000 1892 1069 expositionem
1944 1014 2040 1070 per

464 1086 712 1139 ordinem
750 1086 1059 1148 continens,
1095 1086 1236 1155 quod
1277 1088 1437 1157 legati
1486 1090 1692 1160 synodo
1743 1104 2039 1160 proposue-

466 1185 634 1230 runt:
663 1178 1107 1231 commentarium
1134 1176 1239 1233 sibi
1276 1194 1303 1232 a
1330 1194 1543 1234 summo
1574 1181 1828 1249 pontifice
1857 1182 2038 1234 datum

470 1277 798 1332 asserentes,
834 1277 891 1321 ut
932 1270 1307 1323 meminissent
1340 1285 1460 1340 quae
1505 1271 1559 1325 in
1605 1287 1668 1326 ea
1703 1273 1912 1343 synodo
1954 1272 2041 1327 Vel

400 1372 409 1380 '
460 1358 729 1423 dicenda,
763 1359 848 1415 vel
902 1358 1151 1415 facienda
1199 1372 1401 1417 essent.
1448 1362 1634 1432 Neque
1686 1366 1830 1420 enim
1874 1366 1925 1419 in
1975 1381 2041 1422 eo

469 1450 770 1517 quidquam
818 1450 884 1503 de
928 1450 1205 1506 additione
1244 1454 1382 1523 (65),
1416 1454 1497 1509 vel
1530 1455 1596 1509 de
1634 1455 1890 1525 Symbolo
1921 1472 2042 1512 om-
2073 1502 2080 1509 .

472 1541 602 1593 nino
646 1541 906 1608 scriptum
955 1552 1061 1596 est.
1111 1541 1176 1594 Et
1230 1554 1377 1600 certe
1433 1545 1486 1599 id
1538 1546 1589 1599 in
1629 1548 1803 1615 prima
1861 1550 2042 1603 statim

476 1630 653 1683 frunte
693 1634 995 1698 ponendum
1048 1633 1168 1697 fuit,
1227 1635 1342 1688 sive
1400 1650 1429 1688 a
1489 1636 1733 1691 Romano
1790 1638 2045 1709 pontiﬁce

477 1721 582 1773 illis
610 1723 674 1773 de
704 1722 806 1774 hoc
829 1720 1017 1776 fuisset
1041 1724 1334 1792 quidquam
1368 1718 1715 1795 imperatum,
1743 1727 1857 1783 sive
1878 1729 2041 1784 etiam

2142 536 2285 590 enim
2332 534 2702 603 principaliter
2746 546 2811 587 ea
2853 546 2941 587 res
2970 532 3179 602 agenda
3212 532 3336 600 fuit,
3368 542 3459 587 ant
3494 548 3598 588 non
3638 536 3711 588 ita

2143 634 2537 695 prmtereunter
2569 634 2624 680 et
2662 621 3065 693 intempestive,
3096 633 3148 678 et
3177 634 3376 692 praeter
3414 625 3589 679 locum
3617 626 3715 679 de-

2142 717 2313 772 bitum
2348 718 2575 786 agenda.
2612 716 2727 772 Etsi
2754 716 2896 771 enim
2922 730 2952 769 a
2977 716 3186 784 synodo
3211 716 3415 770 dictum
3440 717 3713 783 conceda-

2146 822 2285 872 mus,
2306 805 2441 860 nihil
2468 814 2646 859 tamen
2673 806 2738 859 de
2770 803 3075 873 huiusmodi
3107 800 3405 874 quastione
3432 805 3713 872 declarat;

2146 912 2322 965 neque
2360 897 2446 952 his
2480 897 2823 960 adversatur,
2856 909 2977 965 quae
3022 894 3167 951 dicta
3210 905 3359 955 sunt.
3394 897 3500 952 Aut
3549 898 3718 963 enim,

2145 998 2206 1043 ut
2238 988 2441 1042 dictum
2475 996 2577 1051 est,
2615 987 2738 1041 ﬁdei
2767 986 2993 1041 alterius
3025 985 3381 1053 adiectionem
3418 988 3718 1053 interdicit,

2147 1090 2418 1148 rectaeque
2448 1078 2818 1143 abolitionem,
2853 1078 2971 1133 sive
3012 1078 3169 1141 alias,
3212 1094 3315 1132 non
3363 1093 3422 1132 se
3472 1078 3719 1135 Ecclesia

2149 1171 2253 1224 bac
2297 1178 2559 1239 potestate
2601 1170 2797 1237 privat.
2834 1169 3152 1239 Quanquam
3192 1169 3374 1223 dicere
3405 1183 3720 1236 possumus.

2150 1263 2251 1315 hac
2297 1260 2589 1325 sententia,
2623 1261 2667 1314 si
2716 1260 2929 1314 concilii
2959 1261 3048 1324 sit,
3108 1275 3212 1329 qua
3261 1261 3591 1315 declaratum
3626 1248 3716 1328 sit,

2152 1352 2284 1408 nihil
2329 1364 2578 1422 oportere
2634 1353 2874 1414 auferri,
2928 1354 2980 1407 id
3030 1364 3359 1422 praeceptum
3418 1354 3607 1421 fuisse,
3656 1370 3722 1409 ne

2150 1443 2457 1500 auferretur
2508 1442 2940 1500 Occidentalium
2994 1445 3223 1511 additio,
3277 1461 3440 1516 quam
3495 1461 3720 1503 accusa-

2151 1536 2298 1591 bant.

2222 1626 2280 1680 Si
2318 1625 2498 1694 igitur,
2542 1633 2599 1678 ut
2634 1640 2797 1695 supra
2830 1625 3164 1682 declaratum
3196 1634 3299 1693 est,
3338 1635 3393 1683 et
3423 1634 3548 1682 ante
3578 1626 3718 1681 Pho-

2152 1719 2284 1773 tium
2338 1718 2521 1771 multis
2567 1729 2692 1772 ante
2738 1718 3094 1787 temporibus,
3146 1717 3456 1789 Symbolum
3498 1722 3564 1773 ab
3612 1720 3719 1774 illis

476 1814 716 1883 synodus
742 1812 855 1878 illa,
879 1828 1039 1881 quam
1075 1816 1599 1886 quadringentorum
1635 1819 1805 1875 ferme
1835 1821 2045 1889 episco-
2079 1799 2119 1857 Β
2149 1825 2269 1866 cum
2294 1810 2569 1865 additione
2608 1808 2906 1880 legebatur,
2947 1810 3169 1880 ipseque
3200 1810 3429 1877 primus,
3458 1825 3579 1865 cum
3610 1811 3720 1865 voti

474 1920 666 1972 parum
710 1905 967 1973 implebat
1014 1922 1292 1974 numerus,
1322 1908 1691 1978 blaspltemam
1725 1911 1867 1966 hanc
1894 1914 2049 1966 addi-

471 2001 678 2053 tionem
719 2003 967 2068 putabat,
1000 2017 1097 2056 cur
1128 2020 1231 2058 non
1271 2005 1642 2075 principaliter
1676 2008 1742 2063 de
1774 2008 1859 2064 illa
1885 2011 2047 2064 verba

477 2092 644 2145 fecit?
692 2092 766 2145 Ita
811 2094 955 2146 enim
992 2094 1043 2147 in
1087 2095 1522 2162 praisedentibus
1566 2098 1786 2168 synodis
1841 2098 1906 2153 de
1949 2096 2050 2153 ﬁde

475 2183 650 2252 primo
690 2182 813 2237 loco
842 2198 1059 2253 semper
1089 2186 1371 2254 agelatnr.
1408 2187 1518 2242 Cur
1546 2199 1727 2242 autem
1776 2189 1828 2243 in
1880 2188 2048 2243 Deum

479 2273 982 2343 blospltemantibns
1018 2276 1439 2340 conveniebant,
1502 2278 1740 2347 ipsisque
1796 2279 1864 2333 de
1922 2294 2052 2334 con-

477 2367 663 2418 cordia
696 2367 762 2419 ad
797 2366 1027 2420 invicem
1064 2369 1262 2421 tuenda
1314 2370 1781 2439 obtemperabant,
1814 2372 1897 2426 vel
1933 2388 2052 2427 om-

478 2456 612 2508 nino
658 2456 760 2509 sub
808 2456 1024 2512 silentio
1078 2473 1136 2512 se
1190 2461 1582 2514 continebant?
1630 2460 1856 2527 Quando
1921 2479 2052 2519 vero

470 2543 616 2597 .nibil
666 2544 870 2600 dixisse
918 2549 1361 2615 comprobantur,
1422 2549 1508 2603 cui
1551 2565 1660 2604 non
1708 2552 2050 2620 perspicuum

478 2636 571 2701 sit,
604 2650 787 2690 veram
838 2651 931 2689 eos
974 2638 1119 2691 illam
1152 2638 1480 2694 additionem
1524 2642 1910 2699 existimasse?
1951 2642 2055 2699 Ne-

480 2743 586 2797 que
625 2729 770 2782 enim
802 2730 908 2783 dici
957 2739 1152 2798 p0tcst,
1199 2731 1318 2785 illos
1361 2731 1636 2799 ignorasse
1674 2732 2052 2789 Latiuos'cum

480 2821 756 2875 additione
806 2819 1118 2891 Symbolum
1176 2822 1374 2889 legere,
1410 2838 1532 2876 cum
1585 2824 1638 2877 id
1672 2821 1869 2879 Oriens
1911 2833 2054 2883 totus

475 2908 586 2978 iam
618 2919 742 2965 tunc
768 2911 958 2965 saltem
993 2926 1021 2965 a
1050 2912 1189 2966 beati
1229 2911 1446 2967 Maximi
1479 2915 1817 2983 temporibus
1844 2916 2054 2971 didice-

482 3000 586 3054 rit?

2155 1916 2257 1955 non
2294 1902 2582 1970 potiretur,
2610 1902 2937 1961 additionem
2979 1903 3330 1958 discessionis
3363 1905 3563 1971 reperit
3588 1919 3689 1957 cau

2151 2009 2289 2058 sam,
2324 2003 2380 2047 ut
2422 1993 2620 2061 passim
2659 1994 2761 2047 sibi
2806 1994 2994 2048 liceret
3024 1997 3164 2049 votis
3196 1994 3400 2065 perfrui
3450 2014 3464 2051 :
3502 2011 3724 2067 compos

2151 2095 2332 2138 autem
2369 2085 2449 2139 sui
2481 2084 2754 2139 desiderio
2792 2083 3041 2150 effectus,
3071 2086 3274 2140 nullum
3298 2087 3436 2141 ultra
3475 2102 3537 2141 ea
3569 2091 3635 2142 de
3668 2103 3726 2142 re

2152 2180 2382 2231 verbum
2416 2174 2601 2239 movit,
2627 2176 3137 2245 subiectionemque
3160 2177 3398 2232 debitam
3425 2193 3522 2247 per
3541 2180 3721 2233 omnia

2153 2283 2365 2323 summo
2394 2268 2633 2337 pontiﬁci
2671 2268 2904 2323 reddidit
2941 2268 3078 2339 (67),
3108 2284 3284 2324 nonne
3308 2269 3477 2339 liquet
3509 2285 3574 2324 ex
3601 2286 3722 2325 om-

2156 2362 2333 2424 nibus,
2378 2375 2481 2415 non
2516 2362 2867 2425 additionem,
2899 2361 2990 2415 sed
3018 2362 3325 2431 superbiam
3375 2364 3575 2431 potius,
3604 2372 3659 2417 et
3695 2378 3724 2417 a

2156 2452 2372 2506 nemine
2422 2453 2560 2506 velle
2601 2452 2856 2521 judicari,
2895 2453 3205 2508 schismatis
3256 2453 3425 2509 fuisse
3465 2454 3726 2508 causam?

2157 2544 2302 2599 Obiit
2325 2554 2502 2598 autem
2537 2543 2785 2607 Pbotins,
2807 2559 2929 2598 cum
2954 2556 3100 2599 esset
3133 2545 3495 2601 Ecclesiarum
3520 2546 3725 2609 unitas,

2156 2650 2275 2704 quae
2310 2646 2433 2705 post
2476 2635 2627 2690 illum
2664 2652 2760 2705 per
2807 2635 2992 2691 decem
3031 2643 3086 2691 et
3128 2646 3337 2705 septem
3383 2636 3727 2706 patriarchas

2155 2718 2392 2782 duravit.
2688 2785 2707 2803 θ
3114 2770 3121 2777 ,
3309 2792 3315 2798 _

2228 2820 2305 2873 Ex
2336 2836 2445 2889 quo
2471 2835 2601 2876 sane
2618 2830 2853 2885 constat,
2881 2821 3207 2877 celebratam
3228 2820 3331 2877 sub
3350 2821 3542 2877 Photio
3560 2835 3731 2894 syno-

2156 2915 2280 2969 dum
2336 2914 2576 2985 Symboli
2630 2914 2958 2969 additionem
3015 2930 3197 2968 veram
3256 2923 3311 2969 et
3352 2915 3729 2969 rationabilem

2157 3005 2527 3071 existimasse,
2588 3006 2872 3076 ipsumque
2940 2997 3091 3059 illum
3150 3003 3409 3061 Romana:
3473 3005 3733 3062 Ecclesiae

554 3090 789 3159 Deinde,
852 3103 910 3148 ut
962 3095 1349 3159 concedamus,
1414 3095 1659 3151 Photium
1721 3096 3073 3191 additionemCicommunionemelegisse,priore
3095 3096 3303 3166 abiecta
3334 3101 3729 3165 controversia,

483 3200 590 3239 non
628 3185 915 3241 admisisse
945 3201 959 3239 :
990 3187 1306 3242 rationabile
1348 3196 1494 3243 certe
1530 3204 1636 3244 non
1664 3200 1801 3254 erat,
1831 3201 2049 3258 postca-

486 3293 645 3347 quam
695 3294 722 3330 a
763 3280 1008 3332 Romano
1041 3278 1295 3346 pontifice
1344 3279 1654 3347 patriarcha
1691 3282 2047 3338 conﬁrmatus

483 3370 679 3435 fuerat,
709 3371 929 3424 verbum
959 3371 1025 3425 de
1075 3370 1349 3424 additione
1381 3386 1599 3425 movere
1637 3387 1649 3423 :
1685 3386 1771 3437 ne,
1812 3374 1901 3426 vix
1934 3383 2053 3428 tan-

481 3462 605 3516 dem
645 3462 749 3515 vori
801 3477 1018 3532 compos
1051 3462 1298 3526 effectus,
1343 3478 1439 3532 per
1470 3463 1616 3519 illum
1665 3481 1854 3520 rursus
1884 3466 2050 3522 abro-

483 3565 666 3622 gatus,
720 3554 993 3606 amitteret
1045 3553 1246 3606 omnia.
1287 3552 1431 3608 Satis
1482 3566 1661 3608 autem
1703 3564 1821 3609 erat
1856 3557 2050 3627 legatis

483 3655 647 3713 atque
678 3644 775 3711 ipsi
813 3645 865 3696 in
910 3642 1100 3711 primis
1132 3640 1374 3696 Romano
1416 3644 1682 3712 pontifici,
1707 3644 2049 3712 subiectione

485 3737 589 3792 sibi
650 3737 879 3799 reddita,
913 3736 979 3790 de
1030 3735 1243 3789 caeteris
1284 3736 1402 3788 illos
1456 3745 1600 3790 recte
1652 3737 1856 3790 sentire
1907 3736 2054 3791 arbi-

466 3828 643 3881 trari.
685 3828 869 3897 Itaque
914 3827 1047 3881 nihil
1095 3826 1235 3879 ultra
1291 3825 1652 3895 ittquircnles,
1698 3827 1905 3896 reliqua
1940 3830 2053 3886 suis

488 3920 619 3973 locis
649 3932 866 3972 manere
894 3917 1276 3986 permiserunt.

542 4010 627 4063 .Et
677 4011 804 4063 illud
850 4018 1028 4062 autem
1072 4007 1270 4060 indicat
1314 4008 1581 4075 adiectum
1628 4024 1656 4061 a
1706 4009 2054 4079 quihusdam,

482 4102 636 4172 quod
691 4102 964 4163 diximus,
1016 4102 1156 4169 quod
1214 4111 1336 4170 pust
1384 4100 1612 4168 plurima
1664 4102 2055 4172 imperatorum

492 4194 661 4259 anni,
728 4192 1262 4261 subscriptionesque
1332 4192 1710 4261 epise0porum
1778 4195 2053 4248 adnotata

492 4287 621 4348 sint,
649 4294 701 4336 et
726 4284 896 4353 gloria
934 4284 1137 4336 reddita
1163 4284 1231 4337 sit
1260 4279 1391 4348 Deo,
1418 4298 1513 4351 pro
1544 4268 1803 4337 Ecclesia:
1834 4285 2053 4339 unione.

494 4377 622 4442 Quae
646 4376 824 4428 omnia
853 4376 904 4428 in
934 4374 1036 4428 ﬁne
1061 4385 1337 4442 gestorum
1360 4374 1696 4444 synudalium
1723 4376 2057 4431 scribuntur.

2155 3205 2277 3260 qua:
2306 3188 2382 3243 illi
2421 3198 2480 3243 ut
2516 3189 2717 3243 homini
2755 3191 3091 3258 obrepserat.

2229 3281 2452 3347 Deinde,
2487 3290 2544 3336 ut
2584 3282 2660 3335 ait
2703 3282 2995 3352 praedictus
3022 3283 3313 3338 historicus
3342 3284 3537 3355 Scylex
3567 3283 3729 3356 [Scy-

2159 3374 2291 3445 lax],
2331 3374 2556 3430 Michael
2595 3374 2904 3444 patriarcha
2938 3386 3296 3445 cognomento
3339 3375 3564 3431 Cerulns
3600 3376 3731 3447 [Ce-

2161 3464 2473 3537 rnlariusj,
2535 3466 2658 3519 aliis
2722 3480 2935 3519 rursum
3003 3467 3409 3534 ernergentibus
3469 3467 3728 3530 casibus,

2162 3556 2350 3625 quales
2414 3555 2725 3609 hominibus
2783 3569 2923 3624 saepe
2976 3557 3397 3622 superveniunt,
3456 3556 3729 3625 simulque

2162 3647 2438 3701 invidente
2486 3649 2637 3716 pacis
2688 3646 3019 3712 adversario,
3055 3646 3359 3701 Romanum
3415 3649 3728 3717 pontiﬁcem

2162 3748 2382 3808 promer
2440 3752 2626 3808 azyma
2701 3737 2969 3807 diptycbis
3028 3737 3223 3807 deiecit
3283 3737 3416 3809 (68).
3478 3739 3727 3793 Habebat

2160 3836 2340 3881 autem
2375 3826 2612 3880 fautores
2654 3824 2912 3895 patricios
2957 3827 3110 3891 duos,
3139 3836 3191 3881 et
3226 3826 3479 3882 Ecclesia:
3508 3843 3732 3898 corrup-

2166 3920 2355 3972 tiorem
2399 3928 2452 3972 et
2501 3898 2896 3971 seditiosiorem
2943 3926 3145 3986 partem
3197 3934 3211 3967 :
3264 3918 3517 3987 additque
3564 3918 3730 3972 aliain

2164 4010 2265 4064 viri
2294 4008 2675 4074 differentiam,
2708 4009 2778 4064 ob
2808 4024 2966 4078 quam
3012 4010 3205 4065 merito
3231 4011 3479 4065 videntur
3502 4012 3733 4080 elegisse

2165 4103 2391 4158 seorsim
2451 4102 2649 4156 vivere.
2715 4102 3054 4172 Quanquam,
3111 4103 3155 4156 si
3219 4103 3508 4159 additionis
3565 4120 3733 4161 causa

2169 4194 2472 4248 Romanum
2546 4193 2851 4262 episcopum
2908 4193 3175 4263 diptycbis
3227 4193 3424 4262 eiecit,
3476 4208 3570 4249 cur
3618 4209 3731 4249 non

2165 4286 2328 4340 etiam
2379 4285 2562 4354 prius?
2618 4282 2674 4336 Si
2721 4291 2894 4336 autem
2956 4292 3173 4350 promer
3204 4298 3415 4354 azyma,
3467 4285 3535 4338 ab
3569 4284 3734 4339 initio

2166 4377 2406 4432 Romana
2449 4374 2685 4429 Ecclesia
2730 4375 2813 4428 bis
2842 4374 3149 4428 sacriﬁcare
3194 4375 3491 4430 consuevit.
3526 4372 3730 4429 Verum

496 4469 650 4534 Quod
684 4477 861 4522 autent
899 4468 965 4520 de
996 4484 1100 4521 non
1137 4468 1440 4537 adiiciendo
1466 4471 1550 4523 vel
1579 4469 1874 4523 auferendo
1910 4470 2056 4539 adie-
2089 4473 2131 4527 D
2162 4470 2325 4524 etiam
2360 4469 2402 4522 si
2451 4467 2574 4536 quis
2604 4466 2917 4534 diligentius
2956 4466 3213 4532 inquirat,
3239 4466 3398 4519 aliam
3426 4465 3730 4535 deprehen-

488 4573 641 4616 ctum
693 4570 778 4615 est
807 4560 1035 4615 scorsim
1071 4560 1303 4627 positum
1339 4557 1474 4629 (66),
1520 4569 1574 4612 et
1604 4559 1675 4612 ab
1719 4560 1841 4613 aliis
1877 4569 2064 4630 aperte

501 4655 833 4723 disiunctum
863 4661 916 4705 et
942 4658 1252 4720 separatum
1282 4661 1385 4704 est.
1413 4648 1528 4704 Non
1564 4649 1731 4719 igitur
1762 4653 2066 4721 suscipien-

492 4748 623 4797 dam
662 4752 745 4797 est
775 4751 896 4810 post
936 4755 1124 4795 eorum
1157 4754 1279 4808 quae
1314 4738 1748 4805 inquirebantur,
1783 4742 2061 4795 enodatio-

496 4850 645 4896 nem,
684 4844 803 4900 post
834 4834 1163 4899 compositas
1195 4846 1303 4896 res,
1332 4839 1453 4899 post
1477 4829 1637 4884 ﬁnem
1672 4832 1900 4900 denique
1930 4848 2061 4887 con-

497 4928 628 4990 cilii,
675 4935 793 4994 post
840 4924 931 4977 illa
967 4938 1084 4992 qua:
1117 4922 1168 4975 iu
1200 4922 1305 4976 ﬁne
1338 4922 1665 4992 synodorum
1700 4923 1894 4994 apponi
1925 4939 2060 4979 con-

495 5018 816 5078 suchrunt,
864 5030 1081 5069 rursum
1129 5014 1247 5068 illos
1282 5023 1470 5081 putare
1519 5015 1585 5069 de
1629 5015 1711 5068 bis
1761 5033 1919 5085 agere
1951 5033 2061 5073 coe-

566 5135 679 5204 (64)
714 5133 1184 5204 Commentarinm
1206 5149 1300 5188 seu
1324 5133 1811 5204 commonitorium
1838 5136 1939 5187 hoc
1960 5136 2063 5188 ha-

496 5202 589 5263 bes
618 5202 756 5270 apud
787 5202 1399 5266 Baroniutt1879,n.£7,
1418 5203 1507 5256 sed
1531 5202 1780 5255 falsatum
1801 5205 2062 5260 anotio.

566 5275 678 5341 (65)
707 5275 916 5341 Aliquid
939 5286 1118 5343 actum
1145 5274 1336 5325 essein
1404 5274 1501 5325 huc
1545 5272 1953 5343 pseudosynodo
2000 5276 2065 5328 de

497 5340 592 5396 illa
612 5340 889 5412 additione
913 5342 1171 5412 Filioque,
1198 5344 1413 5395 tradunt
1446 5340 2058 5412 recentiores'schisma-

500 5413 588 5465 lici
624 5411 819 5475 Graeci,
847 5409 1110 5481 quietiam
1135 5413 1473 5481 mentiuntur
1514 5409 1673 5481 doan.
1696 5409 1804 5481 Vill
1864 5412 2057 5479 pontii.

492 5479 950 5545 consensisse,‘ut
988 5483 1115 5535 illud
1142 5480 1379 5549 Filioque
1405 5496 1471 5535 ex
1502 5479 1756 5549 Sytnbolo
1784 5495 2058 5551 expunge-

498 5562 669 5603 retur.
702 5552 918 5619 Aliquid
950 5564 1096 5605 certe
1123 5556 1185 5605 de
1210 5553 1309 5604 hac
1339 5552 1612 5603 additione
1641 5551 1807 5603 fuisse
1855 5561 2055 5616 actum,

498 5620 654 5673 testis
682 5632 766 5688 est
825 5630 974 5675 sexta
996 5622 1168 5675 sessio
1227 5621 1371 5672 illius
1430 5619 1575 5672 falsa:
1630 5620 1841 5688 synodi.
1900 5622 2056 5687 cuius

499 5686 768 5742 sntnmam
804 5693 990 5745 recitat
1013 5690 1295 5750 Baronius,
1327 5705 1467 5741 anno
1510 5686 1708 5741 Christi
1761 5688 1884 5741 879.
1944 5686 2051 5742 ﬁisi

493 5761 679 5814 dicere
702 5762 946 5824 velimus,
980 5764 1119 5827 quod
1142 5758 1363 5828 quidam
1387 5758 1529 5812 haud
1551 5769 1748 5812 temere
1774 5759 2054 5829 suspican-

2162 4564 2252 4617 det
2299 4576 2418 4617 esse
2466 4558 2825 4627 separationis
2883 4570 3125 4611 causam.
3166 4554 3283 4609 Jam
3334 4556 3478 4612 enim
3525 4557 3732 4611 dudum

2162 4650 2458 4707 assuefacti
2505 4649 2692 4719 iugum
2739 4646 3062 4701 obedientia:
3093 4655 3374 4709 excutere,
3416 4647 3588 4700 locum
3621 4646 3728 4701 sibi

2161 4743 2509 4811 dignitatum,
2575 4748 2627 4794 et
2696 4737 3031 4793 excellentia:
3095 4738 3370 4791 nominum
3438 4738 3504 4791 ab
3568 4736 3734 4792 initio

2161 4834 2473 4891 schismatis
2510 4831 2563 4884 bi
2597 4831 2687 4898 qui
2729 4836 3023 4899 praeerant,
3059 4838 3410 4897 aperuerunt,
3444 4828 3735 4883 honestate

2162 4928 2439 4981 nominum
2484 4922 2845 4979 sacerdotium
2890 4936 3045 4974 suum
3084 4935 3281 4974 ornare
3311 4919 3733 4975 contendentes.

2169 5018 2323 5072 Alius
2359 5015 2502 5068 enim
2546 5010 2891 5065 uniuersalem
2941 5009 3299 5075 patriarcham
3346 5008 3579 5078 seipsuut
3636 5022 3742 5077 ap-

2164 5144 2274 5197 tnr,
2302 5141 2467 5185 tatam
2502 5128 2645 5182 hanc
2675 5126 2936 5198 synodum
2966 5124 3129 5198 fuisse
3163 5123 3334 5198 Photii
3360 5130 3738 5198 commentum

2165 5192 2440 5269 nunquam
2475 5199 2659 5269 nisi‘in
2692 5192 2919 5250 cerebro
2952 5197 3095 5269 ‘ejus
3149 5193 3502 5248 celebratam.
3555 5192 3739 5247 Aliter

2166 5266 2339 5326 tamen
2368 5269 2532 5322 sentit
2566 5266 2782 5327 Caleca,
2816 5274 2874 5318 ut
2915 5266 3086 5318 vides.

2233 5341 2345 5411 (66)
2372 5339 2482 5391 Non
2507 5346 2589 5389 est
2638 5338 2703 5411 de
2762 5333 3274 5411 hins_laborandum..
3322 5328 3577 5411 Synodus
3612 5330 3739 5386 hmc

2164 5402 2261 5464 fuit
2293 5402 2760 5475 pseudosynodus.
2788 5404 3002 5475 Caleczr
3036 5402 3289 5475 nonsatis
3320 5402 3455 5475 bene
3519 5402 3734 5475 instru-

2161 5470 2769 5544 ctuspseudosyuodum
2790 5488 2887 5541 pro
2906 5472 3142 5543 legitima
3173 5471 3383 5538 habuit,
3410 5470 3549 5539 quod
3581 5470 3735 5523 mul-

2159 5552 2227 5603 tis
2266 5550 2384 5602 aliis
2415 5552 2614 5599 evenit.

2229 5619 2340 5686 (67)
2377 5616 2606 5683 Vulpino
2632 5627 2801 5668 mare.

2228 5679 2340 5756 (68)
2376 5679 2711 5756 Hoc'tactinn
2746 5695 2827 5738 est
2854 5694 3094 5755 tempore
3123 5679 3425 5749 Lconile,
3459 5680 3601 5735 circa
3626 5691 3735 5732 an—

2158 5775 2281 5813 nurn
2305 5754 2503 5812 Christi
2540 5754 2694 5808 1033.
