3996 6222
279 364 306 421 fi
314 361 393 423 09

1388 369 1787 431 ADVERSUS
1824 368 2139 431 GRAECOS
2177 374 2326 433 LIB.
2374 375 2475 436 iV.

3431 390 3555 452 910*

284 475 537 545 pellavit,
577 476 720 543 quod
752 486 880 534 ante
919 478 1235 536 schismatis
1263 488 1509 553 tempora
1541 492 1861 539 consuetum
1897 486 1934 537 A
1965 497 2171 547 sumus,
2231 486 2558 556 virtutisque
2612 487 2752 542 viam
2798 489 2864 544 ad
2920 491 3088 547 Deum
3150 496 3538 563 perducentem

284 583 398 622 non
417 579 537 623 erat
556 567 691 639 (69).
705 568 855 625 Alius
871 585 929 626 se
948 573 1122 640 ipsum
1142 574 1291 631 orbis
1302 577 1537 648 judicem
1557 578 1859 632 constituit.

288 661 450 715 Alius
485 663 676 716 tertius
721 664 956 720 decimus
1003 669 1276 737 apostolus
1314 672 1496 726 vocari
1528 672 1861 741 concupivit.

288 754 358 807 Et
408 764 560 809 certe
612 756 854 827 antiquis
898 759 1201 817 sullieiebat
1247 764 1537 834 episcopos
1598 779 1659 820 se
1718 766 1863 833 ipsos

282 844 635 899 solummodo
686 862 881 902 vocare
917 867 931 904 :
963 865 1097 920 quos
1141 852 1195 907 bi
1242 858 1430 919 etiam,
1464 856 1554 925 qui
1589 857 1690 910 sub
1730 856 1863 924 ipsis

285 947 469 1013 erant,
507 939 801 1000 imitantes.
831 956 936 994 non
985 944 1342 1011 perstiterunt
1375 945 1427 999 in
1479 945 1695 1001 traditis
1722 947 1864 1000 anti-

281 1029 470 1097 quitus
518 1030 587 1085 ab
640 1031 878 1087 Ecclesia
928 1035 1262 1101 nominibus,
1311 1038 1708 1107 quamdamque
1756 1038 1862 1092 sibi

281 1122 582 1189 superbam
612 1123 932 1193 dignitatem
982 1127 1180 1196 singuli
1211 1129 1587 1199 excogitantes
1623 1130 1865 1185 subscri-

280 1213 569 1282 ptiouibus
611 1215 814 1270 addunt
869 1235 883 1270 :
933 1217 1059 1272 dum
1102 1220 1192 1275 alii
1240 1236 1299 1275 se
1334 1237 1675 1288 prasessores
1724 1222 1859 1291 (70),

278 1304 369 1359 alii
425 1305 615 1366 duces,
663 1315 1008 1376 praceptores
1052 1310 1167 1376 alii,
1215 1312 1305 1367 alii
1355 1315 1641 1383 primarios
1692 1314 1863 1369 ascrio

280 1400 415 1474 bunt
468 1398 613 1466 (71),
646 1399 1027 1454 documentum
1074 1402 1318 1472 profecto
1366 1405 1617 1474 ingenita:
1660 1406 1760 1461 sibi
1798 1420 1861 1461 ac

279 1470 509 1557 penitus
540 1489 715 1544 insita
739 1491 1001 1545 vanitatis
1026 1470 1134 1560 prta
1164 1509 1222 1549 se
1254 1470 1491 1549 ferentes
1527 1513 1541 1549 :
1579 1511 1675 1564 per
1701 1513 1859 1566 quam

276 1600 385 1639 non
440 1585 626 1641 solum
677 1586 935 1642 Romanae
978 1589 1092 1643 sedi
1147 1589 1410 1644 honorem
1466 1590 1705 1645 debitum
1755 1607 1859 1647 non

280 1678 538 1742 reddere,
575 1679 671 1734 sed
723 1680 826 1748 ipsi
865 1695 1081 1750 quoque
1133 1697 1193 1737 se
1239 1681 1496 1751 praeferre
1550 1683 1858 1765 cupiebant,

277 1784 621 1839 prorsusquc
669 1772 920 1826 omnibus
966 1787 1217 1842 przeesse.
1273 1772 1341 1828 Ut
1374 1774 1517 1827 enim
1570 1775 1675 1829 sibi
1727 1774 1859 1844 ipsis

1965 580 2178 645 edocti;
2234 596 2295 635 ac
2352 597 2449 651 per
2502 583 2833 639 voluntatem
2880 587 2969 641 Dei
3023 588 3244 656 bonam,
3294 603 3347 648 et
3398 596 3540 651 bene

1966 672 2291 737 placentem,
2318 672 2521 727 inimici
2558 689 2678 729 cum
2703 692 2945 733 essemus
2977 678 3172 747 Patris,
3204 686 3538 739 reconciliati

1964 762 2012 814 ei
2041 777 2262 825 sumus;
2300 766 2400 819 hoc
2440 766 2699 834 denique,
2732 769 2782 821 id
2818 773 2957 836 quod
3003 773 3273 840 sequitur,
3314 775 3541 847 intelligi

1966 852 2077 904 vult
2108 869 2120 905 :
2145 851 2249 905 Per
2268 871 2346 905 me
2363 856 2542 923 siquis
2577 857 2859 925 introierit,
2881 860 3177 914 salvabitur
3191 873 3239 915 et
3272 865 3539 933 ingredie-

1963 951 2065 999 tur.
2102 952 2148 994 et
2177 944 2490 1011 egredietur,
2520 954 2568 997 et
2593 962 2791 1013 pascua
2821 950 3041 1003 inveniet
3067 951 3134 1014 ¹¹,
3173 953 3264 1006 Dei
3294 964 3541 1008 contem-

1961 1028 2277 1097 plationem,
2326 1032 2700 1103 cmlornmqne
2762 1052 3007 1106 regnum,
3058 1038 3125 1092 ad
3183 1045 3325 1109 quod
3381 1044 3541 1099 aliter

1963 1117 2168 1187 ingredi
2207 1136 2311 1175 non
2336 1136 2626 1190 possumus
2652 1126 2756 1181 nisi
2780 1143 2874 1196 per
2893 1129 3244 1200 Evangelium
3266 1144 3319 1187 et
3337 1132 3539 1191 Christi

1966 1210 2244 1278 mysteria.

2034 1299 2376 1372 Metropolita
2419 1319 2546 1361 vero
2586 1307 2958 1364 Methonensis
2988 1312 3103 1381 (74)
3151 1330 3433 1383 arguens:
3480 1315 3539 1370 Si
3582 1324 3587 1329 ‘

1963 1388 2222 1460 Spiritus,
2255 1395 2449 1463 inquit,
2483 1406 2699 1451 sanctus
2739 1409 2879 1453 esset»
2914 1417 2979 1454 ea:
3021 1400 3189 1466 Filio,
3239 1420 3343 1457 non
3384 1422 3540 1473 super

1960 1498 2077 1536 sum
2124 1486 2448 1549 baptizatum
2485 1506 2515 1541 a
2566 1490 2695 1543 casto
2722 1492 2903 1561 lapsus
2954 1506 3085 1547 esset
3119 1510 3136 1545 :
3195 1496 3452 1564 ignorans
3486 1506 3542 1551 et

1962 1573 2095 1640 ipse,
2163 1578 2307 1645 quod
2380 1595 2606 1650 magnus
2672 1583 2750 1637 ait
2808 1584 3169 1650 Athanasius,
3242 1588 3377 1656 quia
3435 1590 3543 1655 ipse

1961 1666 2129 1734 ipsum
2177 1669 2419 1739 desuper,
2474 1682 2531 1724 ut
2585 1672 2761 1741 Deus,
2816 1677 2981 1729 mittit
3034 1692 3053 1730 :
3114 1686 3163 1731 et
3213 1680 3321 1743 ipse
3370 1679 3541 1742 ipsum

1962 1760 2106 1830 infra
2166 1770 2225 1814 ut
2270 1762 2446 1817 homo.
2483 1763 2559 1817 Ex
2611 1765 2730 1835 ipso
2766 1766 2929 1836 igitur
2979 1769 3030 1823 in
3087 1770 3261 1838 ipsum
3315 1772 3543 1826 descen-

275 1820 651 1931 irndulgetites,
689 1862 928 1932 reliquos
964 1820 1074 1931 jam
1102 1865 1253 1919 licite
1293 1866 1578 1935 increpare
1611 1820 1859 1922 videren-
1894 1820 1935 1874 Β
1964 1853 2043 1907 dit
2074 1869 2089 1906 :
2132 1868 2195 1909 ex
2230 1853 2443 1910 Deitate
2476 1855 2595 1923 ejus
2650 1858 2857 1915 scilicet
2918 1861 2972 1915 in
3022 1862 3199 1932 ipsius
3230 1864 3543 1918 humanita-

281 1962 403 2019 tur,
431 1968 545 2008 non
578 1954 938 2023 adiectionem
970 1955 1165 2030 solam,
1204 1956 1297 2012 sed
1325 1957 1463 2014 alias
1492 1972 1709 2029 quoque
1737 1958 1859 2029 plu-

274 2048 443 2101 rimas
478 2062 678 2101 causas
701 2047 1047 2102 invenerunt.

341 2134 515 2201 Nam,
566 2152 692 2191 eum
725 2138 891 2193 semel
928 2140 1189 2196 adversus
1220 2140 1513 2197 Occiduam
1560 2143 1856 2201 Ecclesiam

270 2229 336 2282 de
362 2229 614 2297 primatu
652 2226 983 2282 contendere
1011 2229 1352 2296 statuissent,
1390 2230 1611 2299 ipsaque
1636 2226 1861 2286 Conten-

273 2322 346 2374 tio
396 2317 611 2374 sensim
661 2318 715 2370 in
755 2318 993 2386 ipsorum
1042 2318 1330 2373 animabus
1368 2319 1552 2374 odium
1589 2320 1855 2390 gigneret,

272 2412 506 2480 suisque
532 2409 835 2481 gratiﬁcari
868 2410 1127 2474 volentes,
1165 2418 1225 2465 ut
1257 2411 1349 2480 qui
1399 2421 1622 2481 possent
1652 2413 1860 2481 gratill-

274 2505 534 2558 cantibus
562 2502 941 2569 regratilicari,
971 2505 1125 2571 proni
1166 2514 1219 2559 et
1259 2504 1447 2559 faciles
1476 2506 1542 2558 ad
1573 2505 1858 2561 maledicta

272 2606 327 2650 et
356 2596 602 2650 crimina
637 2592 893 2657 fuerunt;
943 2602 997 2647 et
1039 2594 1128 2648 ille
1177 2594 1420 2663 sapiens,
1464 2594 1552 2648 ille
1597 2596 1856 2663 optimus,

272 2690 361 2744 ille
410 2686 641 2743 cunctis
671 2694 929 2754 praestare
962 2683 1269 2751 videbatur,
1320 2686 1413 2754 qui
1464 2696 1654 2740 mntra
1700 2685 1859 2741 Occio

272 2784 435 2835 duam
489 2778 795 2834 Ecclesiam
830 2786 1014 2847 posset
1055 2776 1259 2846 aliquid
1308 2776 1666 2831 convitiorum
1710 2776 1861 2843 jacu-
1908 2838 1919 2851 ε

272 2872 369 2926 .ari
399 2869 551 2940 (72).
582 2867 720 2923 Cum
766 2869 912 2923 enim
964 2868 1142 2923 nullus
1182 2876 1348 2931 esset,
1395 2870 1487 2938 qui
1534 2869 1855 2940 corriperet.

270 2964 410 3016 alius
454 2960 682 3028 quidem
729 2959 927 3023 aetum,
960 2959 1055 3014 sed
1091 2973 1199 3013 non
1229 2960 1528 3014 secundum
1569 2960 1858 3015 scientiam

273 3052 519 3115 habens;
582 3050 725 3103 alius
776 3063 902 3103 vero
962 3050 1385 3118 praesumptione
1442 3050 1857 3106 consuetudinis

1962 1946 2094 1999 tem.

2031 2038 2136 2093 Alii
2176 2055 2322 2106 vero,
2352 2042 2442 2110 qui
2491 2043 2809 2101 subtiliores
2838 2060 2960 2102 esse
2990 2047 3297 2112 voluerunt,
3339 2050 3537 2105 aiunt:

1961 2129 2213 2195 Spiritum
2268 2145 2511 2188 sanctum
2571 2152 2674 2189 non
2734 2139 2788 2191 in
2849 2139 3105 2194 columba:
3162 2143 3330 2205 specie
3382 2157 3543 2211 super

1958 2220 2141 2275 Iesum
2174 2222 2498 2292 baptizatum
2532 2226 2891 2293 descendisse,
2920 2230 3013 2283 sed
3059 2231 3233 2297 ipsum
3282 2233 3415 2285 illud
3450 2251 3541 2287 vo-

1960 2315 2124 2379 latile,
2169 2317 2428 2371 columba:
2469 2319 2695 2387 speciem
2721 2320 2890 2374 visam
2928 2324 3263 2379 sensibilibus
3290 2326 3456 2379 oculis
3488 2328 3540 2378 in

1961 2408 2127 2473 specie
2157 2407 2413 2468 sensibili,
2441 2409 2581 2476 quod
2608 2410 2680 2462 ad
2710 2411 3089 2471 insinuandam
3124 2415 3541 2483 dispensationis

1960 2497 2226 2550 veritatem
2264 2498 2520 2551 indicium
2571 2501 2743 2553 sancti
2797 2499 3029 2571 Spiritus
3077 2504 3221 2572 fuit;
3279 2505 3540 2575 Spiritum

1960 2600 2204 2644 Sanctum
2238 2604 2341 2643 non
2378 2591 2551 2659 ipsius
2586 2591 2821 2659 Spiritus
2856 2595 3283 2663 significativum
3317 2613 3542 2652 asseve-

1963 2689 2106 2733 rant.
2130 2679 2265 2745 Quia
2296 2682 2441 2734 enim
2472 2682 2711 2736 sensibili
2750 2685 2931 2753 specie
2962 2689 3277 2759 apparuerit
3306 2689 3541 2759 Spiritus

1965 2780 2193 2826 sanctus
2242 2780 2296 2827 et
2342 2770 2772 2841 Chrysostomus
2821 2789 2986 2844 super
3012 2773 3275 2833 Joannem
3319 2787 3540 2835 attesta-

1960 2872 2066 2915 tur.

2037 2954 2191 3009 Alius
2227 2968 2357 3008 vero
2406 2954 2716 3024 patriarcha
2750 2974 2764 3011 :
2813 2956 2968 3012 Nihil
3002 2960 3084 3013 ait
3116 2977 3226 3015 esse
3275 2962 3541 3025 mirabile,

1958 3046 2006 3099 si
2038 3046 2181 3116 apud
2222 3063 2403 3102 sacras
2432 3046 2681 3114 Litteras,
2726 3052 3066 3123 doctoresque
3116 3071 3296 3111 sacros
3331 3058 3549 3110 dicatur

268 3145 574 3207 inductus;
632 3140 768 3195 alius
804 3141 1064 3210 magister
1109 3140 1176 3195 ab
1205 3140 1327 3195 aliis
1383 3141 1561 3195 vocari
1602 3142 1852 3210 cupiens,
1881 3152 1923 3211 α
1962 3135 2134 3192 Filius
2175 3138 2364 3193 habere
2396 3138 2655 3206 δρίνίιαηι
2687 3154 2948 3210 mnuum,
2990 3147 3116 3211 (Ιιιία
3162 3147 3300 3201 hunc
3353 3160 3403 3203 ετ
3439 3149 3533 3203 Dei

270 3244 325 3288 et
352 3234 640 3303 superbia:
671 3232 803 3285 vitio
834 3240 1103 3296 caecatos;
1160 3230 1318 3295 alius,
1356 3241 1413 3285 ut
1454 3233 1538 3287 vel
1568 3234 1856 3301 prmsentis

266 3326 559 3411 digni/tatis
614 3326 831 3392 prmmia
883 3331 1299 3393 compensaret,
1367 3325 1447 3378 vel
1501 3340 1693 3379 novam
1749 3326 1855 3382 sibi

264 3425 589 3486 quaereret;
627 3416 790 3478 alius,
818 3429 1001 3469 veram
1035 3415 1255 3484 quidem
1280 3416 1589 3484 opinionem
1626 3417 1853 3484 habens,

260 3512 355 3563 sed
414 3506 655 3577 tempori
710 3504 1019 3576 indulgens,
1078 3516 1378 3577 contraque
1412 3512 1503 3562 'ac
1560 3509 1853 3576 sentiebat,

262 3601 586 3669 proferens,
617 3612 736 3652 cum
770 3597 903 3651 alias
943 3597 1047 3651 sibi
1096 3606 1213 3651 tuto
1247 3600 1428 3651 vivere
1465 3599 1686 3653 minime
1720 3601 1856 3655 lice-

258 3703 361 3753 ret,
404 3705 478 3743 ac
526 3702 598 3740 ne
653 3685 899 3757 plurimis
956 3687 1157 3755 probro
1192 3698 1371 3751 esset,
1424 3698 1477 3741 et
1507 3690 1853 3745 contumeliis

258 3794 438 3851 atque
493 3780 719 3849 injuriis
754 3778 1075 3842 afﬁceretur,
1131 3780 1398 3849 bonisque
1445 3780 1557 3835 suis
1594 3782 1696 3835 frui
1749 3799 1852 3837 non

259 3876 585 3945 permissus
636 3881 787 3926 extra
849 3870 1183 3941 Synagogam
1242 3872 1416 3936 lieret,
1478 3888 1573 3941 per
1630 3875 1873 3930 multam

256 3968 557 4023 licentiam
612 3981 673 4019 ac
712 3965 1047 4027 facilitatem,
1079 3965 1272 4034 singuli
1322 3966 1737 4035 irrationabilia,
1772 3969 1854 4025 vel

260 4061 457 4129 iniqua
498 4066 555 4111 et
593 4056 857 4122 scribunt,
885 4064 941 4109 et
974 4056 1179 4108 dicunt.

327 4154 523 4217 Atque
554 4147 793 4201 Nicenus
816 4147 1036 4217 quidem
1064 4147 1375 4201 Eustratius
1400 4147 1512 4217 (73)
1538 4163 1632 4213 per
1657 4148 1851 4203 Filium

261 4242 577 4312 procedere
634 4238 777 4308 quod
836 4239 1033 4291 dicitur
1087 4253 1411 4307 exponens:
1475 4238 1624 4293 Sicut
1677 4243 1853 4309 prodit

262 4336 421 4387 homo
454 4350 550 4397 per
570 4330 820 4399 januam,
842 4329 999 4393 dixit,
1022 4327 1422 4398 Dominamque
1448 4331 1635 4385 citavit
1661 4343 1851 4388 testem

264 4429 545 4479 dicentem
586 4440 602 4475 :
636 4420 747 4489 Ego
782 4439 897 4474 sum
947 4420 1118 4489 jaaua
1156 4435 1175 4474 :
1226 4420 1487 4490 ignorans
1532 4422 1653 4491 quia
1683 4423 1849 4492 janua

266 4515 574 4568 secundum
629 4513 921 4574 hominem,
955 4510 1216 4564 Dominus
1246 4512 1407 4564 etiam
1432 4512 1727 4566 secundum
1756 4527 1853 4567 nos

270 4608 448 4658 dictus
484 4614 575 4657 est
612 4620 624 4655 :
665 4600 815 4655 Unus
871 4604 1011 4655 enim
1044 4603 1303 4655 mediator
1346 4602 1441 4656 Dei
1483 4613 1529 4657 et
1584 4604 1852 4657 hominum

270 4711 367 4763 est,
396 4705 457 4749 ut
498 4697 581 4748 ait
623 4694 915 4761 Apostolus
952 4693 1028 4757 ¹⁹;
1082 4702 1137 4746 et
1170 4710 1183 4746 :
1224 4691 1326 4745 Per
1357 4694 1530 4760 ipsum
1582 4709 1853 4746 accessum

275 4792 527 4842 habemus
555 4788 641 4850 ¹⁶;
671 4786 793 4851 quia
840 4800 937 4854 per
968 4785 1138 4852 ipsius
1166 4784 1506 4838 divinitatem
1554 4793 1606 4838 et
1652 4784 1855 4838 huma-

277 4883 525 4944 nitatem,
570 4893 679 4932 uno
715 4877 818 4933 Deo
843 4877 1050 4946 agnito,
1082 4890 1269 4932 errore
1317 4875 1585 4930 idolorum
1636 4875 1853 4931 liberati

347 5110 389 5141 "
426 5108 725 5211 l‘TimJt,
743 5107 799 5160 5.
875 5108 921 5140 ὀ
954 5106 1156 5176 Ephes.
1188 5122 1249 5172 ll,
1279 5106 1368 5162 l8.
1447 5109 1491 5140 “
1535 5108 1696 5166 Joan.
1752 5125 1809 5175 x,
1845 5108 1900 5164 9.

353 5298 459 5365 (69)
490 5298 610 5351 lmo
629 5297 743 5365 jam
776 5305 1018 5365 tempore
1064 5297 1312 5366 Gregorii
1343 5296 1521 5368 Magni
1552 5303 1696 5353 hunc
1727 5298 1853 5353 titu-

284 5370 385 5422 lum
420 5371 520 5421 sibi
542 5382 803 5435 arrogare
823 5378 1124 5437 coeperunt.

349 5440 458 5508 (70)
513 5437 667 5511 Hune
691 5438 1175 5511 Διὶιυιιμῃ-ιιξιιπρειι
1210 5437 1596 5495 schismaticus
1622 5440 1853 5511 patriar-

283 5507 375 5563 cha
410 5508 809 5562 Alexandrinus
840 5507 1110 5562 Meletius.

350 5578 460 5647 (7t)
505 5579 581 5631 De
605 5579 917 5631 vanitalein
956 5578 1125 5631 titulis
1160 5581 1526 5634 recentiorum
1567 5580 1853 5647 episcopo-

286 5646 394 5699 rum
418 5648 666 5706 Gracia.
703 5649 920 5700 consule
945 5646 1329 5715 Curopalatam
1386 5650 1459 5705 De
1488 5646 1679 5705 ollic’iis
1722 5646 1857 5703 aula:

287 5720 578 5781 tipolitana:
605 5719 671 5769 ad
704 5717 859 5788 cujus
883 5718 1090 5788 calcem
1121 5718 1385 5788 integrum
1412 5722 1717 5788 catalogum
1776 5720 1859 5773 iu-

291 5790 490 5852 venies,
520 5802 627 5856 quo
657 5786 883 5857 quisque
904 5786 1060 5843 titulo
1087 5786 1402 5846 alliciendus
1429 5792 1520 5845 sit.

792 5950 831 5983 Ο

1961 3226 2201 3283 Cenitria:
2242 3228 2447 3293 habuit,
2499 3240 2548 3285 et
2594 3242 2901 3287 sanctorum
2948 3235 3147 3307 singuli
3189 3255 3208 3291 :
3256 3240 3368 3293 vult
3416 3243 3540 3305 iste,

1960 3325 2421 3392 quemadmodum
2480 3325 2653 3379 sancti
2710 3326 3042 3395 habuerunt,
3094 3331 3167 3384 ita
3216 3343 3271 3386 et
3331 3332 3533 3388 Filium

1960 3413 2056 3468 Dei
2128 3414 2328 3469 habere
2405 3415 2671 3484 Spiritum
2742 3428 3016 3475 sanctum.
3092 3422 3165 3475 Ita
3239 3425 3540 3479 secundum

1958 3505 2435 3575 participationem
2488 3506 2636 3561 illum
2699 3508 2901 3565 habere
2952 3509 3223 3581 Spiritum
3278 3514 3537 3585 blasphe-

1960 3607 2095 3649 mat.

2031 3686 2085 3740 ln
2132 3687 2590 3758 disputationibus
2617 3704 2747 3745 vero
2783 3698 2835 3745 et
2884 3692 2985 3746 hoc
3016 3694 3259 3750 nonnulli
3287 3698 3539 3768 blasphe-

1960 3792 2170 3838 mantes
2207 3783 2424 3837 dicunt:
2467 3783 2607 3849 Quia
2642 3785 2964 3853 impossibile
2992 3797 3093 3849 est,
3136 3803 3201 3840 ea:
3244 3788 3378 3844 Filio
3428 3808 3538 3846 esse

1959 3872 2215 3944 Spiritum
2241 3880 2507 3936 sanctum,
2534 3888 2638 3942 quo
2680 3870 2857 3927 Filius
2912 3877 3176 3938 posterior
3229 3886 3326 3933 est.
3408 3878 3539 3933 Erat

1956 3965 2117 4025 enim,
2153 3964 2362 4033 quando
2394 3980 2494 4017 non
2518 3972 2633 4018 erat
2694 3980 2758 4019 ea:
2812 3964 2970 4020 beata
3038 3966 3251 4038 Virgine
3306 3973 3535 4039 genitus.

1957 4055 2061 4108 Aut
2094 4055 2237 4107 enim
2268 4065 2323 4107 ut
2350 4065 2534 4123 aperte
2564 4054 2877 4122 conjicitur,
2915 4065 3174 4113 mternam
3227 4059 3354 4114 Filii
3406 4063 3539 4115 nati-

1956 4146 2176 4202 vitatem
2199 4157 2413 4217 negant,
2450 4147 2802 4214 temporalem
2828 4148 2905 4202 illi
2930 4150 3096 4203 solam
3130 4152 3490 4208 attribuentes
3522 4172 3535 4209 :

1957 4247 2052 4291 aut
2090 4246 2427 4307 assumptam
2486 4238 2847 4293 conditionem
2886 4240 3237 4296 humanitatis
3269 4244 3321 4296 in
3358 4242 3538 4297 Deita-

1957 4340 2063 4383 tem
2098 4329 2415 4385 translatam
2444 4330 2820 4386 arbitrantur:
2866 4342 3075 4387 auteos
3115 4336 3205 4403 qui
3274 4350 3337 4388 ex
3401 4328 3550 4389 Filio'

1958 4419 2218 4488 Spiritum
2247 4430 2492 4474 sanctum
2556 4422 2847 4490 procedere
2902 4424 3249 4489 confitentur,
3320 4435 3537 4492 putant,

1960 4527 2025 4567 ex
2058 4512 2265 4566 Christi
2302 4512 2638 4567 humanitate
2674 4513 2986 4581 procedere,
3015 4529 3278 4570 asserere.

2030 4600 2261 4666 Quidam
2291 4615 2439 4665 vero,
2467 4601 2561 4670 qui
2605 4617 2833 4670 magnus
2877 4602 2931 4655 in
2986 4604 3267 4670 sapientia:
3319 4603 3537 4659 nomine

1961 4694 2177 4747 habitus
2208 4699 2311 4755 est,
2340 4707 2425 4758 ne,
2460 4694 2505 4747 si
2537 4695 2812 4764 apostolus
2849 4696 3067 4763 quidem
3099 4695 3285 4750 Petrus
3312 4697 3532 4757 diceret,

1960 4784 2124 4838 etiam
2156 4798 2219 4836 ex
2260 4782 2395 4837 Filio
2445 4798 2566 4838 esse
2600 4786 2860 4855 Spiritum
2890 4796 3158 4850 sanctum,
3218 4802 3276 4843 se
3303 4789 3540 4843 creditu-

1964 4890 2079 4929 rum
2130 4876 2481 4930 asseveravit.

2024 5298 2149 5365 (72)
2172 5293 2353 5349 llahes
2372 5293 2459 5349 hic
2491 5306 2674 5347 veram
2709 5291 2998 5361 imaginem
3023 5306 3212 5348 eorum
3266 5291 3356 5363 qui
3389 5307 3532 5347 nunc

1962 5366 2264 5444 Ecclesia!“
2291 5373 2631 5444 ορβειεηξῃπο
2911 5439 2921 5444 _
3288 5430 3302 5444 .

2034 5438 2143 5506 (73)
2178 5433 2773 5506 Ειιειτηιίιιξῌὶαθηιῃς
2818 5432 3188 5506 metropolita,
3214 5432 3373 5506 cujus
3415 5448 3532 5506 ex-

1963 5502 2109 5562 stant
2126 5503 2503 5574 commentarii
2535 5504 2583 5555 in
2618 5518 2654 5556 ll
2684 5502 2875 5557 hbrum
2897 5504 3263 5571 posteriorum
3292 5503 3535 5574 Analyti-

1961 5593 2147 5631 corum
2180 5572 2506 5627 Aristotelis.

2036 5647 2148 5715 (74)
2186 5644 2435 5697 Nicotaus
2460 5641 2911 5715 Methonensisin
2967 5643 3322 5715 Pelopnnfso.
3375 5644 3531 5711 Cujus

1958 5712 2279 5785 argumenta
2301 5723 2490 5787 contra
2523 5712 2745 5787 Latinos
2773 5714 2931 5768 solvit
2977 5712 3131 5787 lingu
3180 5713 3531 5770 JEtltcrinnns

1967 5783 2147 5841 in'suo
2189 5798 2355 5855 Opere
2390 5783 2653 5837 adversus
2687 5783 2923 5838 Graccus.
