4020 6206
449 334 557 401 ΞΗ.

1715 322 2113 392 MANUELIS
2143 332 2450 395 CALEC/E

3590 336 3689 401 212

522 450 693 513 Alius,
729 445 1105 504 Occidentales
1136 445 1387 517 culpans,
1419 447 1541 515 quia
1576 462 1641 501 ex
1701 448 1836 502 Filio
1892 448 2016 517 Spi-
2049 455 2091 511 Α
2124 454 2253 508 ﬁdes
2284 454 2617 522 reprobanda
2642 462 2747 519 est,
2804 463 2859 509 et
2889 453 3019 509 falsa
3057 454 3416 509 existimanda
3448 470 3462 508 :
3494 455 3691 524 alioqui

451 545 613 597 ritum
694 549 943 597 sanctum
1003 540 1295 609 procedere
1356 539 1627 592 fatentur:
1707 539 2020 608 Augustinis

454 634 766 703 quibusdam
822 631 1140 701 inlelicibus,
1187 631 1525 697 profanisque
1570 630 1933 701 lIieronymis,
1962 651 2022 688 ac

452 727 729 782 tenebrosis
759 725 1049 778 Ambrosiis
1076 722 1415 795 nitiait(75).
1440 723 1657 794 Ignorat
1687 724 1872 791 miser,
1896 726 2023 781 dum

454 824 551 874 ista
594 818 855 888 loquitur,
886 824 1101 871 nostros
1164 828 1378 885 quoque
1425 814 1717 871 Orientalis
1770 815 2024 874 Ecclesiae

458 909 741 979 magistros
770 908 971 962 eisdem
1003 920 1061 962 se
1086 905 1402 961 criminibus
1437 906 1688 960 subdere.

523 1026 625 1091 Qui
659 1039 787 1081 vero
814 1025 1057 1094 iuniores
1086 1032 1232 1089 sunt,
1266 1022 1427 1076 etiam
1459 1037 1524 1076 ex
1551 1023 1775 1077 mortuis
1805 1023 1855 1077 id
1881 1039 2025 1079 asse-

458 1131 581 1170 rere
607 1124 895 1170 conantur.
916 1115 992 1168 Ac
1019 1124 1215 1181 prarter
1234 1113 1599 1176 mendacium,
1620 1125 1727 1177 quo
1750 1123 2023 1180 asserunt,

458 1207 804 1276 Lugdunense
871 1205 1147 1260 concilium
1219 1205 1552 1273 tyrannicum
1619 1204 1798 1271 fuisse,
1862 1205 2025 1272 ipsius

412 1300 415 1301 ⁷
454 1313 677 1366 quoque,
719 1298 807 1366 qui
853 1296 987 1349 illud
1012 1296 1279 1363 conflavit,
1314 1295 1444 1362 regis
1480 1294 1589 1363 (76)
1623 1295 1865 1360 cadaver,
1894 1296 2025 1348 inte-

456 1406 628 1457 grum,
663 1399 719 1442 ut
763 1390 934 1451 aiunt,
988 1388 1301 1454 pet-durans,
1355 1385 1498 1437 illius
1544 1386 1733 1438 anima:
1773 1386 2027 1455 iniquita-

459 1495 561 1534 tem
592 1480 933 1549 annuntiare,
995 1479 1117 1547 quia
1169 1478 1467 1545 hujusmodi
1506 1478 1785 1530 concilium
1838 1479 2024 1548 coegit,

462 1581 761 1625 autumant.
787 1569 1049 1625 Sensibus
1089 1568 1287 1637 quippe
1317 1568 1383 1622 de
1411 1567 1515 1622 ﬁde
1553 1568 1818 1637 judicent.
1875 1566 2026 1633 Quod

464 1666 515 1714 iu
550 1663 762 1716 caeteris
796 1662 1097 1716 sanctitatis
1128 1661 1341 1728 signum
1400 1660 1754 1724 arbitrantur,
1817 1659 1919 1715 hoc
1974 1662 2027 1714 in

462 1755 660 1821 quibus
692 1753 793 1822 ipsi
825 1754 1028 1817 volunt,
1052 1752 1307 1806 iudiciuin
1354 1752 1713 1807 damnat'onis
1737 1752 2027 1820 accipiunt,

465 1842 621 1907 quasi
652 1841 761 1894 Deo
792 1856 888 1910 pro
916 1841 1129 1895 illorum
1160 1842 1437 1895 voluntate
1467 1839 1815 1895 decernente.
1854 1840 2034 1906 Quan-

466 1948 626 2000 quam
685 1933 730 1986 si
771 1932 1145 1986 defunctorum
1206 1934 1468 1986 cadavera
1505 1932 1724 1985 miniiue
1786 1932 2029 1998 dissolvi,

469 2022 724 2077 indicium
781 2023 1091 2077 sanctitatis
1155 2023 1512 2087 arbitrantur,
1571 2025 1700 2095 quid
1755 2025 1823 2081 de
1884 2027 2031 2080 Petri

468 2113 727 2186 Paulique
784 2117 1107 2184 corporibus
1155 2116 1351 2171 dicturi
1407 2129 1552 2185 sunt,
1613 2130 2035 2192 sanctorumque

471 2202 850 2274 plurimarum,
878 2223 999 2277 quae
1027 2208 1286 2263 dissoluta
1320 2211 1370 2264 in
1417 2211 1591 2266 frusta
1639 2223 1696 2267 et
1753 2213 1807 2266 in
1860 2214 2037 2283 pulve-

472 2314 582 2354 iem
642 2301 809 2353 sunt?
855 2299 911 2354 Si
971 2310 1150 2355 autem
1213 2302 1476 2358 dissoluta
1534 2304 1764 2372 plurima
1807 2320 2033 2375 corpora

470 2400 780 2445 sanctorum
812 2391 1016 2458 vident,
1050 2393 1190 2446 unde
1220 2408 1282 2450 ea
1321 2409 1440 2463 quae
1473 2396 1523 2448 id
1564 2410 1721 2464 passa
1755 2412 1863 2451 non
1884 2405 2032 2463 sunt,

471 2491 657 2535 sancta
692 2483 919 2551 probare
952 2485 1235 2551 poterunt?
1266 2486 1401 2550 Quid
1434 2495 1612 2540 autem
1638 2489 1701 2540 de
1732 2488 2036 2544 infidelibus

471 2572 665 2627 dicturi
695 2582 841 2637 sunt,
868 2581 921 2628 et
948 2588 1081 2643 quos
1110 2574 1209 2643 ipsi
1256 2576 1486 2643 publicis
1541 2577 1843 2633 maledictis
1908 2580 2037 2633 sub-

472 2660 636 2725 dunt;
697 2675 928 2729 quorum
992 2662 1306 2731 incorrupta
1390 2668 1653 2718 cadavera
1708 2666 2039 2734 perdurant?

472 2750 641 2807 Porro
668 2752 711 2806 si
750 2753 863 2807 haec
894 2754 1257 2810 damnationis
1291 2755 1628 2810 arbitrantur
1656 2757 1831 2828 signa,
1903 2773 2038 2826 quo-

474 2843 633 2897 modo
666 2853 971 2898 sanctorum
1006 2859 1230 2914 corpora
1285 2847 1585 2901 honorant?

542 2955 647 3009 Sed
674 2954 777 3009 ista
808 2955 1027 3024 quidem
1060 2956 1335 3012 hominum
1376 2970 1563 3010 eorum
1591 2964 1739 3022 sunt,
1802 2957 1915 3027 qui,
1980 2965 2037 3010 ut

472 3047 697 3115 intelligi
729 3047 907 3112 datur,
941 3062 1105 3104 sensu
1135 3049 1340 3115 vivunt,
1378 3059 1431 3104 et
1488 3052 1644 3106 fidem
1710 3062 1855 3107 taetu
1890 3049 2038 3107 colo-

473 3113 733 3206 ribusque
762 3138 1101 3207 dignoscuut.
1148 3138 1203 3193 Si
1235 3113 1411 3193 autem
1444 3155 1509 3193 ex
1550 3141 1807 3210 fructibus
1857 3158 2038 3197 eorum
2065 3113 2109 3170 θ

471 3227 868 3295 dignoscendos,
909 3229 980 3281 ait
1013 3226 1272 3282 Dominus
1294 3226 1360 3293 “,
1383 3228 1592 3283 fructus
1626 3238 1803 3283 autem
1832 3231 2040 3298 primus

475 3320 672 3386 cuique
706 3333 853 3382 vera,
895 3324 1056 3387 quam
1093 3320 1158 3372 de
1184 3318 1293 3372 Deo
1342 3319 1525 3386 habet,
1585 3319 1768 3386 Opinio
1830 3326 2042 3386 est,.et

474 3424 657 3477 opera,
693 3424 810 3478 quae
846 3408 965 3464 ﬁdei
1021 3408 1555 3477 superaediﬁcantur:
1620 3410 1870 3465 desinant
1929 3420 2043 3465 tau-

479 3504 598 3554 iletn
630 3495 842 3554 t'entare
870 3498 1153 3554 Dominum
1210 3500 1399 3563 Deum,
1434 3510 1596 3565 atque
1659 3516 1722 3555 ex
1774 3500 1863 3556 his
1924 3517 2045 3571 quae

476 3600 604 3647 sunt
636 3591 951 3657 materialia,
985 3602 1038 3647 et
1062 3594 1196 3648 alias
1250 3593 1406 3647 aliter
1443 3594 1739 3648 secundum
1780 3604 2042 3664 tempora,

476 3698 785 3753 corporum,
818 3692 874 3737 et
900 3684 1168 3749 locorum,
1202 3692 1255 3738 et
1278 3699 1465 3739 rerum
1490 3683 1874 3755 dispositiones
1909 3701 2041 3739 con-

476 3775 706 3848 tingunt,
732 3758 921 3829 earum
949 3785 1153 3841 rerum,
1183 3791 1302 3846 qua:
1332 3784 1457 3830 sunt
1507 3790 1536 3827 a
1570 3774 1798 3828 materia
1824 3782 2046 3828 remota:

477 3866 798 3919 documenta
844 3876 1055 3933 capere.
1112 3868 1115 3871 λ

553 3979 756 4031 Deinde
785 3993 886 4031 non
916 3976 1094 4030 omnis
1124 3975 1215 4043 qui
1243 3990 1374 4029 sana
1407 3976 1511 4030 [ide
1556 3987 1658 4041 est,
1712 3978 1823 4047 jam
1886 3979 2047 4032 etiam

479 4074 721 4127 sanctus,
772 4075 825 4117 et
863 4068 1051 4117 beatus
1084 4074 1204 4117 est:
1244 4062 1367 4115 Non
1405 4065 1540 4118 enim
1605 4068 1794 4130 omnis,
1852 4067 2047 4134 inquit,

480 4155 569 4221 qni
598 4154 727 4205 dicit
759 4154 924 4205 mihi:
956 4153 1196 4217 Domine,
1230 4152 1467 4219 Domine,
1501 4156 1719 4209 intrabit
1755 4160 1805 4211 in
1840 4176 2050 4227 regnum

484 4248 726 4299 caelorum
746 4246 810 4297 ".
837 4245 901 4299 Et
934 4264 947 4299 ε
972 4243 1125 4298 Multi
1154 4245 1325 4298 dicent
1348 4247 1470 4299 milii
1492 4248 1544 4299 in
1567 4247 1649 4299 die
1673 4248 1787 4309 illa,
1814 4248 2050 4310 Domine.

485 4352 653 4390 nonne
681 4340 733 4390 in
769 4342 974 4391 nomine
1041 4347 1128 4391 tuo
1182 4339 1623 4406 prophelavimus,
1694 4352 1739 4395 et
1791 4343 2052 4395 dcemonia

2128 546 2287 601 ﬁdem
2328 546 2494 601 solam
2516 548 2581 600 ad
2638 547 2865 602 salutem
2896 546 3141 601 sufﬁcere
3176 546 3436 600 dicemus.
3498 544 3691 599 Verum

2132 639 2289 693 ﬁdem
2321 640 2439 695 sine
2489 633 2744 707 oneribus
2791 653 2912 694 esse
2945 649 3214 693 mortuam
3251 638 3578 692 audivimus.
3631 636 3697 691 At

2131 745 2281 794 vero,
2312 743 2483 798 neque
2524 745 2615 783 rex
2658 730 2771 791 ille.
2813 730 2914 783 sub
2944 742 3048 796 quo
3080 728 3316 799 synodus
3375 736 3695 797 congregata

2131 820 2438 888 est,.ipsius
2466 820 2687 875 omnino
2715 828 2903 875 auctOr
2939 821 3058 874 fuit.
3123 820 3281 882 Nam,
3345 820 3447 874 sub
3495 834 3561 873 eo
3606 820 3695 887 qui

2133 922 2258 967 ante
2332 912 2481 965 illum
2548 921 2888 981 regnaverat,
2952 914 3174 968 collecta
3227 923 3333 976 est,
3383 928 3542 982 quam
3599 914 3703 967 iste

2133 1016 2352 1070 compos
2396 1017 2576 1055 rerum
2612 1001 2808 1065 factus,
2842 1004 3068 1071 peregit.
3100 1002 3295 1056 indicio
3329 1003 3492 1056 etiam
3545 1002 3703 1058 nobis

2134 1102 2261 1147 sunt
2288 1090 2575 1161 Nicephori
2626 1093 2947 1164 Blemmydie
2985 1093 3257 1156 monachi,
3282 1102 3336 1146 et
3378 1092 3705 1161 presbyteri,

2134 1181 2286 1250 cujus
2320 1184 2372 1237 in
2403 1184 2547 1237 omni
2584 1184 2779 1237 virtute
2807 1194 2864 1238 et
2916 1184 3181 1252 sapientia
3240 1196 3434 1236 nomen
3495 1183 3709 1250 insigne

2133 1279 2271 1343 apud
2321 1290 2510 1329 omnes
2569 1286 2688 1339 est,
2743 1276 2847 1329 duo
2916 1276 2981 1329 ad
3030 1274 3371 1329 Theodorum
3425 1273 3707 1328 Lascarim

2134 1380 2314 1433 regem
2343 1367 2455 1436 (77)
2480 1366 2600 1419 libri
2629 1367 2696 1419 de
2718 1366 2923 1434 Spiritu
2950 1375 3138 1421 sancto
3166 1366 3479 1435 conscripti,
3512 1364 3710 1432 quibus

2137 1456 2424 1521 indicatur,
2493 1472 2558 1509 ex
2608 1456 2764 1520 Filio,
2800 1470 2851 1510 et
2905 1472 3000 1526 per
3060 1456 3257 1511 Filium
3332 1457 3707 1513 substantiam

2137 1547 2361 1613 habere,
2394 1561 2423 1601 a
2455 1548 2661 1603 sanctis
2708 1547 2961 1603 Patribus
3006 1548 3281 1602 traditum.

2206 1657 2423 1733 Addunt
2455 1665 2741 1727 praeterea,
2772 1657 2860 1726 qui
2902 1658 2976 1711 ita
3002 1657 3260 1719 sentiunt,
3312 1656 3533 1711 Nullum
3564 1657 3710 1727 apud

2138 1747 2375 1811 Latinos,
2395 1758 2509 1812 post
2543 1748 2769 1802 schisma
2798 1748 3004 1819 signum
3034 1749 3198 1817 fuisse
3220 1746 3367 1820 (78);
3396 1748 3539 1819 quod
3565 1749 3714 1803 enim

2138 1856 2241 1893 non
2276 1839 2505 1906 videtur,
2546 1854 2720 1909 neque
2754 1853 2874 1894 esse
2925 1850 3137 1910 putant.
3192 1838 3390 1894 Volunt
3445 1841 3588 1894 enim
3643 1855 3713 1893 ex

2136 1930 2527 1999 Thracia,quae
2585 1931 2639 1983 in
2695 1931 2865 1993 Italia,
2894 1939 2949 1985 et
3053 1930 3364 1996 Germania,
3418 1929 3710 2000 Hispania,

2133 2030 2187 2075 et
2232 2022 2285 2074 in
2309 2021 2517 2085 Galliis,
2544 2036 2607 2076 ac
2634 2020 2962 2076 Britannicis
3014 2022 3206 2076 insulis
3244 2031 3370 2076 sunt
3417 2023 3712 2090 inspicere,

2135 2112 2225 2166 ubi
2246 2121 2367 2180 post
2396 2111 2638 2166 schisma
2670 2112 2884 2180 plurimi
2921 2111 3230 2174 virtutibus,
3261 2118 3422 2179 atque
3448 2109 3714 2180 prodigiis

2133 2203 2372 2271 insignes
2415 2202 2762 2277 Occidentem
2826 2203 3166 2257 illustrarunt
3201 2212 3394 2264 totum,
3439 2216 3545 2255 non
3579 2216 3702 2253 ain-

2134 2294 2306 2362 biguis
2344 2294 2686 2363 quibusdam,
2715 2301 2769 2347 et
2800 2293 3068 2357 obscuris,
3092 2294 3183 2347 sed
3217 2293 3400 2362 qualia
3431 2295 3497 2347 ab
3551 2307 3721 2360 apos-

2136 2386 2283 2451 tolis,
2308 2400 2601 2456 eorumque
2623 2386 3030 2441 successoribus
3059 2386 3195 2440 facta
3225 2386 3474 2454 legimus.
3526 2383 3722 2465 Quan-

2136 2491 2296 2548 quam
2330 2478 2430 2532 ista
2480 2478 2695 2547 quidem
2751 2479 2908 2533 modo
2972 2476 3295 2546 inquirenda
3342 2492 3451 2531 non
3510 2484 3717 2539 erant;

2139 2584 2312 2636 neque
2350 2570 2656 2625 sanctitatis
2679 2570 2877 2625 indicto
2903 2570 3206 2624 sumenda:
3264 2569 3433 2639 Signa
3498 2567 3718 2638 quidem

2141 2676 2241 2715 non
2278 2660 2541 2729 ﬁdelibus,
2578 2661 2989 2728 sedinﬁdelibus
3012 2663 3090 2726 ";
3126 2671 3217 2716 et:
3261 2660 3439 2716 Nolite
3465 2665 3721 2731 gaudere,

2137 2752 2261 2820 quia
2286 2751 2545 2806 da'monia
2577 2753 2721 2806 vobis
2760 2753 2971 2805 subdita
2998 2762 3159 2807 sunt:
3200 2754 3289 2806 sed
3319 2752 3563 2822 gaudete,
3586 2751 3722 2820 quia

2138 2842 2353 2896 nomina
2382 2852 2552 2897 vestra
2585 2844 2783 2913 scripta
2827 2853 2948 2898 sunt
3004 2845 3059 2915 in
3084 2844 3320 2909 caelis";
3350 2852 3423 2903 et.
3496 2854 3617 2914 qua:
3667 2843 3726 2898 in

2140 2932 2281 2989 hanc
2333 2949 2444 2989 rem
2471 2950 2500 2988 a
2534 2935 2816 2990 Salvatore
2844 2937 3002 2991 dictte
3033 2944 3158 2990 sunt
3188 2936 3492 2991 sententiae.

2702 3050 2777 3104 De
2837 3049 3203 3104 Eucharistia.

2212 3160 2440 3228 Quidam
2475 3164 2636 3216 etiam
2688 3162 2958 3217 Dominici
3018 3164 3263 3231 corporis
3327 3173 3382 3217 et
3440 3162 3728 3232 sanguinis

2144 3254 2455 3324 mysterium
2480 3268 2541 3307 ex
2577 3254 2684 3318 his,
2725 3269 2848 3321 quas
2869 3255 3080 3318 dicunt,
3116 3256 3346 3311 tollunt:
3383 3254 3506 3308 Non
3550 3257 3720 3308 etiam

2144 3348 2282 3415 apud
2320 3345 2686 3401 Occidentales
2752 3346 3076 3399 benedictam
3117 3364 3311 3417 aquam
3352 3346 3725 3414 incorruptam

2142 3436 2338 3493 durare
2393 3441 2641 3503 dicentes,
2698 3439 2850 3507 idque
2902 3439 3116 3492 illorum
3168 3440 3419 3494 hazreseos
3467 3441 3726 3493 indicium

2146 3539 2412 3585 asserunt.
2463 3529 2717 3599 Ignorant
2767 3529 2909 3583 enim
2973 3529 3099 3598 quia
3149 3531 3464 3599 mysterium
3499 3530 3727 3598 quidem

2148 3620 2274 3675 illud
2307 3619 2562 3675 omnibus
2607 3621 2659 3674 in
2704 3618 2910 3675 Christi
2946 3619 3184 3674 Ecclesia
3219 3620 3495 3691 mysteriis
3551 3620 3728 3674 mira-

2147 3710 2307 3765 bilius
2336 3726 2399 3763 ac
2432 3710 2692 3776 sanctius,
2735 3710 2788 3764 in
2822 3725 2928 3779 quo
2954 3724 3073 3764 cum
3107 3711 3413 3765 accidentia
3486 3712 3537 3763 in
3590 3714 3725 3763 sult-

2143 3802 2286 3872 jecta
2327 3800 2480 3869 panis
2514 3801 2819 3856 substantia
2872 3800 3267 3870 maneant(79).
3302 3816 3367 3853 eo
3399 3802 3540 3869 quod
3565 3800 3729 3867 quasi

2150 3892 2249 3946 sub
2292 3890 2638 3946 sensibilibus
2671 3891 2989 3946 velamentis
3030 3891 3314 3943 traduntur
3370 3889 3525 3942 nobis
3564 3903 3731 3940 vene-

2150 3982 2320 4035 randa
2354 3980 2631 4049 mysteria,
2687 3980 2989 4047 subjectum
3026 3980 3183 4049 panis
3242 3982 3293 4032 in
3359 3994 3558 4048 corpus
3624 3979 3733 4032 Do—

2152 4077 2281 4131 mini
2332 4084 2592 4129 mutatur.
2643 4074 2754 4129 [ioc
2834 4086 3035 4143 autem,
3084 4076 3184 4130 nisi
3266 4076 3386 4144 quis
3454 4074 3724 4127 adhibeat

2152 4182 2441 4236 congruam
2482 4165 2837 4236 diligentiam,
2868 4182 3088 4221 necesse
3109 4175 3214 4229 est,
3246 4181 3362 4234 qua:
3386 4165 3620 4219 subsunt
3672 4165 3729 4216 in

2154 4258 2246 4312 illo
2276 4256 2595 4317 accidentia.
2639 4256 2781 4327 quod
2806 4272 2965 4311 suum
2992 4265 3095 4319 est,
3137 4254 3357 4308 faciant.
3408 4252 3544 4306 Num
3595 4269 3734 4321 ergo

2156 4349 2295 4403 istud
2324 4364 2430 4402 non
2460 4348 2844 4403 arbitrabimur
2870 4347 3075 4400 Domini
3112 4362 3234 4401 esse
3290 4360 3523 4414 corpus,
3580 4345 3733 4413 quod

483 4431 744 4500 ejecimus,
772 4441 818 4483 et
854 4432 1068 4484 virtutes
1100 4432 1287 4484 multas
1334 4430 1594 4500 fecimus?
1641 4430 1705 4485 Et
1743 4432 2054 4501 respondebo
2087 4455 2131 4509 ι)
2161 4438 2276 4507 ipse
2357 4451 2468 4492 suae
2533 4436 2794 4492 Ecclesiae
2868 4436 3128 4490 tradidit?
3215 4438 3259 4490 si
3319 4446 3498 4488 autem
3584 4435 3736 4486 istud

484 4524 579 4586 cis,
611 4521 733 4576 Non
768 4525 881 4576 novi
912 4539 1033 4576 vos:
1067 4522 1316 4576 discedite
1339 4540 1369 4576 a
1398 4540 1496 4585 me,
1541 4525 1773 4592 operarii
1804 4526 2059 4594 iniquita-

488 4615 640 4667 tis".
698 4613 834 4678 Quid
895 4627 1026 4684 ergo
1080 4614 1297 4680 mirum,
1358 4616 1400 4668 si
1450 4616 1571 4683 quis
1649 4626 1852 4670 rectam
1902 4620 2058 4672 fidem

489 4704 713 4767 habens,
743 4713 796 4758 et
825 4705 945 4759 aliis
973 4721 1186 4775 quoque
1220 4701 1391 4775 ipsius
1415 4707 1519 4760 dux
1592 4707 1814 4762 effetus
1838 4747 1853 4772 ,
1911 4710 2057 4764 circa

489 4811 614 4849 vero
643 4795 845 4865 reliqua
880 4806 1185 4866 corruptus,
1238 4813 1299 4850 ac
1342 4799 1601 4864 perditus,
1646 4798 1933 4853 damnatus
1971 4808 2056 4854 est

487 4895 539 4940 ct
577 4896 779 4942 interno
812 4889 1076 4957 supplicio
1110 4888 1367 4945 allectus?
1406 4888 1518 4944 Non
1548 4890 1667 4943 ideo
1691 4870 1867 4945 tamen
1911 4891 2053 4945 illius

2156 4528 2497 4592 conﬁtemur,
2548 4538 2606 4581 ut
2665 4527 2991 4596 accipimus:
3024 4525 3144 4579 etsi
3198 4523 3519 4585 accidentia,
3583 4520 3737 4588 quod

2156 4634 2310 4674 suum
2347 4629 2450 4682 est,
2502 4620 2555 4672 in
2590 4618 2720 4687 ipsis
2773 4620 3064 4671 ostendere
3097 4615 3346 4685 possunt,
3375 4630 3472 4668 cur
3502 4626 3611 4665 non
3676 4622 3741 4666 et

2158 4708 2211 4761 in
2278 4709 2511 4772 caneris,
2569 4709 2613 4761 si
2675 4708 2816 4761 istud
2884 4707 3163 4776 conlingat
3218 4715 3437 4773 propter
3485 4702 3743 4756 materia:

2156 4796 2419 4865 subjecta,
2452 4797 2506 4850 in
2534 4798 2728 4866 quibus
2764 4797 3018 4868 mysteria
3064 4794 3366 4858 traduntur,
3426 4808 3529 4847 non
3581 4790 3739 4846 idem

2160 4887 2572 4943 conﬁtebimur?

558 5091 601 5120 ²²
627 5088 815 5141 Matth.
853 5087 1059 5152 “1,16.
1135 5088 1181 5118 ’³
1204 5088 1334 5141 ibid.
1359 5086 1447 5140 2i.
1527 5085 1570 5117 “
1610 5085 1764 5150 ibid.;
1808 5048 1896 5147 Q2,
1936 5085 2028 5141 25.
2104 5084 2330 5140 "lCor.
2352 5100 2465 5147 11v,
2490 5084 2579 5139 22.
2657 5084 2702 5117 ¹⁶
2733 5085 2863 5140 an.
2907 5100 2959 5149 ι,
2989 5085 3079 5139 20.

562 5298 672 5367 (ib)
717 5294 829 5353 Hoc
860 5299 1171 5367 graphicum
1205 5304 1285 5348 est
1318 5302 1366 5346 et
1394 5292 1683 5362 genuinum
1715 5293 2047 5349 scliismatici

493 5371 842 5435 liwieiii-ique
882 5367 1246 5435 Superi-ilium.

564 5439 677 5507 (76)
718 5431 998 5507 Michaelis
1035 5431 1335 5503 Ρειιωυιυεῑ.

562 5502 674 5577 (⁷77)
713 5506 984 5577 imperare
1014 5507 1177 5573 cmpit
1206 5502 1291 5577 an.
1327 5504 1527 5577 Christi
1557 5502 1712 5577 ηδε.

566 5572 676 5644 (78)
721 5572 830 5629 Hoc
873 5578 1013 5642 quod
1044 5572 1111 5628 de
1150 5574 1428 5626 miraculis
1471 5574 1661 5644 (irrcci
1690 5572 2053 5638 ohjeclabant,

497 5643 846 5699 falSissimum
880 5661 999 5697 csse:
1034 5644 1361 5695 eonvincuut
1387 5645 1464 5694 vel
1502 5646 1599 5697 soli
1632 5643 1704 5695 illi
1737 5646 1841 5695 duo
1874 5644 2054 5693 inira-

496 5720 736 5769 culorum
779 5716 1077 5784 ingentium
1106 5720 1410 5767 uatratures
1442 5713 1761 5767 lt‘ianciscus
1794 5723 1845 5766 ct
1874 5711 2055 5766 Domi-

2167 5295 2353 5366 nicus.
2383 5295 2579 5366 Imo_in
2631 5293 2847 5352 Griecos
2914 5298 3028 5352 hinc
3081 5297 3312 5366 obiectio
3362 5294 3742 5366 cptimeqqua-

2160 5368 2304 5419 drat.
2338 5365 2475 5432 Lege
2495 5362 2890 5432 ,Bellarminum
2918 5366 3012 5421 lib.
3036 5381 3072 5421 tt
3106 5362 3178 5422 De
3218 5362 3450 5432 Christe,
3490 5379 3538 5418 c.
3562 5363 3651 5427 30,
3679 5375 3745 5419 et

2161 5434 2254 5489 lib.
2292 5448 2343 5486 tv
2374 5431 2450 5487 De
2489 5430 2741 5496 Ecclesia,
2779 5450 2826 5488 c.
2862 5436 2914 5489 4.

2232 5504 2342 5574 (79)
2384 5504 2494 5558 Hoc
2549 5514 2633 5558 est
2687 5505 2980 5559 accidentia
3038 5505 3354 5561 substantiae
3408 5505 3585 5574 panis.
3642 5506 3738 5558 vel

2157 5573 2455 5655 accidentia
2517 5588 2636 5644 qua:
2700 5584 2856 5653 antea
2921 5586 3074 5632 erant
3138 5574 3192 5629 in
3254 5573 3419 5644 panis
3471 5576 3739 5632 substan-

2161 5654 2253 5697 tta.
