3996 6222
270 357 388 422 2Ῑ3

1366 357 1762 422 ADVERSUS
1799 355 2114 417 GRKECOS
2156 358 2299 417 LIB.
2343 356 2435 418 iV.

3429 355 3532 415 'iii

346 475 509 542 Nam,
534 477 578 532 si
629 477 772 546 quod
803 479 1008 543 dicunt,
1041 478 1244 551 Aquam
1275 482 1469 535 durare
1516 481 1727 532 minime
1778 478 1860 530 in-
1890 473 1939 532 Δ
1969 477 2088 530 nius
2143 491 2240 530 nos
2304 472 2698 540 componendo,
2769 472 3148 526 mediocritate
3203 470 3413 526 scilicet
3478 473 3530 523 iu

267 579 608 637 corruptam,
645 586 754 624 rem
778 571 912 625 facit
932 573 1265 640 ambiguam,
1302 574 1517 626 videant
1548 571 1676 641 quid
1730 571 1852 624 inde

267 668 563 723 sequatur.
627 657 777 713 Unde
840 661 984 714 enim
1061 671 1313 730 poterunt
1389 660 1602 716 Domini
1659 675 1854 728 corpus

267 743 512 796 tinniter
567 746 812 808 credere,
859 757 1077 814 propter
1134 763 1323 804 eorum
1379 749 1702 812 accidentia,
1736 762 1854 817 qua

271 832 389 884 illic
428 834 780 888 subsistunt?
808 834 923 890 Non
957 821 1140 906 itaque
1170 837 1431 902 cilicium,
1455 840 1598 909 quod
1642 839 1850 903 volunt,

269 925 370 979 sed
401 936 802 979 sacramentum
841 927 1195 984 Eucharistia
1254 930 1564 998 ambiguum
1628 928 1849 984 faciunt.

268 1015 534 1082 Ignorant
566 1024 748 1069 autem
781 1019 904 1086 quia
949 1032 1069 1087 qua
1123 1020 1174 1073 in
1227 1018 1540 1074 Occidentis
1591 1018 1853 1074 Ecclesiis

265 1121 414 1175 aqua
449 1107 810 1171 benedicitur,
865 1108 997 1163 nihil
1066 1124 1316 1176 magnum
1374 1110 1680 1180 pollicetur,
1725 1112 1855 1166 sim-

263 1197 496 1266 pliciter
544 1209 727 1253 autem
764 1208 851 1254 est
892 1214 1028 1268 aqua
1081 1200 1387 1266 benedicta,
1451 1201 1678 1272 singulis
1721 1201 1854 1258 heb-

265 1289 529 1344 domadis
566 1303 595 1341 a
634 1289 915 1344 sacerdote
945 1305 1041 1357 pro
1097 1294 1491 1347 transeuntium
1545 1293 1850 1358 devotione,

264 1393 336 1432 ac
363 1379 590 1441 ﬁde,ut
639 1380 761 1434 inde
811 1394 871 1434 se
932 1392 1242 1452 aspergant,
1291 1382 1534 1451 profusa.
1598 1383 1672 1438 Ea
1725 1398 1853 1439 vero

259 1484 435 1538 quam
473 1471 528 1523 in
578 1471 665 1524 die
707 1471 883 1539 magni
918 1471 1138 1526 Sabbati
1203 1473 1546 1538 benedicuut,
1609 1483 1662 1528 et
1723 1490 1854 1529 con-

263 1570 537 1624 secrant,
587 1576 724 1631 aqua
770 1563 1081 1631 pretiosior,
1150 1579 1309 1620 sacro
1363 1574 1416 1621 et
1469 1575 1581 1623 tuto
1629 1567 1683 1620 in
1739 1567 1854 1621 loco

264 1654 478 1724 posita,
507 1669 669 1723 quam
699 1669 854 1710 nemo
881 1657 1079 1724 passim
1115 1657 1352 1727 attingit,
1385 1673 1632 1729 magnam
1664 1660 1850 1716 Eccle-

264 1747 372 1802 siis
396 1747 846 1801 commoditatem
877 1755 1134 1816 prastat:
1164 1764 1338 1818 neque
1367 1750 1540 1804 solum
1574 1765 1670 1820 per
1729 1752 1852 1807 anni

267 1838 892 1908 circulum‘incorrnpta
928 1843 1109 1902 durat,
1145 1841 1239 1894 sed
1278 1841 1396 1910 plus
1444 1841 1604 1896 etiam
1658 1843 1856 1899 datare

264 1938 491 1997 posset,
543 1930 688 1996 quod
772 1931 1146 1998 experimento
1217 1931 1527 1986 didicimus.
1608 1933 1858 2003 ignorant

266 2031 490 2081 autem,
537 2029 599 2075 et
625 2021 772 2090 quod
795 2036 980 2086 omne,
1034 2031 1086 2077 et
1120 2022 1396 2091 quodlibet
1447 2040 1509 2077 ex
1544 2040 1680 2094 aqua
1707 2041 1858 2095 acor;

265 2115 374 2165 sim
419 2123 741 2182 acceptum,
767 2122 820 2168 et
885 2111 1005 2167 sine
1054 2113 1198 2166 omni
1259 2114 1464 2168 macula
1516 2123 1857 2170 commutatis

264 2204 442 2257 etiam
476 2203 906 2272 quomodoiibet,
943 2204 1092 2272 prius
1133 2205 1186 2258 in
1217 2204 1422 2273 seipso,
1452 2205 1670 2270 deinde,
1703 2207 1856 2274 quasi

267 2304 596 2364 purgatum,
641 2303 697 2348 et
749 2294 1008 2361 colatum,
1050 2296 1104 2349 in
1130 2304 1388 2364 quantum
1413 2297 1645 2365 quisque
1673 2297 1858 2350 volue-

215 2426 220 2427 κ
268 2390 367 2450 rit,
441 2396 747 2450 servatum,
824 2387 1197 2455 incorruptum
1281 2387 1463 2451 durat,
1501 2383 1504 2386 ’
1543 2403 1861 2458 semperque

273 2479 564 2548 limpidius
619 2479 712 2543 ﬁt;
745 2478 888 2547 quod
937 2488 991 2534 et
1035 2480 1209 2548 ipsum
1259 2480 1590 2548 experientia
1656 2480 1859 2538 docuit.

271 2571 619 2640 Argumenta
692 2579 869 2622 autem
921 2571 1077 2624 nobis
1133 2581 1236 2634 est,
1292 2579 1344 2624 et
1393 2570 1534 2639 quod
1603 2571 1658 2624 in
1716 2572 1858 2638 vino,

275 2661 538 2732 quamvis
573 2660 864 2715 crassioris
911 2661 1156 2715 materia
1186 2663 1278 2726 sit,
1339 2661 1521 2716 itidem
1576 2663 1860 2733 contingit.

833 2754 907 2809 De
942 2764 1159 2808 tonsura
1192 2755 1440 2808 crinium.
1499 2777 1518 2797 ι

350 2847 590 2914 Qui-lam
620 2862 754 2901 vero
799 2847 962 2900 etiam
1022 2846 1253 2902 crinium
1306 2854 1607 2911 tonsuram,
1641 2860 1748 2900 non
1797 2845 1865 2900 ad

277 2940 738 2995 consuetudinem
770 2938 1040 2992 referunt:
1089 2935 1463 3008 ornatumque,
1521 2945 1577 2992 et
1630 2939 1866 3009 turpitu-

279 3031 471 3085 dinem
498 3045 611 3084 non
639 3045 705 3083 ex
761 3029 1148 3083 consuetudine
1189 3029 1453 3097 judicant.
1509 3027 1663 3095 Quod
1721 3029 1864 3083 enim

1961 569 2215 623 omnibus
2257 575 2466 621 servata
2479 605 2491 617 .

2030 678 2105 732 De
2135 677 2301 732 sacris
2362 676 2697 746 imaginibus.
2763 684 2810 727 et
2870 674 3132 742 reliquiis,
3167 680 3217 728 et
3283 674 3536 727 memoria

2585 746 2974 815 defunctorum.

2027 838 2151 892 inde
2190 838 2348 892 etiam
2395 837 2845 893 Occidentalibus
2912 835 3243 890 calumniam
3292 845 3534 896 strnum,

1955 929 2218 998 imagines
2255 928 2375 981 illos
2416 943 2522 982 non
2580 928 2828 981 venerari
2886 937 3192 980 asserentes
3219 925 3330 995 (Si)
3370 944 3383 980 :
3443 925 3535 991 qui

1954 1028 2100 1073 certe
2137 1018 2310 1074 sacris
2356 1017 2681 1085 imaginibus
2735 1017 2918 1084 plenas
2979 1017 3235 1072 ecclesias
3292 1005 3536 1070 habent:

1957 1109 2387 1176 Sanctorumque
2447 1109 2702 1178 reliquias
2764 1107 3028 1177 abiectius
3067 1117 3340 1167 tractare:
3403 1123 3539 1175 quas

1956 1199 2030 1254 ita
2057 1211 2405 1263 venerantur,
2441 1208 2498 1254 ut
2534 1199 2713 1254 nullus
2744 1199 2905 1262 alius,
2949 1199 3310 1267 pretiosisque
3338 1199 3536 1265 lapidi-

1955 1289 2055 1344 bus
2079 1299 2296 1354 ornant,
2333 1303 2578 1357 auroque
2610 1299 2664 1343 et
2700 1297 2924 1357 argento
2969 1296 3172 1355 legunt.

2025 1380 2236 1435 Nullam
2271 1382 2398 1437 item
2432 1381 2805 1435 defunctorum
2856 1380 3034 1435 facere
3087 1381 3402 1436 memoriam
3453 1379 3542 1432 di-

1957 1480 2121 1526 cunt:
2153 1487 2249 1541 pro
2281 1473 2480 1542 quibus
2504 1471 2644 1540 apud
2675 1485 2770 1525 eos
2805 1478 2881 1523 tot
2932 1470 3230 1533 orationes,
3295 1478 3348 1522 et
3395 1468 3536 1522 elec-

1956 1576 2192 1633 mosyna
2215 1563 2366 1629 (lunt,
2401 1571 2459 1616 ut
2490 1563 2636 1618 dictu
2687 1559 2901 1617 dimcile
2939 1560 3030 1622 sit,
3083 1561 3217 1614 adeo
3249 1568 3307 1613 ut
3355 1557 3539 1612 inlini-

1957 1653 2026 1706 tis
2057 1667 2190 1720 pene
2244 1655 2658 1714 monachorum,
2737 1666 2800 1706 ac
2860 1638 3158 1723 pauperum
3223 1648 3542 1718 agminibus

1958 1743 2246 1798 suiiiciant.
2279 1743 2464 1810 Neque
2517 1757 2644 1796 vero
2700 1743 2874 1798 solum
2939 1743 3156 1808 corpori
3219 1740 3529 1795 necessaria

1963 1837 2291 1900 ministrant,
2346 1850 2530 1889 verum
2563 1844 2613 1890 et
2660 1834 2986 1890 monasteria
3041 1831 3334 1897 aediﬁcant,
3405 1846 3542 1902 quo-

1965 1943 2083 1984 rum
2123 1936 2393 1983 structura
2436 1928 2638 1997 regiam
2695 1927 3025 1996 epulentiam
3064 1925 3255 1979 vincit.

2036 2019 2136 2073 Alii
2166 2033 2295 2074 vero
2329 2019 2686 2088 quorumdam
2760 2018 2923 2073 etiam
2974 2017 3219 2072 deiectus
3279 2016 3540 2070 Occiden-

1965 2112 2055 2165 tali
2086 2110 2344 2166 Ecclesia
2375 2109 2682 2180 applicant;
2724 2109 2942 2178 quippe,
2975 2109 3042 2163 ab
3094 2110 3276 2178 aliquo
3323 2108 3540 2161 illorum

1963 2202 2192 2271 injurias
2221 2201 2448 2269 accepit,
2501 2216 2623 2256 eum
2688 2201 2779 2270 qui
2840 2215 2899 2256 se
2961 2201 3120 2264 lasit,
3196 2200 3337 2253 circa
3383 2199 3542 2254 ﬁdem

1966 2295 2112 2348 ultus
2141 2300 2243 2348 est.
2295 2291 2460 2346 Ethic
2478 2291 2624 2347 enim
2660 2292 2858 2356 omnis,
2891 2292 2980 2361 qui
3029 2292 3336 2351 contristat,
3390 2291 3545 2344 mala

1966 2386 2214 2456 protinus
2245 2381 2518 2454 Opinionis
2562 2381 2822 2437 efﬁcitur.
2864 2381 2920 2438 Si
2970 2382 3062 2453 qui
3096 2397 3223 2436 vero
3277 2381 3545 2437 Christia-

1969 2493 2160 2534 norum
2201 2476 2622 2547 pravaricantur
2653 2476 2828 2544 leges:
2865 2490 2972 2530 non
3001 2490 3094 2530 eos
3130 2474 3327 2539 solum,
3358 2489 3548 2530 verum

1969 2573 2181 2625 illorum
2213 2583 2426 2642 quoque
2448 2567 2752 2623 Ecclesiam
2812 2569 3121 2622 hareticam
3174 2577 3229 2622 et
3275 2568 3543 2622 inﬁdelem

1969 2671 2176 2733 putant.
2209 2660 2402 2715 Nautls
2435 2661 2578 2715 enim
2619 2668 2672 2716 et
2702 2659 2900 2716 vilibus
2940 2660 3286 2730 quibusdam,
3335 2676 3397 2714 ac
3429 2661 3548 2716 vui-

1969 2753 2188 2822 garibus
2213 2751 2522 2807 hominibus
2570 2749 3006 2820 congredientes,
3065 2751 3131 2806 de
3155 2752 3428 2816 omnibus,
3491 2762 3548 2808 ut

1971 2844 2074 2900 sibi
2147 2843 2439 2907 similibus,
2495 2844 2818 2898 sententiam
2900 2843 3100 2896 ferunt.
3155 2843 3398 2913 Cumque
3451 2858 3554 2898 eos

1971 2949 2360 3011 prasumptum
2405 2940 2590 2995 odium
2641 2938 2877 2992 inimicis
2908 2940 3107 2992 animis
3151 2954 3270 2993 esse
3331 2938 3540 2999 iecerit,

1974 3030 2116 3098 quod
2156 3030 2363 3097 volunt,
2401 3030 2452 3084 id
2487 3036 2681 3099 putant
2715 3043 2856 3085 esse.
2902 3031 3139 3088 Prorsus
3215 3045 3342 3085 vero
3399 3032 3546 3099 quod

279 3123 406 3176 aliis
429 3123 750 3187 honestum,
784 3120 906 3188 quia
940 3127 1278 3186 consuetum,
1333 3118 1438 3173 hoc
1463 3119 1583 3174 aliis
1611 3120 1863 3189 quoniam
1897 3152 1942 3214 ϐ
1975 3135 2080 3173 non
2111 3122 2315 3184 vident,
2347 3121 2431 3176 vel
2463 3121 2707 3176 videntes
2738 3127 2959 3189 propter
2989 3119 3184 3188 lingua
3229 3121 3545 3174 varietatem

281 3215 568 3266 insolitum
610 3219 715 3273 est,
777 3217 931 3278 turpe
986 3209 1285 3278 judicatur.
1351 3209 1551 3264 Verum
1619 3216 1673 3264 et
1727 3210 1864 3265 hanc

279 3306 428 3357 inter
468 3302 706 3356 haereses
773 3299 1068 3364 ascribunt,
1121 3299 1382 3366 aiuutque
1435 3298 1581 3364 illos,
1627 3300 1717 3368 qui
1764 3299 1869 3353 hoc

279 3394 519 3454 faciunt,
553 3391 778 3457 [annum
808 3389 901 3443 Dei
927 3389 1144 3453 violare,
1179 3402 1302 3443 cum
1337 3398 1484 3444 certe
1532 3402 1636 3442 non
1678 3403 1870 3442 omnes

280 3485 383 3538 ista
451 3483 844 3537 consuetudine
907 3491 1162 3543 utantur,
1224 3480 1421 3548 Deique
1479 3480 1760 3549 imaginem
1819 3487 1868 3532 et

279 3576 694 3630 similitudinem
723 3583 932 3628 mutare
974 3589 992 3628 :
1032 3573 1184 3642 quasi
1223 3573 1308 3627 vel
1347 3572 1578 3626 hominis
1607 3570 1866 3639 dignitas,

277 3682 410 3722 esse
449 3667 664 3720 scilicet
693 3665 1036 3727 rationalem,
1081 3673 1134 3718 et
1180 3665 1242 3717 ad
1279 3663 1566 3734 imaginem
1598 3677 1660 3717 ac
1715 3663 1870 3716 simi-

281 3760 586 3815 iituviinem
616 3758 731 3817 Dei.
763 3766 984 3827 propter
1016 3757 1239 3827 capillos
1299 3755 1373 3809 illi
1405 3755 1580 3809 adsit:
1619 3755 1700 3809 vel
1731 3753 1873 3809 Dens

285 3858 553 3906 humana:
589 3841 793 3917 aliquid
826 3849 1036 3913 forma,
1083 3849 1165 3903 vel
1221 3847 1600 3902 crassitudinis
1650 3846 1868 3910 habeat,

283 3945 352 3996 ad
390 3942 553 4009 cujus
579 3943 870 4010 imaginem
921 3924 1084 4002 homo
1115 3955 1238 3995 cum
1289 3938 1376 4005 sit,
1441 3939 1603 3993 etiam
1663 3937 1872 4016 capillis

284 4037 361 4088 illi
407 4050 550 4088 esse-
567 4035 762 4088 similis
787 4034 999 4088 debeat.
1033 4030 1236 4099 Nempe
1264 4039 1319 4085 et
1345 4033 1486 4100 apud
1539 4045 1638 4085 nos
1694 4029 1873 4084 oratio

285 4131 350 4184 ad
387 4139 682 4183 tonsuram
750 4128 936 4182 barba
985 4125 1307 4180 iuvenitura
1364 4122 1738 4178 sacerdotibus
1788 4123 1873 4176 di-

287 4219 465 4274 cenda
500 4219 657 4287 (80):
691 4232 758 4272 ne
794 4217 1000 4272 scilicet
1047 4215 1113 4270 ad
1146 4223 1457 4269 sanctorum
1493 4215 1872 4284 mysteriorum

289 4310 742 4365 communionem
812 4306 1194 4359 accedentibus
1253 4303 1554 4358 Salvatoris
1611 4303 1875 4367 sanguine

291 4402 475 4471 capilli
509 4401 913 4461 intinguantur,
953 4397 1065 4448 sive
1097 4394 1430 4458 inﬁciantur,
1484 4403 1648 4462 atque
1711 4393 1870 4447 iidem

1974 3222 2077 3262 non
2124 3209 2455 3280 intelligunt,
2520 3225 2694 3279 neque
2746 3222 2868 3265 esse
2922 3211 3144 3263 omnino
3185 3211 3545 3264 arbitrantur.

1973 3300 2066 3354 Sic
2089 3299 2246 3354 malis
2276 3299 2493 3370 quidem
2525 3301 2846 3354 intendunt:
2877 3314 2998 3369 qua:
3024 3309 3149 3355 aute
3174 3320 3201 3352 n
3237 3314 3358 3356 sunt
3386 3304 3546 3364 bona,

1971 3402 2024 3450 et
2083 3395 2336 3461 honesta,
2415 3394 2656 3450 scientes
2730 3396 3129 3466 prudentesque
3198 3407 3546 3465 praetereunt,

1970 3486 2122 3554 quasi
2153 3485 2240 3538 vel
2275 3485 2375 3554 ipsi
2432 3486 2724 3539 humanam
2779 3487 3118 3542 excesserint
3152 3488 3548 3553 inﬁrmitatem,

1971 3585 2064 3632 aut
2095 3591 2198 3630 non
2232 3576 2450 3644 plurimi
2481 3576 2621 3645 apud
2649 3591 2742 3631 eos
2770 3578 2880 3631 sint
2927 3580 3089 3632 etiam
3142 3595 3209 3634 ex
3271 3582 3550 3635 honestio-

1973 3683 2091 3723 rum
2132 3681 2385 3730 numero,
2438 3667 2527 3736 qui
2609 3667 2848 3736 legitima
2929 3670 3370 3738 pravaricentnr.
3437 3671 3551 3726 iloc

1972 3759 2116 3814 enim
2165 3759 2340 3815 solum
2379 3758 2616 3827 tetigisse
2662 3759 2795 3814 satis
2823 3763 2916 3814 sit.
2991 3759 3104 3814 imo
3161 3775 3283 3814 cum
3340 3762 3390 3816 in
3443 3763 3550 3815 vita

1973 3850 2079 3906 hac
2108 3849 2264 3905 bonis
2306 3849 2435 3903 πιλῐί
2492 3849 2736 3918 permisti
2773 3851 2903 3914 sint,
2958 3865 3020 3905 ac
3048 3850 3288 3906 debitum
3343 3854 3408 3907 sit
3467 3867 3553 3908 er-

1975 3948 2155 3992 rantes
2197 3938 2262 3991 ad
2312 3936 2470 3991 tidem
2537 3935 2947 4008 Ecclesiamque
3005 3939 3268 3994 reducere
3323 3955 3339 3995 :
3397 3939 3554 3995 Occi-

1974 4025 2220 4083 dentales
2260 4039 2356 4094 per
2397 4024 2581 4080 omnia
2613 4026 2803 4080 volunt.
2853 4041 2973 4082 esse
3029 4027 3342 4097 perfectos;
3395 4039 3451 4084 et
3506 4032 3549 4083 si

1973 4117 2115 4186 quod
2134 4117 2186 4172 in
2207 4115 2287 4172 eis
2313 4117 2734 4187 reprehensibile
2754 4117 2938 4184 fuerit,
2956 4135 3076 4173 mox
3098 4120 3336 4174 haretici
3361 4131 3550 4184 erunt;

1975 4218 2029 4264 et
2063 4208 2108 4264 si
2143 4207 2266 4277 quis
2319 4208 2646 4277 peccaverit,
2685 4208 2925 4265 Ecclesia
2959 4221 3068 4266 tota
3106 4213 3158 4265 in
3212 4212 3372 4282 culpa
3427 4213 3551 4268 erit.

1979 4299 2093 4355 ilac
2127 4300 2362 4367 denique
2400 4299 2632 4363 ratione,
2681 4301 2725 4355 si
2773 4303 2897 4372 quis
2951 4311 3148 4371 prater
3200 4302 3551 4371 Evangelium

1977 4390 2252 4462 quidpiam
2281 4389 2584 4452 admiserit,
2635 4390 2988 4459 Evangeiium
3053 4394 3238 4448 itidem
3276 4395 3558 4450 insimula-

293 4507 486 4545 rursus
520 4492 577 4542 in
617 4476 1032 4542 sumendo’cibo
1063 4487 1371 4540 necessario
1415 4485 1692 4554 quodlibet
1770 4485 1873 4538 im-
1909 4500 1954 4554 ι)
1986 4484 2152 4541 bitur.
2207 4479 2298 4533 illa
2333 4480 2498 4541 enim,
2537 4496 2656 4550 qua
2710 4495 2856 4538 recte
2896 4485 3102 4552 agenda
3153 4497 3302 4552 sunt,
3353 4501 3554 4553 prace-

299 4584 484 4636 bibant
515 4580 818 4648 liquamen,
850 4577 962 4631 sive
1000 4577 1134 4630 alias
1163 4576 1568 4644 quomodolibet
1621 4573 1878 4641 deﬂuant,

299 4684 460 4740 atque
493 4675 571 4725 ita
598 4685 706 4723 non
755 4684 957 4738 parvus
990 4683 1146 4723 error
1197 4669 1290 4723 sit.
1323 4667 1622 4735 Simulque,
1693 4681 1882 4736 quem-

303 4765 596 4818 admodum
627 4775 841 4830 ungues
869 4773 1199 4824 resecamns,
1225 4773 1293 4812 ne
1321 4757 1474 4814 nobis
1499 4758 1882 4827 impedimento

301 4855 695 4924 cssepossint:
719 4852 851 4906 nihil
879 4851 1128 4920 prohibet
1163 4850 1354 4905 eadem
1393 4851 1626 4914 ratione,
1659 4850 1704 4904 si
1750 4850 1882 4919 quid

305 4948 587 5018 ipediat,
628 4945 812 5000 crines
848 4957 1116 5007 resecare,
1172 4942 1442 5009 ornatius,
1495 4950 1656 5012 atque
1686 4943 1880 4996 huma-

379 5149 493 5218 (80)
533 5147 681 5216 Lege
707 5145 998 5218 Bistonium
1029 5158 1161 5218 tom.
1186 5146 1229 5207 l,
1249 5156 1337 5218 an.
1357 5141 1560 5218 Christi
1592 5140 1683 5218 5_7,
1707 5140 1883 5218 n._95,

310 5231 359 5274 et
381 5211 584 5282 8:158,
613 5211 669 5270 ἦ.
698 5217 798 5270 1'56
815 5225 1004 5279 etseq.
1028 5216 1163 5280 Lege
1181 5213 1458 5281 epistolam
1485 5211 1626 5265 Petri
1655 5212 1892 5282 patriar:

313 5293 422 5343 ch:
449 5279 782 5342 Antioctieni
831 5286 895 5340 ad
938 5279 1249 5342 Mchaelem
1279 5282 1634 5346 Cerularium,
1663 5291 1794 5336 tom.
1823 5279 1891 5335 XI

316 5358 524 5412 Βετοηῆ
559 5375 650 5409 an.
684 5355 838 5410 1054.

381 5428 495 5497 (8|)
539 5427 661 5480 Fuit
692 5427 809 5478 hac
847 5425 1070 5492 antiqua
1100 5422 1423 5497 Graecorum
1445 5419 1709 5497 adversus
1741 5417 1885 5472 Lati-

317 5491 411 5551 nos
437 5491 733 5556 calumnia,
766 5505 822 5548 ut
849 5491 993 5561 patet
1018 5510 1082 5548 ex
1117 5493 1232 5547 Nic.
1255 5491 1549 5546 Choniate:
1582 5491 1884 5561 sedtagnen

319 5568 695 5634 iniquissima;
736 5557 861 5632 qua'
890 5563 1052 5634 etiam
1107 5563 1328 5634 Latinos
1375 5559 1620 5634 oneravit
1659 5557 1888 5634 Michael

324 5626 636 5692 Cerularius
673 5626 836 5702 epist.
861 5636 925 5686 ad
955 5631 1171 5702 Petrum
1203 5631 1457 5685 Antioch.
1489 5627 1609 5702 Bar.
1637 5626 1884 5702 t_om._)il,

320 5721 458 5759 anno
496 5704 655 5764 1054,
697 5695 755 5756 ιί.
789 5703 880 5757 54.
933 5702 1038 5754 Sed
1082 5719 1110 5754 a
1146 5701 1456 5754 Gracornm
1509 5695 1888 5749 criminatione

325 5778 515 5832 liberat
561 5772 782 5827 Latinos
827 5773 1044 5828 Graccus
1082 5773 1364 5837 episc0pus
1404 5766 1638 5822 Joannes
1664 5765 1886 5828 Citrins,

1979 4577 2095 4648 pit:
2134 4573 2223 4627 hic
2265 4578 2466 4635 autem,
2530 4573 2618 4626 illa
2655 4574 2950 4639 inhibente,
2979 4575 3308 4644 voluptatem
3335 4577 3558 4644 justitia

1979 4665 2236 4736 pratulit.
2315 4661 2524 4734 Nempe
2579 4663 2724 4720 enim
2774 4665 2899 4718 mali
2958 4663 3215 4719 Ecclesia
3279 4680 3554 4734 nunquam

1979 4757 2308 4822 defuerunt;
2358 4769 2538 4824 neque
2575 4766 2753 4809 tamen
2778 4755 2893 4817 illa,
2920 4754 3122 4818 minor,
3171 4766 3266 4810 aut
3321 4756 3560 4811 deterior

1979 4848 2121 4915 fuit;
2177 4863 2354 4917 neque
2407 4847 2672 4902 malorum
2736 4846 3091 4917 perversitas,
3139 4847 3296 4903 bonis
3371 4849 3558 4902 obesse

1981 4941 2196 5012 potuit;
2233 4954 2411 5010 neque
2443 4939 2600 4995 [idem
2629 4937 2991 5008 quorumdam
3039 4938 3246 4992 malitia
3281 4939 3556 4992 obtundit.

1998 5143 2087 5211 qui
2121 5143 2176 5198 in
2224 5143 2519 5208 Responsis
2554 5141 2667 5196 suis
2711 5151 2842 5195 tom.
2885 5140 2902 5194 l
2933 5139 3082 5193 Jurir
3119 5138 3561 5211 Greco-Romani

1999 5210 2095 5274 ait,
2131 5214 2510 5266 venerationem
2542 5212 2782 5280 pretiosa:
2814 5213 2980 5264 crucis
3025 5219 3428 5280 sanctorumque
3464 5210 3560 5280 La-

2004 5284 2131 5337 tinis
2162 5299 2282 5336 cum
2311 5282 2511 5336 Gracis
2543 5277 2663 5334 esse
2691 5296 3052 5334 coninntnem.
3088 5281 3219 5333 Item
3251 5277 3557 5333 Demetrius

2001 5351 2366 5407 Chomatenus
2410 5354 2460 5403 in
2496 5351 2789 5417 lieSponsis
2821 5350 2884 5403 ad
2936 5349 3352 5403 Constantinum
3383 5349 3559 5402 Caba-

1997 5422 2151 5475 silam
2193 5421 2658 5486 archiepismpum
2708 5420 2987 5489 Dyrrachii
3024 5436 3038 5471 ε
3081 5418 3395 5472 Sanctorum
3425 5419 3562 5470 imu-

1995 5493 2175 5560 ginum
2203 5501 2324 5544 sunt
2351 5502 2397 5543 et
2435 5489 2611 5543 Latini
2651 5489 2897 5560 cultores,
2923 5499 2970 5541 et
3008 5489 3059 5542 in
3088 5489 3199 5560 suis
3223 5489 3430 5560 templis
3469 5504 3557 5540 eat

1996 5559 2223 5630 erigunt.
2274 5560 2439 5615 Vocat
2500 5565 2637 5614 idem
2697 5559 2998 5630 Demetrius
3043 5573 3105 5612 ex
3157 5559 3560 5630 TheOphylat-tu

1997 5627 2256 5700 Bulgaria
2281 5630 2685 5700 archiepiscopo
2722 5627 3024 5700 Satauicam
3055 5627 3476 5697 sycophantiam,
3512 5627 3560 5679 si

1995 5698 2117 5770 quis
2147 5700 2308 5764 dicat,
2342 5698 2562 5753 Latinos
2596 5714 2702 5752 non
2742 5699 2920 5754 colere
2955 5699 3239 5770 imagines.
