  <div class='ocr_page' id='page_1' title='image "/cluster/home/n/w/nwhite01/storage/ocr_20150623/152/hvd.32044073502635/119.png"; bbox 0 0 4020 6206; ppageno 0'>
   <div class='ocr_carea' id='block_1_1' title="bbox 431 309 537 374">
    <p class='ocr_par' dir='ltr' id='par_1_1' title="bbox 431 309 537 374">
     <span class='ocr_line' id='line_1_1' title="bbox 431 309 537 374; baseline 0.057 -6"><span class='ocrx_word' id='word_1_1' title='bbox 431 309 537 374; x_wconf 70' lang='grc' dir='ltr'><strong>2ῖὸ</strong></span> 
     </span>
    </p>
   </div>
   <div class='ocr_carea' id='block_1_2' title="bbox 1654 323 2393 384">
    <p class='ocr_par' dir='ltr' id='par_1_2' title="bbox 1654 323 2393 384">
     <span class='ocr_line' id='line_1_2' title="bbox 1654 323 2393 384; baseline 0.005 -4"><span class='ocrx_word' id='word_1_2' title='bbox 1654 323 2048 383; x_wconf 81' lang='lat' dir='ltr'><strong>MANUELIS</strong></span> <span class='ocrx_word' id='word_1_3' title='bbox 2086 324 2393 384; x_wconf 74' lang='lat' dir='ltr'><strong>CALECIE</strong></span> 
     </span>
    </p>
   </div>
   <div class='ocr_carea' id='block_1_3' title="bbox 3554 317 3666 381">
    <p class='ocr_par' dir='ltr' id='par_1_3' title="bbox 3554 317 3666 381">
     <span class='ocr_line' id='line_1_3' title="bbox 3554 317 3666 381; baseline 0 0"><span class='ocrx_word' id='word_1_4' title='bbox 3554 317 3666 381; x_wconf 70' lang='lat'><strong>216</strong></span> 
     </span>
    </p>
   </div>
   <div class='ocr_carea' id='block_1_4' title="bbox 433 427 3744 504">
    <p class='ocr_par' dir='ltr' id='par_1_4' title="bbox 433 427 3744 504">
     <span class='ocr_line' id='line_1_4' title="bbox 433 427 3744 504; baseline 0.002 -21"><span class='ocrx_word' id='word_1_5' title='bbox 433 427 521 484; x_wconf 71' lang='lat' dir='ltr'><strong>lila</strong></span> <span class='ocrx_word' id='word_1_6' title='bbox 561 431 702 486; x_wconf 88' lang='lat' dir='ltr'><strong>enim</strong></span> <span class='ocrx_word' id='word_1_7' title='bbox 740 429 1119 493; x_wconf 75' lang='lat' dir='ltr'><strong>sinc,crimine</strong></span> <span class='ocrx_word' id='word_1_8' title='bbox 1172 440 1292 485; x_wconf 89' lang='lat' dir='ltr'><strong>est:</strong></span> <span class='ocrx_word' id='word_1_9' title='bbox 1364 430 1488 484; x_wconf 91' lang='lat' dir='ltr'><strong>mali</strong></span> <span class='ocrx_word' id='word_1_10' title='bbox 1561 440 1738 486; x_wconf 88' lang='lat' dir='ltr'><strong>autem</strong></span> <span class='ocrx_word' id='word_1_11' title='bbox 1792 432 2069 498; x_wconf 67' lang='lat' dir='ltr'><strong>debitasA</strong></span> <span class='ocrx_word' id='word_1_12' title='bbox 2099 436 2219 504; x_wconf 87' lang='lat' dir='ltr'><strong>quis</strong></span> <span class='ocrx_word' id='word_1_13' title='bbox 2250 435 2467 490; x_wconf 78' lang='lat' dir='ltr'><strong>enimid</strong></span> <span class='ocrx_word' id='word_1_14' title='bbox 2504 450 2608 489; x_wconf 87' lang='lat' dir='ltr'><strong>non</strong></span> <span class='ocrx_word' id='word_1_15' title='bbox 2640 435 2843 499; x_wconf 86' lang='lat' dir='ltr'><strong>laudet,</strong></span> <span class='ocrx_word' id='word_1_16' title='bbox 2891 434 3031 504; x_wconf 90' lang='lat' dir='ltr'><strong>quod</strong></span> <span class='ocrx_word' id='word_1_17' title='bbox 3085 448 3113 487; x_wconf 89' lang='lat' dir='ltr'><strong>a</strong></span> <span class='ocrx_word' id='word_1_18' title='bbox 3160 434 3366 489; x_wconf 81' lang='lat' dir='ltr'><strong>sanctis</strong></span> <span class='ocrx_word' id='word_1_19' title='bbox 3415 434 3664 491; x_wconf 87' lang='lat' dir='ltr'><strong>Patribus</strong></span> <span class='ocrx_word' id='word_1_20' title='bbox 3737 434 3744 441; x_wconf 80' lang='grc'><em>’</em></span> 
     </span>
    </p>
   </div>
   <div class='ocr_carea' id='block_1_5' title="bbox 435 520 1998 591">
    <p class='ocr_par' dir='ltr' id='par_1_5' title="bbox 435 520 1998 591">
     <span class='ocr_line' id='line_1_5' title="bbox 435 520 1998 591; baseline 0.003 -17"><span class='ocrx_word' id='word_1_21' title='bbox 435 525 718 579; x_wconf 77' lang='lat' dir='ltr'><strong>exsolvcnt</strong></span> <span class='ocrx_word' id='word_1_22' title='bbox 748 537 956 591; x_wconf 84' lang='lat' dir='ltr'><strong>poenas.</strong></span> <span class='ocrx_word' id='word_1_23' title='bbox 996 520 1071 574; x_wconf 88' lang='lat' dir='ltr'><strong>lta</strong></span> <span class='ocrx_word' id='word_1_24' title='bbox 1117 536 1290 589; x_wconf 88' lang='lat' dir='ltr'><strong>neque</strong></span> <span class='ocrx_word' id='word_1_25' title='bbox 1332 523 1419 589; x_wconf 87' lang='lat' dir='ltr'><strong>qui</strong></span> <span class='ocrx_word' id='word_1_26' title='bbox 1471 520 1607 578; x_wconf 88' lang='lat' dir='ltr'><strong>duce</strong></span> <span class='ocrx_word' id='word_1_27' title='bbox 1666 523 1770 578; x_wconf 89' lang='lat' dir='ltr'><strong>fide</strong></span> <span class='ocrx_word' id='word_1_28' title='bbox 1814 523 1998 578; x_wconf 84' lang='lat' dir='ltr'><strong>Eccle-</strong></span> 
     </span>
    </p>
   </div>
   <div class='ocr_carea' id='block_1_6' title="bbox 432 613 1994 685">
    <p class='ocr_par' dir='ltr' id='par_1_6' title="bbox 432 613 1994 685">
     <span class='ocr_line' id='line_1_6' title="bbox 432 613 1994 685; baseline 0.002 -18"><span class='ocrx_word' id='word_1_29' title='bbox 432 615 524 668; x_wconf 68' lang='lat' dir='ltr'><strong>sim</strong></span> <span class='ocrx_word' id='word_1_30' title='bbox 553 614 821 685; x_wconf 90' lang='lat' dir='ltr'><strong>graditur,</strong></span> <span class='ocrx_word' id='word_1_31' title='bbox 851 613 1079 682; x_wconf 75' lang='lat' dir='ltr'><strong>proximi</strong></span> <span class='ocrx_word' id='word_1_32' title='bbox 1138 613 1350 667; x_wconf 86' lang='lat' dir='ltr'><strong>delictis</strong></span> <span class='ocrx_word' id='word_1_33' title='bbox 1404 614 1505 666; x_wconf 87' lang='lat' dir='ltr'><strong>erit</strong></span> <span class='ocrx_word' id='word_1_34' title='bbox 1568 613 1859 679; x_wconf 78' lang='lat' dir='ltr'><strong>obnoxius,</strong></span> <span class='ocrx_word' id='word_1_35' title='bbox 1900 618 1994 670; x_wconf 88' lang='lat' dir='ltr'><strong>sed</strong></span> 
     </span>
    </p>
   </div>
   <div class='ocr_carea' id='block_1_7' title="bbox 433 703 1993 777">
    <p class='ocr_par' dir='ltr' id='par_1_7' title="bbox 433 703 1993 777">
     <span class='ocr_line' id='line_1_7' title="bbox 433 703 1993 777; baseline 0.001 -16"><span class='ocrx_word' id='word_1_36' title='bbox 433 707 802 776; x_wconf 81' lang='lat' dir='ltr'><strong>unusquisque</strong></span> <span class='ocrx_word' id='word_1_37' title='bbox 826 706 1086 760; x_wconf 82' lang='lat' dir='ltr'><strong>rationem</strong></span> <span class='ocrx_word' id='word_1_38' title='bbox 1120 720 1215 774; x_wconf 85' lang='lat' dir='ltr'><strong>pro</strong></span> <span class='ocrx_word' id='word_1_39' title='bbox 1244 721 1304 761; x_wconf 88' lang='lat' dir='ltr'><strong>se</strong></span> <span class='ocrx_word' id='word_1_40' title='bbox 1335 705 1545 771; x_wconf 86' lang='lat' dir='ltr'><strong>reddet,</strong></span> <span class='ocrx_word' id='word_1_41' title='bbox 1592 703 1740 773; x_wconf 83' lang='lat' dir='ltr'><strong>juxta</strong></span> <span class='ocrx_word' id='word_1_42' title='bbox 1771 720 1993 777; x_wconf 90' lang='lat' dir='ltr'><strong>operum</strong></span> 
     </span>
    </p>
   </div>
   <div class='ocr_carea' id='block_1_8' title="bbox 432 799 642 853">
    <p class='ocr_par' dir='ltr' id='par_1_8' title="bbox 432 799 642 853">
     <span class='ocr_line' id='line_1_8' title="bbox 432 799 642 853; baseline 0.005 -4"><span class='ocrx_word' id='word_1_43' title='bbox 432 799 642 853; x_wconf 90' lang='lat' dir='ltr'><strong>merita.</strong></span> 
     </span>
    </p>
   </div>
   <div class='ocr_carea' id='block_1_9' title="bbox 498 887 1994 958">
    <p class='ocr_par' dir='ltr' id='par_1_9' title="bbox 498 887 1994 958">
     <span class='ocr_line' id='line_1_9' title="bbox 498 887 1994 958; baseline 0.002 -18"><span class='ocrx_word' id='word_1_44' title='bbox 498 888 591 942; x_wconf 87' lang='lat' dir='ltr'><strong>Est</strong></span> <span class='ocrx_word' id='word_1_45' title='bbox 634 888 796 958; x_wconf 79' lang='lat' dir='ltr'><strong>igitur</strong></span> <span class='ocrx_word' id='word_1_46' title='bbox 839 887 1194 957; x_wconf 87' lang='lat' dir='ltr'><strong>quorumdam</strong></span> <span class='ocrx_word' id='word_1_47' title='bbox 1232 888 1465 957; x_wconf 86' lang='lat' dir='ltr'><strong>nequitia</strong></span> <span class='ocrx_word' id='word_1_48' title='bbox 1521 888 1821 943; x_wconf 80' lang='lat' dir='ltr'><strong>communis</strong></span> <span class='ocrx_word' id='word_1_49' title='bbox 1875 889 1994 957; x_wconf 84' lang='lat' dir='ltr'><strong>qui-</strong></span> 
     </span>
    </p>
   </div>
   <div class='ocr_carea' id='block_1_10' title="bbox 427 978 1994 1035">
    <p class='ocr_par' dir='ltr' id='par_1_10' title="bbox 427 978 1994 1035">
     <span class='ocr_line' id='line_1_10' title="bbox 427 978 1994 1035; baseline 0.002 -4"><span class='ocrx_word' id='word_1_50' title='bbox 427 978 545 1031; x_wconf 85' lang='lat' dir='ltr'><strong>dem</strong></span> <span class='ocrx_word' id='word_1_51' title='bbox 576 980 828 1032; x_wconf 73' lang='lat' dir='ltr'><strong>Ecclesia:</strong></span> <span class='ocrx_word' id='word_1_52' title='bbox 864 978 1026 1033; x_wconf 71' lang='lat' dir='ltr'><strong>coetui</strong></span> <span class='ocrx_word' id='word_1_53' title='bbox 1063 979 1372 1032; x_wconf 73' lang='lat' dir='ltr'><strong>scandalum</strong></span> <span class='ocrx_word' id='word_1_54' title='bbox 1401 994 1420 1032; x_wconf 86' lang='lat'><strong><em>:</em></strong></span> <span class='ocrx_word' id='word_1_55' title='bbox 1474 996 1580 1033; x_wconf 91' lang='lat' dir='ltr'><strong>non</strong></span> <span class='ocrx_word' id='word_1_56' title='bbox 1640 988 1815 1033; x_wconf 91' lang='lat' dir='ltr'><strong>tamen</strong></span> <span class='ocrx_word' id='word_1_57' title='bbox 1872 981 1994 1035; x_wconf 90' lang='lat' dir='ltr'><strong>inde</strong></span> 
     </span>
    </p>
   </div>
   <div class='ocr_carea' id='block_1_11' title="bbox 426 1067 1994 1137">
    <p class='ocr_par' dir='ltr' id='par_1_11' title="bbox 426 1067 1994 1137">
     <span class='ocr_line' id='line_1_11' title="bbox 426 1067 1994 1137; baseline 0.006 -19"><span class='ocrx_word' id='word_1_58' title='bbox 426 1070 541 1137; x_wconf 73' lang='lat' dir='ltr'><strong>ejus</strong></span> <span class='ocrx_word' id='word_1_59' title='bbox 573 1069 805 1121; x_wconf 86' lang='lat' dir='ltr'><strong>violatur</strong></span> <span class='ocrx_word' id='word_1_60' title='bbox 844 1067 976 1122; x_wconf 87' lang='lat' dir='ltr'><strong>ﬁdes</strong></span> <span class='ocrx_word' id='word_1_61' title='bbox 1003 1082 1022 1120; x_wconf 92' lang='lat'><strong><em>:</em></strong></span> <span class='ocrx_word' id='word_1_62' title='bbox 1055 1068 1136 1120; x_wconf 87' lang='lat' dir='ltr'><strong>vel</strong></span> <span class='ocrx_word' id='word_1_63' title='bbox 1166 1069 1262 1137; x_wconf 90' lang='lat' dir='ltr'><strong>qui</strong></span> <span class='ocrx_word' id='word_1_64' title='bbox 1298 1070 1397 1123; x_wconf 87' lang='lat' dir='ltr'><strong>sibi</strong></span> <span class='ocrx_word' id='word_1_65' title='bbox 1426 1069 1593 1122; x_wconf 76' lang='lat' dir='ltr'><strong>uniti</strong></span> <span class='ocrx_word' id='word_1_66' title='bbox 1671 1080 1816 1133; x_wconf 86' lang='lat' dir='ltr'><strong>sunt,</strong></span> <span class='ocrx_word' id='word_1_67' title='bbox 1871 1072 1994 1127; x_wconf 90' lang='lat' dir='ltr'><strong>inde</strong></span> 
     </span>
    </p>
   </div>
   <div class='ocr_carea' id='block_1_12' title="bbox 427 1157 1995 1227">
    <p class='ocr_par' dir='ltr' id='par_1_12' title="bbox 427 1157 1995 1227">
     <span class='ocr_line' id='line_1_12' title="bbox 427 1157 1995 1227; baseline 0.003 -17"><span class='ocrx_word' id='word_1_68' title='bbox 427 1159 719 1213; x_wconf 69' lang='lat' dir='ltr'><strong>laeduntur.</strong></span> <span class='ocrx_word' id='word_1_69' title='bbox 770 1157 935 1213; x_wconf 78' lang='lat' dir='ltr'><strong>Porro</strong></span> <span class='ocrx_word' id='word_1_70' title='bbox 964 1160 1007 1214; x_wconf 88' lang='lat' dir='ltr'><strong>si</strong></span> <span class='ocrx_word' id='word_1_71' title='bbox 1066 1159 1188 1227; x_wconf 91' lang='lat' dir='ltr'><strong>quis</strong></span> <span class='ocrx_word' id='word_1_72' title='bbox 1247 1160 1507 1213; x_wconf 86' lang='lat' dir='ltr'><strong>malorum</strong></span> <span class='ocrx_word' id='word_1_73' title='bbox 1568 1175 1756 1226; x_wconf 82' lang='lat' dir='ltr'><strong>causa,</strong></span> <span class='ocrx_word' id='word_1_74' title='bbox 1811 1161 1995 1215; x_wconf 77' lang='lat' dir='ltr'><strong>Eccle-</strong></span> 
     </span>
    </p>
   </div>
   <div class='ocr_carea' id='block_1_13' title="bbox 424 1250 1991 1317">
    <p class='ocr_par' dir='ltr' id='par_1_13' title="bbox 424 1250 1991 1317">
     <span class='ocr_line' id='line_1_13' title="bbox 424 1250 1991 1317; baseline 0.002 -15"><span class='ocrx_word' id='word_1_75' title='bbox 424 1251 581 1314; x_wconf 85' lang='lat' dir='ltr'><strong>siam,</strong></span> <span class='ocrx_word' id='word_1_76' title='bbox 609 1259 668 1303; x_wconf 91' lang='lat' dir='ltr'><strong>ut</strong></span> <span class='ocrx_word' id='word_1_77' title='bbox 692 1251 1009 1305; x_wconf 86' lang='lat' dir='ltr'><strong>inhonoram</strong></span> <span class='ocrx_word' id='word_1_78' title='bbox 1042 1250 1267 1317; x_wconf 88' lang='lat' dir='ltr'><strong>respuit,</strong></span> <span class='ocrx_word' id='word_1_79' title='bbox 1303 1265 1517 1304; x_wconf 84' lang='lat' dir='ltr'><strong>omnem</strong></span> <span class='ocrx_word' id='word_1_80' title='bbox 1566 1266 1673 1304; x_wconf 89' lang='lat' dir='ltr'><strong>una</strong></span> <span class='ocrx_word' id='word_1_81' title='bbox 1702 1251 1991 1306; x_wconf 78' lang='lat' dir='ltr'><strong>Ecclesium</strong></span> 
     </span>
    </p>
   </div>
   <div class='ocr_carea' id='block_1_14' title="bbox 424 1338 1989 1411">
    <p class='ocr_par' dir='ltr' id='par_1_14' title="bbox 424 1338 1989 1411">
     <span class='ocr_line' id='line_1_14' title="bbox 424 1338 1989 1411; baseline 0.001 -16"><span class='ocrx_word' id='word_1_82' title='bbox 424 1338 631 1411; x_wconf 86' lang='lat' dir='ltr'><strong>abjicit,</strong></span> <span class='ocrx_word' id='word_1_83' title='bbox 668 1356 733 1395; x_wconf 91' lang='lat' dir='ltr'><strong>eo</strong></span> <span class='ocrx_word' id='word_1_84' title='bbox 756 1341 977 1411; x_wconf 87' lang='lat' dir='ltr'><strong>quodin</strong></span> <span class='ocrx_word' id='word_1_85' title='bbox 1034 1354 1094 1393; x_wconf 91' lang='lat' dir='ltr'><strong>ea</strong></span> <span class='ocrx_word' id='word_1_86' title='bbox 1126 1341 1281 1395; x_wconf 87' lang='lat' dir='ltr'><strong>malis</strong></span> <span class='ocrx_word' id='word_1_87' title='bbox 1334 1354 1549 1409; x_wconf 80' lang='lat' dir='ltr'><strong>semper</strong></span> <span class='ocrx_word' id='word_1_88' title='bbox 1607 1340 1757 1396; x_wconf 87' lang='lat' dir='ltr'><strong>locus</strong></span> <span class='ocrx_word' id='word_1_89' title='bbox 1810 1341 1989 1397; x_wconf 90' lang='lat' dir='ltr'><strong>fuerit.</strong></span> 
     </span>
    </p>
   </div>
   <div class='ocr_carea' id='block_1_15' title="bbox 424 1431 1992 1500">
    <p class='ocr_par' dir='ltr' id='par_1_15' title="bbox 424 1431 1992 1500">
     <span class='ocr_line' id='line_1_15' title="bbox 424 1431 1992 1500; baseline -0.001 -11"><span class='ocrx_word' id='word_1_90' title='bbox 424 1435 515 1489; x_wconf 88' lang='lat' dir='ltr'><strong>Sic</strong></span> <span class='ocrx_word' id='word_1_91' title='bbox 541 1442 720 1487; x_wconf 90' lang='lat' dir='ltr'><strong>autem</strong></span> <span class='ocrx_word' id='word_1_92' title='bbox 754 1434 917 1488; x_wconf 84' lang='lat' dir='ltr'><strong>etiam</strong></span> <span class='ocrx_word' id='word_1_93' title='bbox 947 1431 1244 1487; x_wconf 82' lang='lat' dir='ltr'><strong>Eeclesiam</strong></span> <span class='ocrx_word' id='word_1_94' title='bbox 1276 1446 1429 1486; x_wconf 91' lang='lat' dir='ltr'><strong>suam</strong></span> <span class='ocrx_word' id='word_1_95' title='bbox 1469 1431 1705 1500; x_wconf 84' lang='lat' dir='ltr'><strong>abjiciet,</strong></span> <span class='ocrx_word' id='word_1_96' title='bbox 1746 1435 1992 1489; x_wconf 88' lang='lat' dir='ltr'><strong>tandem-</strong></span> 
     </span>
    </p>
   </div>
   <div class='ocr_carea' id='block_1_16' title="bbox 424 1521 1991 1593">
    <p class='ocr_par' dir='ltr' id='par_1_16' title="bbox 424 1521 1991 1593">
     <span class='ocr_line' id='line_1_16' title="bbox 424 1521 1991 1593; baseline 0.003 -20"><span class='ocrx_word' id='word_1_97' title='bbox 424 1539 530 1593; x_wconf 87' lang='lat' dir='ltr'><strong>que</strong></span> <span class='ocrx_word' id='word_1_98' title='bbox 585 1536 759 1591; x_wconf 89' lang='lat' dir='ltr'><strong>neque</strong></span> <span class='ocrx_word' id='word_1_99' title='bbox 785 1521 1151 1577; x_wconf 76' lang='lat' dir='ltr'><strong>Christianum</strong></span> <span class='ocrx_word' id='word_1_100' title='bbox 1182 1536 1239 1576; x_wconf 90' lang='lat' dir='ltr'><strong>se</strong></span> <span class='ocrx_word' id='word_1_101' title='bbox 1295 1521 1468 1590; x_wconf 89' lang='lat' dir='ltr'><strong>ipsum</strong></span> <span class='ocrx_word' id='word_1_102' title='bbox 1519 1522 1827 1591; x_wconf 85' lang='lat' dir='ltr'><strong>appellabit,</strong></span> <span class='ocrx_word' id='word_1_103' title='bbox 1872 1526 1991 1577; x_wconf 87' lang='lat' dir='ltr'><strong>nul-</strong></span> 
     </span>
    </p>
   </div>
   <div class='ocr_carea' id='block_1_17' title="bbox 426 1612 1990 1685">
    <p class='ocr_par' dir='ltr' id='par_1_17' title="bbox 426 1612 1990 1685">
     <span class='ocr_line' id='line_1_17' title="bbox 426 1612 1990 1685; baseline 0 -16"><span class='ocrx_word' id='word_1_104' title='bbox 426 1616 530 1669; x_wconf 90' lang='lat' dir='ltr'><strong>lam</strong></span> <span class='ocrx_word' id='word_1_105' title='bbox 587 1615 703 1670; x_wconf 72' lang='lat' dir='ltr'><strong>sine</strong></span> <span class='ocrx_word' id='word_1_106' title='bbox 767 1613 998 1668; x_wconf 90' lang='lat' dir='ltr'><strong>crimine</strong></span> <span class='ocrx_word' id='word_1_107' title='bbox 1049 1612 1343 1668; x_wconf 83' lang='lat' dir='ltr'><strong>Ecclesiam</strong></span> <span class='ocrx_word' id='word_1_108' title='bbox 1406 1614 1643 1668; x_wconf 88' lang='lat' dir='ltr'><strong>habens:</strong></span> <span class='ocrx_word' id='word_1_109' title='bbox 1682 1614 1727 1668; x_wconf 91' lang='lat' dir='ltr'><strong>si</strong></span> <span class='ocrx_word' id='word_1_110' title='bbox 1775 1615 1990 1685; x_wconf 89' lang='lat' dir='ltr'><strong>quidem</strong></span> 
     </span>
    </p>
   </div>
   <div class='ocr_carea' id='block_1_18' title="bbox 425 1703 1992 1781">
    <p class='ocr_par' dir='ltr' id='par_1_18' title="bbox 425 1703 1992 1781">
     <span class='ocr_line' id='line_1_18' title="bbox 425 1703 1992 1781; baseline 0.003 -23"><span class='ocrx_word' id='word_1_111' title='bbox 425 1706 784 1777; x_wconf 91' lang='lat' dir='ltr'><strong>quorumdam</strong></span> <span class='ocrx_word' id='word_1_112' title='bbox 848 1704 1088 1773; x_wconf 90' lang='lat' dir='ltr'><strong>perditos</strong></span> <span class='ocrx_word' id='word_1_113' title='bbox 1145 1718 1323 1758; x_wconf 87' lang='lat' dir='ltr'><strong>mores</strong></span> <span class='ocrx_word' id='word_1_114' title='bbox 1372 1703 1494 1758; x_wconf 86' lang='lat' dir='ltr'><strong>fidei</strong></span> <span class='ocrx_word' id='word_1_115' title='bbox 1542 1707 1811 1781; x_wconf 61' lang='lat' dir='ltr'><strong>applicat,,</strong></span> <span class='ocrx_word' id='word_1_116' title='bbox 1853 1723 1992 1777; x_wconf 87' lang='lat' dir='ltr'><strong>quos</strong></span> 
     </span>
    </p>
   </div>
   <div class='ocr_carea' id='block_1_19' title="bbox 2100 524 3665 595">
    <p class='ocr_par' dir='ltr' id='par_1_19' title="bbox 2100 524 3665 595">
     <span class='ocr_line' id='line_1_19' title="bbox 2100 524 3665 595; baseline 0.001 -16"><span class='ocrx_word' id='word_1_117' title='bbox 2100 535 2156 579; x_wconf 90' lang='lat' dir='ltr'><strong>ut</strong></span> <span class='ocrx_word' id='word_1_118' title='bbox 2179 527 2367 582; x_wconf 72' lang='lat' dir='ltr'><strong>activa:</strong></span> <span class='ocrx_word' id='word_1_119' title='bbox 2429 526 2645 581; x_wconf 83' lang='lat' dir='ltr'><strong>virtutis</strong></span> <span class='ocrx_word' id='word_1_120' title='bbox 2725 526 2937 595; x_wconf 87' lang='lat' dir='ltr'><strong>species</strong></span> <span class='ocrx_word' id='word_1_121' title='bbox 2995 538 3101 578; x_wconf 92' lang='lat' dir='ltr'><strong>non</strong></span> <span class='ocrx_word' id='word_1_122' title='bbox 3153 524 3394 590; x_wconf 87' lang='lat' dir='ltr'><strong>minima,</strong></span> <span class='ocrx_word' id='word_1_123' title='bbox 3456 543 3665 580; x_wconf 85' lang='lat' dir='ltr'><strong>summa</strong></span> 
     </span>
    </p>
   </div>
   <div class='ocr_carea' id='block_1_20' title="bbox 2096 616 3668 687">
    <p class='ocr_par' dir='ltr' id='par_1_20' title="bbox 2096 616 3668 687">
     <span class='ocr_line' id='line_1_20' title="bbox 2096 616 3668 687; baseline 0.003 -17"><span class='ocrx_word' id='word_1_124' title='bbox 2096 617 2395 687; x_wconf 74' lang='lat' dir='ltr'><strong>diligentia,</strong></span> <span class='ocrx_word' id='word_1_125' title='bbox 2432 626 2487 672; x_wconf 88' lang='lat' dir='ltr'><strong>et</strong></span> <span class='ocrx_word' id='word_1_126' title='bbox 2515 632 2642 671; x_wconf 90' lang='lat' dir='ltr'><strong>cura</strong></span> <span class='ocrx_word' id='word_1_127' title='bbox 2693 616 3087 686; x_wconf 83' lang='lat' dir='ltr'><strong>apprehensum</strong></span> <span class='ocrx_word' id='word_1_128' title='bbox 3153 616 3281 671; x_wconf 71' lang='lat' dir='ltr'><strong>est?</strong></span> <span class='ocrx_word' id='word_1_129' title='bbox 3318 616 3386 671; x_wconf 87' lang='lat' dir='ltr'><strong>Et</strong></span> <span class='ocrx_word' id='word_1_130' title='bbox 3437 616 3668 675; x_wconf 81' lang='lat' dir='ltr'><strong>fortasse</strong></span> 
     </span>
    </p>
   </div>
   <div class='ocr_carea' id='block_1_21' title="bbox 2097 709 3667 780">
    <p class='ocr_par' dir='ltr' id='par_1_21' title="bbox 2097 709 3667 780">
     <span class='ocr_line' id='line_1_21' title="bbox 2097 709 3667 780; baseline 0.002 -16"><span class='ocrx_word' id='word_1_131' title='bbox 2097 710 2293 764; x_wconf 79' lang='lat' dir='ltr'><strong>dixerit</strong></span> <span class='ocrx_word' id='word_1_132' title='bbox 2334 709 2601 780; x_wconf 87' lang='lat' dir='ltr'><strong>quispiam</strong></span> <span class='ocrx_word' id='word_1_133' title='bbox 2633 709 3009 765; x_wconf 87' lang='lat' dir='ltr'><strong>Occidentales</strong></span> <span class='ocrx_word' id='word_1_134' title='bbox 3042 709 3159 776; x_wconf 90' lang='lat' dir='ltr'><strong>plus</strong></span> <span class='ocrx_word' id='word_1_135' title='bbox 3225 724 3388 778; x_wconf 87' lang='lat' dir='ltr'><strong>quam</strong></span> <span class='ocrx_word' id='word_1_136' title='bbox 3453 722 3667 767; x_wconf 91' lang='lat' dir='ltr'><strong>nostros</strong></span> 
     </span>
    </p>
   </div>
   <div class='ocr_carea' id='block_1_22' title="bbox 2091 799 3667 871">
    <p class='ocr_par' dir='ltr' id='par_1_22' title="bbox 2091 799 3667 871">
     <span class='ocr_line' id='line_1_22' title="bbox 2091 799 3667 871; baseline -0.001 -17"><span class='ocrx_word' id='word_1_137' title='bbox 2091 800 2359 871; x_wconf 87' lang='lat' dir='ltr'><strong>jejunare,</strong></span> <span class='ocrx_word' id='word_1_138' title='bbox 2391 800 2438 854; x_wconf 89' lang='lat' dir='ltr'><strong>si</strong></span> <span class='ocrx_word' id='word_1_139' title='bbox 2480 800 2839 855; x_wconf 89' lang='lat' dir='ltr'><strong>communiter</strong></span> <span class='ocrx_word' id='word_1_140' title='bbox 2886 799 3136 854; x_wconf 88' lang='lat' dir='ltr'><strong>omnibus</strong></span> <span class='ocrx_word' id='word_1_141' title='bbox 3183 812 3371 852; x_wconf 86' lang='lat' dir='ltr'><strong>omnes</strong></span> <span class='ocrx_word' id='word_1_142' title='bbox 3444 813 3667 868; x_wconf 84' lang='lat' dir='ltr'><strong>compa-</strong></span> 
     </span>
    </p>
   </div>
   <div class='ocr_carea' id='block_1_23' title="bbox 2101 876 3665 959">
    <p class='ocr_par' dir='ltr' id='par_1_23' title="bbox 2101 876 3665 959">
     <span class='ocr_line' id='line_1_23' title="bbox 2101 876 3665 959; baseline 0.001 -17"><span class='ocrx_word' id='word_1_143' title='bbox 2101 899 2314 943; x_wconf 87' lang='lat' dir='ltr'><strong>rentur.</strong></span> <span class='ocrx_word' id='word_1_144' title='bbox 2346 889 2635 958; x_wconf 86' lang='lat' dir='ltr'><strong>Utcunque</strong></span> <span class='ocrx_word' id='word_1_145' title='bbox 2658 876 2837 944; x_wconf 81' lang='lat' dir='ltr'><strong>tamen</strong></span> <span class='ocrx_word' id='word_1_146' title='bbox 2870 903 2928 943; x_wconf 90' lang='lat' dir='ltr'><strong>se</strong></span> <span class='ocrx_word' id='word_1_147' title='bbox 2988 904 3073 944; x_wconf 87' lang='lat' dir='ltr'><strong>res</strong></span> <span class='ocrx_word' id='word_1_148' title='bbox 3117 888 3330 953; x_wconf 86' lang='lat' dir='ltr'><strong>habeat,</strong></span> <span class='ocrx_word' id='word_1_149' title='bbox 3374 888 3665 959; x_wconf 83' lang='lat' dir='ltr'><strong>jejunium,</strong></span> 
     </span>
    </p>
   </div>
   <div class='ocr_carea' id='block_1_24' title="bbox 2096 979 3666 1049">
    <p class='ocr_par' dir='ltr' id='par_1_24' title="bbox 2096 979 3666 1049">
     <span class='ocr_line' id='line_1_24' title="bbox 2096 979 3666 1049; baseline 0.002 -15"><span class='ocrx_word' id='word_1_150' title='bbox 2096 979 2140 1034; x_wconf 87' lang='lat' dir='ltr'><strong>si</strong></span> <span class='ocrx_word' id='word_1_151' title='bbox 2169 994 2290 1034; x_wconf 92' lang='lat' dir='ltr'><strong>cum</strong></span> <span class='ocrx_word' id='word_1_152' title='bbox 2323 980 2551 1048; x_wconf 79' lang='lat' dir='ltr'><strong>proximi</strong></span> <span class='ocrx_word' id='word_1_153' title='bbox 2595 979 2907 1043; x_wconf 86' lang='lat' dir='ltr'><strong>dilectione,</strong></span> <span class='ocrx_word' id='word_1_154' title='bbox 2970 992 3023 1035; x_wconf 89' lang='lat' dir='ltr'><strong>et</strong></span> <span class='ocrx_word' id='word_1_155' title='bbox 3084 980 3200 1034; x_wconf 89' lang='lat' dir='ltr'><strong>sine</strong></span> <span class='ocrx_word' id='word_1_156' title='bbox 3247 981 3666 1049; x_wconf 80' lang='lat' dir='ltr'><strong>disceptatione.</strong></span> 
     </span>
    </p>
   </div>
   <div class='ocr_carea' id='block_1_25' title="bbox 2094 1070 3666 1139">
    <p class='ocr_par' dir='ltr' id='par_1_25' title="bbox 2094 1070 3666 1139">
     <span class='ocr_line' id='line_1_25' title="bbox 2094 1070 3666 1139; baseline 0.001 -14"><span class='ocrx_word' id='word_1_157' title='bbox 2094 1079 2148 1125; x_wconf 89' lang='lat' dir='ltr'><strong>et</strong></span> <span class='ocrx_word' id='word_1_158' title='bbox 2175 1071 2621 1126; x_wconf 88' lang='lat' dir='ltr'><strong>condemnatione</strong></span> <span class='ocrx_word' id='word_1_159' title='bbox 2663 1087 2772 1125; x_wconf 92' lang='lat' dir='ltr'><strong>non</strong></span> <span class='ocrx_word' id='word_1_160' title='bbox 2817 1070 3178 1139; x_wconf 87' lang='lat' dir='ltr'><strong>jejunantium</strong></span> <span class='ocrx_word' id='word_1_161' title='bbox 3210 1071 3323 1135; x_wconf 86' lang='lat' dir='ltr'><strong>ﬁat,</strong></span> <span class='ocrx_word' id='word_1_162' title='bbox 3359 1074 3666 1126; x_wconf 87' lang='lat' dir='ltr'><strong>mercedem</strong></span> 
     </span>
    </p>
   </div>
   <div class='ocr_carea' id='block_1_26' title="bbox 2098 1160 3672 1231">
    <p class='ocr_par' dir='ltr' id='par_1_26' title="bbox 2098 1160 3672 1231">
     <span class='ocr_line' id='line_1_26' title="bbox 2098 1160 3672 1231; baseline 0.001 -15"><span class='ocrx_word' id='word_1_163' title='bbox 2098 1162 2277 1216; x_wconf 84' lang='lat' dir='ltr'><strong>habet.</strong></span> <span class='ocrx_word' id='word_1_164' title='bbox 2315 1160 2485 1215; x_wconf 85' lang='lat' dir='ltr'><strong>Aliter</strong></span> <span class='ocrx_word' id='word_1_165' title='bbox 2537 1163 2680 1216; x_wconf 91' lang='lat' dir='ltr'><strong>enim</strong></span> <span class='ocrx_word' id='word_1_166' title='bbox 2726 1162 3056 1216; x_wconf 75' lang='lat' dir='ltr'><strong>Pharisaicte</strong></span> <span class='ocrx_word' id='word_1_167' title='bbox 3117 1162 3340 1216; x_wconf 89' lang='lat' dir='ltr'><strong>elationi</strong></span> <span class='ocrx_word' id='word_1_168' title='bbox 3386 1178 3672 1231; x_wconf 87' lang='lat' dir='ltr'><strong>compara-</strong></span> 
     </span>
    </p>
   </div>
   <div class='ocr_carea' id='block_1_27' title="bbox 2098 1238 3665 1323">
    <p class='ocr_par' dir='ltr' id='par_1_27' title="bbox 2098 1238 3665 1323">
     <span class='ocr_line' id='line_1_27' title="bbox 2098 1238 3665 1323; baseline -0.001 -16"><span class='ocrx_word' id='word_1_169' title='bbox 2098 1262 2229 1314; x_wconf 90' lang='lat' dir='ltr'><strong>tum,</strong></span> <span class='ocrx_word' id='word_1_170' title='bbox 2286 1238 2586 1317; x_wconf 81' lang='lat' dir='ltr'><strong>nocetzet,</strong></span> <span class='ocrx_word' id='word_1_171' title='bbox 2639 1254 2686 1308; x_wconf 88' lang='lat' dir='ltr'><strong>si</strong></span> <span class='ocrx_word' id='word_1_172' title='bbox 2738 1269 2897 1323; x_wconf 89' lang='lat' dir='ltr'><strong>quem</strong></span> <span class='ocrx_word' id='word_1_173' title='bbox 2947 1252 3179 1308; x_wconf 89' lang='lat' dir='ltr'><strong>fructum</strong></span> <span class='ocrx_word' id='word_1_174' title='bbox 3225 1255 3391 1309; x_wconf 87' lang='lat' dir='ltr'><strong>alium</strong></span> <span class='ocrx_word' id='word_1_175' title='bbox 3449 1256 3665 1319; x_wconf 87' lang='lat' dir='ltr'><strong>haheat,</strong></span> 
     </span>
    </p>
   </div>
   <div class='ocr_carea' id='block_1_28' title="bbox 2094 1343 3669 1413">
    <p class='ocr_par' dir='ltr' id='par_1_28' title="bbox 2094 1343 3669 1413">
     <span class='ocr_line' id='line_1_28' title="bbox 2094 1343 3669 1413; baseline 0.001 -16"><span class='ocrx_word' id='word_1_176' title='bbox 2094 1345 2327 1398; x_wconf 82' lang='lat' dir='ltr'><strong>amittit:</strong></span> <span class='ocrx_word' id='word_1_177' title='bbox 2380 1343 2439 1398; x_wconf 85' lang='lat' dir='ltr'><strong>Si</strong></span> <span class='ocrx_word' id='word_1_178' title='bbox 2468 1346 2606 1399; x_wconf 87' lang='lat' dir='ltr'><strong>enim</strong></span> <span class='ocrx_word' id='word_1_179' title='bbox 2634 1345 2972 1411; x_wconf 73' lang='lat' dir='ltr'><strong>distribuero,</strong></span> <span class='ocrx_word' id='word_1_180' title='bbox 3000 1346 3195 1413; x_wconf 87' lang='lat' dir='ltr'><strong>inquit,</strong></span> <span class='ocrx_word' id='word_1_181' title='bbox 3279 1362 3482 1399; x_wconf 88' lang='lat' dir='ltr'><strong>omnem</strong></span> <span class='ocrx_word' id='word_1_182' title='bbox 3539 1348 3669 1399; x_wconf 82' lang='lat' dir='ltr'><strong>sub-</strong></span> 
     </span>
    </p>
   </div>
   <div class='ocr_carea' id='block_1_29' title="bbox 2094 1434 3669 1503">
    <p class='ocr_par' dir='ltr' id='par_1_29' title="bbox 2094 1434 3669 1503">
     <span class='ocr_line' id='line_1_29' title="bbox 2094 1434 3669 1503; baseline 0.001 -16"><span class='ocrx_word' id='word_1_183' title='bbox 2094 1434 2341 1487; x_wconf 73' lang='lat' dir='ltr'><strong>stantiam</strong></span> <span class='ocrx_word' id='word_1_184' title='bbox 2370 1450 2537 1487; x_wconf 86' lang='lat' dir='ltr'><strong>meam</strong></span> <span class='ocrx_word' id='word_1_185' title='bbox 2589 1436 2643 1488; x_wconf 88' lang='lat' dir='ltr'><strong>in</strong></span> <span class='ocrx_word' id='word_1_186' title='bbox 2677 1436 2820 1488; x_wconf 85' lang='lat' dir='ltr'><strong>cibos</strong></span> <span class='ocrx_word' id='word_1_187' title='bbox 2864 1451 3177 1503; x_wconf 82' lang='lat' dir='ltr'><strong>pauperum,</strong></span> <span class='ocrx_word' id='word_1_188' title='bbox 3220 1444 3268 1487; x_wconf 90' lang='lat' dir='ltr'><strong>et</strong></span> <span class='ocrx_word' id='word_1_189' title='bbox 3299 1436 3345 1488; x_wconf 89' lang='lat' dir='ltr'><strong>si</strong></span> <span class='ocrx_word' id='word_1_190' title='bbox 3398 1436 3669 1489; x_wconf 82' lang='lat' dir='ltr'><strong>tradidero</strong></span> 
     </span>
    </p>
   </div>
   <div class='ocr_carea' id='block_1_30' title="bbox 2094 1525 3668 1593">
    <p class='ocr_par' dir='ltr' id='par_1_30' title="bbox 2094 1525 3668 1593">
     <span class='ocr_line' id='line_1_30' title="bbox 2094 1525 3668 1593; baseline 0.001 -16"><span class='ocrx_word' id='word_1_191' title='bbox 2094 1539 2279 1593; x_wconf 87' lang='lat' dir='ltr'><strong>corpus</strong></span> <span class='ocrx_word' id='word_1_192' title='bbox 2309 1540 2477 1577; x_wconf 87' lang='lat' dir='ltr'><strong>meum</strong></span> <span class='ocrx_word' id='word_1_193' title='bbox 2547 1525 2624 1578; x_wconf 90' lang='lat' dir='ltr'><strong>ita</strong></span> <span class='ocrx_word' id='word_1_194' title='bbox 2688 1532 2747 1577; x_wconf 83' lang='lat' dir='ltr'><strong>ut</strong></span> <span class='ocrx_word' id='word_1_195' title='bbox 2813 1534 3050 1589; x_wconf 80' lang='lat' dir='ltr'><strong>ardeam,</strong></span> <span class='ocrx_word' id='word_1_196' title='bbox 3121 1525 3668 1582; x_wconf 76' lang='lat' dir='ltr'><strong>charitatem.autem</strong></span> 
     </span>
    </p>
   </div>
   <div class='ocr_carea' id='block_1_31' title="bbox 2096 1614 3665 1685">
    <p class='ocr_par' dir='ltr' id='par_1_31' title="bbox 2096 1614 3665 1685">
     <span class='ocr_line' id='line_1_31' title="bbox 2096 1614 3665 1685; baseline 0.003 -20"><span class='ocrx_word' id='word_1_197' title='bbox 2096 1629 2199 1667; x_wconf 87' lang='lat' dir='ltr'><strong>non</strong></span> <span class='ocrx_word' id='word_1_198' title='bbox 2251 1614 2509 1677; x_wconf 83' lang='lat' dir='ltr'><strong>habuero,</strong></span> <span class='ocrx_word' id='word_1_199' title='bbox 2545 1615 2677 1668; x_wconf 80' lang='lat' dir='ltr'><strong>nihil</strong></span> <span class='ocrx_word' id='word_1_200' title='bbox 2733 1616 2862 1668; x_wconf 86' lang='lat' dir='ltr'><strong>mihi</strong></span> <span class='ocrx_word' id='word_1_201' title='bbox 2911 1616 3118 1685; x_wconf 85' lang='lat' dir='ltr'><strong>prodest</strong></span> <span class='ocrx_word' id='word_1_202' title='bbox 3148 1616 3212 1669; x_wconf 84' lang='lat'><strong>&quot;.</strong></span> <span class='ocrx_word' id='word_1_203' title='bbox 3272 1615 3432 1669; x_wconf 85' lang='lat' dir='ltr'><strong>Addit</strong></span> <span class='ocrx_word' id='word_1_204' title='bbox 3500 1619 3665 1670; x_wconf 85' lang='lat' dir='ltr'><strong>etiam</strong></span> 
     </span>
    </p>
   </div>
   <div class='ocr_carea' id='block_1_32' title="bbox 2097 1706 3669 1775">
    <p class='ocr_par' dir='ltr' id='par_1_32' title="bbox 2097 1706 3669 1775">
     <span class='ocr_line' id='line_1_32' title="bbox 2097 1706 3669 1775; baseline 0.003 -16"><span class='ocrx_word' id='word_1_205' title='bbox 2097 1708 2383 1774; x_wconf 86' lang='lat' dir='ltr'><strong>Apostolus</strong></span> <span class='ocrx_word' id='word_1_206' title='bbox 2414 1726 2428 1762; x_wconf 92' lang='lat'><strong>:</strong></span> <span class='ocrx_word' id='word_1_207' title='bbox 2464 1706 2602 1762; x_wconf 86' lang='lat' dir='ltr'><strong>Esca</strong></span> <span class='ocrx_word' id='word_1_208' title='bbox 2626 1726 2717 1763; x_wconf 87' lang='lat' dir='ltr'><strong>nos</strong></span> <span class='ocrx_word' id='word_1_209' title='bbox 2747 1725 2852 1763; x_wconf 73' lang='lat' dir='ltr'><strong>non</strong></span> <span class='ocrx_word' id='word_1_210' title='bbox 2869 1709 3194 1762; x_wconf 87' lang='lat' dir='ltr'><strong>commendat</strong></span> <span class='ocrx_word' id='word_1_211' title='bbox 3230 1709 3422 1763; x_wconf 80' lang='lat' dir='ltr'><strong>Deo“.</strong></span> <span class='ocrx_word' id='word_1_212' title='bbox 3451 1708 3537 1774; x_wconf 88' lang='lat' dir='ltr'><strong>Et,</strong></span> <span class='ocrx_word' id='word_1_213' title='bbox 3564 1710 3669 1775; x_wconf 85' lang='lat' dir='ltr'><strong>Qui</strong></span> 
     </span>
    </p>
   </div>
   <div class='ocr_carea' id='block_1_33' title="bbox 427 1779 3426 1868">
    <p class='ocr_par' dir='ltr' id='par_1_33' title="bbox 427 1779 3426 1868">
     <span class='ocr_line' id='line_1_33' title="bbox 427 1779 3426 1868; baseline 0 -15"><span class='ocrx_word' id='word_1_214' title='bbox 427 1798 751 1854; x_wconf 83' lang='lat' dir='ltr'><strong>multitudini</strong></span> <span class='ocrx_word' id='word_1_215' title='bbox 800 1797 1058 1851; x_wconf 88' lang='lat' dir='ltr'><strong>admistos</strong></span> <span class='ocrx_word' id='word_1_216' title='bbox 1114 1810 1233 1851; x_wconf 90' lang='lat' dir='ltr'><strong>esse</strong></span> <span class='ocrx_word' id='word_1_217' title='bbox 1287 1811 1508 1852; x_wconf 87' lang='lat' dir='ltr'><strong>necesse</strong></span> <span class='ocrx_word' id='word_1_218' title='bbox 1573 1780 1676 1853; x_wconf 83' lang='lat' dir='ltr'><strong>est.</strong></span> <span class='ocrx_word' id='word_1_219' title='bbox 1738 1799 1844 1855; x_wconf 86' lang='lat' dir='ltr'><strong>Sed</strong></span> <span class='ocrx_word' id='word_1_220' title='bbox 1889 1802 1991 1856; x_wconf 88' lang='lat' dir='ltr'><strong>ista</strong></span> <span class='ocrx_word' id='word_1_221' title='bbox 2026 1779 2067 1833; x_wconf 73' lang='grc' dir='ltr'><strong>Β</strong></span> <span class='ocrx_word' id='word_1_222' title='bbox 2100 1814 2201 1851; x_wconf 90' lang='lat' dir='ltr'><strong>non</strong></span> <span class='ocrx_word' id='word_1_223' title='bbox 2233 1800 2472 1863; x_wconf 84' lang='lat' dir='ltr'><strong>comedit,</strong></span> <span class='ocrx_word' id='word_1_224' title='bbox 2519 1800 2920 1854; x_wconf 79' lang='lat' dir='ltr'><strong>manducantem</strong></span> <span class='ocrx_word' id='word_1_225' title='bbox 2978 1817 3081 1854; x_wconf 87' lang='lat' dir='ltr'><strong>non</strong></span> <span class='ocrx_word' id='word_1_226' title='bbox 3124 1810 3335 1868; x_wconf 83' lang='lat' dir='ltr'><strong>spernat</strong></span> <span class='ocrx_word' id='word_1_227' title='bbox 3360 1801 3426 1854; x_wconf 83' lang='lat'><strong>&quot;.</strong></span> 
     </span>
    </p>
   </div>
   <div class='ocr_carea' id='block_1_34' title="bbox 428 1887 1998 1958">
    <p class='ocr_par' dir='ltr' id='par_1_34' title="bbox 428 1887 1998 1958">
     <span class='ocr_line' id='line_1_34' title="bbox 428 1887 1998 1958; baseline 0.001 -13"><span class='ocrx_word' id='word_1_228' title='bbox 428 1890 723 1945; x_wconf 76' lang='lat' dir='ltr'><strong>crudelium</strong></span> <span class='ocrx_word' id='word_1_229' title='bbox 800 1887 1040 1957; x_wconf 89' lang='lat' dir='ltr'><strong>judicum</strong></span> <span class='ocrx_word' id='word_1_230' title='bbox 1101 1896 1245 1951; x_wconf 86' lang='lat' dir='ltr'><strong>sunt,</strong></span> <span class='ocrx_word' id='word_1_231' title='bbox 1307 1897 1360 1941; x_wconf 89' lang='lat' dir='ltr'><strong>et</strong></span> <span class='ocrx_word' id='word_1_232' title='bbox 1394 1904 1424 1943; x_wconf 90' lang='lat' dir='ltr'><strong>a</strong></span> <span class='ocrx_word' id='word_1_233' title='bbox 1453 1890 1683 1958; x_wconf 83' lang='lat' dir='ltr'><strong>proximi</strong></span> <span class='ocrx_word' id='word_1_234' title='bbox 1715 1890 1998 1947; x_wconf 86' lang='lat' dir='ltr'><strong>dilectione</strong></span> 
     </span>
    </p>
   </div>
   <div class='ocr_carea' id='block_1_35' title="bbox 426 1978 1996 2050">
    <p class='ocr_par' dir='ltr' id='par_1_35' title="bbox 426 1978 1996 2050">
     <span class='ocr_line' id='line_1_35' title="bbox 426 1978 1996 2050; baseline 0.003 -18"><span class='ocrx_word' id='word_1_235' title='bbox 426 1994 646 2049; x_wconf 89' lang='lat' dir='ltr'><strong>prorsus</strong></span> <span class='ocrx_word' id='word_1_236' title='bbox 681 1978 1000 2043; x_wconf 89' lang='lat' dir='ltr'><strong>alienorum,</strong></span> <span class='ocrx_word' id='word_1_237' title='bbox 1054 1986 1106 2032; x_wconf 89' lang='lat' dir='ltr'><strong>et</strong></span> <span class='ocrx_word' id='word_1_238' title='bbox 1156 1993 1332 2045; x_wconf 90' lang='lat' dir='ltr'><strong>neque</strong></span> <span class='ocrx_word' id='word_1_239' title='bbox 1366 1993 1518 2033; x_wconf 86' lang='lat' dir='ltr'><strong>suam</strong></span> <span class='ocrx_word' id='word_1_240' title='bbox 1549 1996 1723 2050; x_wconf 87' lang='lat' dir='ltr'><strong>neque</strong></span> <span class='ocrx_word' id='word_1_241' title='bbox 1748 1997 1996 2036; x_wconf 79' lang='lat' dir='ltr'><strong>commu-</strong></span> 
     </span>
    </p>
   </div>
   <div class='ocr_carea' id='block_1_36' title="bbox 428 2070 1997 2141">
    <p class='ocr_par' dir='ltr' id='par_1_36' title="bbox 428 2070 1997 2141">
     <span class='ocr_line' id='line_1_36' title="bbox 428 2070 1997 2141; baseline 0 -14"><span class='ocrx_word' id='word_1_242' title='bbox 428 2089 547 2129; x_wconf 85' lang='lat' dir='ltr'><strong>nem</strong></span> <span class='ocrx_word' id='word_1_243' title='bbox 600 2073 974 2127; x_wconf 88' lang='lat' dir='ltr'><strong>inﬁrmitatem</strong></span> <span class='ocrx_word' id='word_1_244' title='bbox 1044 2070 1413 2135; x_wconf 84' lang='lat' dir='ltr'><strong>sentientium,</strong></span> <span class='ocrx_word' id='word_1_245' title='bbox 1498 2087 1671 2141; x_wconf 89' lang='lat' dir='ltr'><strong>neque</strong></span> <span class='ocrx_word' id='word_1_246' title='bbox 1733 2074 1881 2128; x_wconf 87' lang='lat' dir='ltr'><strong>utilia</strong></span> <span class='ocrx_word' id='word_1_247' title='bbox 1929 2088 1997 2127; x_wconf 90' lang='lat' dir='ltr'><strong>ex</strong></span> 
     </span>
    </p>
   </div>
   <div class='ocr_carea' id='block_1_37' title="bbox 426 2161 1998 2235">
    <p class='ocr_par' dir='ltr' id='par_1_37' title="bbox 426 2161 1998 2235">
     <span class='ocr_line' id='line_1_37' title="bbox 426 2161 1998 2235; baseline -0.001 -13"><span class='ocrx_word' id='word_1_248' title='bbox 426 2168 675 2222; x_wconf 86' lang='lat' dir='ltr'><strong>omnibus</strong></span> <span class='ocrx_word' id='word_1_249' title='bbox 704 2165 956 2234; x_wconf 78' lang='lat' dir='ltr'><strong>colligere</strong></span> <span class='ocrx_word' id='word_1_250' title='bbox 1000 2161 1288 2218; x_wconf 88' lang='lat' dir='ltr'><strong>volentium</strong></span> <span class='ocrx_word' id='word_1_251' title='bbox 1320 2203 1334 2228; x_wconf 91' lang='lat'><strong>,</strong></span> <span class='ocrx_word' id='word_1_252' title='bbox 1370 2180 1434 2218; x_wconf 83' lang='lat' dir='ltr'><strong>ex</strong></span> <span class='ocrx_word' id='word_1_253' title='bbox 1474 2164 1633 2219; x_wconf 88' lang='lat' dir='ltr'><strong>malis</strong></span> <span class='ocrx_word' id='word_1_254' title='bbox 1664 2180 1813 2230; x_wconf 85' lang='lat' dir='ltr'><strong>vero,</strong></span> <span class='ocrx_word' id='word_1_255' title='bbox 1878 2179 1998 2235; x_wconf 72' lang='lat' dir='ltr'><strong>qua:</strong></span> 
     </span>
    </p>
   </div>
   <div class='ocr_carea' id='block_1_38' title="bbox 428 2254 1994 2327">
    <p class='ocr_par' dir='ltr' id='par_1_38' title="bbox 428 2254 1994 2327">
     <span class='ocr_line' id='line_1_38' title="bbox 428 2254 1994 2327; baseline 0 -16"><span class='ocrx_word' id='word_1_256' title='bbox 428 2258 602 2327; x_wconf 87' lang='lat' dir='ltr'><strong>magis</strong></span> <span class='ocrx_word' id='word_1_257' title='bbox 680 2255 909 2311; x_wconf 81' lang='lat' dir='ltr'><strong>fortasse</strong></span> <span class='ocrx_word' id='word_1_258' title='bbox 978 2254 1318 2310; x_wconf 90' lang='lat' dir='ltr'><strong>delectantur</strong></span> <span class='ocrx_word' id='word_1_259' title='bbox 1395 2256 1601 2322; x_wconf 88' lang='lat' dir='ltr'><strong>audire,</strong></span> <span class='ocrx_word' id='word_1_260' title='bbox 1683 2258 1994 2312; x_wconf 87' lang='lat' dir='ltr'><strong>scandalum</strong></span> 
     </span>
    </p>
   </div>
   <div class='ocr_carea' id='block_1_39' title="bbox 425 2346 1997 2418">
    <p class='ocr_par' dir='ltr' id='par_1_39' title="bbox 425 2346 1997 2418">
     <span class='ocr_line' id='line_1_39' title="bbox 425 2346 1997 2418; baseline 0 -14"><span class='ocrx_word' id='word_1_261' title='bbox 425 2346 752 2418; x_wconf 83' lang='lat' dir='ltr'><strong>capientium</strong></span> <span class='ocrx_word' id='word_1_262' title='bbox 803 2365 820 2399; x_wconf 87' lang='lat'><strong>:</strong></span> <span class='ocrx_word' id='word_1_263' title='bbox 857 2360 974 2415; x_wconf 71' lang='lat' dir='ltr'><strong>quae</strong></span> <span class='ocrx_word' id='word_1_264' title='bbox 1026 2346 1203 2401; x_wconf 89' lang='lat' dir='ltr'><strong>omnia</strong></span> <span class='ocrx_word' id='word_1_265' title='bbox 1241 2347 1467 2401; x_wconf 68' lang='lat' dir='ltr'><strong>inﬁrma:</strong></span> <span class='ocrx_word' id='word_1_266' title='bbox 1517 2356 1572 2401; x_wconf 91' lang='lat' dir='ltr'><strong>et</strong></span> <span class='ocrx_word' id='word_1_267' title='bbox 1624 2348 1824 2403; x_wconf 54' lang='lat' dir='ltr'><strong>vitiata!</strong></span> <span class='ocrx_word' id='word_1_268' title='bbox 1869 2364 1997 2404; x_wconf 90' lang='lat' dir='ltr'><strong>con-</strong></span> 
     </span>
    </p>
   </div>
   <div class='ocr_carea' id='block_1_40' title="bbox 427 2437 1077 2496">
    <p class='ocr_par' dir='ltr' id='par_1_40' title="bbox 427 2437 1077 2496">
     <span class='ocr_line' id='line_1_40' title="bbox 427 2437 1077 2496; baseline -0.005 0"><span class='ocrx_word' id='word_1_269' title='bbox 427 2440 669 2496; x_wconf 71' lang='lat' dir='ltr'><strong>scientiae</strong></span> <span class='ocrx_word' id='word_1_270' title='bbox 700 2437 896 2493; x_wconf 91' lang='lat' dir='ltr'><strong>indicia</strong></span> <span class='ocrx_word' id='word_1_271' title='bbox 929 2447 1077 2493; x_wconf 91' lang='lat' dir='ltr'><strong>sunt.</strong></span> 
     </span>
    </p>
   </div>
   <div class='ocr_carea' id='block_1_41' title="bbox 704 2528 1361 2600">
    <p class='ocr_par' dir='ltr' id='par_1_41' title="bbox 704 2528 1361 2600">
     <span class='ocr_line' id='line_1_41' title="bbox 704 2528 1361 2600; baseline 0.006 -19"><span class='ocrx_word' id='word_1_272' title='bbox 704 2536 707 2541; x_wconf 76' lang='lat'><strong>‘</strong></span> <span class='ocrx_word' id='word_1_273' title='bbox 1023 2528 1098 2584; x_wconf 90' lang='lat' dir='ltr'><strong>De</strong></span> <span class='ocrx_word' id='word_1_274' title='bbox 1137 2530 1361 2600; x_wconf 76' lang='lat' dir='ltr'><strong>jejunio.</strong></span> 
     </span>
    </p>
   </div>
   <div class='ocr_carea' id='block_1_42' title="bbox 498 2622 1994 2693">
    <p class='ocr_par' dir='ltr' id='par_1_42' title="bbox 498 2622 1994 2693">
     <span class='ocr_line' id='line_1_42' title="bbox 498 2622 1994 2693; baseline 0.001 -16"><span class='ocrx_word' id='word_1_275' title='bbox 498 2622 723 2678; x_wconf 86' lang='lat' dir='ltr'><strong>Plurimi</strong></span> <span class='ocrx_word' id='word_1_276' title='bbox 756 2623 883 2679; x_wconf 91' lang='lat' dir='ltr'><strong>item</strong></span> <span class='ocrx_word' id='word_1_277' title='bbox 909 2630 1053 2685; x_wconf 91' lang='lat' dir='ltr'><strong>sunt,</strong></span> <span class='ocrx_word' id='word_1_278' title='bbox 1113 2623 1199 2691; x_wconf 88' lang='lat' dir='ltr'><strong>qui</strong></span> <span class='ocrx_word' id='word_1_279' title='bbox 1244 2623 1637 2689; x_wconf 79' lang='lat' dir='ltr'><strong>Occidentales,</strong></span> <span class='ocrx_word' id='word_1_280' title='bbox 1692 2624 1834 2693; x_wconf 80' lang='lat' dir='ltr'><strong>quod</strong></span> <span class='ocrx_word' id='word_1_281' title='bbox 1891 2639 1994 2680; x_wconf 92' lang='lat' dir='ltr'><strong>non</strong></span> 
     </span>
    </p>
   </div>
   <div class='ocr_carea' id='block_1_43' title="bbox 432 2714 1995 2787">
    <p class='ocr_par' dir='ltr' id='par_1_43' title="bbox 432 2714 1995 2787">
     <span class='ocr_line' id='line_1_43' title="bbox 432 2714 1995 2787; baseline 0.001 -17"><span class='ocrx_word' id='word_1_282' title='bbox 432 2727 489 2770; x_wconf 91' lang='lat' dir='ltr'><strong>ut</strong></span> <span class='ocrx_word' id='word_1_283' title='bbox 520 2717 620 2787; x_wconf 82' lang='lat' dir='ltr'><strong>ipsi</strong></span> <span class='ocrx_word' id='word_1_284' title='bbox 646 2716 914 2786; x_wconf 89' lang='lat' dir='ltr'><strong>jejunant,</strong></span> <span class='ocrx_word' id='word_1_285' title='bbox 952 2714 1302 2779; x_wconf 89' lang='lat' dir='ltr'><strong>insimulant;</strong></span> <span class='ocrx_word' id='word_1_286' title='bbox 1340 2714 1442 2770; x_wconf 90' lang='lat' dir='ltr'><strong>hoc</strong></span> <span class='ocrx_word' id='word_1_287' title='bbox 1477 2727 1657 2771; x_wconf 91' lang='lat' dir='ltr'><strong>autem</strong></span> <span class='ocrx_word' id='word_1_288' title='bbox 1690 2716 1995 2771; x_wconf 73' lang='lat' dir='ltr'><strong>Pharisaeo-</strong></span> 
     </span>
    </p>
   </div>
   <div class='ocr_carea' id='block_1_44' title="bbox 428 2806 1997 2865">
    <p class='ocr_par' dir='ltr' id='par_1_44' title="bbox 428 2806 1997 2865">
     <span class='ocr_line' id='line_1_44' title="bbox 428 2806 1997 2865; baseline 0.003 -4"><span class='ocrx_word' id='word_1_289' title='bbox 428 2824 548 2863; x_wconf 93' lang='lat' dir='ltr'><strong>rum</strong></span> <span class='ocrx_word' id='word_1_290' title='bbox 593 2808 912 2863; x_wconf 85' lang='lat' dir='ltr'><strong>criminibus</strong></span> <span class='ocrx_word' id='word_1_291' title='bbox 949 2806 1285 2861; x_wconf 88' lang='lat' dir='ltr'><strong>simillimum</strong></span> <span class='ocrx_word' id='word_1_292' title='bbox 1337 2816 1441 2862; x_wconf 91' lang='lat' dir='ltr'><strong>est.</strong></span> <span class='ocrx_word' id='word_1_293' title='bbox 1490 2806 1557 2862; x_wconf 76' lang='lat' dir='ltr'><strong>Et</strong></span> <span class='ocrx_word' id='word_1_294' title='bbox 1611 2818 1761 2864; x_wconf 85' lang='lat' dir='ltr'><strong>certe</strong></span> <span class='ocrx_word' id='word_1_295' title='bbox 1808 2810 1997 2865; x_wconf 84' lang='lat' dir='ltr'><strong>Arme-</strong></span> 
     </span>
    </p>
   </div>
   <div class='ocr_carea' id='block_1_45' title="bbox 432 2897 1992 2969">
    <p class='ocr_par' dir='ltr' id='par_1_45' title="bbox 432 2897 1992 2969">
     <span class='ocr_line' id='line_1_45' title="bbox 432 2897 1992 2969; baseline 0 -17"><span class='ocrx_word' id='word_1_296' title='bbox 432 2901 551 2954; x_wconf 89' lang='lat' dir='ltr'><strong>nios</strong></span> <span class='ocrx_word' id='word_1_297' title='bbox 608 2899 660 2953; x_wconf 91' lang='lat' dir='ltr'><strong>in</strong></span> <span class='ocrx_word' id='word_1_298' title='bbox 700 2898 946 2969; x_wconf 89' lang='lat' dir='ltr'><strong>jejuniis,</strong></span> <span class='ocrx_word' id='word_1_299' title='bbox 1002 2908 1056 2953; x_wconf 90' lang='lat' dir='ltr'><strong>et</strong></span> <span class='ocrx_word' id='word_1_300' title='bbox 1122 2897 1427 2965; x_wconf 78' lang='lat' dir='ltr'><strong>huiusmodi</strong></span> <span class='ocrx_word' id='word_1_301' title='bbox 1507 2898 1992 2965; x_wconf 88' lang='lat' dir='ltr'><strong>observationibus,</strong></span> 
     </span>
    </p>
   </div>
   <div class='ocr_carea' id='block_1_46' title="bbox 427 2990 1996 3061">
    <p class='ocr_par' dir='ltr' id='par_1_46' title="bbox 427 2990 1996 3061">
     <span class='ocr_line' id='line_1_46' title="bbox 427 2990 1996 3061; baseline -0.001 -14"><span class='ocrx_word' id='word_1_302' title='bbox 427 3001 662 3055; x_wconf 89' lang='lat' dir='ltr'><strong>nostros,</strong></span> <span class='ocrx_word' id='word_1_303' title='bbox 713 2992 832 3046; x_wconf 72' lang='lat' dir='ltr'><strong>sine</strong></span> <span class='ocrx_word' id='word_1_304' title='bbox 867 2990 972 3045; x_wconf 87' lang='lat' dir='ltr'><strong>ulla</strong></span> <span class='ocrx_word' id='word_1_305' title='bbox 1001 2992 1409 3060; x_wconf 86' lang='lat' dir='ltr'><strong>comparatione</strong></span> <span class='ocrx_word' id='word_1_306' title='bbox 1464 3005 1721 3060; x_wconf 86' lang='lat' dir='ltr'><strong>superare</strong></span> <span class='ocrx_word' id='word_1_307' title='bbox 1782 3007 1996 3061; x_wconf 84' lang='lat' dir='ltr'><strong>compe-</strong></span> 
     </span>
    </p>
   </div>
   <div class='ocr_carea' id='block_1_47' title="bbox 425 3081 2064 3173">
    <p class='ocr_par' dir='ltr' id='par_1_47' title="bbox 425 3081 2064 3173">
     <span class='ocr_line' id='line_1_47' title="bbox 425 3081 2064 3173; baseline -0.001 -36"><span class='ocrx_word' id='word_1_308' title='bbox 425 3083 646 3137; x_wconf 74' lang='lat' dir='ltr'><strong>rictJta</strong></span> <span class='ocrx_word' id='word_1_309' title='bbox 679 3083 825 3173; x_wconf 85' lang='lat' dir='ltr'><strong>enim</strong></span> <span class='ocrx_word' id='word_1_310' title='bbox 873 3081 945 3136; x_wconf 91' lang='lat' dir='ltr'><strong>illi</strong></span> <span class='ocrx_word' id='word_1_311' title='bbox 984 3082 1144 3173; x_wconf 83' lang='lat' dir='ltr'><strong>cibis,</strong></span> <span class='ocrx_word' id='word_1_312' title='bbox 1196 3085 1414 3152; x_wconf 87' lang='lat' dir='ltr'><strong>quando</strong></span> <span class='ocrx_word' id='word_1_313' title='bbox 1450 3083 1700 3153; x_wconf 88' lang='lat' dir='ltr'><strong>jejunant</strong></span> <span class='ocrx_word' id='word_1_314' title='bbox 1731 3082 1993 3153; x_wconf 85' lang='lat' dir='ltr'><strong>(jejunaut</strong></span> <span class='ocrx_word' id='word_1_315' title='bbox 2021 3113 2064 3173; x_wconf 68' lang='grc' dir='ltr'>ρ</span> 
     </span>
    </p>
   </div>
   <div class='ocr_carea' id='block_1_48' title="bbox 425 3170 1986 3242">
    <p class='ocr_par' dir='ltr' id='par_1_48' title="bbox 425 3170 1986 3242">
     <span class='ocr_line' id='line_1_48' title="bbox 425 3170 1986 3242; baseline 0.001 -16"><span class='ocrx_word' id='word_1_316' title='bbox 425 3182 605 3227; x_wconf 77' lang='lat' dir='ltr'><strong>autem</strong></span> <span class='ocrx_word' id='word_1_317' title='bbox 644 3172 765 3242; x_wconf 90' lang='lat' dir='ltr'><strong>plus</strong></span> <span class='ocrx_word' id='word_1_318' title='bbox 793 3170 1046 3241; x_wconf 73' lang='lat' dir='ltr'><strong>czeteris),</strong></span> <span class='ocrx_word' id='word_1_319' title='bbox 1077 3173 1385 3227; x_wconf 79' lang='lat' dir='ltr'><strong>abstinent:</strong></span> <span class='ocrx_word' id='word_1_320' title='bbox 1417 3182 1473 3227; x_wconf 92' lang='lat' dir='ltr'><strong>ut</strong></span> <span class='ocrx_word' id='word_1_321' title='bbox 1502 3175 1545 3228; x_wconf 90' lang='lat' dir='ltr'><strong>si</strong></span> <span class='ocrx_word' id='word_1_322' title='bbox 1591 3174 1715 3242; x_wconf 87' lang='lat' dir='ltr'><strong>quis</strong></span> <span class='ocrx_word' id='word_1_323' title='bbox 1767 3188 1834 3227; x_wconf 83' lang='lat' dir='ltr'><strong>ex</strong></span> <span class='ocrx_word' id='word_1_324' title='bbox 1890 3188 1986 3228; x_wconf 81' lang='lat' dir='ltr'><strong>no-</strong></span> 
     </span>
    </p>
   </div>
   <div class='ocr_carea' id='block_1_49' title="bbox 427 3261 1991 3333">
    <p class='ocr_par' dir='ltr' id='par_1_49' title="bbox 427 3261 1991 3333">
     <span class='ocr_line' id='line_1_49' title="bbox 427 3261 1991 3333; baseline 0.001 -16"><span class='ocrx_word' id='word_1_325' title='bbox 427 3264 554 3319; x_wconf 77' lang='lat' dir='ltr'><strong>stris</strong></span> <span class='ocrx_word' id='word_1_326' title='bbox 580 3279 702 3319; x_wconf 90' lang='lat' dir='ltr'><strong>cum</strong></span> <span class='ocrx_word' id='word_1_327' title='bbox 732 3264 837 3318; x_wconf 82' lang='lat' dir='ltr'><strong>illis</strong></span> <span class='ocrx_word' id='word_1_328' title='bbox 875 3261 1082 3333; x_wconf 87' lang='lat' dir='ltr'><strong>jejunio</strong></span> <span class='ocrx_word' id='word_1_329' title='bbox 1109 3264 1467 3330; x_wconf 86' lang='lat' dir='ltr'><strong>contenderit,</strong></span> <span class='ocrx_word' id='word_1_330' title='bbox 1497 3264 1755 3319; x_wconf 86' lang='lat' dir='ltr'><strong>ridiculus</strong></span> <span class='ocrx_word' id='word_1_331' title='bbox 1776 3264 1991 3318; x_wconf 88' lang='lat' dir='ltr'><strong>futurus</strong></span> 
     </span>
    </p>
   </div>
   <div class='ocr_carea' id='block_1_50' title="bbox 432 3352 1991 3418">
    <p class='ocr_par' dir='ltr' id='par_1_50' title="bbox 432 3352 1991 3418">
     <span class='ocr_line' id='line_1_50' title="bbox 432 3352 1991 3418; baseline 0.001 -11"><span class='ocrx_word' id='word_1_332' title='bbox 432 3353 531 3418; x_wconf 80' lang='lat' dir='ltr'><strong>sit;</strong></span> <span class='ocrx_word' id='word_1_333' title='bbox 563 3366 669 3406; x_wconf 90' lang='lat' dir='ltr'><strong>non</strong></span> <span class='ocrx_word' id='word_1_334' title='bbox 719 3362 897 3406; x_wconf 87' lang='lat' dir='ltr'><strong>tamen</strong></span> <span class='ocrx_word' id='word_1_335' title='bbox 952 3352 1075 3407; x_wconf 88' lang='lat' dir='ltr'><strong>illos</strong></span> <span class='ocrx_word' id='word_1_336' title='bbox 1131 3353 1330 3408; x_wconf 91' lang='lat' dir='ltr'><strong>idcirco</strong></span> <span class='ocrx_word' id='word_1_337' title='bbox 1393 3370 1452 3409; x_wconf 93' lang='lat' dir='ltr'><strong>se</strong></span> <span class='ocrx_word' id='word_1_338' title='bbox 1503 3355 1753 3411; x_wconf 89' lang='lat' dir='ltr'><strong>meliores</strong></span> <span class='ocrx_word' id='word_1_339' title='bbox 1798 3355 1991 3411; x_wconf 93' lang='lat' dir='ltr'><strong>dicturi</strong></span> 
     </span>
    </p>
   </div>
   <div class='ocr_carea' id='block_1_51' title="bbox 428 3441 1995 3515">
    <p class='ocr_par' dir='ltr' id='par_1_51' title="bbox 428 3441 1995 3515">
     <span class='ocr_line' id='line_1_51' title="bbox 428 3441 1995 3515; baseline 0.004 -19"><span class='ocrx_word' id='word_1_340' title='bbox 428 3451 571 3497; x_wconf 81' lang='lat' dir='ltr'><strong>sunt.</strong></span> <span class='ocrx_word' id='word_1_341' title='bbox 607 3441 839 3497; x_wconf 90' lang='lat' dir='ltr'><strong>Omnino</strong></span> <span class='ocrx_word' id='word_1_342' title='bbox 861 3452 1041 3498; x_wconf 89' lang='lat' dir='ltr'><strong>autem</strong></span> <span class='ocrx_word' id='word_1_343' title='bbox 1074 3445 1141 3498; x_wconf 92' lang='lat' dir='ltr'><strong>de</strong></span> <span class='ocrx_word' id='word_1_344' title='bbox 1174 3444 1327 3505; x_wconf 89' lang='lat' dir='ltr'><strong>cibis.</strong></span> <span class='ocrx_word' id='word_1_345' title='bbox 1358 3453 1412 3499; x_wconf 83' lang='lat' dir='ltr'><strong>et</strong></span> <span class='ocrx_word' id='word_1_346' title='bbox 1439 3446 1673 3515; x_wconf 88' lang='lat' dir='ltr'><strong>potibus,</strong></span> <span class='ocrx_word' id='word_1_347' title='bbox 1730 3457 1786 3501; x_wconf 90' lang='lat' dir='ltr'><strong>et</strong></span> <span class='ocrx_word' id='word_1_348' title='bbox 1837 3446 1995 3502; x_wconf 87' lang='lat' dir='ltr'><strong>indu-</strong></span> 
     </span>
    </p>
   </div>
   <div class='ocr_carea' id='block_1_52' title="bbox 428 3535 1993 3608">
    <p class='ocr_par' dir='ltr' id='par_1_52' title="bbox 428 3535 1993 3608">
     <span class='ocr_line' id='line_1_52' title="bbox 428 3535 1993 3608; baseline 0.004 -22"><span class='ocrx_word' id='word_1_349' title='bbox 428 3535 643 3600; x_wconf 89' lang='lat' dir='ltr'><strong>mentis,</strong></span> <span class='ocrx_word' id='word_1_350' title='bbox 674 3549 899 3605; x_wconf 68' lang='lat' dir='ltr'><strong>quaaque</strong></span> <span class='ocrx_word' id='word_1_351' title='bbox 934 3536 1029 3604; x_wconf 90' lang='lat' dir='ltr'><strong>ipsi</strong></span> <span class='ocrx_word' id='word_1_352' title='bbox 1060 3536 1301 3591; x_wconf 85' lang='lat' dir='ltr'><strong>faciunt:</strong></span> <span class='ocrx_word' id='word_1_353' title='bbox 1335 3535 1577 3601; x_wconf 86' lang='lat' dir='ltr'><strong>Latinos,</strong></span> <span class='ocrx_word' id='word_1_354' title='bbox 1610 3539 1735 3608; x_wconf 89' lang='lat' dir='ltr'><strong>quia</strong></span> <span class='ocrx_word' id='word_1_355' title='bbox 1763 3554 1993 3595; x_wconf 86' lang='lat' dir='ltr'><strong>consue-</strong></span> 
     </span>
    </p>
   </div>
   <div class='ocr_carea' id='block_1_53' title="bbox 429 3625 1991 3699">
    <p class='ocr_par' dir='ltr' id='par_1_53' title="bbox 429 3625 1991 3699">
     <span class='ocr_line' id='line_1_53' title="bbox 429 3625 1991 3699; baseline 0.004 -21"><span class='ocrx_word' id='word_1_356' title='bbox 429 3625 705 3681; x_wconf 89' lang='lat' dir='ltr'><strong>tudinibus</strong></span> <span class='ocrx_word' id='word_1_357' title='bbox 763 3627 896 3689; x_wconf 87' lang='lat' dir='ltr'><strong>suis,</strong></span> <span class='ocrx_word' id='word_1_358' title='bbox 937 3643 1070 3697; x_wconf 90' lang='lat' dir='ltr'><strong>quas</strong></span> <span class='ocrx_word' id='word_1_359' title='bbox 1096 3629 1338 3684; x_wconf 89' lang='lat' dir='ltr'><strong>abinitio</strong></span> <span class='ocrx_word' id='word_1_360' title='bbox 1383 3640 1727 3699; x_wconf 87' lang='lat' dir='ltr'><strong>acceperunt,</strong></span> <span class='ocrx_word' id='word_1_361' title='bbox 1756 3640 1991 3695; x_wconf 82' lang='lat' dir='ltr'><strong>utentes,</strong></span> 
     </span>
    </p>
   </div>
   <div class='ocr_carea' id='block_1_54' title="bbox 426 3718 1995 3788">
    <p class='ocr_par' dir='ltr' id='par_1_54' title="bbox 426 3718 1995 3788">
     <span class='ocr_line' id='line_1_54' title="bbox 426 3718 1995 3788; baseline 0.003 -17"><span class='ocrx_word' id='word_1_362' title='bbox 426 3733 534 3772; x_wconf 92' lang='lat' dir='ltr'><strong>non</strong></span> <span class='ocrx_word' id='word_1_363' title='bbox 566 3718 788 3784; x_wconf 86' lang='lat' dir='ltr'><strong>faciunt,</strong></span> <span class='ocrx_word' id='word_1_364' title='bbox 820 3719 1102 3775; x_wconf 69' lang='lat' dir='ltr'><strong>hmreticos</strong></span> <span class='ocrx_word' id='word_1_365' title='bbox 1131 3728 1333 3775; x_wconf 87' lang='lat' dir='ltr'><strong>notant.</strong></span> <span class='ocrx_word' id='word_1_366' title='bbox 1383 3720 1584 3775; x_wconf 83' lang='lat' dir='ltr'><strong>Volunt</strong></span> <span class='ocrx_word' id='word_1_367' title='bbox 1612 3722 1782 3788; x_wconf 92' lang='lat' dir='ltr'><strong>enim,</strong></span> <span class='ocrx_word' id='word_1_368' title='bbox 1816 3723 1860 3776; x_wconf 89' lang='lat' dir='ltr'><strong>si</strong></span> <span class='ocrx_word' id='word_1_369' title='bbox 1913 3721 1995 3776; x_wconf 88' lang='lat' dir='ltr'><strong>fas</strong></span> 
     </span>
    </p>
   </div>
   <div class='ocr_carea' id='block_1_55' title="bbox 426 3805 1988 3875">
    <p class='ocr_par' dir='ltr' id='par_1_55' title="bbox 426 3805 1988 3875">
     <span class='ocr_line' id='line_1_55' title="bbox 426 3805 1988 3875; baseline 0.005 -18"><span class='ocrx_word' id='word_1_370' title='bbox 426 3805 517 3866; x_wconf 88' lang='lat' dir='ltr'><strong>sit,</strong></span> <span class='ocrx_word' id='word_1_371' title='bbox 568 3820 757 3861; x_wconf 85' lang='lat' dir='ltr'><strong>omnes</strong></span> <span class='ocrx_word' id='word_1_372' title='bbox 791 3808 953 3861; x_wconf 89' lang='lat' dir='ltr'><strong>t0tius</strong></span> <span class='ocrx_word' id='word_1_373' title='bbox 990 3807 1137 3861; x_wconf 89' lang='lat' dir='ltr'><strong>orbis</strong></span> <span class='ocrx_word' id='word_1_374' title='bbox 1189 3818 1399 3875; x_wconf 80' lang='lat' dir='ltr'><strong>gentes.</strong></span> <span class='ocrx_word' id='word_1_375' title='bbox 1459 3810 1559 3864; x_wconf 86' lang='lat' dir='ltr'><strong>sub</strong></span> <span class='ocrx_word' id='word_1_376' title='bbox 1618 3823 1778 3863; x_wconf 91' lang='lat' dir='ltr'><strong>unam</strong></span> <span class='ocrx_word' id='word_1_377' title='bbox 1831 3810 1988 3865; x_wconf 87' lang='lat' dir='ltr'><strong>indu-</strong></span> 
     </span>
    </p>
   </div>
   <div class='ocr_carea' id='block_1_56' title="bbox 426 3897 1991 3966">
    <p class='ocr_par' dir='ltr' id='par_1_56' title="bbox 426 3897 1991 3966">
     <span class='ocr_line' id='line_1_56' title="bbox 426 3897 1991 3966; baseline 0.008 -20"><span class='ocrx_word' id='word_1_378' title='bbox 426 3908 548 3949; x_wconf 90' lang='lat' dir='ltr'><strong>cere</strong></span> <span class='ocrx_word' id='word_1_379' title='bbox 592 3897 1062 3959; x_wconf 90' lang='lat' dir='ltr'><strong>consuetudinem,</strong></span> <span class='ocrx_word' id='word_1_380' title='bbox 1087 3905 1139 3951; x_wconf 90' lang='lat' dir='ltr'><strong>et</strong></span> <span class='ocrx_word' id='word_1_381' title='bbox 1163 3898 1360 3966; x_wconf 88' lang='lat' dir='ltr'><strong>quibus</strong></span> <span class='ocrx_word' id='word_1_382' title='bbox 1388 3899 1487 3966; x_wconf 93' lang='lat' dir='ltr'><strong>ipsi</strong></span> <span class='ocrx_word' id='word_1_383' title='bbox 1520 3908 1772 3964; x_wconf 90' lang='lat' dir='ltr'><strong>utuntur,</strong></span> <span class='ocrx_word' id='word_1_384' title='bbox 1799 3916 1991 3959; x_wconf 89' lang='lat' dir='ltr'><strong>omnes</strong></span> 
     </span>
    </p>
   </div>
   <div class='ocr_carea' id='block_1_57' title="bbox 426 3985 1995 4060">
    <p class='ocr_par' dir='ltr' id='par_1_57' title="bbox 426 3985 1995 4060">
     <span class='ocr_line' id='line_1_57' title="bbox 426 3985 1995 4060; baseline 0.007 -23"><span class='ocrx_word' id='word_1_385' title='bbox 426 3985 677 4039; x_wconf 83' lang='lat' dir='ltr'><strong>similiter</strong></span> <span class='ocrx_word' id='word_1_386' title='bbox 702 3990 776 4038; x_wconf 89' lang='lat' dir='ltr'><strong>uti</strong></span> <span class='ocrx_word' id='word_1_387' title='bbox 803 4003 816 4037; x_wconf 91' lang='lat'><strong>:</strong></span> <span class='ocrx_word' id='word_1_388' title='bbox 857 3988 1183 4049; x_wconf 85' lang='lat' dir='ltr'><strong>nescientes,</strong></span> <span class='ocrx_word' id='word_1_389' title='bbox 1213 4001 1274 4041; x_wconf 89' lang='lat' dir='ltr'><strong>se</strong></span> <span class='ocrx_word' id='word_1_390' title='bbox 1305 3988 1447 4055; x_wconf 87' lang='lat' dir='ltr'><strong>ipsos</strong></span> <span class='ocrx_word' id='word_1_391' title='bbox 1474 3990 1634 4043; x_wconf 90' lang='lat' dir='ltr'><strong>etiam</strong></span> <span class='ocrx_word' id='word_1_392' title='bbox 1680 4007 1710 4046; x_wconf 87' lang='lat' dir='ltr'><strong>a</strong></span> <span class='ocrx_word' id='word_1_393' title='bbox 1747 3992 1995 4060; x_wconf 89' lang='lat' dir='ltr'><strong>plurimis</strong></span> 
     </span>
    </p>
   </div>
   <div class='ocr_carea' id='block_1_58' title="bbox 428 4073 1997 4149">
    <p class='ocr_par' dir='ltr' id='par_1_58' title="bbox 428 4073 1997 4149">
     <span class='ocr_line' id='line_1_58' title="bbox 428 4073 1997 4149; baseline 0.006 -22"><span class='ocrx_word' id='word_1_394' title='bbox 428 4077 481 4127; x_wconf 91' lang='lat' dir='ltr'><strong>in</strong></span> <span class='ocrx_word' id='word_1_395' title='bbox 509 4073 817 4142; x_wconf 86' lang='lat' dir='ltr'><strong>hujusmodi</strong></span> <span class='ocrx_word' id='word_1_396' title='bbox 874 4089 1029 4142; x_wconf 85' lang='lat' dir='ltr'><strong>posse</strong></span> <span class='ocrx_word' id='word_1_397' title='bbox 1080 4076 1441 4144; x_wconf 77' lang='lat' dir='ltr'><strong>reprehendi:</strong></span> <span class='ocrx_word' id='word_1_398' title='bbox 1508 4093 1682 4148; x_wconf 88' lang='lat' dir='ltr'><strong>neque</strong></span> <span class='ocrx_word' id='word_1_399' title='bbox 1745 4082 1997 4149; x_wconf 87' lang='lat' dir='ltr'><strong>possibile</strong></span> 
     </span>
    </p>
   </div>
   <div class='ocr_carea' id='block_1_59' title="bbox 426 4165 1994 4231">
    <p class='ocr_par' dir='ltr' id='par_1_59' title="bbox 426 4165 1994 4231">
     <span class='ocr_line' id='line_1_59' title="bbox 426 4165 1994 4231; baseline 0.008 -14"><span class='ocrx_word' id='word_1_400' title='bbox 426 4172 508 4217; x_wconf 85' lang='lat' dir='ltr'><strong>est</strong></span> <span class='ocrx_word' id='word_1_401' title='bbox 534 4165 774 4217; x_wconf 88' lang='lat' dir='ltr'><strong>eamdem</strong></span> <span class='ocrx_word' id='word_1_402' title='bbox 805 4167 944 4231; x_wconf 88' lang='lat' dir='ltr'><strong>apud</strong></span> <span class='ocrx_word' id='word_1_403' title='bbox 971 4180 1161 4221; x_wconf 88' lang='lat' dir='ltr'><strong>omnes</strong></span> <span class='ocrx_word' id='word_1_404' title='bbox 1194 4182 1402 4222; x_wconf 90' lang='lat' dir='ltr'><strong>morum</strong></span> <span class='ocrx_word' id='word_1_405' title='bbox 1444 4185 1686 4224; x_wconf 88' lang='lat' dir='ltr'><strong>normam</strong></span> <span class='ocrx_word' id='word_1_406' title='bbox 1729 4172 1994 4228; x_wconf 87' lang='lat' dir='ltr'><strong>obtinere.</strong></span> 
     </span>
    </p>
   </div>
   <div class='ocr_carea' id='block_1_60' title="bbox 496 4254 1994 4334">
    <p class='ocr_par' dir='ltr' id='par_1_60' title="bbox 496 4254 1994 4334">
     <span class='ocr_line' id='line_1_60' title="bbox 496 4254 1994 4334; baseline 0.008 -28"><span class='ocrx_word' id='word_1_407' title='bbox 496 4254 637 4309; x_wconf 84' lang='lat' dir='ltr'><strong>Nihil</strong></span> <span class='ocrx_word' id='word_1_408' title='bbox 662 4264 837 4310; x_wconf 90' lang='lat' dir='ltr'><strong>tamen</strong></span> <span class='ocrx_word' id='word_1_409' title='bbox 866 4268 957 4311; x_wconf 86' lang='lat' dir='ltr'><strong>aut</strong></span> <span class='ocrx_word' id='word_1_410' title='bbox 994 4271 1230 4325; x_wconf 89' lang='lat' dir='ltr'><strong>nostros,</strong></span> <span class='ocrx_word' id='word_1_411' title='bbox 1265 4268 1356 4314; x_wconf 87' lang='lat' dir='ltr'><strong>aut</strong></span> <span class='ocrx_word' id='word_1_412' title='bbox 1387 4260 1526 4328; x_wconf 90' lang='lat' dir='ltr'><strong>illos,</strong></span> <span class='ocrx_word' id='word_1_413' title='bbox 1563 4262 1643 4316; x_wconf 89' lang='lat' dir='ltr'><strong>vel</strong></span> <span class='ocrx_word' id='word_1_414' title='bbox 1694 4264 1994 4334; x_wconf 81' lang='lat' dir='ltr'><strong>linguarum</strong></span> 
     </span>
    </p>
   </div>
   <div class='ocr_carea' id='block_1_61' title="bbox 426 4344 1993 4428">
    <p class='ocr_par' dir='ltr' id='par_1_61' title="bbox 426 4344 1993 4428">
     <span class='ocr_line' id='line_1_61' title="bbox 426 4344 1993 4428; baseline 0.01 -30"><span class='ocrx_word' id='word_1_415' title='bbox 426 4344 751 4411; x_wconf 69' lang='lat' dir='ltr'><strong>diﬁcrentia,</strong></span> <span class='ocrx_word' id='word_1_416' title='bbox 804 4347 885 4402; x_wconf 88' lang='lat' dir='ltr'><strong>vel</strong></span> <span class='ocrx_word' id='word_1_417' title='bbox 937 4364 1166 4415; x_wconf 91' lang='lat' dir='ltr'><strong>morum,</strong></span> <span class='ocrx_word' id='word_1_418' title='bbox 1213 4353 1294 4405; x_wconf 88' lang='lat' dir='ltr'><strong>vel</strong></span> <span class='ocrx_word' id='word_1_419' title='bbox 1343 4353 1646 4420; x_wconf 76' lang='lat' dir='ltr'><strong>huiusmodi</strong></span> <span class='ocrx_word' id='word_1_420' title='bbox 1680 4358 1993 4428; x_wconf 87' lang='lat' dir='ltr'><strong>quidquam,</strong></span> 
     </span>
    </p>
   </div>
   <div class='ocr_carea' id='block_1_62' title="bbox 2169 1889 3667 1958">
    <p class='ocr_par' dir='ltr' id='par_1_62' title="bbox 2169 1889 3667 1958">
     <span class='ocr_line' id='line_1_62' title="bbox 2169 1889 3667 1958; baseline 0.002 -16"><span class='ocrx_word' id='word_1_421' title='bbox 2169 1889 2222 1942; x_wconf 92' lang='lat' dir='ltr'><strong>Si</strong></span> <span class='ocrx_word' id='word_1_422' title='bbox 2244 1889 2365 1958; x_wconf 83' lang='lat' dir='ltr'><strong>quis</strong></span> <span class='ocrx_word' id='word_1_423' title='bbox 2391 1900 2567 1943; x_wconf 92' lang='lat' dir='ltr'><strong>autem</strong></span> <span class='ocrx_word' id='word_1_424' title='bbox 2588 1890 2918 1945; x_wconf 86' lang='lat' dir='ltr'><strong>manducans</strong></span> <span class='ocrx_word' id='word_1_425' title='bbox 2943 1906 3045 1945; x_wconf 92' lang='lat' dir='ltr'><strong>non</strong></span> <span class='ocrx_word' id='word_1_426' title='bbox 3074 1893 3482 1945; x_wconf 86' lang='lat' dir='ltr'><strong>manducantem</strong></span> <span class='ocrx_word' id='word_1_427' title='bbox 3508 1906 3667 1946; x_wconf 84' lang='lat' dir='ltr'><strong>scan-</strong></span> 
     </span>
    </p>
   </div>
   <div class='ocr_carea' id='block_1_63' title="bbox 2098 1978 3666 2048">
    <p class='ocr_par' dir='ltr' id='par_1_63' title="bbox 2098 1978 3666 2048">
     <span class='ocr_line' id='line_1_63' title="bbox 2098 1978 3666 2048; baseline 0 -15"><span class='ocrx_word' id='word_1_428' title='bbox 2098 1978 2337 2034; x_wconf 84' lang='lat' dir='ltr'><strong>dalizat:</strong></span> <span class='ocrx_word' id='word_1_429' title='bbox 2372 1980 2494 2044; x_wconf 90' lang='lat' dir='ltr'><strong>hoc,</strong></span> <span class='ocrx_word' id='word_1_430' title='bbox 2556 1978 2629 2033; x_wconf 91' lang='lat' dir='ltr'><strong>illi</strong></span> <span class='ocrx_word' id='word_1_431' title='bbox 2658 1979 2874 2048; x_wconf 90' lang='lat' dir='ltr'><strong>quidem</strong></span> <span class='ocrx_word' id='word_1_432' title='bbox 2920 1978 3050 2033; x_wconf 89' lang='lat' dir='ltr'><strong>nihil</strong></span> <span class='ocrx_word' id='word_1_433' title='bbox 3074 1988 3255 2043; x_wconf 91' lang='lat' dir='ltr'><strong>nocet,</strong></span> <span class='ocrx_word' id='word_1_434' title='bbox 3311 1980 3564 2044; x_wconf 79' lang='lat' dir='ltr'><strong>maxime,</strong></span> <span class='ocrx_word' id='word_1_435' title='bbox 3620 1982 3666 2035; x_wconf 93' lang='lat' dir='ltr'><strong>si</strong></span> 
     </span>
    </p>
   </div>
   <div class='ocr_carea' id='block_1_64' title="bbox 2098 2069 3669 2141">
    <p class='ocr_par' dir='ltr' id='par_1_64' title="bbox 2098 2069 3669 2141">
     <span class='ocr_line' id='line_1_64' title="bbox 2098 2069 3669 2141; baseline 0.003 -20"><span class='ocrx_word' id='word_1_436' title='bbox 2098 2084 2202 2141; x_wconf 88' lang='lat' dir='ltr'><strong>qua</strong></span> <span class='ocrx_word' id='word_1_437' title='bbox 2229 2077 2419 2139; x_wconf 89' lang='lat' dir='ltr'><strong>urgeat</strong></span> <span class='ocrx_word' id='word_1_438' title='bbox 2484 2070 2806 2133; x_wconf 88' lang='lat' dir='ltr'><strong>necessitas,</strong></span> <span class='ocrx_word' id='word_1_439' title='bbox 2862 2069 2942 2124; x_wconf 89' lang='lat' dir='ltr'><strong>vel</strong></span> <span class='ocrx_word' id='word_1_440' title='bbox 2987 2069 3251 2135; x_wconf 91' lang='lat' dir='ltr'><strong>locorum,</strong></span> <span class='ocrx_word' id='word_1_441' title='bbox 3304 2084 3669 2139; x_wconf 87' lang='lat' dir='ltr'><strong>corporumve</strong></span> 
     </span>
    </p>
   </div>
   <div class='ocr_carea' id='block_1_65' title="bbox 2099 2159 3670 2232">
    <p class='ocr_par' dir='ltr' id='par_1_65' title="bbox 2099 2159 3670 2232">
     <span class='ocr_line' id='line_1_65' title="bbox 2099 2159 3670 2232; baseline 0.001 -18"><span class='ocrx_word' id='word_1_442' title='bbox 2099 2162 2397 2229; x_wconf 85' lang='lat' dir='ltr'><strong>dispositio.</strong></span> <span class='ocrx_word' id='word_1_443' title='bbox 2429 2159 2663 2215; x_wconf 89' lang='lat' dir='ltr'><strong>lnﬁrmis</strong></span> <span class='ocrx_word' id='word_1_444' title='bbox 2690 2160 2832 2215; x_wconf 89' lang='lat' dir='ltr'><strong>enim</strong></span> <span class='ocrx_word' id='word_1_445' title='bbox 2864 2161 3033 2231; x_wconf 83' lang='lat' dir='ltr'><strong>legem</strong></span> <span class='ocrx_word' id='word_1_446' title='bbox 3058 2176 3164 2215; x_wconf 90' lang='lat' dir='ltr'><strong>non</strong></span> <span class='ocrx_word' id='word_1_447' title='bbox 3193 2174 3337 2225; x_wconf 90' lang='lat' dir='ltr'><strong>esse,</strong></span> <span class='ocrx_word' id='word_1_448' title='bbox 3379 2162 3670 2232; x_wconf 84' lang='lat' dir='ltr'><strong>Apostolus</strong></span> 
     </span>
    </p>
   </div>
   <div class='ocr_carea' id='block_1_66' title="bbox 2098 2249 3667 2320">
    <p class='ocr_par' dir='ltr' id='par_1_66' title="bbox 2098 2249 3667 2320">
     <span class='ocr_line' id='line_1_66' title="bbox 2098 2249 3667 2320; baseline 0.003 -17"><span class='ocrx_word' id='word_1_449' title='bbox 2098 2249 2207 2315; x_wconf 90' lang='lat' dir='ltr'><strong>ait;</strong></span> <span class='ocrx_word' id='word_1_450' title='bbox 2244 2261 2343 2305; x_wconf 85' lang='lat' dir='ltr'><strong>et:</strong></span> <span class='ocrx_word' id='word_1_451' title='bbox 2380 2251 2483 2317; x_wconf 82' lang='lat' dir='ltr'><strong>Qui</strong></span> <span class='ocrx_word' id='word_1_452' title='bbox 2543 2252 2780 2320; x_wconf 81' lang='lat' dir='ltr'><strong>inﬁrmus</strong></span> <span class='ocrx_word' id='word_1_453' title='bbox 2837 2262 2933 2315; x_wconf 84' lang='lat' dir='ltr'><strong>est,</strong></span> <span class='ocrx_word' id='word_1_454' title='bbox 2965 2252 3082 2306; x_wconf 80' lang='lat' dir='ltr'><strong>olus</strong></span> <span class='ocrx_word' id='word_1_455' title='bbox 3115 2252 3394 2306; x_wconf 76' lang='lat' dir='ltr'><strong>inanducet</strong></span> <span class='ocrx_word' id='word_1_456' title='bbox 3450 2253 3516 2307; x_wconf 82' lang='lat'><strong>&#39;°.</strong></span> <span class='ocrx_word' id='word_1_457' title='bbox 3578 2253 3667 2317; x_wconf 87' lang='lat' dir='ltr'><strong>Et,</strong></span> 
     </span>
    </p>
   </div>
   <div class='ocr_carea' id='block_1_67' title="bbox 2098 2342 3671 2399">
    <p class='ocr_par' dir='ltr' id='par_1_67' title="bbox 2098 2342 3671 2399">
     <span class='ocr_line' id='line_1_67' title="bbox 2098 2342 3671 2399; baseline 0.003 -4"><span class='ocrx_word' id='word_1_458' title='bbox 2098 2342 2315 2396; x_wconf 86' lang='lat' dir='ltr'><strong>mundis</strong></span> <span class='ocrx_word' id='word_1_459' title='bbox 2349 2342 2545 2396; x_wconf 87' lang='lat' dir='ltr'><strong>munda</strong></span> <span class='ocrx_word' id='word_1_460' title='bbox 2579 2352 2707 2396; x_wconf 89' lang='lat' dir='ltr'><strong>sunt</strong></span> <span class='ocrx_word' id='word_1_461' title='bbox 2741 2343 2903 2396; x_wconf 88' lang='lat' dir='ltr'><strong>etiam</strong></span> <span class='ocrx_word' id='word_1_462' title='bbox 2936 2343 3230 2397; x_wconf 89' lang='lat' dir='ltr'><strong>immunda.</strong></span> <span class='ocrx_word' id='word_1_463' title='bbox 3253 2344 3549 2399; x_wconf 87' lang='lat' dir='ltr'><strong>lmmundis</strong></span> <span class='ocrx_word' id='word_1_464' title='bbox 3578 2359 3671 2399; x_wconf 80' lang='lat' dir='ltr'><strong>ve-</strong></span> 
     </span>
    </p>
   </div>
   <div class='ocr_carea' id='block_1_68' title="bbox 2100 2431 3667 2501">
    <p class='ocr_par' dir='ltr' id='par_1_68' title="bbox 2100 2431 3667 2501">
     <span class='ocr_line' id='line_1_68' title="bbox 2100 2431 3667 2501; baseline 0.001 -15"><span class='ocrx_word' id='word_1_465' title='bbox 2100 2447 2161 2486; x_wconf 92' lang='lat' dir='ltr'><strong>ro</strong></span> <span class='ocrx_word' id='word_1_466' title='bbox 2189 2433 2365 2486; x_wconf 88' lang='lat' dir='ltr'><strong>omnia</strong></span> <span class='ocrx_word' id='word_1_467' title='bbox 2394 2432 2663 2485; x_wconf 86' lang='lat' dir='ltr'><strong>immunda</strong></span> <span class='ocrx_word' id='word_1_468' title='bbox 2682 2442 2822 2485; x_wconf 83' lang='lat' dir='ltr'><strong>sunt.</strong></span> <span class='ocrx_word' id='word_1_469' title='bbox 2856 2431 3150 2501; x_wconf 85' lang='lat' dir='ltr'><strong>Inquinata</strong></span> <span class='ocrx_word' id='word_1_470' title='bbox 3180 2434 3317 2488; x_wconf 85' lang='lat' dir='ltr'><strong>enim</strong></span> <span class='ocrx_word' id='word_1_471' title='bbox 3343 2445 3416 2488; x_wconf 89' lang='lat' dir='ltr'><strong>est</strong></span> <span class='ocrx_word' id='word_1_472' title='bbox 3447 2434 3667 2489; x_wconf 77' lang='lat' dir='ltr'><strong>illorum</strong></span> 
     </span>
    </p>
   </div>
   <div class='ocr_carea' id='block_1_69' title="bbox 2098 2524 3668 2594">
    <p class='ocr_par' dir='ltr' id='par_1_69' title="bbox 2098 2524 3668 2594">
     <span class='ocr_line' id='line_1_69' title="bbox 2098 2524 3668 2594; baseline 0.001 -15"><span class='ocrx_word' id='word_1_473' title='bbox 2098 2543 2262 2591; x_wconf 85' lang='lat' dir='ltr'><strong>mem,</strong></span> <span class='ocrx_word' id='word_1_474' title='bbox 2318 2535 2365 2579; x_wconf 86' lang='lat' dir='ltr'><strong>et</strong></span> <span class='ocrx_word' id='word_1_475' title='bbox 2422 2527 2741 2579; x_wconf 87' lang='lat' dir='ltr'><strong>conscientia</strong></span> <span class='ocrx_word' id='word_1_476' title='bbox 2798 2526 2866 2579; x_wconf 82' lang='grc'><strong>³³.</strong></span> <span class='ocrx_word' id='word_1_477' title='bbox 2905 2524 3035 2594; x_wconf 88' lang='lat' dir='ltr'><strong>Ejus</strong></span> <span class='ocrx_word' id='word_1_478' title='bbox 3100 2541 3229 2582; x_wconf 83' lang='lat' dir='ltr'><strong>vero</strong></span> <span class='ocrx_word' id='word_1_479' title='bbox 3281 2527 3668 2581; x_wconf 82' lang='lat' dir='ltr'><strong>conscientiam</strong></span> 
     </span>
    </p>
   </div>
   <div class='ocr_carea' id='block_1_70' title="bbox 2100 2616 3662 2686">
    <p class='ocr_par' dir='ltr' id='par_1_70' title="bbox 2100 2616 3662 2686">
     <span class='ocr_line' id='line_1_70' title="bbox 2100 2616 3662 2686; baseline -0.001 -14"><span class='ocrx_word' id='word_1_480' title='bbox 2100 2618 2370 2672; x_wconf 88' lang='lat' dir='ltr'><strong>inﬁrmam</strong></span> <span class='ocrx_word' id='word_1_481' title='bbox 2398 2616 2703 2672; x_wconf 87' lang='lat' dir='ltr'><strong>claudicare</strong></span> <span class='ocrx_word' id='word_1_482' title='bbox 2722 2618 2897 2686; x_wconf 80' lang='lat' dir='ltr'><strong>arguit</strong></span> <span class='ocrx_word' id='word_1_483' title='bbox 2926 2634 2939 2669; x_wconf 89' lang='lat'>:</span> <span class='ocrx_word' id='word_1_484' title='bbox 2982 2617 3125 2685; x_wconf 89' lang='lat' dir='ltr'><strong>quod</strong></span> <span class='ocrx_word' id='word_1_485' title='bbox 3158 2618 3381 2686; x_wconf 89' lang='lat' dir='ltr'><strong>puerilis</strong></span> <span class='ocrx_word' id='word_1_486' title='bbox 3413 2627 3498 2671; x_wconf 82' lang='lat' dir='ltr'><strong>est</strong></span> <span class='ocrx_word' id='word_1_487' title='bbox 3529 2633 3662 2672; x_wconf 88' lang='lat' dir='ltr'><strong>sen-</strong></span> 
     </span>
    </p>
   </div>
   <div class='ocr_carea' id='block_1_71' title="bbox 2098 2708 3670 2779">
    <p class='ocr_par' dir='ltr' id='par_1_71' title="bbox 2098 2708 3670 2779">
     <span class='ocr_line' id='line_1_71' title="bbox 2098 2708 3670 2779; baseline -0.001 -15"><span class='ocrx_word' id='word_1_488' title='bbox 2098 2723 2212 2773; x_wconf 89' lang='lat' dir='ltr'><strong>sus,</strong></span> <span class='ocrx_word' id='word_1_489' title='bbox 2243 2717 2296 2765; x_wconf 92' lang='lat' dir='ltr'><strong>et</strong></span> <span class='ocrx_word' id='word_1_490' title='bbox 2329 2708 2467 2778; x_wconf 81' lang='lat' dir='ltr'><strong>ejus.</strong></span> <span class='ocrx_word' id='word_1_491' title='bbox 2523 2708 2615 2777; x_wconf 87' lang='lat' dir='ltr'><strong>qui</strong></span> <span class='ocrx_word' id='word_1_492' title='bbox 2684 2710 2909 2762; x_wconf 89' lang='lat' dir='ltr'><strong>necdum</strong></span> <span class='ocrx_word' id='word_1_493' title='bbox 2957 2708 3322 2777; x_wconf 77' lang='lat' dir='ltr'><strong>evangelicum</strong></span> <span class='ocrx_word' id='word_1_494' title='bbox 3380 2709 3670 2779; x_wconf 87' lang='lat' dir='ltr'><strong>perfectio-</strong></span> 
     </span>
    </p>
   </div>
   <div class='ocr_carea' id='block_1_72' title="bbox 2098 2792 3675 2870">
    <p class='ocr_par' dir='ltr' id='par_1_72' title="bbox 2098 2792 3675 2870">
     <span class='ocr_line' id='line_1_72' title="bbox 2098 2792 3675 2870; baseline -0.001 -14"><span class='ocrx_word' id='word_1_495' title='bbox 2098 2817 2219 2856; x_wconf 88' lang='lat' dir='ltr'><strong>nem</strong></span> <span class='ocrx_word' id='word_1_496' title='bbox 2276 2801 2735 2870; x_wconf 86' lang='lat' dir='ltr'><strong>apprehenderit:</strong></span> <span class='ocrx_word' id='word_1_497' title='bbox 2792 2800 2973 2869; x_wconf 86' lang='lat' dir='ltr'><strong>inqua</strong></span> <span class='ocrx_word' id='word_1_498' title='bbox 3010 2810 3193 2855; x_wconf 89' lang='lat' dir='ltr'><strong>mutua</strong></span> <span class='ocrx_word' id='word_1_499' title='bbox 3250 2792 3559 2866; x_wconf 87' lang='lat' dir='ltr'><strong>dilectione,</strong></span> <span class='ocrx_word' id='word_1_500' title='bbox 3616 2812 3675 2857; x_wconf 89' lang='lat' dir='ltr'><strong>et</strong></span> 
     </span>
    </p>
   </div>
   <div class='ocr_carea' id='block_1_73' title="bbox 2098 2889 3671 2960">
    <p class='ocr_par' dir='ltr' id='par_1_73' title="bbox 2098 2889 3671 2960">
     <span class='ocr_line' id='line_1_73' title="bbox 2098 2889 3671 2960; baseline -0.001 -14"><span class='ocrx_word' id='word_1_501' title='bbox 2098 2892 2362 2957; x_wconf 84' lang='lat' dir='ltr'><strong>spirituali</strong></span> <span class='ocrx_word' id='word_1_502' title='bbox 2390 2891 2564 2944; x_wconf 86' lang='lat' dir='ltr'><strong>littera</strong></span> <span class='ocrx_word' id='word_1_503' title='bbox 2591 2890 2849 2960; x_wconf 84' lang='lat' dir='ltr'><strong>subjectis</strong></span> <span class='ocrx_word' id='word_1_504' title='bbox 2881 2889 3076 2957; x_wconf 76' lang='lat' dir='ltr'><strong>legales</strong></span> <span class='ocrx_word' id='word_1_505' title='bbox 3101 2892 3512 2945; x_wconf 85' lang='lat' dir='ltr'><strong>observationes</strong></span> <span class='ocrx_word' id='word_1_506' title='bbox 3539 2905 3671 2959; x_wconf 82' lang='lat' dir='ltr'><strong>pro-</strong></span> 
     </span>
    </p>
   </div>
   <div class='ocr_carea' id='block_1_74' title="bbox 2099 2979 3664 3050">
    <p class='ocr_par' dir='ltr' id='par_1_74' title="bbox 2099 2979 3664 3050">
     <span class='ocr_line' id='line_1_74' title="bbox 2099 2979 3664 3050; baseline -0.001 -15"><span class='ocrx_word' id='word_1_507' title='bbox 2099 2982 2363 3035; x_wconf 88' lang='lat' dir='ltr'><strong>hibentur.</strong></span> <span class='ocrx_word' id='word_1_508' title='bbox 2401 2981 2470 3036; x_wconf 88' lang='lat' dir='ltr'><strong>Et</strong></span> <span class='ocrx_word' id='word_1_509' title='bbox 2496 2998 2509 3034; x_wconf 91' lang='lat'><strong>:</strong></span> <span class='ocrx_word' id='word_1_510' title='bbox 2548 2979 2672 3033; x_wconf 85' lang='lat' dir='ltr'><strong>Non</strong></span> <span class='ocrx_word' id='word_1_511' title='bbox 2710 2996 2827 3050; x_wconf 67' lang='lat' dir='ltr'><strong>qua:</strong></span> <span class='ocrx_word' id='word_1_512' title='bbox 2855 2981 3055 3034; x_wconf 87' lang='lat' dir='ltr'><strong>intrant</strong></span> <span class='ocrx_word' id='word_1_513' title='bbox 3085 2997 3177 3050; x_wconf 87' lang='lat' dir='ltr'><strong>per</strong></span> <span class='ocrx_word' id='word_1_514' title='bbox 3206 2997 3285 3044; x_wconf 82' lang='lat' dir='ltr'><strong>os,</strong></span> <span class='ocrx_word' id='word_1_515' title='bbox 3319 2982 3664 3049; x_wconf 80' lang='lat' dir='ltr'><strong>coinquinant</strong></span> 
     </span>
    </p>
   </div>
   <div class='ocr_carea' id='block_1_75' title="bbox 2096 3072 3665 3141">
    <p class='ocr_par' dir='ltr' id='par_1_75' title="bbox 2096 3072 3665 3141">
     <span class='ocr_line' id='line_1_75' title="bbox 2096 3072 3665 3141; baseline 0.001 -16"><span class='ocrx_word' id='word_1_516' title='bbox 2096 3073 2377 3138; x_wconf 84' lang='lat' dir='ltr'><strong>hominem,</strong></span> <span class='ocrx_word' id='word_1_517' title='bbox 2410 3073 2497 3126; x_wconf 83' lang='lat' dir='ltr'><strong>sed</strong></span> <span class='ocrx_word' id='word_1_518' title='bbox 2531 3088 2646 3134; x_wconf 80' lang='lat' dir='ltr'><strong>qua:</strong></span> <span class='ocrx_word' id='word_1_519' title='bbox 2676 3074 3019 3141; x_wconf 84' lang='lat' dir='ltr'><strong>egrediuntur</strong></span> <span class='ocrx_word' id='word_1_520' title='bbox 3037 3088 3101 3126; x_wconf 74' lang='lat' dir='ltr'><strong>ea:</strong></span> <span class='ocrx_word' id='word_1_521' title='bbox 3141 3072 3297 3126; x_wconf 84' lang='lat' dir='ltr'><strong>corde</strong></span> <span class='ocrx_word' id='word_1_522' title='bbox 3329 3074 3411 3138; x_wconf 78' lang='lat'><strong>&quot;;</strong></span> <span class='ocrx_word' id='word_1_523' title='bbox 3479 3076 3665 3127; x_wconf 86' lang='lat' dir='ltr'><strong>odium</strong></span> 
     </span>
    </p>
   </div>
   <div class='ocr_carea' id='block_1_76' title="bbox 2095 3163 3657 3233">
    <p class='ocr_par' dir='ltr' id='par_1_76' title="bbox 2095 3163 3657 3233">
     <span class='ocr_line' id='line_1_76' title="bbox 2095 3163 3657 3233; baseline -0.001 -14"><span class='ocrx_word' id='word_1_524' title='bbox 2095 3164 2326 3226; x_wconf 87' lang='lat' dir='ltr'><strong>scilicet,</strong></span> <span class='ocrx_word' id='word_1_525' title='bbox 2357 3163 2672 3228; x_wconf 66' lang='lat' dir='ltr'><strong>inimicitiae,</strong></span> <span class='ocrx_word' id='word_1_526' title='bbox 2707 3174 2761 3217; x_wconf 89' lang='lat' dir='ltr'><strong>et</strong></span> <span class='ocrx_word' id='word_1_527' title='bbox 2782 3178 2900 3233; x_wconf 64' lang='lat' dir='ltr'><strong>quae</strong></span> <span class='ocrx_word' id='word_1_528' title='bbox 2923 3164 3083 3227; x_wconf 86' lang='lat' dir='ltr'><strong>talia;</strong></span> <span class='ocrx_word' id='word_1_529' title='bbox 3116 3179 3183 3218; x_wconf 92' lang='lat' dir='ltr'><strong>ne</strong></span> <span class='ocrx_word' id='word_1_530' title='bbox 3202 3164 3452 3233; x_wconf 85' lang='lat' dir='ltr'><strong>sepulcra</strong></span> <span class='ocrx_word' id='word_1_531' title='bbox 3505 3163 3657 3218; x_wconf 85' lang='lat' dir='ltr'><strong>deal-</strong></span> 
     </span>
    </p>
   </div>
   <div class='ocr_carea' id='block_1_77' title="bbox 2097 3254 3667 3324">
    <p class='ocr_par' dir='ltr' id='par_1_77' title="bbox 2097 3254 3667 3324">
     <span class='ocr_line' id='line_1_77' title="bbox 2097 3254 3667 3324; baseline -0.002 -14"><span class='ocrx_word' id='word_1_532' title='bbox 2097 3258 2218 3310; x_wconf 81' lang='lat' dir='ltr'><strong>bata</strong></span> <span class='ocrx_word' id='word_1_533' title='bbox 2270 3256 2548 3309; x_wconf 86' lang='lat' dir='ltr'><strong>videamur</strong></span> <span class='ocrx_word' id='word_1_534' title='bbox 2608 3254 2762 3324; x_wconf 90' lang='lat' dir='ltr'><strong>plena</strong></span> <span class='ocrx_word' id='word_1_535' title='bbox 2839 3254 3148 3323; x_wconf 88' lang='lat' dir='ltr'><strong>putredine,</strong></span> <span class='ocrx_word' id='word_1_536' title='bbox 3213 3261 3268 3307; x_wconf 85' lang='lat' dir='ltr'><strong>et</strong></span> <span class='ocrx_word' id='word_1_537' title='bbox 3326 3254 3667 3323; x_wconf 82' lang='lat' dir='ltr'><strong>parapsidem</strong></span> 
     </span>
    </p>
   </div>
   <div class='ocr_carea' id='block_1_78' title="bbox 2095 3344 3667 3414">
    <p class='ocr_par' dir='ltr' id='par_1_78' title="bbox 2095 3344 3667 3414">
     <span class='ocr_line' id='line_1_78' title="bbox 2095 3344 3667 3414; baseline -0.003 -13"><span class='ocrx_word' id='word_1_538' title='bbox 2095 3347 2433 3401; x_wconf 76' lang='lat' dir='ltr'><strong>extrinsecus</strong></span> <span class='ocrx_word' id='word_1_539' title='bbox 2474 3344 2817 3408; x_wconf 79' lang='lat' dir='ltr'><strong>inundantes,</strong></span> <span class='ocrx_word' id='word_1_540' title='bbox 2849 3345 3162 3399; x_wconf 90' lang='lat' dir='ltr'><strong>interiorem</strong></span> <span class='ocrx_word' id='word_1_541' title='bbox 3195 3344 3532 3414; x_wconf 85' lang='lat' dir='ltr'><strong>negligamus</strong></span> <span class='ocrx_word' id='word_1_542' title='bbox 3560 3346 3667 3397; x_wconf 86' lang='lat' dir='ltr'><strong>im-</strong></span> 
     </span>
    </p>
   </div>
   <div class='ocr_carea' id='block_1_79' title="bbox 2100 3436 3667 3505">
    <p class='ocr_par' dir='ltr' id='par_1_79' title="bbox 2100 3436 3667 3505">
     <span class='ocr_line' id='line_1_79' title="bbox 2100 3436 3667 3505; baseline -0.003 -12"><span class='ocrx_word' id='word_1_543' title='bbox 2100 3440 2434 3502; x_wconf 87' lang='lat' dir='ltr'><strong>munditiam,</strong></span> <span class='ocrx_word' id='word_1_544' title='bbox 2463 3439 2832 3505; x_wconf 59' lang='lat' dir='ltr'><strong>excitatisque</strong></span> <span class='ocrx_word' id='word_1_545' title='bbox 2858 3436 3062 3491; x_wconf 89' lang='lat' dir='ltr'><strong>crimen</strong></span> <span class='ocrx_word' id='word_1_546' title='bbox 3088 3438 3401 3500; x_wconf 87' lang='lat' dir='ltr'><strong>subeamus,</strong></span> <span class='ocrx_word' id='word_1_547' title='bbox 3466 3437 3510 3490; x_wconf 90' lang='lat' dir='ltr'><strong>si</strong></span> <span class='ocrx_word' id='word_1_548' title='bbox 3534 3451 3667 3491; x_wconf 90' lang='lat' dir='ltr'><strong>ocu-</strong></span> 
     </span>
    </p>
   </div>
   <div class='ocr_carea' id='block_1_80' title="bbox 2097 3527 3671 3595">
    <p class='ocr_par' dir='ltr' id='par_1_80' title="bbox 2097 3527 3671 3595">
     <span class='ocr_line' id='line_1_80' title="bbox 2097 3527 3671 3595; baseline 0 -12"><span class='ocrx_word' id='word_1_549' title='bbox 2097 3530 2131 3584; x_wconf 94' lang='lat' dir='ltr'><strong>li</strong></span> <span class='ocrx_word' id='word_1_550' title='bbox 2167 3530 2334 3585; x_wconf 89' lang='lat' dir='ltr'><strong>nostri</strong></span> <span class='ocrx_word' id='word_1_551' title='bbox 2368 3528 2569 3584; x_wconf 88' lang='lat' dir='ltr'><strong>trabem</strong></span> <span class='ocrx_word' id='word_1_552' title='bbox 2602 3545 2707 3584; x_wconf 87' lang='lat' dir='ltr'><strong>non</strong></span> <span class='ocrx_word' id='word_1_553' title='bbox 2745 3530 3007 3595; x_wconf 88' lang='lat' dir='ltr'><strong>videntes,</strong></span> <span class='ocrx_word' id='word_1_554' title='bbox 3061 3528 3113 3582; x_wconf 92' lang='lat' dir='ltr'><strong>in</strong></span> <span class='ocrx_word' id='word_1_555' title='bbox 3141 3527 3325 3583; x_wconf 80' lang='lat' dir='ltr'><strong>fratris</strong></span> <span class='ocrx_word' id='word_1_556' title='bbox 3352 3527 3508 3583; x_wconf 92' lang='lat' dir='ltr'><strong>oculo</strong></span> <span class='ocrx_word' id='word_1_557' title='bbox 3560 3527 3671 3584; x_wconf 88' lang='lat' dir='ltr'><strong>fes-</strong></span> 
     </span>
    </p>
   </div>
   <div class='ocr_carea' id='block_1_81' title="bbox 2098 3619 3666 3689">
    <p class='ocr_par' dir='ltr' id='par_1_81' title="bbox 2098 3619 3666 3689">
     <span class='ocr_line' id='line_1_81' title="bbox 2098 3619 3666 3689; baseline -0.001 -14"><span class='ocrx_word' id='word_1_558' title='bbox 2098 3631 2275 3676; x_wconf 90' lang='lat' dir='ltr'><strong>tucam</strong></span> <span class='ocrx_word' id='word_1_559' title='bbox 2336 3620 2577 3675; x_wconf 82' lang='lat' dir='ltr'><strong>studiose</strong></span> <span class='ocrx_word' id='word_1_560' title='bbox 2623 3620 2999 3688; x_wconf 87' lang='lat' dir='ltr'><strong>inquiramus;</strong></span> <span class='ocrx_word' id='word_1_561' title='bbox 3060 3619 3333 3687; x_wconf 87' lang='lat' dir='ltr'><strong>quomodo</strong></span> <span class='ocrx_word' id='word_1_562' title='bbox 3386 3632 3513 3689; x_wconf 91' lang='lat' dir='ltr'><strong>ergo</strong></span> <span class='ocrx_word' id='word_1_563' title='bbox 3560 3634 3666 3673; x_wconf 90' lang='lat' dir='ltr'><strong>non</strong></span> 
     </span>
    </p>
   </div>
   <div class='ocr_carea' id='block_1_82' title="bbox 2100 3709 3670 3779">
    <p class='ocr_par' dir='ltr' id='par_1_82' title="bbox 2100 3709 3670 3779">
     <span class='ocr_line' id='line_1_82' title="bbox 2100 3709 3670 3779; baseline 0 -14"><span class='ocrx_word' id='word_1_564' title='bbox 2100 3714 2335 3767; x_wconf 81' lang='lat' dir='ltr'><strong>maxime</strong></span> <span class='ocrx_word' id='word_1_565' title='bbox 2413 3711 2645 3776; x_wconf 71' lang='lat' dir='ltr'><strong>lteditur,</strong></span> <span class='ocrx_word' id='word_1_566' title='bbox 2724 3713 2814 3779; x_wconf 91' lang='lat' dir='ltr'><strong>qui</strong></span> <span class='ocrx_word' id='word_1_567' title='bbox 2894 3712 3112 3765; x_wconf 85' lang='lat' dir='ltr'><strong>amissis</strong></span> <span class='ocrx_word' id='word_1_568' title='bbox 3172 3709 3455 3765; x_wconf 85' lang='lat' dir='ltr'><strong>charitatis</strong></span> <span class='ocrx_word' id='word_1_569' title='bbox 3510 3710 3670 3765; x_wconf 81' lang='lat' dir='ltr'><strong>bonis</strong></span> 
     </span>
    </p>
   </div>
   <div class='ocr_carea' id='block_1_83' title="bbox 2097 3801 3031 3873">
    <p class='ocr_par' dir='ltr' id='par_1_83' title="bbox 2097 3801 3031 3873">
     <span class='ocr_line' id='line_1_83' title="bbox 2097 3801 3031 3873; baseline -0.009 -14"><span class='ocrx_word' id='word_1_570' title='bbox 2097 3804 2409 3873; x_wconf 86' lang='lat' dir='ltr'><strong>hujusmodi</strong></span> <span class='ocrx_word' id='word_1_571' title='bbox 2440 3804 2673 3857; x_wconf 84' lang='lat' dir='ltr'><strong>festucas</strong></span> <span class='ocrx_word' id='word_1_572' title='bbox 2696 3801 3031 3856; x_wconf 82' lang='lat' dir='ltr'><strong>insectatur?</strong></span> 
     </span>
    </p>
   </div>
   <div class='ocr_carea' id='block_1_84' title="bbox 2166 3890 3665 3959">
    <p class='ocr_par' dir='ltr' id='par_1_84' title="bbox 2166 3890 3665 3959">
     <span class='ocr_line' id='line_1_84' title="bbox 2166 3890 3665 3959; baseline -0.001 -12"><span class='ocrx_word' id='word_1_573' title='bbox 2166 3895 2456 3958; x_wconf 64' lang='lat' dir='ltr'><strong>Prmterea,</strong></span> <span class='ocrx_word' id='word_1_574' title='bbox 2481 3893 2535 3946; x_wconf 90' lang='lat' dir='ltr'><strong>in</strong></span> <span class='ocrx_word' id='word_1_575' title='bbox 2575 3891 2777 3946; x_wconf 87' lang='lat' dir='ltr'><strong>Christi</strong></span> <span class='ocrx_word' id='word_1_576' title='bbox 2811 3891 3060 3945; x_wconf 89' lang='lat' dir='ltr'><strong>doctrina</strong></span> <span class='ocrx_word' id='word_1_577' title='bbox 3093 3890 3288 3959; x_wconf 81' lang='lat' dir='ltr'><strong>partim</strong></span> <span class='ocrx_word' id='word_1_578' title='bbox 3341 3900 3470 3946; x_wconf 88' lang='lat' dir='ltr'><strong>sunt</strong></span> <span class='ocrx_word' id='word_1_579' title='bbox 3522 3906 3665 3959; x_wconf 70' lang='lat' dir='ltr'><strong>prae-</strong></span> 
     </span>
    </p>
   </div>
   <div class='ocr_carea' id='block_1_85' title="bbox 2097 3982 3667 4055">
    <p class='ocr_par' dir='ltr' id='par_1_85' title="bbox 2097 3982 3667 4055">
     <span class='ocr_line' id='line_1_85' title="bbox 2097 3982 3667 4055; baseline -0.002 -15"><span class='ocrx_word' id='word_1_580' title='bbox 2097 3994 2273 4055; x_wconf 86' lang='lat' dir='ltr'><strong>cepta,</strong></span> <span class='ocrx_word' id='word_1_581' title='bbox 2334 3984 2415 4039; x_wconf 87' lang='lat' dir='ltr'><strong>vel</strong></span> <span class='ocrx_word' id='word_1_582' title='bbox 2475 3982 2745 4047; x_wconf 87' lang='lat' dir='ltr'><strong>mandata,</strong></span> <span class='ocrx_word' id='word_1_583' title='bbox 2803 3983 2997 4051; x_wconf 87' lang='lat' dir='ltr'><strong>partim</strong></span> <span class='ocrx_word' id='word_1_584' title='bbox 3055 3982 3485 4047; x_wconf 71' lang='lat' dir='ltr'><strong>admonitiones,</strong></span> <span class='ocrx_word' id='word_1_585' title='bbox 3548 3984 3667 4039; x_wconf 82' lang='lat' dir='ltr'><strong>sive</strong></span> 
     </span>
    </p>
   </div>
   <div class='ocr_carea' id='block_1_86' title="bbox 2097 4074 3667 4153">
    <p class='ocr_par' dir='ltr' id='par_1_86' title="bbox 2097 4074 3667 4153">
     <span class='ocr_line' id='line_1_86' title="bbox 2097 4074 3667 4153; baseline -0.003 -20"><span class='ocrx_word' id='word_1_586' title='bbox 2097 4077 2345 4133; x_wconf 83' lang='lat' dir='ltr'><strong>censilia.</strong></span> <span class='ocrx_word' id='word_1_587' title='bbox 2406 4076 2678 4143; x_wconf 59' lang='lat' dir='ltr'><strong>Praecepta</strong></span> <span class='ocrx_word' id='word_1_588' title='bbox 2748 4076 2910 4153; x_wconf 66' lang='lat' dir='ltr'><strong>igitur</strong></span> <span class='ocrx_word' id='word_1_589' title='bbox 2990 4074 3363 4143; x_wconf 83' lang='lat' dir='ltr'><strong>unusquisque</strong></span> <span class='ocrx_word' id='word_1_590' title='bbox 3426 4074 3667 4129; x_wconf 85' lang='lat' dir='ltr'><strong>fidelium</strong></span> 
     </span>
    </p>
   </div>
   <div class='ocr_carea' id='block_1_87' title="bbox 2097 4166 3669 4237">
    <p class='ocr_par' dir='ltr' id='par_1_87' title="bbox 2097 4166 3669 4237">
     <span class='ocr_line' id='line_1_87' title="bbox 2097 4166 3669 4237; baseline -0.001 -13"><span class='ocrx_word' id='word_1_591' title='bbox 2097 4184 2335 4237; x_wconf 88' lang='lat' dir='ltr'><strong>servare,</strong></span> <span class='ocrx_word' id='word_1_592' title='bbox 2368 4184 2431 4223; x_wconf 78' lang='lat' dir='ltr'><strong>ex</strong></span> <span class='ocrx_word' id='word_1_593' title='bbox 2493 4169 2823 4223; x_wconf 87' lang='lat' dir='ltr'><strong>necessitate</strong></span> <span class='ocrx_word' id='word_1_594' title='bbox 2873 4168 3187 4235; x_wconf 89' lang='lat' dir='ltr'><strong>requiritur.</strong></span> <span class='ocrx_word' id='word_1_595' title='bbox 3242 4166 3418 4222; x_wconf 89' lang='lat' dir='ltr'><strong>Aliter</strong></span> <span class='ocrx_word' id='word_1_596' title='bbox 3470 4168 3669 4235; x_wconf 88' lang='lat' dir='ltr'><strong>quippe</strong></span> 
     </span>
    </p>
   </div>
   <div class='ocr_carea' id='block_1_88' title="bbox 2098 4257 3670 4328">
    <p class='ocr_par' dir='ltr' id='par_1_88' title="bbox 2098 4257 3670 4328">
     <span class='ocr_line' id='line_1_88' title="bbox 2098 4257 3670 4328; baseline -0.001 -13"><span class='ocrx_word' id='word_1_597' title='bbox 2098 4261 2412 4315; x_wconf 88' lang='lat' dir='ltr'><strong>mortalibus</strong></span> <span class='ocrx_word' id='word_1_598' title='bbox 2440 4260 2676 4328; x_wconf 82' lang='lat' dir='ltr'><strong>peccatis</strong></span> <span class='ocrx_word' id='word_1_599' title='bbox 2731 4274 2854 4314; x_wconf 89' lang='lat' dir='ltr'><strong>sese</strong></span> <span class='ocrx_word' id='word_1_600' title='bbox 2909 4257 3201 4313; x_wconf 87' lang='lat' dir='ltr'><strong>conlodiet.</strong></span> <span class='ocrx_word' id='word_1_601' title='bbox 3254 4258 3491 4313; x_wconf 82' lang='lat' dir='ltr'><strong>Consilia</strong></span> <span class='ocrx_word' id='word_1_602' title='bbox 3539 4274 3670 4313; x_wconf 88' lang='lat' dir='ltr'><strong>vero</strong></span> 
     </span>
    </p>
   </div>
   <div class='ocr_carea' id='block_1_89' title="bbox 2097 4348 3667 4421">
    <p class='ocr_par' dir='ltr' id='par_1_89' title="bbox 2097 4348 3667 4421">
     <span class='ocr_line' id='line_1_89' title="bbox 2097 4348 3667 4421; baseline -0.003 -14"><span class='ocrx_word' id='word_1_603' title='bbox 2097 4353 2140 4408; x_wconf 90' lang='lat' dir='ltr'><strong>si</strong></span> <span class='ocrx_word' id='word_1_604' title='bbox 2170 4356 2294 4421; x_wconf 91' lang='lat' dir='ltr'><strong>quis</strong></span> <span class='ocrx_word' id='word_1_605' title='bbox 2322 4351 2473 4421; x_wconf 90' lang='lat' dir='ltr'><strong>sequi</strong></span> <span class='ocrx_word' id='word_1_606' title='bbox 2500 4352 2683 4418; x_wconf 85' lang='lat' dir='ltr'><strong>eligat,</strong></span> <span class='ocrx_word' id='word_1_607' title='bbox 2724 4350 3121 4420; x_wconf 80' lang='lat' dir='ltr'><strong>perfectionem</strong></span> <span class='ocrx_word' id='word_1_608' title='bbox 3144 4350 3506 4417; x_wconf 89' lang='lat' dir='ltr'><strong>apprehendit</strong></span> <span class='ocrx_word' id='word_1_609' title='bbox 3555 4366 3570 4407; x_wconf 88' lang='lat'><strong>:</strong></span> <span class='ocrx_word' id='word_1_610' title='bbox 3605 4348 3667 4404; x_wconf 88' lang='lat' dir='ltr'><strong>Si</strong></span> 
     </span>
    </p>
   </div>
   <div class='ocr_carea' id='block_1_90' title="bbox 429 4437 3671 4514">
    <p class='ocr_par' dir='ltr' id='par_1_90' title="bbox 429 4437 3671 4514">
     <span class='ocr_line' id='line_1_90' title="bbox 429 4437 3671 4514; baseline 0.002 -27"><span class='ocrx_word' id='word_1_611' title='bbox 429 4437 570 4505; x_wconf 87' lang='lat' dir='ltr'><strong>quod</strong></span> <span class='ocrx_word' id='word_1_612' title='bbox 628 4452 731 4491; x_wconf 90' lang='lat' dir='ltr'><strong>non</strong></span> <span class='ocrx_word' id='word_1_613' title='bbox 782 4439 852 4493; x_wconf 88' lang='lat' dir='ltr'><strong>sit</strong></span> <span class='ocrx_word' id='word_1_614' title='bbox 907 4454 1195 4497; x_wconf 87' lang='lat' dir='ltr'><strong>commune</strong></span> <span class='ocrx_word' id='word_1_615' title='bbox 1246 4445 1517 4509; x_wconf 86' lang='lat' dir='ltr'><strong>omnibus,</strong></span> <span class='ocrx_word' id='word_1_616' title='bbox 1564 4449 1833 4514; x_wconf 74' lang='lat' dir='ltr'><strong>prohibet,</strong></span> <span class='ocrx_word' id='word_1_617' title='bbox 1892 4451 1994 4505; x_wconf 82' lang='lat' dir='ltr'><strong>sub</strong></span> <span class='ocrx_word' id='word_1_618' title='bbox 2027 4445 2069 4498; x_wconf 84' lang='grc' dir='ltr'><strong>ι)</strong></span> <span class='ocrx_word' id='word_1_619' title='bbox 2098 4446 2173 4498; x_wconf 86' lang='lat' dir='ltr'><strong>vis</strong></span> <span class='ocrx_word' id='word_1_620' title='bbox 2193 4444 2353 4503; x_wconf 82' lang='lat' dir='ltr'><strong>enim,</strong></span> <span class='ocrx_word' id='word_1_621' title='bbox 2384 4443 2575 4509; x_wconf 86' lang='lat' dir='ltr'><strong>inquit,</strong></span> <span class='ocrx_word' id='word_1_622' title='bbox 2612 4442 2875 4510; x_wconf 80' lang='lat' dir='ltr'><strong>perfectus</strong></span> <span class='ocrx_word' id='word_1_623' title='bbox 2917 4457 3045 4506; x_wconf 84' lang='lat' dir='ltr'><strong>esse,</strong></span> <span class='ocrx_word' id='word_1_624' title='bbox 3075 4442 3226 4505; x_wconf 82' lang='lat' dir='ltr'><strong>vade,</strong></span> <span class='ocrx_word' id='word_1_625' title='bbox 3259 4451 3307 4494; x_wconf 91' lang='lat' dir='ltr'><strong>et</strong></span> <span class='ocrx_word' id='word_1_626' title='bbox 3362 4441 3519 4494; x_wconf 78' lang='lat' dir='ltr'><strong>vende</strong></span> <span class='ocrx_word' id='word_1_627' title='bbox 3554 4457 3671 4493; x_wconf 88' lang='lat' dir='ltr'><strong>om-</strong></span> 
     </span>
    </p>
   </div>
   <div class='ocr_carea' id='block_1_91' title="bbox 428 4530 1988 4606">
    <p class='ocr_par' dir='ltr' id='par_1_91' title="bbox 428 4530 1988 4606">
     <span class='ocr_line' id='line_1_91' title="bbox 428 4530 1988 4606; baseline 0.012 -26"><span class='ocrx_word' id='word_1_628' title='bbox 428 4544 586 4582; x_wconf 85' lang='lat' dir='ltr'><strong>uuam</strong></span> <span class='ocrx_word' id='word_1_629' title='bbox 618 4530 807 4585; x_wconf 91' lang='lat' dir='ltr'><strong>adduci</strong></span> <span class='ocrx_word' id='word_1_630' title='bbox 839 4531 1021 4586; x_wconf 83' lang='lat' dir='ltr'><strong>ﬁdem.</strong></span> <span class='ocrx_word' id='word_1_631' title='bbox 1056 4533 1188 4588; x_wconf 85' lang='lat' dir='ltr'><strong>Nam</strong></span> <span class='ocrx_word' id='word_1_632' title='bbox 1225 4544 1279 4589; x_wconf 88' lang='lat' dir='ltr'><strong>et</strong></span> <span class='ocrx_word' id='word_1_633' title='bbox 1337 4540 1588 4606; x_wconf 88' lang='lat' dir='ltr'><strong>apostoli,</strong></span> <span class='ocrx_word' id='word_1_634' title='bbox 1636 4556 1757 4595; x_wconf 91' lang='lat' dir='ltr'><strong>cum</strong></span> <span class='ocrx_word' id='word_1_635' title='bbox 1817 4550 1988 4597; x_wconf 83' lang='lat' dir='ltr'><strong>totum</strong></span> 
     </span>
    </p>
   </div>
   <div class='ocr_carea' id='block_1_92' title="bbox 429 4623 1988 4697">
    <p class='ocr_par' dir='ltr' id='par_1_92' title="bbox 429 4623 1988 4697">
     <span class='ocr_line' id='line_1_92' title="bbox 429 4623 1988 4697; baseline 0.009 -23"><span class='ocrx_word' id='word_1_636' title='bbox 429 4623 707 4676; x_wconf 84' lang='lat' dir='ltr'><strong>lustrarint</strong></span> <span class='ocrx_word' id='word_1_637' title='bbox 730 4623 942 4691; x_wconf 88' lang='lat' dir='ltr'><strong>orbem,</strong></span> <span class='ocrx_word' id='word_1_638' title='bbox 983 4640 1172 4681; x_wconf 90' lang='lat' dir='ltr'><strong>omnes</strong></span> <span class='ocrx_word' id='word_1_639' title='bbox 1203 4626 1254 4680; x_wconf 90' lang='lat' dir='ltr'><strong>in</strong></span> <span class='ocrx_word' id='word_1_640' title='bbox 1282 4628 1443 4683; x_wconf 88' lang='lat' dir='ltr'><strong>rebus</strong></span> <span class='ocrx_word' id='word_1_641' title='bbox 1470 4630 1723 4697; x_wconf 78' lang='lat' dir='ltr'><strong>omnibus</strong></span> <span class='ocrx_word' id='word_1_642' title='bbox 1755 4648 1988 4688; x_wconf 90' lang='lat' dir='ltr'><strong>consue-</strong></span> 
     </span>
    </p>
   </div>
   <div class='ocr_carea' id='block_1_93' title="bbox 428 4715 1989 4791">
    <p class='ocr_par' dir='ltr' id='par_1_93' title="bbox 428 4715 1989 4791">
     <span class='ocr_line' id='line_1_93' title="bbox 428 4715 1989 4791; baseline 0.008 -23"><span class='ocrx_word' id='word_1_643' title='bbox 428 4715 642 4768; x_wconf 90' lang='lat' dir='ltr'><strong>tudines</strong></span> <span class='ocrx_word' id='word_1_644' title='bbox 698 4731 825 4770; x_wconf 87' lang='lat' dir='ltr'><strong>suas</strong></span> <span class='ocrx_word' id='word_1_645' title='bbox 855 4718 1072 4772; x_wconf 88' lang='lat' dir='ltr'><strong>minime</strong></span> <span class='ocrx_word' id='word_1_646' title='bbox 1103 4719 1390 4775; x_wconf 86' lang='lat' dir='ltr'><strong>immutare</strong></span> <span class='ocrx_word' id='word_1_647' title='bbox 1438 4724 1836 4791; x_wconf 90' lang='lat' dir='ltr'><strong>compulerunt.</strong></span> <span class='ocrx_word' id='word_1_648' title='bbox 1881 4725 1989 4780; x_wconf 89' lang='lat' dir='ltr'><strong>Sed</strong></span> 
     </span>
    </p>
   </div>
   <div class='ocr_carea' id='block_1_94' title="bbox 425 4808 1990 4885">
    <p class='ocr_par' dir='ltr' id='par_1_94' title="bbox 425 4808 1990 4885">
     <span class='ocr_line' id='line_1_94' title="bbox 425 4808 1990 4885; baseline 0.007 -25"><span class='ocrx_word' id='word_1_649' title='bbox 425 4820 601 4875; x_wconf 87' lang='lat' dir='ltr'><strong>neque</strong></span> <span class='ocrx_word' id='word_1_650' title='bbox 638 4808 681 4860; x_wconf 89' lang='lat' dir='ltr'><strong>si</strong></span> <span class='ocrx_word' id='word_1_651' title='bbox 720 4808 1040 4874; x_wconf 83' lang='lat' dir='ltr'><strong>voluissent,</strong></span> <span class='ocrx_word' id='word_1_652' title='bbox 1071 4825 1165 4864; x_wconf 88' lang='lat' dir='ltr'><strong>eas</strong></span> <span class='ocrx_word' id='word_1_653' title='bbox 1204 4823 1394 4880; x_wconf 82' lang='lat' dir='ltr'><strong>gentes</strong></span> <span class='ocrx_word' id='word_1_654' title='bbox 1445 4815 1731 4870; x_wconf 88' lang='lat' dir='ltr'><strong>immutare</strong></span> <span class='ocrx_word' id='word_1_655' title='bbox 1784 4818 1990 4885; x_wconf 86' lang='lat' dir='ltr'><strong>potuis-</strong></span> 
     </span>
    </p>
   </div>
   <div class='ocr_carea' id='block_1_95' title="bbox 425 4904 1992 4975">
    <p class='ocr_par' dir='ltr' id='par_1_95' title="bbox 425 4904 1992 4975">
     <span class='ocr_line' id='line_1_95' title="bbox 425 4904 1992 4975; baseline 0.007 -22"><span class='ocrx_word' id='word_1_656' title='bbox 425 4908 574 4965; x_wconf 88' lang='lat' dir='ltr'><strong>sent;</strong></span> <span class='ocrx_word' id='word_1_657' title='bbox 639 4915 823 4954; x_wconf 81' lang='lat' dir='ltr'><strong>verum</strong></span> <span class='ocrx_word' id='word_1_658' title='bbox 903 4904 1175 4972; x_wconf 69' lang='lat' dir='ltr'><strong>praacipua</strong></span> <span class='ocrx_word' id='word_1_659' title='bbox 1249 4906 1511 4972; x_wconf 74' lang='lat' dir='ltr'><strong>quaedam,</strong></span> <span class='ocrx_word' id='word_1_660' title='bbox 1595 4908 1992 4975; x_wconf 66' lang='lat' dir='ltr'><strong>praedicationis</strong></span> 
     </span>
    </p>
   </div>
   <div class='ocr_carea' id='block_1_96' title="bbox 426 4990 1989 5063">
    <p class='ocr_par' dir='ltr' id='par_1_96' title="bbox 426 4990 1989 5063">
     <span class='ocr_line' id='line_1_96' title="bbox 426 4990 1989 5063; baseline 0.008 -21"><span class='ocrx_word' id='word_1_661' title='bbox 426 4990 763 5059; x_wconf 79' lang='lat' dir='ltr'><strong>Evangeiicze</strong></span> <span class='ocrx_word' id='word_1_662' title='bbox 785 4994 1016 5061; x_wconf 89' lang='lat' dir='ltr'><strong>capitula</strong></span> <span class='ocrx_word' id='word_1_663' title='bbox 1054 4997 1238 5050; x_wconf 90' lang='lat' dir='ltr'><strong>decem</strong></span> <span class='ocrx_word' id='word_1_664' title='bbox 1301 4996 1491 5063; x_wconf 85' lang='lat' dir='ltr'><strong>ferme,</strong></span> <span class='ocrx_word' id='word_1_665' title='bbox 1554 4999 1637 5052; x_wconf 83' lang='lat' dir='ltr'><strong>vel</strong></span> <span class='ocrx_word' id='word_1_666' title='bbox 1707 5000 1989 5055; x_wconf 89' lang='lat' dir='ltr'><strong>duodecim</strong></span> 
     </span>
    </p>
   </div>
   <div class='ocr_carea' id='block_1_97' title="bbox 425 5087 1990 5155">
    <p class='ocr_par' dir='ltr' id='par_1_97' title="bbox 425 5087 1990 5155">
     <span class='ocr_line' id='line_1_97' title="bbox 425 5087 1990 5155; baseline 0.009 -22"><span class='ocrx_word' id='word_1_667' title='bbox 425 5093 628 5146; x_wconf 90' lang='lat' dir='ltr'><strong>tenere,</strong></span> <span class='ocrx_word' id='word_1_668' title='bbox 662 5092 823 5153; x_wconf 89' lang='lat' dir='ltr'><strong>atque</strong></span> <span class='ocrx_word' id='word_1_669' title='bbox 882 5087 1127 5141; x_wconf 85' lang='lat' dir='ltr'><strong>conﬁteri</strong></span> <span class='ocrx_word' id='word_1_670' title='bbox 1212 5087 1585 5155; x_wconf 83' lang='lat' dir='ltr'><strong>adhortantes,</strong></span> <span class='ocrx_word' id='word_1_671' title='bbox 1663 5090 1869 5145; x_wconf 87' lang='lat' dir='ltr'><strong>nullum</strong></span> <span class='ocrx_word' id='word_1_672' title='bbox 1922 5093 1990 5147; x_wconf 85' lang='lat' dir='ltr'><strong>de</strong></span> 
     </span>
    </p>
   </div>
   <div class='ocr_carea' id='block_1_98' title="bbox 424 5173 1995 5252">
    <p class='ocr_par' dir='ltr' id='par_1_98' title="bbox 424 5173 1995 5252">
     <span class='ocr_line' id='line_1_98' title="bbox 424 5173 1995 5252; baseline 0.009 -28"><span class='ocrx_word' id='word_1_673' title='bbox 424 5173 635 5227; x_wconf 63' lang='lat' dir='ltr'><strong>caeteris</strong></span> <span class='ocrx_word' id='word_1_674' title='bbox 666 5174 889 5228; x_wconf 88' lang='lat' dir='ltr'><strong>verbum</strong></span> <span class='ocrx_word' id='word_1_675' title='bbox 920 5175 1116 5243; x_wconf 86' lang='lat' dir='ltr'><strong>fecere,</strong></span> <span class='ocrx_word' id='word_1_676' title='bbox 1147 5178 1247 5235; x_wconf 88' lang='lat' dir='ltr'><strong>nisi</strong></span> <span class='ocrx_word' id='word_1_677' title='bbox 1296 5180 1509 5234; x_wconf 90' lang='lat' dir='ltr'><strong>traditis</strong></span> <span class='ocrx_word' id='word_1_678' title='bbox 1535 5180 1785 5248; x_wconf 87' lang='lat' dir='ltr'><strong>capitulis</strong></span> <span class='ocrx_word' id='word_1_679' title='bbox 1810 5192 1995 5252; x_wconf 81' lang='lat' dir='ltr'><strong>aperte</strong></span> 
     </span>
    </p>
   </div>
   <div class='ocr_carea' id='block_1_99' title="bbox 427 5276 809 5332">
    <p class='ocr_par' dir='ltr' id='par_1_99' title="bbox 427 5276 809 5332">
     <span class='ocr_line' id='line_1_99' title="bbox 427 5276 809 5332; baseline 0.01 -18"><span class='ocrx_word' id='word_1_680' title='bbox 427 5276 809 5332; x_wconf 70' lang='lat' dir='ltr'><strong>repugnarent.</strong></span> 
     </span>
    </p>
   </div>
   <div class='ocr_carea' id='block_1_100' title="bbox 496 5354 1991 5433">
    <p class='ocr_par' dir='ltr' id='par_1_100' title="bbox 496 5354 1991 5433">
     <span class='ocr_line' id='line_1_100' title="bbox 496 5354 1991 5433; baseline 0.007 -26"><span class='ocrx_word' id='word_1_681' title='bbox 496 5354 821 5409; x_wconf 69' lang='lat' dir='ltr'><strong>Prmclarum</strong></span> <span class='ocrx_word' id='word_1_682' title='bbox 879 5360 1180 5429; x_wconf 89' lang='lat' dir='ltr'><strong>estquidem</strong></span> <span class='ocrx_word' id='word_1_683' title='bbox 1210 5360 1277 5415; x_wconf 88' lang='lat' dir='ltr'><strong>ab</strong></span> <span class='ocrx_word' id='word_1_684' title='bbox 1308 5360 1558 5415; x_wconf 88' lang='lat' dir='ltr'><strong>omnibus</strong></span> <span class='ocrx_word' id='word_1_685' title='bbox 1586 5378 1799 5433; x_wconf 91' lang='lat' dir='ltr'><strong>semper</strong></span> <span class='ocrx_word' id='word_1_686' title='bbox 1825 5364 1991 5420; x_wconf 88' lang='lat' dir='ltr'><strong>absti-</strong></span> 
     </span>
    </p>
   </div>
   <div class='ocr_carea' id='block_1_101' title="bbox 425 5444 1985 5524">
    <p class='ocr_par' dir='ltr' id='par_1_101' title="bbox 425 5444 1985 5524">
     <span class='ocr_line' id='line_1_101' title="bbox 425 5444 1985 5524; baseline 0.01 -28"><span class='ocrx_word' id='word_1_687' title='bbox 425 5444 882 5515; x_wconf 86' lang='lat' dir='ltr'><strong>nerejcjunando,</strong></span> <span class='ocrx_word' id='word_1_688' title='bbox 917 5459 1076 5519; x_wconf 84' lang='lat' dir='ltr'><strong>atque</strong></span> <span class='ocrx_word' id='word_1_689' title='bbox 1099 5451 1365 5505; x_wconf 78' lang='lat' dir='ltr'><strong>sarcinam</strong></span> <span class='ocrx_word' id='word_1_690' title='bbox 1414 5452 1593 5506; x_wconf 80' lang='lat' dir='ltr'><strong>carnis</strong></span> <span class='ocrx_word' id='word_1_691' title='bbox 1634 5454 1936 5524; x_wconf 87' lang='lat' dir='ltr'><strong>abjiciendo</strong></span> <span class='ocrx_word' id='word_1_692' title='bbox 1971 5473 1985 5510; x_wconf 87' lang='lat'><strong>:</strong></span> 
     </span>
    </p>
   </div>
   <div class='ocr_carea' id='block_1_102' title="bbox 498 5646 976 5713">
    <p class='ocr_par' dir='ltr' id='par_1_102' title="bbox 498 5646 976 5713">
     <span class='ocr_line' id='line_1_102' title="bbox 498 5646 976 5713; baseline 0.006 -13"><span class='ocrx_word' id='word_1_693' title='bbox 498 5647 536 5676; x_wconf 84' lang='lat'>”</span> <span class='ocrx_word' id='word_1_694' title='bbox 568 5648 581 5700; x_wconf 97' lang='lat' dir='ltr'>I</span> <span class='ocrx_word' id='word_1_695' title='bbox 612 5646 735 5701; x_wconf 87' lang='lat' dir='ltr'><strong>Cor.</strong></span> <span class='ocrx_word' id='word_1_696' title='bbox 770 5664 882 5713; x_wconf 84' lang='lat' dir='ltr'><strong>xnt,</strong></span> <span class='ocrx_word' id='word_1_697' title='bbox 923 5649 976 5703; x_wconf 78' lang='grc'><strong>5.</strong></span> 
     </span>
    </p>
   </div>
   <div class='ocr_carea' id='block_1_103' title="bbox 1026 5651 1539 5717">
    <p class='ocr_par' dir='ltr' id='par_1_103' title="bbox 1026 5651 1539 5717">
     <span class='ocr_line' id='line_1_103' title="bbox 1026 5651 1539 5717; baseline 0.004 -12"><span class='ocrx_word' id='word_1_698' title='bbox 1026 5651 1096 5681; x_wconf 65' lang='grc'><strong>⁷²⁸</strong></span> <span class='ocrx_word' id='word_1_699' title='bbox 1123 5651 1285 5706; x_wconf 81' lang='lat' dir='ltr'><strong>lCor.</strong></span> <span class='ocrx_word' id='word_1_700' title='bbox 1330 5668 1445 5717; x_wconf 76' lang='lat' dir='ltr'><strong>vnn,</strong></span> <span class='ocrx_word' id='word_1_701' title='bbox 1487 5652 1539 5708; x_wconf 93' lang='lat'><strong>8.</strong></span> 
     </span>
    </p>
   </div>
   <div class='ocr_carea' id='block_1_104' title="bbox 432 5716 958 5773">
    <p class='ocr_par' dir='ltr' id='par_1_104' title="bbox 432 5716 958 5773">
     <span class='ocr_line' id='line_1_104' title="bbox 432 5716 958 5773; baseline 0.008 -5"><span class='ocrx_word' id='word_1_702' title='bbox 432 5719 471 5747; x_wconf 70' lang='grc'><strong>³³</strong></span> <span class='ocrx_word' id='word_1_703' title='bbox 504 5716 688 5772; x_wconf 73' lang='lat' dir='ltr'><strong>Matth.</strong></span> <span class='ocrx_word' id='word_1_704' title='bbox 711 5736 822 5773; x_wconf 73' lang='lat' dir='ltr'><strong>xix.</strong></span> <span class='ocrx_word' id='word_1_705' title='bbox 866 5720 958 5772; x_wconf 69' lang='lat'><strong>&#39;21.</strong></span> 
     </span>
    </p>
   </div>
   <div class='ocr_carea' id='block_1_105' title="bbox 1618 5654 2068 5719">
    <p class='ocr_par' dir='ltr' id='par_1_105' title="bbox 1618 5654 2068 5719">
     <span class='ocr_line' id='line_1_105' title="bbox 1618 5654 2068 5719; baseline 0.002 -12"><span class='ocrx_word' id='word_1_706' title='bbox 1618 5657 1660 5689; x_wconf 76' lang='lat'><strong>&quot;</strong></span> <span class='ocrx_word' id='word_1_707' title='bbox 1693 5654 1846 5710; x_wconf 79' lang='lat' dir='ltr'><strong>Rom.</strong></span> <span class='ocrx_word' id='word_1_708' title='bbox 1871 5669 1984 5719; x_wconf 88' lang='lat' dir='ltr'><strong>xtv,</strong></span> <span class='ocrx_word' id='word_1_709' title='bbox 2016 5654 2068 5708; x_wconf 81' lang='grc'><strong>5.</strong></span> 
     </span>
    </p>
   </div>
   <div class='ocr_carea' id='block_1_106' title="bbox 2099 4532 3666 4611">
    <p class='ocr_par' dir='ltr' id='par_1_106' title="bbox 2099 4532 3666 4611">
     <span class='ocr_line' id='line_1_106' title="bbox 2099 4532 3666 4611; baseline -0.002 -22"><span class='ocrx_word' id='word_1_710' title='bbox 2099 4536 2186 4589; x_wconf 88' lang='lat' dir='ltr'><strong>nia</strong></span> <span class='ocrx_word' id='word_1_711' title='bbox 2210 4551 2327 4604; x_wconf 74' lang='lat' dir='ltr'><strong>qum</strong></span> <span class='ocrx_word' id='word_1_712' title='bbox 2358 4536 2536 4597; x_wconf 84' lang='lat' dir='ltr'><strong>habes,</strong></span> <span class='ocrx_word' id='word_1_713' title='bbox 2565 4545 2612 4587; x_wconf 90' lang='lat' dir='ltr'><strong>et</strong></span> <span class='ocrx_word' id='word_1_714' title='bbox 2660 4536 2728 4586; x_wconf 83' lang='lat' dir='ltr'><strong>da</strong></span> <span class='ocrx_word' id='word_1_715' title='bbox 2766 4532 3108 4602; x_wconf 78' lang='lat' dir='ltr'><strong>pauperibus,</strong></span> <span class='ocrx_word' id='word_1_716' title='bbox 3147 4543 3202 4611; x_wconf 17' lang='lat' dir='ltr'><strong>et.</strong></span> <span class='ocrx_word' id='word_1_717' title='bbox 3249 4533 3383 4598; x_wconf 81' lang='lat' dir='ltr'><strong>veni,</strong></span> <span class='ocrx_word' id='word_1_718' title='bbox 3448 4548 3666 4601; x_wconf 80' lang='lat' dir='ltr'><strong>sequere</strong></span> 
     </span>
    </p>
   </div>
   <div class='ocr_carea' id='block_1_107' title="bbox 2100 4625 3671 4695">
    <p class='ocr_par' dir='ltr' id='par_1_107' title="bbox 2100 4625 3671 4695">
     <span class='ocr_line' id='line_1_107' title="bbox 2100 4625 3671 4695; baseline -0.002 -14"><span class='ocrx_word' id='word_1_719' title='bbox 2100 4645 2179 4682; x_wconf 86' lang='lat' dir='ltr'><strong>me</strong></span> <span class='ocrx_word' id='word_1_720' title='bbox 2207 4629 2285 4695; x_wconf 61' lang='lat'><strong>3’;</strong></span> <span class='ocrx_word' id='word_1_721' title='bbox 2318 4628 2418 4681; x_wconf 90' lang='lat' dir='ltr'><strong>hoc</strong></span> <span class='ocrx_word' id='word_1_722' title='bbox 2451 4637 2651 4690; x_wconf 86' lang='lat' dir='ltr'><strong>tamen,</strong></span> <span class='ocrx_word' id='word_1_723' title='bbox 2679 4626 2721 4678; x_wconf 92' lang='lat' dir='ltr'><strong>si</strong></span> <span class='ocrx_word' id='word_1_724' title='bbox 2753 4626 2872 4693; x_wconf 90' lang='lat' dir='ltr'><strong>quis</strong></span> <span class='ocrx_word' id='word_1_725' title='bbox 2899 4641 3059 4694; x_wconf 82' lang='lat' dir='ltr'><strong>agere</strong></span> <span class='ocrx_word' id='word_1_726' title='bbox 3106 4625 3363 4690; x_wconf 87' lang='lat' dir='ltr'><strong>noluerit,</strong></span> <span class='ocrx_word' id='word_1_727' title='bbox 3420 4639 3513 4693; x_wconf 89' lang='lat' dir='ltr'><strong>spe</strong></span> <span class='ocrx_word' id='word_1_728' title='bbox 3544 4625 3671 4679; x_wconf 84' lang='lat' dir='ltr'><strong>ﬁdei</strong></span> 
     </span>
    </p>
   </div>
   <div class='ocr_carea' id='block_1_108' title="bbox 2100 4717 3670 4784">
    <p class='ocr_par' dir='ltr' id='par_1_108' title="bbox 2100 4717 3670 4784">
     <span class='ocr_line' id='line_1_108' title="bbox 2100 4717 3670 4784; baseline -0.004 -10"><span class='ocrx_word' id='word_1_729' title='bbox 2100 4722 2321 4774; x_wconf 90' lang='lat' dir='ltr'><strong>minime</strong></span> <span class='ocrx_word' id='word_1_730' title='bbox 2348 4718 2655 4773; x_wconf 77' lang='lat' dir='ltr'><strong>excluditur</strong></span> <span class='ocrx_word' id='word_1_731' title='bbox 2683 4734 2695 4770; x_wconf 92' lang='lat'><strong>:</strong></span> <span class='ocrx_word' id='word_1_732' title='bbox 2722 4717 2769 4771; x_wconf 88' lang='lat' dir='ltr'><strong>si</strong></span> <span class='ocrx_word' id='word_1_733' title='bbox 2798 4723 2996 4780; x_wconf 84' lang='lat' dir='ltr'><strong>servet,</strong></span> <span class='ocrx_word' id='word_1_734' title='bbox 3031 4731 3152 4784; x_wconf 64' lang='lat' dir='ltr'><strong>qua:</strong></span> <span class='ocrx_word' id='word_1_735' title='bbox 3184 4726 3310 4771; x_wconf 90' lang='lat' dir='ltr'><strong>sunt</strong></span> <span class='ocrx_word' id='word_1_736' title='bbox 3351 4717 3508 4768; x_wconf 88' lang='lat' dir='ltr'><strong>saluti</strong></span> <span class='ocrx_word' id='word_1_737' title='bbox 3570 4730 3670 4769; x_wconf 84' lang='lat' dir='ltr'><strong>ne-</strong></span> 
     </span>
    </p>
   </div>
   <div class='ocr_carea' id='block_1_109' title="bbox 2096 4805 3665 4877">
    <p class='ocr_par' dir='ltr' id='par_1_109' title="bbox 2096 4805 3665 4877">
     <span class='ocr_line' id='line_1_109' title="bbox 2096 4805 3665 4877; baseline -0.004 -13"><span class='ocrx_word' id='word_1_738' title='bbox 2096 4806 2700 4877; x_wconf 81' lang='lat' dir='ltr'><strong>cessaria.llujusmodi</strong></span> <span class='ocrx_word' id='word_1_739' title='bbox 2758 4822 2882 4860; x_wconf 81' lang='lat' dir='ltr'><strong>vero</strong></span> <span class='ocrx_word' id='word_1_740' title='bbox 2906 4806 3169 4876; x_wconf 87' lang='lat' dir='ltr'><strong>jejunium</strong></span> <span class='ocrx_word' id='word_1_741' title='bbox 3233 4821 3339 4860; x_wconf 91' lang='lat' dir='ltr'><strong>non</strong></span> <span class='ocrx_word' id='word_1_742' title='bbox 3398 4813 3503 4868; x_wconf 90' lang='lat' dir='ltr'><strong>est,</strong></span> <span class='ocrx_word' id='word_1_743' title='bbox 3558 4805 3665 4858; x_wconf 91' lang='lat' dir='ltr'><strong>nisi</strong></span> 
     </span>
    </p>
   </div>
   <div class='ocr_carea' id='block_1_110' title="bbox 2093 4896 3672 4969">
    <p class='ocr_par' dir='ltr' id='par_1_110' title="bbox 2093 4896 3672 4969">
     <span class='ocr_line' id='line_1_110' title="bbox 2093 4896 3672 4969; baseline -0.005 -13"><span class='ocrx_word' id='word_1_744' title='bbox 2093 4902 2309 4956; x_wconf 88' lang='lat' dir='ltr'><strong>statutis</strong></span> <span class='ocrx_word' id='word_1_745' title='bbox 2338 4902 2658 4969; x_wconf 87' lang='lat' dir='ltr'><strong>quibusdam</strong></span> <span class='ocrx_word' id='word_1_746' title='bbox 2697 4899 2910 4962; x_wconf 90' lang='lat' dir='ltr'><strong>diebus,</strong></span> <span class='ocrx_word' id='word_1_747' title='bbox 2972 4897 3054 4952; x_wconf 87' lang='lat' dir='ltr'><strong>vel</strong></span> <span class='ocrx_word' id='word_1_748' title='bbox 3079 4898 3249 4952; x_wconf 88' lang='lat' dir='ltr'><strong>sextis</strong></span> <span class='ocrx_word' id='word_1_749' title='bbox 3294 4896 3447 4953; x_wconf 87' lang='lat' dir='ltr'><strong>feriis</strong></span> <span class='ocrx_word' id='word_1_750' title='bbox 3489 4898 3672 4951; x_wconf 86' lang='lat' dir='ltr'><strong>omni-</strong></span> 
     </span>
    </p>
   </div>
   <div class='ocr_carea' id='block_1_111' title="bbox 2094 4989 3668 5061">
    <p class='ocr_par' dir='ltr' id='par_1_111' title="bbox 2094 4989 3668 5061">
     <span class='ocr_line' id='line_1_111' title="bbox 2094 4989 3668 5061; baseline -0.006 -12"><span class='ocrx_word' id='word_1_751' title='bbox 2094 4995 2215 5057; x_wconf 87' lang='lat' dir='ltr'><strong>bus,</strong></span> <span class='ocrx_word' id='word_1_752' title='bbox 2240 5002 2294 5048; x_wconf 86' lang='lat' dir='ltr'><strong>et</strong></span> <span class='ocrx_word' id='word_1_753' title='bbox 2324 4990 2750 5061; x_wconf 66' lang='lat' dir='ltr'><strong>quadragesimae</strong></span> <span class='ocrx_word' id='word_1_754' title='bbox 2774 4989 3005 5059; x_wconf 90' lang='lat' dir='ltr'><strong>jejunio,</strong></span> <span class='ocrx_word' id='word_1_755' title='bbox 3033 4990 3177 5058; x_wconf 92' lang='lat' dir='ltr'><strong>quod</strong></span> <span class='ocrx_word' id='word_1_756' title='bbox 3243 5004 3273 5042; x_wconf 89' lang='lat' dir='ltr'><strong>a</strong></span> <span class='ocrx_word' id='word_1_757' title='bbox 3297 4989 3505 5045; x_wconf 88' lang='lat' dir='ltr'><strong>sanctis</strong></span> <span class='ocrx_word' id='word_1_758' title='bbox 3557 4989 3668 5041; x_wconf 85' lang='lat' dir='ltr'><strong>Pa-</strong></span> 
     </span>
    </p>
   </div>
   <div class='ocr_carea' id='block_1_112' title="bbox 2097 5079 3662 5152">
    <p class='ocr_par' dir='ltr' id='par_1_112' title="bbox 2097 5079 3662 5152">
     <span class='ocr_line' id='line_1_112' title="bbox 2097 5079 3662 5152; baseline -0.006 -13"><span class='ocrx_word' id='word_1_759' title='bbox 2097 5086 2267 5139; x_wconf 82' lang='lat' dir='ltr'><strong>tcibus</strong></span> <span class='ocrx_word' id='word_1_760' title='bbox 2294 5084 2618 5147; x_wconf 87' lang='lat' dir='ltr'><strong>institutum,</strong></span> <span class='ocrx_word' id='word_1_761' title='bbox 2656 5083 2747 5152; x_wconf 91' lang='lat' dir='ltr'><strong>qui</strong></span> <span class='ocrx_word' id='word_1_762' title='bbox 2787 5096 2880 5147; x_wconf 90' lang='lat' dir='ltr'><strong>per</strong></span> <span class='ocrx_word' id='word_1_763' title='bbox 2909 5090 3280 5149; x_wconf 90' lang='lat' dir='ltr'><strong>contemptum</strong></span> <span class='ocrx_word' id='word_1_764' title='bbox 3347 5079 3662 5144; x_wconf 88' lang='lat' dir='ltr'><strong>violaverit,</strong></span> 
     </span>
    </p>
   </div>
   <div class='ocr_carea' id='block_1_113' title="bbox 2091 5152 3665 5247">
    <p class='ocr_par' dir='ltr' id='par_1_113' title="bbox 2091 5152 3665 5247">
     <span class='ocr_line' id='line_1_113' title="bbox 2091 5152 3665 5247; baseline -0.005 -14"><span class='ocrx_word' id='word_1_765' title='bbox 2091 5186 2280 5247; x_wconf 90' lang='lat' dir='ltr'><strong>peccat</strong></span> <span class='ocrx_word' id='word_1_766' title='bbox 2310 5176 2555 5243; x_wconf 86' lang='lat' dir='ltr'><strong>quidem,</strong></span> <span class='ocrx_word' id='word_1_767' title='bbox 2587 5190 2694 5229; x_wconf 92' lang='lat' dir='ltr'><strong>non</strong></span> <span class='ocrx_word' id='word_1_768' title='bbox 2755 5185 2935 5229; x_wconf 87' lang='lat' dir='ltr'><strong>tamen</strong></span> <span class='ocrx_word' id='word_1_769' title='bbox 2968 5174 3086 5229; x_wconf 91' lang='lat' dir='ltr'><strong>ideo</strong></span> <span class='ocrx_word' id='word_1_770' title='bbox 3150 5172 3273 5227; x_wconf 86' lang='lat' dir='ltr'><strong>ﬁdei</strong></span> <span class='ocrx_word' id='word_1_771' title='bbox 3316 5152 3665 5241; x_wconf 64' lang='lat' dir='ltr'><strong>nau&#39;fragium</strong></span> 
     </span>
    </p>
   </div>
   <div class='ocr_carea' id='block_1_114' title="bbox 2090 5264 3665 5338">
    <p class='ocr_par' dir='ltr' id='par_1_114' title="bbox 2090 5264 3665 5338">
     <span class='ocr_line' id='line_1_114' title="bbox 2090 5264 3665 5338; baseline -0.003 -16"><span class='ocrx_word' id='word_1_772' title='bbox 2090 5267 2327 5338; x_wconf 88' lang='lat' dir='ltr'><strong>pertulit.</strong></span> <span class='ocrx_word' id='word_1_773' title='bbox 2365 5265 2559 5321; x_wconf 86' lang='lat' dir='ltr'><strong>Verum</strong></span> <span class='ocrx_word' id='word_1_774' title='bbox 2593 5266 2644 5320; x_wconf 94' lang='lat' dir='ltr'><strong>in</strong></span> <span class='ocrx_word' id='word_1_775' title='bbox 2681 5267 2732 5320; x_wconf 91' lang='lat' dir='ltr'><strong>id</strong></span> <span class='ocrx_word' id='word_1_776' title='bbox 2774 5275 3055 5334; x_wconf 89' lang='lat' dir='ltr'><strong>peccatum</strong></span> <span class='ocrx_word' id='word_1_777' title='bbox 3086 5265 3300 5327; x_wconf 89' lang='lat' dir='ltr'><strong>incidit,</strong></span> <span class='ocrx_word' id='word_1_778' title='bbox 3360 5264 3503 5333; x_wconf 90' lang='lat' dir='ltr'><strong>quod</strong></span> <span class='ocrx_word' id='word_1_779' title='bbox 3562 5279 3665 5331; x_wconf 81' lang='lat' dir='ltr'><strong>per</strong></span> 
     </span>
    </p>
   </div>
   <div class='ocr_carea' id='block_1_115' title="bbox 2091 5357 3668 5431">
    <p class='ocr_par' dir='ltr' id='par_1_115' title="bbox 2091 5357 3668 5431">
     <span class='ocr_line' id='line_1_115' title="bbox 2091 5357 3668 5431; baseline -0.003 -16"><span class='ocrx_word' id='word_1_780' title='bbox 2091 5359 2485 5431; x_wconf 79' lang='lat' dir='ltr'><strong>pmnitentiam,</strong></span> <span class='ocrx_word' id='word_1_781' title='bbox 2514 5366 2569 5412; x_wconf 89' lang='lat' dir='ltr'><strong>et</strong></span> <span class='ocrx_word' id='word_1_782' title='bbox 2626 5358 3042 5423; x_wconf 84' lang='lat' dir='ltr'><strong>confessionem,</strong></span> <span class='ocrx_word' id='word_1_783' title='bbox 3084 5357 3285 5413; x_wconf 88' lang='lat' dir='ltr'><strong>Christi</strong></span> <span class='ocrx_word' id='word_1_784' title='bbox 3334 5366 3668 5425; x_wconf 84' lang='lat' dir='ltr'><strong>cooperante</strong></span> 
     </span>
    </p>
   </div>
   <div class='ocr_carea' id='block_1_116' title="bbox 2089 5449 2936 5518">
    <p class='ocr_par' dir='ltr' id='par_1_116' title="bbox 2089 5449 2936 5518">
     <span class='ocr_line' id='line_1_116' title="bbox 2089 5449 2936 5518; baseline 0 -14"><span class='ocrx_word' id='word_1_785' title='bbox 2089 5453 2304 5515; x_wconf 85' lang='lat' dir='ltr'><strong>virtute,</strong></span> <span class='ocrx_word' id='word_1_786' title='bbox 2338 5449 2653 5504; x_wconf 89' lang='lat' dir='ltr'><strong>remissione</strong></span> <span class='ocrx_word' id='word_1_787' title='bbox 2682 5451 2936 5518; x_wconf 89' lang='lat' dir='ltr'><strong>potietur.</strong></span> 
     </span>
    </p>
   </div>
   <div class='ocr_carea' id='block_1_117' title="bbox 3163 5644 3656 5711">
    <p class='ocr_par' dir='ltr' id='par_1_117' title="bbox 3163 5644 3656 5711">
     <span class='ocr_line' id='line_1_117' title="bbox 3163 5644 3656 5711; baseline 0 -8"><span class='ocrx_word' id='word_1_788' title='bbox 3163 5647 3206 5679; x_wconf 86' lang='grc'>³³</span> <span class='ocrx_word' id='word_1_789' title='bbox 3233 5646 3421 5703; x_wconf 76' lang='lat' dir='ltr'><strong>Matth.</strong></span> <span class='ocrx_word' id='word_1_790' title='bbox 3448 5661 3541 5711; x_wconf 80' lang='lat' dir='ltr'><strong>xv,</strong></span> <span class='ocrx_word' id='word_1_791' title='bbox 3569 5644 3656 5703; x_wconf 76' lang='grc' dir='ltr'><strong>Η.</strong></span> 
     </span>
    </p>
   </div>
   <div class='ocr_carea' id='block_1_118' title="bbox 2149 5648 3111 5727">
    <p class='ocr_par' dir='ltr' id='par_1_118' title="bbox 2149 5648 3111 5727">
     <span class='ocr_line' id='line_1_118' title="bbox 2149 5648 3111 5727; baseline -0.006 -18"><span class='ocrx_word' id='word_1_792' title='bbox 2149 5656 2191 5686; x_wconf 84' lang='grc'><strong>³⁰</strong></span> <span class='ocrx_word' id='word_1_793' title='bbox 2226 5655 2379 5709; x_wconf 78' lang='lat' dir='ltr'><strong>liom.</strong></span> <span class='ocrx_word' id='word_1_794' title='bbox 2408 5669 2516 5718; x_wconf 81' lang='lat' dir='ltr'><strong>xrv,</strong></span> <span class='ocrx_word' id='word_1_795' title='bbox 2558 5649 2609 5705; x_wconf 77' lang='lat'><strong>2.</strong></span> <span class='ocrx_word' id='word_1_796' title='bbox 2664 5650 2729 5727; x_wconf 27' lang='grc'><strong>’³⁸</strong></span> <span class='ocrx_word' id='word_1_797' title='bbox 2757 5649 2861 5704; x_wconf 85' lang='lat' dir='ltr'><strong>Tit.</strong></span> <span class='ocrx_word' id='word_1_798' title='bbox 2891 5663 2930 5714; x_wconf 90' lang='lat' dir='ltr'><strong>t,</strong></span> <span class='ocrx_word' id='word_1_799' title='bbox 2998 5648 3111 5703; x_wconf 66' lang='lat'><strong>15.‘</strong></span> 
     </span>
    </p>
   </div>
  </div>
