  <div class='ocr_page' id='page_1' title='image "/cluster/home/n/w/nwhite01/storage/ocr_20150623/152/hvd.32044073502635/120.png"; bbox 0 0 3996 6222; ppageno 0'>
   <div class='ocr_carea' id='block_1_1' title="bbox 207 345 312 408">
    <p class='ocr_par' dir='ltr' id='par_1_1' title="bbox 207 345 312 408">
     <span class='ocr_line' id='line_1_1' title="bbox 207 345 312 408; baseline 0 -1"><span class='ocrx_word' id='word_1_1' title='bbox 207 345 312 408; x_wconf 76' lang='grc' dir='ltr'><strong><em>ὶΠ</em></strong></span> 
     </span>
    </p>
   </div>
   <div class='ocr_carea' id='block_1_2' title="bbox 635 461 1376 536">
    <p class='ocr_par' dir='ltr' id='par_1_2' title="bbox 635 461 1376 536">
     <span class='ocr_line' id='line_1_2' title="bbox 635 461 1376 536; baseline 0.004 -19"><span class='ocrx_word' id='word_1_2' title='bbox 635 461 708 517; x_wconf 88' lang='lat' dir='ltr'><strong>De</strong></span> <span class='ocrx_word' id='word_1_3' title='bbox 725 464 933 534; x_wconf 76' lang='lat' dir='ltr'><strong><em>jejunio</em></strong></span> <span class='ocrx_word' id='word_1_4' title='bbox 957 463 1178 519; x_wconf 80' lang='lat' dir='ltr'><strong>Sabbati</strong></span> <span class='ocrx_word' id='word_1_5' title='bbox 1237 465 1376 536; x_wconf 81' lang='lat'><strong>(8|).</strong></span> 
     </span>
    </p>
   </div>
   <div class='ocr_carea' id='block_1_3' title="bbox 276 547 1791 627">
    <p class='ocr_par' dir='ltr' id='par_1_3' title="bbox 276 547 1791 627">
     <span class='ocr_line' id='line_1_3' title="bbox 276 547 1791 627; baseline 0.005 -16"><span class='ocrx_word' id='word_1_6' title='bbox 276 557 394 612; x_wconf 89' lang='lat' dir='ltr'><strong>Sed</strong></span> <span class='ocrx_word' id='word_1_7' title='bbox 413 565 472 611; x_wconf 86' lang='lat' dir='ltr'><strong>et</strong></span> <span class='ocrx_word' id='word_1_8' title='bbox 500 557 717 627; x_wconf 63' lang='lat' dir='ltr'><strong>jndaizs</strong></span> <span class='ocrx_word' id='word_1_9' title='bbox 728 575 782 612; x_wconf 90' lang='lat' dir='ltr'><strong>re</strong></span> <span class='ocrx_word' id='word_1_10' title='bbox 805 558 1115 613; x_wconf 73' lang='lat' dir='ltr'><strong>Occidentis</strong></span> <span class='ocrx_word' id='word_1_11' title='bbox 1144 547 1447 616; x_wconf 48' lang='lat' dir='ltr'><strong>E&#39;cclcsiam</strong></span> <span class='ocrx_word' id='word_1_12' title='bbox 1471 572 1791 619; x_wconf 85' lang='lat' dir='ltr'><strong>causantur.</strong></span> 
     </span>
    </p>
   </div>
   <div class='ocr_carea' id='block_1_4' title="bbox 207 649 1796 721">
    <p class='ocr_par' dir='ltr' id='par_1_4' title="bbox 207 649 1796 721">
     <span class='ocr_line' id='line_1_4' title="bbox 207 649 1796 721; baseline 0.004 -17"><span class='ocrx_word' id='word_1_13' title='bbox 207 667 447 721; x_wconf 84' lang='lat' dir='ltr'><strong>quorum</strong></span> <span class='ocrx_word' id='word_1_14' title='bbox 473 649 696 721; x_wconf 86' lang='lat' dir='ltr'><strong>plurimi</strong></span> <span class='ocrx_word' id='word_1_15' title='bbox 715 667 810 718; x_wconf 90' lang='lat' dir='ltr'><strong>per</strong></span> <span class='ocrx_word' id='word_1_16' title='bbox 838 667 1000 707; x_wconf 90' lang='lat' dir='ltr'><strong>omne</strong></span> <span class='ocrx_word' id='word_1_17' title='bbox 1052 653 1348 709; x_wconf 85' lang='lat' dir='ltr'><strong>Sabbatum</strong></span> <span class='ocrx_word' id='word_1_18' title='bbox 1391 654 1649 711; x_wconf 89' lang='lat' dir='ltr'><strong>carnibus</strong></span> <span class='ocrx_word' id='word_1_19' title='bbox 1699 656 1796 711; x_wconf 79' lang='lat' dir='ltr'><strong>ab-</strong></span> 
     </span>
    </p>
   </div>
   <div class='ocr_carea' id='block_1_5' title="bbox 209 745 1794 815">
    <p class='ocr_par' dir='ltr' id='par_1_5' title="bbox 209 745 1794 815">
     <span class='ocr_line' id='line_1_5' title="bbox 209 745 1794 815; baseline 0.004 -15"><span class='ocrx_word' id='word_1_20' title='bbox 209 748 442 806; x_wconf 87' lang='lat' dir='ltr'><strong>stinent,</strong></span> <span class='ocrx_word' id='word_1_21' title='bbox 480 745 597 798; x_wconf 88' lang='lat' dir='ltr'><strong>sive</strong></span> <span class='ocrx_word' id='word_1_22' title='bbox 629 759 724 812; x_wconf 90' lang='lat' dir='ltr'><strong>pro</strong></span> <span class='ocrx_word' id='word_1_23' title='bbox 752 745 1026 812; x_wconf 77' lang='lat' dir='ltr'><strong>sepultura</strong></span> <span class='ocrx_word' id='word_1_24' title='bbox 1056 756 1112 800; x_wconf 89' lang='lat' dir='ltr'><strong>et</strong></span> <span class='ocrx_word' id='word_1_25' title='bbox 1157 756 1334 803; x_wconf 87' lang='lat' dir='ltr'><strong>morte</strong></span> <span class='ocrx_word' id='word_1_26' title='bbox 1382 747 1641 815; x_wconf 52' lang='lat' dir='ltr'><strong>Domini,‘</strong></span> <span class='ocrx_word' id='word_1_27' title='bbox 1677 749 1794 806; x_wconf 84' lang='lat' dir='ltr'><strong>sive</strong></span> 
     </span>
    </p>
   </div>
   <div class='ocr_carea' id='block_1_6' title="bbox 210 836 1796 908">
    <p class='ocr_par' dir='ltr' id='par_1_6' title="bbox 210 836 1796 908">
     <span class='ocr_line' id='line_1_6' title="bbox 210 836 1796 908; baseline 0.002 -15"><span class='ocrx_word' id='word_1_28' title='bbox 210 853 307 908; x_wconf 88' lang='lat' dir='ltr'><strong>pro</strong></span> <span class='ocrx_word' id='word_1_29' title='bbox 339 839 572 892; x_wconf 86' lang='lat' dir='ltr'><strong>tristitia</strong></span> <span class='ocrx_word' id='word_1_30' title='bbox 623 847 675 892; x_wconf 92' lang='lat' dir='ltr'><strong>et</strong></span> <span class='ocrx_word' id='word_1_31' title='bbox 745 836 1115 905; x_wconf 73' lang='lat' dir='ltr'><strong>tribulatione,</strong></span> <span class='ocrx_word' id='word_1_32' title='bbox 1168 853 1331 908; x_wconf 85' lang='lat' dir='ltr'><strong>quam</strong></span> <span class='ocrx_word' id='word_1_33' title='bbox 1375 849 1566 894; x_wconf 87' lang='lat' dir='ltr'><strong>sancta</strong></span> <span class='ocrx_word' id='word_1_34' title='bbox 1623 850 1796 896; x_wconf 82' lang='lat' dir='ltr'><strong>mater</strong></span> 
     </span>
    </p>
   </div>
   <div class='ocr_carea' id='block_1_7' title="bbox 209 930 1792 1002">
    <p class='ocr_par' dir='ltr' id='par_1_7' title="bbox 209 930 1792 1002">
     <span class='ocr_line' id='line_1_7' title="bbox 209 930 1792 1002; baseline -0.002 -13"><span class='ocrx_word' id='word_1_35' title='bbox 209 938 328 1002; x_wconf 78' lang='lat' dir='ltr'><strong>ejus</strong></span> <span class='ocrx_word' id='word_1_36' title='bbox 375 943 490 988; x_wconf 90' lang='lat' dir='ltr'><strong>tota</strong></span> <span class='ocrx_word' id='word_1_37' title='bbox 543 931 733 987; x_wconf 86' lang='lat' dir='ltr'><strong>dieilla</strong></span> <span class='ocrx_word' id='word_1_38' title='bbox 783 931 992 995; x_wconf 91' lang='lat' dir='ltr'><strong>habuit,</strong></span> <span class='ocrx_word' id='word_1_39' title='bbox 1052 947 1155 999; x_wconf 88' lang='lat' dir='ltr'><strong>qua</strong></span> <span class='ocrx_word' id='word_1_40' title='bbox 1201 930 1460 988; x_wconf 86' lang='lat' dir='ltr'><strong>Dominus</strong></span> <span class='ocrx_word' id='word_1_41' title='bbox 1514 933 1566 988; x_wconf 87' lang='lat' dir='ltr'><strong>itt</strong></span> <span class='ocrx_word' id='word_1_42' title='bbox 1611 933 1792 1002; x_wconf 86' lang='lat' dir='ltr'><strong>sepul-</strong></span> 
     </span>
    </p>
   </div>
   <div class='ocr_carea' id='block_1_8' title="bbox 211 1023 1794 1092">
    <p class='ocr_par' dir='ltr' id='par_1_8' title="bbox 211 1023 1794 1092">
     <span class='ocr_line' id='line_1_8' title="bbox 211 1023 1794 1092; baseline -0.003 -11"><span class='ocrx_word' id='word_1_43' title='bbox 211 1043 305 1081; x_wconf 85' lang='lat' dir='ltr'><strong>cro</strong></span> <span class='ocrx_word' id='word_1_44' title='bbox 339 1035 596 1080; x_wconf 87' lang='lat' dir='ltr'><strong>mortuus</strong></span> <span class='ocrx_word' id='word_1_45' title='bbox 626 1025 923 1079; x_wconf 84' lang='lat' dir='ltr'><strong>secundum</strong></span> <span class='ocrx_word' id='word_1_46' title='bbox 955 1023 1224 1078; x_wconf 85' lang='lat' dir='ltr'><strong>hominem</strong></span> <span class='ocrx_word' id='word_1_47' title='bbox 1247 1025 1473 1092; x_wconf 82' lang='lat' dir='ltr'><strong>quievit.</strong></span> <span class='ocrx_word' id='word_1_48' title='bbox 1536 1023 1678 1078; x_wconf 91' lang='lat' dir='ltr'><strong>Istud</strong></span> <span class='ocrx_word' id='word_1_49' title='bbox 1713 1024 1794 1079; x_wconf 82' lang='lat' dir='ltr'><strong>fa-</strong></span> 
     </span>
    </p>
   </div>
   <div class='ocr_carea' id='block_1_9' title="bbox 210 1116 1794 1180">
    <p class='ocr_par' dir='ltr' id='par_1_9' title="bbox 210 1116 1794 1180">
     <span class='ocr_line' id='line_1_9' title="bbox 210 1116 1794 1180; baseline -0.002 -6"><span class='ocrx_word' id='word_1_50' title='bbox 210 1122 450 1180; x_wconf 76' lang='lat' dir='ltr'><strong>cientes,</strong></span> <span class='ocrx_word' id='word_1_51' title='bbox 514 1118 656 1173; x_wconf 80' lang='lat' dir='ltr'><strong>sicut</strong></span> <span class='ocrx_word' id='word_1_52' title='bbox 710 1117 856 1171; x_wconf 89' lang='lat' dir='ltr'><strong>omni</strong></span> <span class='ocrx_word' id='word_1_53' title='bbox 904 1116 1182 1170; x_wconf 85' lang='lat' dir='ltr'><strong>Dominieo</strong></span> <span class='ocrx_word' id='word_1_54' title='bbox 1211 1117 1297 1170; x_wconf 91' lang='lat' dir='ltr'><strong>die</strong></span> <span class='ocrx_word' id='word_1_55' title='bbox 1358 1116 1794 1171; x_wconf 78' lang='lat' dir='ltr'><strong>Resurrectionis</strong></span> 
     </span>
    </p>
   </div>
   <div class='ocr_carea' id='block_1_10' title="bbox 209 1205 1798 1277">
    <p class='ocr_par' dir='ltr' id='par_1_10' title="bbox 209 1205 1798 1277">
     <span class='ocr_line' id='line_1_10' title="bbox 209 1205 1798 1277; baseline -0.003 -11"><span class='ocrx_word' id='word_1_56' title='bbox 209 1212 353 1277; x_wconf 82' lang='lat' dir='ltr'><strong>ejus.</strong></span> <span class='ocrx_word' id='word_1_57' title='bbox 425 1219 486 1263; x_wconf 90' lang='lat' dir='ltr'><strong>et</strong></span> <span class='ocrx_word' id='word_1_58' title='bbox 545 1208 690 1263; x_wconf 91' lang='lat' dir='ltr'><strong>omni</strong></span> <span class='ocrx_word' id='word_1_59' title='bbox 765 1216 919 1262; x_wconf 85' lang='lat' dir='ltr'><strong>sexta</strong></span> <span class='ocrx_word' id='word_1_60' title='bbox 951 1205 1083 1260; x_wconf 81' lang='lat' dir='ltr'><strong>feria</strong></span> <span class='ocrx_word' id='word_1_61' title='bbox 1121 1206 1300 1261; x_wconf 88' lang='lat' dir='ltr'><strong>cruris</strong></span> <span class='ocrx_word' id='word_1_62' title='bbox 1332 1222 1396 1260; x_wconf 90' lang='lat' dir='ltr'><strong>ac</strong></span> <span class='ocrx_word' id='word_1_63' title='bbox 1433 1209 1624 1262; x_wconf 88' lang='lat' dir='ltr'><strong>mortis</strong></span> <span class='ocrx_word' id='word_1_64' title='bbox 1653 1207 1798 1262; x_wconf 74' lang='lat' dir='ltr'><strong>illius</strong></span> 
     </span>
    </p>
   </div>
   <div class='ocr_carea' id='block_1_11' title="bbox 207 1295 1789 1367">
    <p class='ocr_par' dir='ltr' id='par_1_11' title="bbox 207 1295 1789 1367">
     <span class='ocr_line' id='line_1_11' title="bbox 207 1295 1789 1367; baseline -0.003 -13"><span class='ocrx_word' id='word_1_65' title='bbox 207 1301 538 1356; x_wconf 81' lang='lat' dir='ltr'><strong>memoriam</strong></span> <span class='ocrx_word' id='word_1_66' title='bbox 614 1297 862 1365; x_wconf 76' lang='lat' dir='ltr'><strong>agimus.</strong></span> <span class='ocrx_word' id='word_1_67' title='bbox 936 1295 1158 1365; x_wconf 85' lang='lat' dir='ltr'><strong>Nempe,</strong></span> <span class='ocrx_word' id='word_1_68' title='bbox 1227 1312 1292 1351; x_wconf 86' lang='lat' dir='ltr'><strong>ex</strong></span> <span class='ocrx_word' id='word_1_69' title='bbox 1370 1295 1630 1367; x_wconf 78' lang='lat' dir='ltr'><strong>cujusque</strong></span> <span class='ocrx_word' id='word_1_70' title='bbox 1711 1297 1789 1351; x_wconf 82' lang='lat' dir='ltr'><strong>rei</strong></span> 
     </span>
    </p>
   </div>
   <div class='ocr_carea' id='block_1_12' title="bbox 205 1388 1796 1458">
    <p class='ocr_par' dir='ltr' id='par_1_12' title="bbox 205 1388 1796 1458">
     <span class='ocr_line' id='line_1_12' title="bbox 205 1388 1796 1458; baseline -0.005 -10"><span class='ocrx_word' id='word_1_71' title='bbox 205 1393 527 1449; x_wconf 87' lang='lat' dir='ltr'><strong>intentione</strong></span> <span class='ocrx_word' id='word_1_72' title='bbox 600 1391 828 1458; x_wconf 77' lang='lat' dir='ltr'><strong>quisque</strong></span> <span class='ocrx_word' id='word_1_73' title='bbox 888 1389 974 1443; x_wconf 83' lang='lat' dir='ltr'><strong>vel</strong></span> <span class='ocrx_word' id='word_1_74' title='bbox 1027 1389 1383 1457; x_wconf 82' lang='lat' dir='ltr'><strong>vituperatur,</strong></span> <span class='ocrx_word' id='word_1_75' title='bbox 1451 1388 1533 1442; x_wconf 87' lang='lat' dir='ltr'><strong>vel</strong></span> <span class='ocrx_word' id='word_1_76' title='bbox 1606 1388 1796 1442; x_wconf 85' lang='lat' dir='ltr'><strong>lauda-</strong></span> 
     </span>
    </p>
   </div>
   <div class='ocr_carea' id='block_1_13' title="bbox 206 1479 1797 1550">
    <p class='ocr_par' dir='ltr' id='par_1_13' title="bbox 206 1479 1797 1550">
     <span class='ocr_line' id='line_1_13' title="bbox 206 1479 1797 1550; baseline -0.001 -13"><span class='ocrx_word' id='word_1_77' title='bbox 206 1494 317 1537; x_wconf 81' lang='lat' dir='ltr'><strong>tur.</strong></span> <span class='ocrx_word' id='word_1_78' title='bbox 377 1482 562 1536; x_wconf 86' lang='lat' dir='ltr'><strong>Porro</strong></span> <span class='ocrx_word' id='word_1_79' title='bbox 612 1481 846 1534; x_wconf 77' lang='lat' dir='ltr'><strong>intentio</strong></span> <span class='ocrx_word' id='word_1_80' title='bbox 908 1480 1161 1550; x_wconf 75' lang='lat' dir='ltr'><strong>praedicta</strong></span> <span class='ocrx_word' id='word_1_81' title='bbox 1202 1479 1349 1540; x_wconf 83' lang='lat' dir='ltr'><strong>ﬁdei.</strong></span> <span class='ocrx_word' id='word_1_82' title='bbox 1409 1480 1797 1549; x_wconf 78' lang='lat' dir='ltr'><strong>religionisque</strong></span> 
     </span>
    </p>
   </div>
   <div class='ocr_carea' id='block_1_14' title="bbox 203 1570 1794 1641">
    <p class='ocr_par' dir='ltr' id='par_1_14' title="bbox 203 1570 1794 1641">
     <span class='ocr_line' id='line_1_14' title="bbox 203 1570 1794 1641; baseline -0.002 -12"><span class='ocrx_word' id='word_1_83' title='bbox 203 1590 332 1629; x_wconf 85' lang='lat' dir='ltr'><strong>cum</strong></span> <span class='ocrx_word' id='word_1_84' title='bbox 374 1574 473 1639; x_wconf 87' lang='lat' dir='ltr'><strong>sit,</strong></span> <span class='ocrx_word' id='word_1_85' title='bbox 501 1572 706 1641; x_wconf 82' lang='lat' dir='ltr'><strong>culpari</strong></span> <span class='ocrx_word' id='word_1_86' title='bbox 738 1572 932 1627; x_wconf 89' lang='lat' dir='ltr'><strong>merito</strong></span> <span class='ocrx_word' id='word_1_87' title='bbox 980 1587 1084 1625; x_wconf 92' lang='lat' dir='ltr'><strong>non</strong></span> <span class='ocrx_word' id='word_1_88' title='bbox 1143 1579 1341 1640; x_wconf 79' lang='lat' dir='ltr'><strong>potest.</strong></span> <span class='ocrx_word' id='word_1_89' title='bbox 1415 1570 1600 1640; x_wconf 83' lang='lat' dir='ltr'><strong>Neque</strong></span> <span class='ocrx_word' id='word_1_90' title='bbox 1650 1573 1794 1626; x_wconf 87' lang='lat' dir='ltr'><strong>enim</strong></span> 
     </span>
    </p>
   </div>
   <div class='ocr_carea' id='block_1_15' title="bbox 198 1663 1796 1738">
    <p class='ocr_par' dir='ltr' id='par_1_15' title="bbox 198 1663 1796 1738">
     <span class='ocr_line' id='line_1_15' title="bbox 198 1663 1796 1738; baseline -0.004 -16"><span class='ocrx_word' id='word_1_91' title='bbox 198 1667 527 1738; x_wconf 78' lang='lat' dir='ltr'><strong>iudaizaudi</strong></span> <span class='ocrx_word' id='word_1_92' title='bbox 561 1679 724 1721; x_wconf 88' lang='lat' dir='ltr'><strong>causa</strong></span> <span class='ocrx_word' id='word_1_93' title='bbox 774 1666 880 1720; x_wconf 91' lang='lat' dir='ltr'><strong>boc</strong></span> <span class='ocrx_word' id='word_1_94' title='bbox 907 1663 1074 1731; x_wconf 78' lang='lat' dir='ltr'><strong>facit;</strong></span> <span class='ocrx_word' id='word_1_95' title='bbox 1127 1667 1254 1728; x_wconf 92' lang='lat' dir='ltr'><strong>imo,</strong></span> <span class='ocrx_word' id='word_1_96' title='bbox 1292 1678 1359 1717; x_wconf 93' lang='lat' dir='ltr'><strong>ne</strong></span> <span class='ocrx_word' id='word_1_97' title='bbox 1403 1663 1519 1732; x_wconf 89' lang='lat' dir='ltr'><strong>ipsa</strong></span> <span class='ocrx_word' id='word_1_98' title='bbox 1581 1664 1796 1732; x_wconf 83' lang='lat' dir='ltr'><strong>quidem</strong></span> 
     </span>
    </p>
   </div>
   <div class='ocr_carea' id='block_1_16' title="bbox 205 1756 1797 1817">
    <p class='ocr_par' dir='ltr' id='par_1_16' title="bbox 205 1756 1797 1817">
     <span class='ocr_line' id='line_1_16' title="bbox 205 1756 1797 1817; baseline -0.006 0"><span class='ocrx_word' id='word_1_99' title='bbox 205 1779 291 1817; x_wconf 78' lang='lat' dir='ltr'><strong>res</strong></span> <span class='ocrx_word' id='word_1_100' title='bbox 321 1762 496 1815; x_wconf 88' lang='lat' dir='ltr'><strong>ullam</strong></span> <span class='ocrx_word' id='word_1_101' title='bbox 525 1760 689 1816; x_wconf 81' lang='lat' dir='ltr'><strong>habet</strong></span> <span class='ocrx_word' id='word_1_102' title='bbox 731 1757 974 1814; x_wconf 75' lang='lat' dir='ltr'><strong>Judaicte</strong></span> <span class='ocrx_word' id='word_1_103' title='bbox 1033 1757 1436 1814; x_wconf 81' lang='lat' dir='ltr'><strong>observationis</strong></span> <span class='ocrx_word' id='word_1_104' title='bbox 1489 1756 1797 1810; x_wconf 74' lang='lat' dir='ltr'><strong>similitudi-</strong></span> 
     </span>
    </p>
   </div>
   <div class='ocr_carea' id='block_1_17' title="bbox 205 1851 1794 1926">
    <p class='ocr_par' dir='ltr' id='par_1_17' title="bbox 205 1851 1794 1926">
     <span class='ocr_line' id='line_1_17' title="bbox 205 1851 1794 1926; baseline -0.006 -12"><span class='ocrx_word' id='word_1_105' title='bbox 205 1874 354 1914; x_wconf 83' lang='lat' dir='ltr'><strong>nem.</strong></span> <span class='ocrx_word' id='word_1_106' title='bbox 378 1854 563 1911; x_wconf 69' lang='lat' dir='ltr'><strong>Judaei</strong></span> <span class='ocrx_word' id='word_1_107' title='bbox 597 1856 816 1926; x_wconf 87' lang='lat' dir='ltr'><strong>quippe,</strong></span> <span class='ocrx_word' id='word_1_108' title='bbox 847 1854 902 1910; x_wconf 91' lang='lat' dir='ltr'><strong>in</strong></span> <span class='ocrx_word' id='word_1_109' title='bbox 928 1863 1188 1924; x_wconf 89' lang='lat' dir='ltr'><strong>quantum</strong></span> <span class='ocrx_word' id='word_1_110' title='bbox 1213 1861 1457 1922; x_wconf 85' lang='lat' dir='ltr'><strong>possunt,</strong></span> <span class='ocrx_word' id='word_1_111' title='bbox 1482 1851 1794 1920; x_wconf 62' lang='lat' dir='ltr'><strong>praeparati,</strong></span> 
     </span>
    </p>
   </div>
   <div class='ocr_carea' id='block_1_18' title="bbox 201 1943 1793 2019">
    <p class='ocr_par' dir='ltr' id='par_1_18' title="bbox 201 1943 1793 2019">
     <span class='ocr_line' id='line_1_18' title="bbox 201 1943 1793 2019; baseline -0.003 -16"><span class='ocrx_word' id='word_1_112' title='bbox 201 1952 499 2019; x_wconf 79' lang='lat' dir='ltr'><strong>otiumque</strong></span> <span class='ocrx_word' id='word_1_113' title='bbox 527 1950 598 2002; x_wconf 85' lang='lat' dir='ltr'><strong>ab</strong></span> <span class='ocrx_word' id='word_1_114' title='bbox 618 1949 761 2002; x_wconf 89' lang='lat' dir='ltr'><strong>omni</strong></span> <span class='ocrx_word' id='word_1_115' title='bbox 787 1962 952 2016; x_wconf 89' lang='lat' dir='ltr'><strong>opere</strong></span> <span class='ocrx_word' id='word_1_116' title='bbox 989 1956 1234 2014; x_wconf 76' lang='lat' dir='ltr'><strong>agentes,</strong></span> <span class='ocrx_word' id='word_1_117' title='bbox 1278 1955 1388 2000; x_wconf 87' lang='lat' dir='ltr'><strong>tota</strong></span> <span class='ocrx_word' id='word_1_118' title='bbox 1419 1944 1508 2000; x_wconf 86' lang='lat' dir='ltr'><strong>illa</strong></span> <span class='ocrx_word' id='word_1_119' title='bbox 1535 1943 1624 1998; x_wconf 88' lang='lat' dir='ltr'><strong>die</strong></span> <span class='ocrx_word' id='word_1_120' title='bbox 1653 1944 1793 1999; x_wconf 81' lang='lat' dir='ltr'><strong>Sab-</strong></span> 
     </span>
    </p>
   </div>
   <div class='ocr_carea' id='block_1_19' title="bbox 202 2037 1794 2106">
    <p class='ocr_par' dir='ltr' id='par_1_19' title="bbox 202 2037 1794 2106">
     <span class='ocr_line' id='line_1_19' title="bbox 202 2037 1794 2106; baseline -0.003 -10"><span class='ocrx_word' id='word_1_121' title='bbox 202 2045 313 2096; x_wconf 81' lang='lat' dir='ltr'><strong>bati</strong></span> <span class='ocrx_word' id='word_1_122' title='bbox 346 2051 403 2095; x_wconf 87' lang='lat' dir='ltr'><strong>et</strong></span> <span class='ocrx_word' id='word_1_123' title='bbox 447 2043 765 2106; x_wconf 74' lang='lat' dir='ltr'><strong>comedunt,</strong></span> <span class='ocrx_word' id='word_1_124' title='bbox 788 2047 843 2095; x_wconf 91' lang='lat' dir='ltr'><strong>et</strong></span> <span class='ocrx_word' id='word_1_125' title='bbox 863 2038 1057 2093; x_wconf 89' lang='lat' dir='ltr'><strong>bibunt</strong></span> <span class='ocrx_word' id='word_1_126' title='bbox 1091 2057 1106 2093; x_wconf 87' lang='lat'><strong>:</strong></span> <span class='ocrx_word' id='word_1_127' title='bbox 1163 2040 1216 2093; x_wconf 91' lang='lat' dir='ltr'><strong>hi</strong></span> <span class='ocrx_word' id='word_1_128' title='bbox 1251 2045 1429 2094; x_wconf 89' lang='lat' dir='ltr'><strong>autem</strong></span> <span class='ocrx_word' id='word_1_129' title='bbox 1459 2037 1794 2092; x_wconf 75' lang='lat' dir='ltr'><strong>abstinentes</strong></span> 
     </span>
    </p>
   </div>
   <div class='ocr_carea' id='block_1_20' title="bbox 201 2123 1796 2202">
    <p class='ocr_par' dir='ltr' id='par_1_20' title="bbox 201 2123 1796 2202">
     <span class='ocr_line' id='line_1_20' title="bbox 201 2123 1796 2202; baseline -0.002 -14"><span class='ocrx_word' id='word_1_130' title='bbox 201 2135 497 2196; x_wconf 84' lang='lat' dir='ltr'><strong>carnibus,</strong></span> <span class='ocrx_word' id='word_1_131' title='bbox 543 2130 868 2202; x_wconf 75' lang='lat' dir='ltr'><strong>castigatius</strong></span> <span class='ocrx_word' id='word_1_132' title='bbox 918 2133 974 2186; x_wconf 93' lang='lat' dir='ltr'><strong>in</strong></span> <span class='ocrx_word' id='word_1_133' title='bbox 1025 2145 1089 2186; x_wconf 90' lang='lat' dir='ltr'><strong>ea</strong></span> <span class='ocrx_word' id='word_1_134' title='bbox 1144 2123 1381 2202; x_wconf 71' lang='lat' dir='ltr'><strong>degunt,‘</strong></span> <span class='ocrx_word' id='word_1_135' title='bbox 1416 2132 1796 2200; x_wconf 82' lang='lat' dir='ltr'><strong>contrariaque</strong></span> 
     </span>
    </p>
   </div>
   <div class='ocr_carea' id='block_1_21' title="bbox 199 2221 1798 2291">
    <p class='ocr_par' dir='ltr' id='par_1_21' title="bbox 199 2221 1798 2291">
     <span class='ocr_line' id='line_1_21' title="bbox 199 2221 1798 2291; baseline -0.002 -14"><span class='ocrx_word' id='word_1_136' title='bbox 199 2227 312 2280; x_wconf 82' lang='lat' dir='ltr'><strong>illis</strong></span> <span class='ocrx_word' id='word_1_137' title='bbox 343 2224 541 2279; x_wconf 83' lang='lat' dir='ltr'><strong>facere</strong></span> <span class='ocrx_word' id='word_1_138' title='bbox 589 2222 1088 2291; x_wconf 80' lang='lat' dir='ltr'><strong>deprehenduntur.</strong></span> <span class='ocrx_word' id='word_1_139' title='bbox 1113 2221 1228 2275; x_wconf 86' lang='lat' dir='ltr'><strong>Non</strong></span> <span class='ocrx_word' id='word_1_140' title='bbox 1251 2223 1434 2290; x_wconf 86' lang='lat' dir='ltr'><strong>itaque</strong></span> <span class='ocrx_word' id='word_1_141' title='bbox 1456 2223 1544 2291; x_wconf 91' lang='lat' dir='ltr'><strong>qui</strong></span> <span class='ocrx_word' id='word_1_142' title='bbox 1566 2221 1798 2290; x_wconf 82' lang='lat' dir='ltr'><strong>jejunat,</strong></span> 
     </span>
    </p>
   </div>
   <div class='ocr_carea' id='block_1_22' title="bbox 204 2313 1797 2385">
    <p class='ocr_par' dir='ltr' id='par_1_22' title="bbox 204 2313 1797 2385">
     <span class='ocr_line' id='line_1_22' title="bbox 204 2313 1797 2385; baseline -0.004 -13"><span class='ocrx_word' id='word_1_143' title='bbox 204 2319 299 2373; x_wconf 77' lang='lat' dir='ltr'><strong>sed</strong></span> <span class='ocrx_word' id='word_1_144' title='bbox 328 2317 426 2385; x_wconf 88' lang='lat' dir='ltr'><strong>qui</strong></span> <span class='ocrx_word' id='word_1_145' title='bbox 463 2315 686 2369; x_wconf 88' lang='lat' dir='ltr'><strong>illorum</strong></span> <span class='ocrx_word' id='word_1_146' title='bbox 715 2315 911 2380; x_wconf 91' lang='lat' dir='ltr'><strong>otium,</strong></span> <span class='ocrx_word' id='word_1_147' title='bbox 943 2314 1377 2381; x_wconf 86' lang='lat' dir='ltr'><strong>edacitatemque</strong></span> <span class='ocrx_word' id='word_1_148' title='bbox 1429 2313 1698 2372; x_wconf 85' lang='lat' dir='ltr'><strong>imitatur.</strong></span> <span class='ocrx_word' id='word_1_149' title='bbox 1741 2322 1797 2366; x_wconf 89' lang='lat' dir='ltr'><strong>et</strong></span> 
     </span>
    </p>
   </div>
   <div class='ocr_carea' id='block_1_23' title="bbox 203 2402 1789 2474">
    <p class='ocr_par' dir='ltr' id='par_1_23' title="bbox 203 2402 1789 2474">
     <span class='ocr_line' id='line_1_23' title="bbox 203 2402 1789 2474; baseline -0.003 -14"><span class='ocrx_word' id='word_1_150' title='bbox 203 2408 576 2468; x_wconf 75' lang='lat' dir='ltr'><strong>sabbatisare,</strong></span> <span class='ocrx_word' id='word_1_151' title='bbox 613 2416 665 2460; x_wconf 89' lang='lat' dir='ltr'><strong>et</strong></span> <span class='ocrx_word' id='word_1_152' title='bbox 682 2405 975 2474; x_wconf 84' lang='lat' dir='ltr'><strong>judaizare</strong></span> <span class='ocrx_word' id='word_1_153' title='bbox 1003 2403 1265 2459; x_wconf 89' lang='lat' dir='ltr'><strong>dicendus</strong></span> <span class='ocrx_word' id='word_1_154' title='bbox 1291 2413 1396 2458; x_wconf 85' lang='lat' dir='ltr'><strong>est.</strong></span> <span class='ocrx_word' id='word_1_155' title='bbox 1431 2402 1564 2455; x_wconf 89' lang='lat' dir='ltr'><strong>Nam</strong></span> <span class='ocrx_word' id='word_1_156' title='bbox 1597 2402 1789 2455; x_wconf 88' lang='lat' dir='ltr'><strong>sabba-</strong></span> 
     </span>
    </p>
   </div>
   <div class='ocr_carea' id='block_1_24' title="bbox 203 2491 1794 2566">
    <p class='ocr_par' dir='ltr' id='par_1_24' title="bbox 203 2491 1794 2566">
     <span class='ocr_line' id='line_1_24' title="bbox 203 2491 1794 2566; baseline -0.002 -18"><span class='ocrx_word' id='word_1_157' title='bbox 203 2500 373 2550; x_wconf 78' lang='lat' dir='ltr'><strong>tisare</strong></span> <span class='ocrx_word' id='word_1_158' title='bbox 404 2494 758 2566; x_wconf 88' lang='lat' dir='ltr'><strong>prodeliciis,</strong></span> <span class='ocrx_word' id='word_1_159' title='bbox 781 2503 836 2548; x_wconf 87' lang='lat' dir='ltr'><strong>et</strong></span> <span class='ocrx_word' id='word_1_160' title='bbox 866 2494 1000 2560; x_wconf 91' lang='lat' dir='ltr'><strong>otio,</strong></span> <span class='ocrx_word' id='word_1_161' title='bbox 1045 2502 1101 2547; x_wconf 90' lang='lat' dir='ltr'><strong>et</strong></span> <span class='ocrx_word' id='word_1_162' title='bbox 1151 2494 1338 2563; x_wconf 88' lang='lat' dir='ltr'><strong>requie</strong></span> <span class='ocrx_word' id='word_1_163' title='bbox 1385 2494 1652 2560; x_wconf 86' lang='lat' dir='ltr'><strong>accipitur</strong></span> <span class='ocrx_word' id='word_1_164' title='bbox 1683 2509 1697 2556; x_wconf 92' lang='lat'>;</span> <span class='ocrx_word' id='word_1_165' title='bbox 1747 2491 1794 2546; x_wconf 88' lang='lat' dir='ltr'><strong>si</strong></span> 
     </span>
    </p>
   </div>
   <div class='ocr_carea' id='block_1_25' title="bbox 203 2581 1796 2658">
    <p class='ocr_par' dir='ltr' id='par_1_25' title="bbox 203 2581 1796 2658">
     <span class='ocr_line' id='line_1_25' title="bbox 203 2581 1796 2658; baseline -0.004 -17"><span class='ocrx_word' id='word_1_166' title='bbox 203 2589 430 2658; x_wconf 79' lang='lat' dir='ltr'><strong>quidem</strong></span> <span class='ocrx_word' id='word_1_167' title='bbox 459 2601 590 2641; x_wconf 87' lang='lat' dir='ltr'><strong>vera</strong></span> <span class='ocrx_word' id='word_1_168' title='bbox 618 2586 763 2640; x_wconf 90' lang='lat' dir='ltr'><strong>canit</strong></span> <span class='ocrx_word' id='word_1_169' title='bbox 792 2585 884 2639; x_wconf 89' lang='lat' dir='ltr'><strong>ille</strong></span> <span class='ocrx_word' id='word_1_170' title='bbox 922 2583 1017 2654; x_wconf 81' lang='lat' dir='ltr'><strong>qui</strong></span> <span class='ocrx_word' id='word_1_171' title='bbox 1041 2583 1177 2638; x_wconf 83' lang='lat' dir='ltr'><strong>dixit</strong></span> <span class='ocrx_word' id='word_1_172' title='bbox 1205 2601 1219 2636; x_wconf 87' lang='lat'><strong>:</strong></span> <span class='ocrx_word' id='word_1_173' title='bbox 1255 2581 1322 2636; x_wconf 87' lang='lat' dir='ltr'><strong>In</strong></span> <span class='ocrx_word' id='word_1_174' title='bbox 1360 2583 1530 2651; x_wconf 87' lang='lat' dir='ltr'><strong>primo</strong></span> <span class='ocrx_word' id='word_1_175' title='bbox 1562 2581 1796 2650; x_wconf 83' lang='lat' dir='ltr'><strong>jejunio-</strong></span> 
     </span>
    </p>
   </div>
   <div class='ocr_carea' id='block_1_26' title="bbox 206 2673 1792 2742">
    <p class='ocr_par' dir='ltr' id='par_1_26' title="bbox 206 2673 1792 2742">
     <span class='ocr_line' id='line_1_26' title="bbox 206 2673 1792 2742; baseline -0.004 -12"><span class='ocrx_word' id='word_1_176' title='bbox 206 2696 323 2730; x_wconf 68' lang='grc' dir='ltr'><strong>νυνι</strong></span> <span class='ocrx_word' id='word_1_177' title='bbox 363 2675 631 2737; x_wconf 79' lang='lat' dir='ltr'><strong>Sabbato,</strong></span> <span class='ocrx_word' id='word_1_178' title='bbox 663 2675 1078 2742; x_wconf 78' lang='lat' dir='ltr'><strong>sabbatizemus,</strong></span> <span class='ocrx_word' id='word_1_179' title='bbox 1117 2675 1268 2740; x_wconf 85' lang='lat' dir='ltr'><strong>socii,</strong></span> <span class='ocrx_word' id='word_1_180' title='bbox 1299 2674 1552 2727; x_wconf 81' lang='lat' dir='ltr'><strong>hesternis</strong></span> <span class='ocrx_word' id='word_1_181' title='bbox 1593 2674 1655 2726; x_wconf 86' lang='lat' dir='ltr'><strong>de</strong></span> <span class='ocrx_word' id='word_1_182' title='bbox 1713 2673 1792 2725; x_wconf 82' lang='lat' dir='ltr'><strong>la-</strong></span> 
     </span>
    </p>
   </div>
   <div class='ocr_carea' id='block_1_27' title="bbox 203 2769 858 2838">
    <p class='ocr_par' dir='ltr' id='par_1_27' title="bbox 203 2769 858 2838">
     <span class='ocr_line' id='line_1_27' title="bbox 203 2769 858 2838; baseline -0.008 -15"><span class='ocrx_word' id='word_1_183' title='bbox 203 2770 423 2823; x_wconf 72' lang='lat' dir='ltr'><strong>boribus</strong></span> <span class='ocrx_word' id='word_1_184' title='bbox 451 2769 858 2838; x_wconf 79' lang='lat' dir='ltr'><strong>requiescentes.</strong></span> 
     </span>
    </p>
   </div>
   <div class='ocr_carea' id='block_1_28' title="bbox 279 2853 1794 2929">
    <p class='ocr_par' dir='ltr' id='par_1_28' title="bbox 279 2853 1794 2929">
     <span class='ocr_line' id='line_1_28' title="bbox 279 2853 1794 2929; baseline -0.007 -13"><span class='ocrx_word' id='word_1_185' title='bbox 279 2863 526 2916; x_wconf 85' lang='lat' dir='ltr'><strong>Proinde</strong></span> <span class='ocrx_word' id='word_1_186' title='bbox 543 2863 595 2915; x_wconf 89' lang='lat' dir='ltr'><strong>si</strong></span> <span class='ocrx_word' id='word_1_187' title='bbox 615 2861 736 2929; x_wconf 89' lang='lat' dir='ltr'><strong>quis</strong></span> <span class='ocrx_word' id='word_1_188' title='bbox 754 2859 916 2914; x_wconf 90' lang='lat' dir='ltr'><strong>etiam</strong></span> <span class='ocrx_word' id='word_1_189' title='bbox 937 2864 1262 2928; x_wconf 73' lang='lat' dir='ltr'><strong>praeceptum</strong></span> <span class='ocrx_word' id='word_1_190' title='bbox 1290 2855 1356 2910; x_wconf 90' lang='lat' dir='ltr'><strong>de</strong></span> <span class='ocrx_word' id='word_1_191' title='bbox 1373 2869 1479 2909; x_wconf 90' lang='lat' dir='ltr'><strong>non</strong></span> <span class='ocrx_word' id='word_1_192' title='bbox 1501 2853 1794 2925; x_wconf 80' lang='lat' dir='ltr'><strong>jejunando</strong></span> 
     </span>
    </p>
   </div>
   <div class='ocr_carea' id='block_1_29' title="bbox 208 2943 1797 3015">
    <p class='ocr_par' dir='ltr' id='par_1_29' title="bbox 208 2943 1797 3015">
     <span class='ocr_line' id='line_1_29' title="bbox 208 2943 1797 3015; baseline -0.008 -5"><span class='ocrx_word' id='word_1_193' title='bbox 208 2956 268 3010; x_wconf 88' lang='lat' dir='ltr'><strong>in</strong></span> <span class='ocrx_word' id='word_1_194' title='bbox 304 2951 561 3008; x_wconf 85' lang='lat' dir='ltr'><strong>Sabbato</strong></span> <span class='ocrx_word' id='word_1_195' title='bbox 593 2966 620 3003; x_wconf 91' lang='lat' dir='ltr'><strong>a</strong></span> <span class='ocrx_word' id='word_1_196' title='bbox 645 2947 849 3003; x_wconf 68' lang='lat' dir='ltr'><strong>Judaais</strong></span> <span class='ocrx_word' id='word_1_197' title='bbox 889 2960 1141 3001; x_wconf 87' lang='lat' dir='ltr'><strong>manasse</strong></span> <span class='ocrx_word' id='word_1_198' title='bbox 1194 2955 1369 3015; x_wconf 87' lang='lat' dir='ltr'><strong>putat,</strong></span> <span class='ocrx_word' id='word_1_199' title='bbox 1395 2947 1445 2999; x_wconf 90' lang='lat' dir='ltr'><strong>id</strong></span> <span class='ocrx_word' id='word_1_200' title='bbox 1478 2946 1531 2999; x_wconf 92' lang='lat' dir='ltr'><strong>in</strong></span> <span class='ocrx_word' id='word_1_201' title='bbox 1559 2943 1797 2999; x_wconf 90' lang='lat' dir='ltr'><strong>Orientis</strong></span> 
     </span>
    </p>
   </div>
   <div class='ocr_carea' id='block_1_30' title="bbox 203 3036 1798 3114">
    <p class='ocr_par' dir='ltr' id='par_1_30' title="bbox 203 3036 1798 3114">
     <span class='ocr_line' id='line_1_30' title="bbox 203 3036 1798 3114; baseline -0.008 -15"><span class='ocrx_word' id='word_1_202' title='bbox 203 3047 486 3114; x_wconf 81' lang='lat' dir='ltr'><strong>partibus,</strong></span> <span class='ocrx_word' id='word_1_203' title='bbox 520 3039 613 3094; x_wconf 88' lang='lat' dir='ltr'><strong>ubi</strong></span> <span class='ocrx_word' id='word_1_204' title='bbox 651 3038 963 3093; x_wconf 75' lang='lat' dir='ltr'><strong>.ludaeorum</strong></span> <span class='ocrx_word' id='word_1_205' title='bbox 994 3045 1110 3090; x_wconf 88' lang='lat' dir='ltr'><strong>erat</strong></span> <span class='ocrx_word' id='word_1_206' title='bbox 1153 3050 1310 3101; x_wconf 81' lang='lat' dir='ltr'><strong>gens.</strong></span> <span class='ocrx_word' id='word_1_207' title='bbox 1341 3043 1395 3088; x_wconf 89' lang='lat' dir='ltr'><strong>et</strong></span> <span class='ocrx_word' id='word_1_208' title='bbox 1454 3036 1650 3104; x_wconf 88' lang='lat' dir='ltr'><strong>patria,</strong></span> <span class='ocrx_word' id='word_1_209' title='bbox 1686 3049 1798 3087; x_wconf 85' lang='lat' dir='ltr'><strong>me-</strong></span> 
     </span>
    </p>
   </div>
   <div class='ocr_carea' id='block_1_31' title="bbox 1305 357 2404 424">
    <p class='ocr_par' dir='ltr' id='par_1_31' title="bbox 1305 357 2404 424">
     <span class='ocr_line' id='line_1_31' title="bbox 1305 357 2404 424; baseline 0.007 -8"><span class='ocrx_word' id='word_1_210' title='bbox 1305 357 1712 421; x_wconf 78' lang='lat' dir='ltr'><strong>ADVERSUS</strong></span> <span class='ocrx_word' id='word_1_211' title='bbox 1741 357 2061 420; x_wconf 60' lang='lat' dir='ltr'><strong>GRAECOS</strong></span> <span class='ocrx_word' id='word_1_212' title='bbox 2100 361 2250 423; x_wconf 87' lang='lat' dir='ltr'><strong>LIB.</strong></span> <span class='ocrx_word' id='word_1_213' title='bbox 2306 363 2404 424; x_wconf 80' lang='grc' dir='ltr'><strong>ιν.</strong></span> 
     </span>
    </p>
   </div>
   <div class='ocr_carea' id='block_1_32' title="bbox 3362 361 3468 422">
    <p class='ocr_par' dir='ltr' id='par_1_32' title="bbox 3362 361 3468 422">
     <span class='ocr_line' id='line_1_32' title="bbox 3362 361 3468 422; baseline 0.009 -1"><span class='ocrx_word' id='word_1_214' title='bbox 3362 361 3468 422; x_wconf 74' lang='grc'><strong>218</strong></span> 
     </span>
    </p>
   </div>
   <div class='ocr_carea' id='block_1_33' title="bbox 1824 467 3474 538">
    <p class='ocr_par' dir='ltr' id='par_1_33' title="bbox 1824 467 3474 538">
     <span class='ocr_line' id='line_1_33' title="bbox 1824 467 3474 538; baseline -0.001 -14"><span class='ocrx_word' id='word_1_215' title='bbox 1824 469 1865 524; x_wconf 64' lang='grc' dir='ltr'><strong>Α</strong></span> <span class='ocrx_word' id='word_1_216' title='bbox 1898 483 2068 533; x_wconf 79' lang='lat' dir='ltr'><strong>more,</strong></span> <span class='ocrx_word' id='word_1_217' title='bbox 2104 467 2403 524; x_wconf 80' lang='lat' dir='ltr'><strong>Ecclesium</strong></span> <span class='ocrx_word' id='word_1_218' title='bbox 2425 481 2644 538; x_wconf 87' lang='lat' dir='ltr'><strong>quoque</strong></span> <span class='ocrx_word' id='word_1_219' title='bbox 2675 475 2868 538; x_wconf 82' lang='lat' dir='ltr'><strong>putare</strong></span> <span class='ocrx_word' id='word_1_220' title='bbox 2891 479 3181 536; x_wconf 85' lang='lat' dir='ltr'><strong>possumus</strong></span> <span class='ocrx_word' id='word_1_221' title='bbox 3213 481 3474 523; x_wconf 83' lang='lat' dir='ltr'><strong>necessa-</strong></span> 
     </span>
    </p>
   </div>
   <div class='ocr_carea' id='block_1_34' title="bbox 1895 559 3469 630">
    <p class='ocr_par' dir='ltr' id='par_1_34' title="bbox 1895 559 3469 630">
     <span class='ocr_line' id='line_1_34' title="bbox 1895 559 3469 630; baseline 0.001 -17"><span class='ocrx_word' id='word_1_222' title='bbox 1895 559 1978 613; x_wconf 94' lang='lat' dir='ltr'><strong>rio</strong></span> <span class='ocrx_word' id='word_1_223' title='bbox 2003 575 2102 629; x_wconf 90' lang='lat' dir='ltr'><strong>pro</strong></span> <span class='ocrx_word' id='word_1_224' title='bbox 2128 571 2429 629; x_wconf 87' lang='lat' dir='ltr'><strong>temporum</strong></span> <span class='ocrx_word' id='word_1_225' title='bbox 2459 560 2724 630; x_wconf 83' lang='lat' dir='ltr'><strong>qualitate</strong></span> <span class='ocrx_word' id='word_1_226' title='bbox 2778 574 2956 625; x_wconf 92' lang='lat' dir='ltr'><strong>usam,</strong></span> <span class='ocrx_word' id='word_1_227' title='bbox 3012 575 3110 628; x_wconf 83' lang='lat' dir='ltr'><strong>pro</strong></span> <span class='ocrx_word' id='word_1_228' title='bbox 3161 561 3469 614; x_wconf 89' lang='lat' dir='ltr'><strong>animarum</strong></span> 
     </span>
    </p>
   </div>
   <div class='ocr_carea' id='block_1_35' title="bbox 1895 648 3467 722">
    <p class='ocr_par' dir='ltr' id='par_1_35' title="bbox 1895 648 3467 722">
     <span class='ocr_line' id='line_1_35' title="bbox 1895 648 3467 722; baseline 0.001 -16"><span class='ocrx_word' id='word_1_229' title='bbox 1895 648 2158 722; x_wconf 80' lang='lat' dir='ltr'><strong>singulari</strong></span> <span class='ocrx_word' id='word_1_230' title='bbox 2180 669 2332 708; x_wconf 84' lang='lat' dir='ltr'><strong>cura.</strong></span> <span class='ocrx_word' id='word_1_231' title='bbox 2391 652 2540 708; x_wconf 79' lang='lat' dir='ltr'><strong>Alias</strong></span> <span class='ocrx_word' id='word_1_232' title='bbox 2595 652 2801 722; x_wconf 89' lang='lat' dir='ltr'><strong>quippe</strong></span> <span class='ocrx_word' id='word_1_233' title='bbox 2877 665 3226 720; x_wconf 80' lang='lat' dir='ltr'><strong>nequaquam</strong></span> <span class='ocrx_word' id='word_1_234' title='bbox 3294 653 3467 707; x_wconf 87' lang='lat' dir='ltr'><strong>virtus</strong></span> 
     </span>
    </p>
   </div>
   <div class='ocr_carea' id='block_1_36' title="bbox 1895 739 3474 812">
    <p class='ocr_par' dir='ltr' id='par_1_36' title="bbox 1895 739 3474 812">
     <span class='ocr_line' id='line_1_36' title="bbox 1895 739 3474 812; baseline -0.001 -16"><span class='ocrx_word' id='word_1_235' title='bbox 1895 740 2093 796; x_wconf 87' lang='lat' dir='ltr'><strong>Christi</strong></span> <span class='ocrx_word' id='word_1_236' title='bbox 2127 757 2223 812; x_wconf 88' lang='lat' dir='ltr'><strong>per</strong></span> <span class='ocrx_word' id='word_1_237' title='bbox 2265 741 2540 811; x_wconf 88' lang='lat' dir='ltr'><strong>apostolos</strong></span> <span class='ocrx_word' id='word_1_238' title='bbox 2570 739 2828 795; x_wconf 80' lang='lat' dir='ltr'><strong>Ecclesiae</strong></span> <span class='ocrx_word' id='word_1_239' title='bbox 2879 748 3331 806; x_wconf 86' lang='lat' dir='ltr'><strong>conservaretur;</strong></span> <span class='ocrx_word' id='word_1_240' title='bbox 3383 755 3474 795; x_wconf 86' lang='lat' dir='ltr'><strong>ne-</strong></span> 
     </span>
    </p>
   </div>
   <div class='ocr_carea' id='block_1_37' title="bbox 1895 831 3472 900">
    <p class='ocr_par' dir='ltr' id='par_1_37' title="bbox 1895 831 3472 900">
     <span class='ocr_line' id='line_1_37' title="bbox 1895 831 3472 900; baseline 0.001 -16"><span class='ocrx_word' id='word_1_241' title='bbox 1895 845 2002 900; x_wconf 90' lang='lat' dir='ltr'><strong>qne</strong></span> <span class='ocrx_word' id='word_1_242' title='bbox 2022 840 2225 899; x_wconf 83' lang='lat' dir='ltr'><strong>posset,</strong></span> <span class='ocrx_word' id='word_1_243' title='bbox 2249 833 2403 899; x_wconf 82' lang='lat' dir='ltr'><strong>juxta</strong></span> <span class='ocrx_word' id='word_1_244' title='bbox 2432 840 2773 900; x_wconf 79' lang='lat' dir='ltr'><strong>emergentes</strong></span> <span class='ocrx_word' id='word_1_245' title='bbox 2791 845 2977 896; x_wconf 87' lang='lat' dir='ltr'><strong>casus,</strong></span> <span class='ocrx_word' id='word_1_246' title='bbox 3000 846 3138 886; x_wconf 88' lang='lat' dir='ltr'><strong>nova</strong></span> <span class='ocrx_word' id='word_1_247' title='bbox 3160 831 3472 900; x_wconf 88' lang='lat' dir='ltr'><strong>disponere.</strong></span> 
     </span>
    </p>
   </div>
   <div class='ocr_carea' id='block_1_38' title="bbox 1967 922 3475 992">
    <p class='ocr_par' dir='ltr' id='par_1_38' title="bbox 1967 922 3475 992">
     <span class='ocr_line' id='line_1_38' title="bbox 1967 922 3475 992; baseline -0.001 -16"><span class='ocrx_word' id='word_1_248' title='bbox 1967 922 2083 978; x_wconf 81' lang='lat' dir='ltr'><strong>Non</strong></span> <span class='ocrx_word' id='word_1_249' title='bbox 2113 924 2294 991; x_wconf 88' lang='lat' dir='ltr'><strong>itaque</strong></span> <span class='ocrx_word' id='word_1_250' title='bbox 2323 924 2366 977; x_wconf 89' lang='lat' dir='ltr'><strong>si</strong></span> <span class='ocrx_word' id='word_1_251' title='bbox 2394 924 2520 992; x_wconf 86' lang='lat' dir='ltr'><strong>quis</strong></span> <span class='ocrx_word' id='word_1_252' title='bbox 2543 923 2856 992; x_wconf 85' lang='lat' dir='ltr'><strong>passionem</strong></span> <span class='ocrx_word' id='word_1_253' title='bbox 2914 922 3129 976; x_wconf 89' lang='lat' dir='ltr'><strong>Domini</strong></span> <span class='ocrx_word' id='word_1_254' title='bbox 3199 922 3475 976; x_wconf 87' lang='lat' dir='ltr'><strong>honorare</strong></span> 
     </span>
    </p>
   </div>
   <div class='ocr_carea' id='block_1_39' title="bbox 1896 1012 3473 1082">
    <p class='ocr_par' dir='ltr' id='par_1_39' title="bbox 1896 1012 3473 1082">
     <span class='ocr_line' id='line_1_39' title="bbox 1896 1012 3473 1082; baseline -0.001 -15"><span class='ocrx_word' id='word_1_255' title='bbox 1896 1012 2146 1081; x_wconf 77' lang='lat' dir='ltr'><strong>cupiens.</strong></span> <span class='ocrx_word' id='word_1_256' title='bbox 2170 1013 2424 1082; x_wconf 90' lang='lat' dir='ltr'><strong>illiusque</strong></span> <span class='ocrx_word' id='word_1_257' title='bbox 2453 1020 2707 1077; x_wconf 88' lang='lat' dir='ltr'><strong>mortem,</strong></span> <span class='ocrx_word' id='word_1_258' title='bbox 2734 1021 3000 1081; x_wconf 87' lang='lat' dir='ltr'><strong>quantum</strong></span> <span class='ocrx_word' id='word_1_259' title='bbox 3035 1012 3148 1065; x_wconf 79' lang='lat' dir='ltr'><strong>(teri</strong></span> <span class='ocrx_word' id='word_1_260' title='bbox 3180 1019 3382 1080; x_wconf 88' lang='lat' dir='ltr'><strong>potest,</strong></span> <span class='ocrx_word' id='word_1_261' title='bbox 3418 1012 3473 1065; x_wconf 93' lang='lat' dir='ltr'><strong>in</strong></span> 
     </span>
    </p>
   </div>
   <div class='ocr_carea' id='block_1_40' title="bbox 1896 1100 3472 1174">
    <p class='ocr_par' dir='ltr' id='par_1_40' title="bbox 1896 1100 3472 1174">
     <span class='ocr_line' id='line_1_40' title="bbox 1896 1100 3472 1174; baseline -0.002 -18"><span class='ocrx_word' id='word_1_262' title='bbox 1896 1116 1957 1156; x_wconf 91' lang='lat' dir='ltr'><strong>se</strong></span> <span class='ocrx_word' id='word_1_263' title='bbox 1982 1101 2098 1170; x_wconf 90' lang='lat' dir='ltr'><strong>ipso</strong></span> <span class='ocrx_word' id='word_1_264' title='bbox 2115 1103 2420 1170; x_wconf 87' lang='lat' dir='ltr'><strong>complecti,</strong></span> <span class='ocrx_word' id='word_1_265' title='bbox 2451 1117 2513 1155; x_wconf 89' lang='lat' dir='ltr'><strong>ac</strong></span> <span class='ocrx_word' id='word_1_266' title='bbox 2541 1109 2826 1170; x_wconf 82' lang='lat' dir='ltr'><strong>propterea</strong></span> <span class='ocrx_word' id='word_1_267' title='bbox 2876 1100 3132 1155; x_wconf 89' lang='lat' dir='ltr'><strong>carnibus</strong></span> <span class='ocrx_word' id='word_1_268' title='bbox 3161 1101 3472 1174; x_wconf 75' lang='lat' dir='ltr'><strong>abstinens,</strong></span> 
     </span>
    </p>
   </div>
   <div class='ocr_carea' id='block_1_41' title="bbox 1897 1192 3477 1263">
    <p class='ocr_par' dir='ltr' id='par_1_41' title="bbox 1897 1192 3477 1263">
     <span class='ocr_line' id='line_1_41' title="bbox 1897 1192 3477 1263; baseline 0 -17"><span class='ocrx_word' id='word_1_269' title='bbox 1897 1195 2154 1263; x_wconf 89' lang='lat' dir='ltr'><strong>omnique</strong></span> <span class='ocrx_word' id='word_1_270' title='bbox 2177 1194 2324 1260; x_wconf 91' lang='lat' dir='ltr'><strong>cibo,</strong></span> <span class='ocrx_word' id='word_1_271' title='bbox 2358 1193 2552 1248; x_wconf 81' lang='lat' dir='ltr'><strong>fuisset</strong></span> <span class='ocrx_word' id='word_1_272' title='bbox 2574 1193 2641 1247; x_wconf 87' lang='lat' dir='ltr'><strong>ab</strong></span> <span class='ocrx_word' id='word_1_273' title='bbox 2671 1192 2934 1261; x_wconf 80' lang='lat' dir='ltr'><strong>apostolis</strong></span> <span class='ocrx_word' id='word_1_274' title='bbox 2960 1192 3234 1262; x_wconf 90' lang='lat' dir='ltr'><strong>culpatus,</strong></span> <span class='ocrx_word' id='word_1_275' title='bbox 3268 1193 3378 1246; x_wconf 91' lang='lat' dir='ltr'><strong>imo</strong></span> <span class='ocrx_word' id='word_1_276' title='bbox 3407 1193 3477 1246; x_wconf 88' lang='lat' dir='ltr'><strong>ad</strong></span> 
     </span>
    </p>
   </div>
   <div class='ocr_carea' id='block_1_42' title="bbox 1899 1283 3476 1358">
    <p class='ocr_par' dir='ltr' id='par_1_42' title="bbox 1899 1283 3476 1358">
     <span class='ocr_line' id='line_1_42' title="bbox 1899 1283 3476 1358; baseline -0.004 -18"><span class='ocrx_word' id='word_1_277' title='bbox 1899 1287 2224 1340; x_wconf 85' lang='lat' dir='ltr'><strong>destinatum</strong></span> <span class='ocrx_word' id='word_1_278' title='bbox 2254 1285 2583 1353; x_wconf 74' lang='lat' dir='ltr'><strong>evangelica:</strong></span> <span class='ocrx_word' id='word_1_279' title='bbox 2613 1283 3017 1352; x_wconf 66' lang='lat' dir='ltr'><strong>praedicationis</strong></span> <span class='ocrx_word' id='word_1_280' title='bbox 3053 1285 3298 1337; x_wconf 82' lang='lat' dir='ltr'><strong>hrarinm</strong></span> <span class='ocrx_word' id='word_1_281' title='bbox 3352 1298 3476 1358; x_wconf 74' lang='lat' dir='ltr'><strong>gra-</strong></span> 
     </span>
    </p>
   </div>
   <div class='ocr_carea' id='block_1_43' title="bbox 1883 1374 3473 1444">
    <p class='ocr_par' dir='ltr' id='par_1_43' title="bbox 1883 1374 3473 1444">
     <span class='ocr_line' id='line_1_43' title="bbox 1883 1374 3473 1444; baseline -0.001 -12"><span class='ocrx_word' id='word_1_282' title='bbox 1883 1377 2071 1440; x_wconf 66' lang='lat' dir='ltr'><strong>,diens,</strong></span> <span class='ocrx_word' id='word_1_283' title='bbox 2099 1377 2371 1440; x_wconf 88' lang='lat' dir='ltr'><strong>mercede,</strong></span> <span class='ocrx_word' id='word_1_284' title='bbox 2426 1386 2480 1430; x_wconf 90' lang='lat' dir='ltr'><strong>et</strong></span> <span class='ocrx_word' id='word_1_285' title='bbox 2502 1375 2747 1428; x_wconf 87' lang='lat' dir='ltr'><strong>laudibus</strong></span> <span class='ocrx_word' id='word_1_286' title='bbox 2800 1375 2996 1444; x_wconf 76' lang='lat' dir='ltr'><strong>dignus</strong></span> <span class='ocrx_word' id='word_1_287' title='bbox 3057 1374 3273 1428; x_wconf 84' lang='lat' dir='ltr'><strong>habitus</strong></span> <span class='ocrx_word' id='word_1_288' title='bbox 3307 1383 3473 1431; x_wconf 85' lang='lat' dir='ltr'><strong>esset.</strong></span> 
     </span>
    </p>
   </div>
   <div class='ocr_carea' id='block_1_44' title="bbox 1898 1463 3476 1540">
    <p class='ocr_par' dir='ltr' id='par_1_44' title="bbox 1898 1463 3476 1540">
     <span class='ocr_line' id='line_1_44' title="bbox 1898 1463 3476 1540; baseline -0.001 -19"><span class='ocrx_word' id='word_1_289' title='bbox 1898 1468 1998 1537; x_wconf 88' lang='lat' dir='ltr'><strong>Ipsi</strong></span> <span class='ocrx_word' id='word_1_290' title='bbox 2025 1468 2190 1521; x_wconf 87' lang='lat' dir='ltr'><strong>etiam</strong></span> <span class='ocrx_word' id='word_1_291' title='bbox 2219 1477 2367 1529; x_wconf 92' lang='lat' dir='ltr'><strong>sunt,</strong></span> <span class='ocrx_word' id='word_1_292' title='bbox 2403 1467 2493 1540; x_wconf 85' lang='lat' dir='ltr'><strong>qui</strong></span> <span class='ocrx_word' id='word_1_293' title='bbox 2526 1468 2714 1521; x_wconf 90' lang='lat' dir='ltr'><strong>dicunt</strong></span> <span class='ocrx_word' id='word_1_294' title='bbox 2742 1482 2756 1518; x_wconf 89' lang='lat'><strong>:</strong></span> <span class='ocrx_word' id='word_1_295' title='bbox 2793 1463 2992 1519; x_wconf 88' lang='lat' dir='ltr'><strong>Littera</strong></span> <span class='ocrx_word' id='word_1_296' title='bbox 3017 1463 3229 1530; x_wconf 87' lang='lat' dir='ltr'><strong>occidit,</strong></span> <span class='ocrx_word' id='word_1_297' title='bbox 3257 1465 3476 1534; x_wconf 82' lang='lat' dir='ltr'><strong>spiritus</strong></span> 
     </span>
    </p>
   </div>
   <div class='ocr_carea' id='block_1_45' title="bbox 1898 1557 2426 1625">
    <p class='ocr_par' dir='ltr' id='par_1_45' title="bbox 1898 1557 2426 1625">
     <span class='ocr_line' id='line_1_45' title="bbox 1898 1557 2426 1625; baseline -0.002 -14"><span class='ocrx_word' id='word_1_298' title='bbox 1898 1566 2072 1611; x_wconf 88' lang='lat' dir='ltr'><strong>autem</strong></span> <span class='ocrx_word' id='word_1_299' title='bbox 2107 1558 2335 1625; x_wconf 77' lang='lat' dir='ltr'><strong>viviﬁcat</strong></span> <span class='ocrx_word' id='word_1_300' title='bbox 2355 1557 2426 1610; x_wconf 85' lang='grc'><strong>⁸⁵.</strong></span> 
     </span>
    </p>
   </div>
   <div class='ocr_carea' id='block_1_46' title="bbox 1972 1645 3478 1725">
    <p class='ocr_par' dir='ltr' id='par_1_46' title="bbox 1972 1645 3478 1725">
     <span class='ocr_line' id='line_1_46' title="bbox 1972 1645 3478 1725; baseline -0.001 -23"><span class='ocrx_word' id='word_1_301' title='bbox 1972 1649 2199 1702; x_wconf 87' lang='lat' dir='ltr'><strong>Prorsus</strong></span> <span class='ocrx_word' id='word_1_302' title='bbox 2223 1664 2374 1725; x_wconf 74' lang='lat' dir='ltr'><strong>vero,</strong></span> <span class='ocrx_word' id='word_1_303' title='bbox 2398 1649 2442 1703; x_wconf 88' lang='lat' dir='ltr'><strong>si</strong></span> <span class='ocrx_word' id='word_1_304' title='bbox 2467 1647 2596 1716; x_wconf 85' lang='lat' dir='ltr'><strong>quid</strong></span> <span class='ocrx_word' id='word_1_305' title='bbox 2656 1647 2972 1704; x_wconf 85' lang='lat' dir='ltr'><strong>Occidentis</strong></span> <span class='ocrx_word' id='word_1_306' title='bbox 3023 1645 3282 1701; x_wconf 88' lang='lat' dir='ltr'><strong>Ecclesiis</strong></span> <span class='ocrx_word' id='word_1_307' title='bbox 3331 1645 3478 1701; x_wconf 86' lang='lat' dir='ltr'><strong>circa</strong></span> 
     </span>
    </p>
   </div>
   <div class='ocr_carea' id='block_1_47' title="bbox 1900 1737 3477 1805">
    <p class='ocr_par' dir='ltr' id='par_1_47' title="bbox 1900 1737 3477 1805">
     <span class='ocr_line' id='line_1_47' title="bbox 1900 1737 3477 1805; baseline -0.002 -12"><span class='ocrx_word' id='word_1_308' title='bbox 1900 1741 2016 1794; x_wconf 64' lang='lat' dir='ltr'><strong>haec</strong></span> <span class='ocrx_word' id='word_1_309' title='bbox 2051 1741 2163 1794; x_wconf 79' lang='lat' dir='ltr'><strong>fieri</strong></span> <span class='ocrx_word' id='word_1_310' title='bbox 2183 1739 2341 1793; x_wconf 88' lang='lat' dir='ltr'><strong>aliter</strong></span> <span class='ocrx_word' id='word_1_311' title='bbox 2368 1740 2604 1805; x_wconf 89' lang='lat' dir='ltr'><strong>videtur,</strong></span> <span class='ocrx_word' id='word_1_312' title='bbox 2632 1740 2735 1793; x_wconf 92' lang='lat' dir='ltr'><strong>hoc</strong></span> <span class='ocrx_word' id='word_1_313' title='bbox 2765 1741 2833 1793; x_wconf 88' lang='lat' dir='ltr'><strong>ah</strong></span> <span class='ocrx_word' id='word_1_314' title='bbox 2873 1739 3052 1802; x_wconf 91' lang='lat' dir='ltr'><strong>initio,</strong></span> <span class='ocrx_word' id='word_1_315' title='bbox 3085 1751 3113 1791; x_wconf 89' lang='lat' dir='ltr'><strong>a</strong></span> <span class='ocrx_word' id='word_1_316' title='bbox 3140 1737 3477 1792; x_wconf 67' lang='lat' dir='ltr'><strong>successorio</strong></span> 
     </span>
    </p>
   </div>
   <div class='ocr_carea' id='block_1_48' title="bbox 1903 1829 3541 1898">
    <p class='ocr_par' dir='ltr' id='par_1_48' title="bbox 1903 1829 3541 1898">
     <span class='ocr_line' id='line_1_48' title="bbox 1903 1829 3541 1898; baseline -0.001 -15"><span class='ocrx_word' id='word_1_317' title='bbox 1903 1833 2003 1883; x_wconf 91' lang='lat' dir='ltr'><strong>hus</strong></span> <span class='ocrx_word' id='word_1_318' title='bbox 2026 1831 2392 1896; x_wconf 81' lang='lat' dir='ltr'><strong>apostolorum</strong></span> <span class='ocrx_word' id='word_1_319' title='bbox 2419 1839 2768 1898; x_wconf 76' lang='lat' dir='ltr'><strong>acceperunt,</strong></span> <span class='ocrx_word' id='word_1_320' title='bbox 2801 1830 3032 1896; x_wconf 88' lang='lat' dir='ltr'><strong>Linique</strong></span> <span class='ocrx_word' id='word_1_321' title='bbox 3054 1836 3109 1881; x_wconf 87' lang='lat' dir='ltr'><strong>et</strong></span> <span class='ocrx_word' id='word_1_322' title='bbox 3131 1829 3400 1892; x_wconf 81' lang='lat' dir='ltr'><strong>Anacleti,</strong></span> <span class='ocrx_word' id='word_1_323' title='bbox 3425 1839 3481 1885; x_wconf 87' lang='lat' dir='ltr'><strong>et</strong></span> <span class='ocrx_word' id='word_1_324' title='bbox 3533 1874 3541 1882; x_wconf 92' lang='lat'><strong>.</strong></span> 
     </span>
    </p>
   </div>
   <div class='ocr_carea' id='block_1_49' title="bbox 1904 1920 3478 1993">
    <p class='ocr_par' dir='ltr' id='par_1_49' title="bbox 1904 1920 3478 1993">
     <span class='ocr_line' id='line_1_49' title="bbox 1904 1920 3478 1993; baseline -0.002 -17"><span class='ocrx_word' id='word_1_325' title='bbox 1904 1921 2060 1993; x_wconf 78' lang='lat' dir='ltr'><strong>Xysti</strong></span> <span class='ocrx_word' id='word_1_326' title='bbox 2102 1925 2170 1974; x_wconf 87' lang='lat' dir='ltr'><strong>de</strong></span> <span class='ocrx_word' id='word_1_327' title='bbox 2193 1925 2291 1976; x_wconf 87' lang='lat' dir='ltr'><strong>hoc</strong></span> <span class='ocrx_word' id='word_1_328' title='bbox 2315 1923 2532 1976; x_wconf 89' lang='lat' dir='ltr'><strong>decreta</strong></span> <span class='ocrx_word' id='word_1_329' title='bbox 2567 1920 2870 1989; x_wconf 80' lang='lat' dir='ltr'><strong>proferunt,</strong></span> <span class='ocrx_word' id='word_1_330' title='bbox 2901 1935 3023 1988; x_wconf 64' lang='lat' dir='ltr'><strong>quas</strong></span> <span class='ocrx_word' id='word_1_331' title='bbox 3053 1920 3378 1975; x_wconf 84' lang='lat' dir='ltr'><strong>rationabile</strong></span> <span class='ocrx_word' id='word_1_332' title='bbox 3401 1921 3478 1975; x_wconf 84' lang='lat' dir='ltr'><strong>si-</strong></span> 
     </span>
    </p>
   </div>
   <div class='ocr_carea' id='block_1_50' title="bbox 1906 2011 3481 2083">
    <p class='ocr_par' dir='ltr' id='par_1_50' title="bbox 1906 2011 3481 2083">
     <span class='ocr_line' id='line_1_50' title="bbox 1906 2011 3481 2083; baseline -0.002 -14"><span class='ocrx_word' id='word_1_333' title='bbox 1906 2018 2014 2069; x_wconf 91' lang='lat' dir='ltr'><strong>mul</strong></span> <span class='ocrx_word' id='word_1_334' title='bbox 2040 2024 2090 2069; x_wconf 89' lang='lat' dir='ltr'><strong>et</strong></span> <span class='ocrx_word' id='word_1_335' title='bbox 2117 2015 2318 2083; x_wconf 87' lang='lat' dir='ltr'><strong>justum</strong></span> <span class='ocrx_word' id='word_1_336' title='bbox 2361 2029 2478 2067; x_wconf 86' lang='lat' dir='ltr'><strong>esse</strong></span> <span class='ocrx_word' id='word_1_337' title='bbox 2514 2013 2801 2076; x_wconf 77' lang='lat' dir='ltr'><strong>deﬁniunt,</strong></span> <span class='ocrx_word' id='word_1_338' title='bbox 2844 2011 3068 2066; x_wconf 88' lang='lat' dir='ltr'><strong>Sabbati</strong></span> <span class='ocrx_word' id='word_1_339' title='bbox 3103 2011 3214 2078; x_wconf 90' lang='lat' dir='ltr'><strong>die,</strong></span> <span class='ocrx_word' id='word_1_340' title='bbox 3265 2013 3371 2066; x_wconf 87' lang='lat' dir='ltr'><strong>ista</strong></span> <span class='ocrx_word' id='word_1_341' title='bbox 3396 2012 3481 2066; x_wconf 88' lang='lat' dir='ltr'><strong>vel</strong></span> 
     </span>
    </p>
   </div>
   <div class='ocr_carea' id='block_1_51' title="bbox 1902 2104 3484 2173">
    <p class='ocr_par' dir='ltr' id='par_1_51' title="bbox 1902 2104 3484 2173">
     <span class='ocr_line' id='line_1_51' title="bbox 1902 2104 3484 2173; baseline -0.001 -12"><span class='ocrx_word' id='word_1_342' title='bbox 1902 2107 2008 2161; x_wconf 88' lang='lat' dir='ltr'><strong>ista</strong></span> <span class='ocrx_word' id='word_1_343' title='bbox 2037 2122 2202 2161; x_wconf 88' lang='lat' dir='ltr'><strong>causa</strong></span> <span class='ocrx_word' id='word_1_344' title='bbox 2263 2106 2494 2173; x_wconf 80' lang='lat' dir='ltr'><strong>expiari,</strong></span> <span class='ocrx_word' id='word_1_345' title='bbox 2553 2119 2659 2164; x_wconf 90' lang='lat' dir='ltr'><strong>non</strong></span> <span class='ocrx_word' id='word_1_346' title='bbox 2709 2104 2760 2160; x_wconf 90' lang='lat' dir='ltr'><strong>id</strong></span> <span class='ocrx_word' id='word_1_347' title='bbox 2831 2113 3009 2158; x_wconf 88' lang='lat' dir='ltr'><strong>tamen</strong></span> <span class='ocrx_word' id='word_1_348' title='bbox 3055 2117 3122 2158; x_wconf 80' lang='lat' dir='ltr'><strong>ex</strong></span> <span class='ocrx_word' id='word_1_349' title='bbox 3159 2105 3484 2159; x_wconf 86' lang='lat' dir='ltr'><strong>necessitate</strong></span> 
     </span>
    </p>
   </div>
   <div class='ocr_carea' id='block_1_52' title="bbox 1903 2199 2293 2269">
    <p class='ocr_par' dir='ltr' id='par_1_52' title="bbox 1903 2199 2293 2269">
     <span class='ocr_line' id='line_1_52' title="bbox 1903 2199 2293 2269; baseline 0.003 -18"><span class='ocrx_word' id='word_1_350' title='bbox 1903 2199 2293 2269; x_wconf 72' lang='lat' dir='ltr'><strong>praeripientia.</strong></span> 
     </span>
    </p>
   </div>
   <div class='ocr_carea' id='block_1_53' title="bbox 1973 2285 3482 2359">
    <p class='ocr_par' dir='ltr' id='par_1_53' title="bbox 1973 2285 3482 2359">
     <span class='ocr_line' id='line_1_53' title="bbox 1973 2285 3482 2359; baseline -0.001 -17"><span class='ocrx_word' id='word_1_351' title='bbox 1973 2289 2304 2359; x_wconf 75' lang='lat' dir='ltr'><strong>Augustinus</strong></span> <span class='ocrx_word' id='word_1_352' title='bbox 2329 2303 2565 2358; x_wconf 89' lang='lat' dir='ltr'><strong>qnoqtte,</strong></span> <span class='ocrx_word' id='word_1_353' title='bbox 2599 2289 2858 2357; x_wconf 88' lang='lat' dir='ltr'><strong>antiquus</strong></span> <span class='ocrx_word' id='word_1_354' title='bbox 2916 2296 2970 2341; x_wconf 84' lang='lat' dir='ltr'><strong>et</strong></span> <span class='ocrx_word' id='word_1_355' title='bbox 2997 2287 3325 2344; x_wconf 82' lang='lat' dir='ltr'><strong>venerabilis</strong></span> <span class='ocrx_word' id='word_1_356' title='bbox 3373 2285 3482 2341; x_wconf 83' lang='lat' dir='ltr'><strong>Pa-</strong></span> 
     </span>
    </p>
   </div>
   <div class='ocr_carea' id='block_1_54' title="bbox 1900 2377 3480 2451">
    <p class='ocr_par' dir='ltr' id='par_1_54' title="bbox 1900 2377 3480 2451">
     <span class='ocr_line' id='line_1_54' title="bbox 1900 2377 3480 2451; baseline -0.003 -17"><span class='ocrx_word' id='word_1_357' title='bbox 1900 2389 2002 2445; x_wconf 87' lang='lat' dir='ltr'><strong>ter,</strong></span> <span class='ocrx_word' id='word_1_358' title='bbox 2047 2380 2100 2434; x_wconf 91' lang='lat' dir='ltr'><strong>iu</strong></span> <span class='ocrx_word' id='word_1_359' title='bbox 2136 2381 2368 2449; x_wconf 78' lang='lat' dir='ltr'><strong>quadam</strong></span> <span class='ocrx_word' id='word_1_360' title='bbox 2393 2380 2619 2447; x_wconf 85' lang='lat' dir='ltr'><strong>epistola</strong></span> <span class='ocrx_word' id='word_1_361' title='bbox 2647 2379 2760 2451; x_wconf 71' lang='lat'><strong>(82)</strong></span> <span class='ocrx_word' id='word_1_362' title='bbox 2801 2381 2867 2434; x_wconf 90' lang='lat' dir='ltr'><strong>de</strong></span> <span class='ocrx_word' id='word_1_363' title='bbox 2896 2379 3140 2434; x_wconf 88' lang='lat' dir='ltr'><strong>Sabbato</strong></span> <span class='ocrx_word' id='word_1_364' title='bbox 3173 2380 3250 2433; x_wconf 86' lang='lat' dir='ltr'><strong>ait</strong></span> <span class='ocrx_word' id='word_1_365' title='bbox 3283 2397 3294 2432; x_wconf 97' lang='lat'>:</span> <span class='ocrx_word' id='word_1_366' title='bbox 3325 2377 3480 2442; x_wconf 81' lang='lat' dir='ltr'><strong>Quod</strong></span> 
     </span>
    </p>
   </div>
   <div class='ocr_carea' id='block_1_55' title="bbox 1902 2469 3486 2541">
    <p class='ocr_par' dir='ltr' id='par_1_55' title="bbox 1902 2469 3486 2541">
     <span class='ocr_line' id='line_1_55' title="bbox 1902 2469 3486 2541; baseline -0.001 -17"><span class='ocrx_word' id='word_1_367' title='bbox 1902 2472 2114 2541; x_wconf 86' lang='lat' dir='ltr'><strong>quando</strong></span> <span class='ocrx_word' id='word_1_368' title='bbox 2133 2473 2340 2540; x_wconf 84' lang='lat' dir='ltr'><strong>quidem</strong></span> <span class='ocrx_word' id='word_1_369' title='bbox 2369 2473 2424 2524; x_wconf 90' lang='lat' dir='ltr'><strong>in</strong></span> <span class='ocrx_word' id='word_1_370' title='bbox 2443 2470 2726 2526; x_wconf 83' lang='lat' dir='ltr'><strong>Occidente</strong></span> <span class='ocrx_word' id='word_1_371' title='bbox 2751 2472 3198 2539; x_wconf 80' lang='lat' dir='ltr'><strong>moratur.juxta</strong></span> <span class='ocrx_word' id='word_1_372' title='bbox 3223 2469 3486 2525; x_wconf 80' lang='lat' dir='ltr'><strong>Occiden-</strong></span> 
     </span>
    </p>
   </div>
   <div class='ocr_carea' id='block_1_56' title="bbox 1899 2560 3483 2629">
    <p class='ocr_par' dir='ltr' id='par_1_56' title="bbox 1899 2560 3483 2629">
     <span class='ocr_line' id='line_1_56' title="bbox 1899 2560 3483 2629; baseline -0.004 -13"><span class='ocrx_word' id='word_1_373' title='bbox 1899 2565 2089 2617; x_wconf 77' lang='lat' dir='ltr'><strong>talium</strong></span> <span class='ocrx_word' id='word_1_374' title='bbox 2119 2564 2575 2627; x_wconf 77' lang='lat' dir='ltr'><strong>consuetudinem,</strong></span> <span class='ocrx_word' id='word_1_375' title='bbox 2601 2573 2646 2615; x_wconf 85' lang='lat' dir='ltr'><strong>et</strong></span> <span class='ocrx_word' id='word_1_376' title='bbox 2676 2563 2786 2628; x_wconf 87' lang='lat' dir='ltr'><strong>ipse</strong></span> <span class='ocrx_word' id='word_1_377' title='bbox 2807 2561 3041 2629; x_wconf 84' lang='lat' dir='ltr'><strong>jejunat.</strong></span> <span class='ocrx_word' id='word_1_378' title='bbox 3066 2561 3128 2615; x_wconf 84' lang='grc' dir='ltr'><strong>1η</strong></span> <span class='ocrx_word' id='word_1_379' title='bbox 3162 2560 3374 2615; x_wconf 83' lang='lat' dir='ltr'><strong>Oriente</strong></span> <span class='ocrx_word' id='word_1_380' title='bbox 3397 2575 3483 2611; x_wconf 78' lang='lat' dir='ltr'><strong>ve-</strong></span> 
     </span>
    </p>
   </div>
   <div class='ocr_carea' id='block_1_57' title="bbox 1899 2641 3479 2719">
    <p class='ocr_par' dir='ltr' id='par_1_57' title="bbox 1899 2641 3479 2719">
     <span class='ocr_line' id='line_1_57' title="bbox 1899 2641 3479 2719; baseline -0.003 -12"><span class='ocrx_word' id='word_1_381' title='bbox 1899 2671 1958 2708; x_wconf 91' lang='lat' dir='ltr'><strong>ro</strong></span> <span class='ocrx_word' id='word_1_382' title='bbox 1997 2655 2043 2707; x_wconf 94' lang='lat' dir='ltr'><strong>si</strong></span> <span class='ocrx_word' id='word_1_383' title='bbox 2071 2663 2389 2716; x_wconf 79' lang='lat' dir='ltr'><strong>versaretur,</strong></span> <span class='ocrx_word' id='word_1_384' title='bbox 2423 2653 2541 2704; x_wconf 83' lang='lat' dir='ltr'><strong>illos</strong></span> <span class='ocrx_word' id='word_1_385' title='bbox 2574 2653 2687 2718; x_wconf 86' lang='lat' dir='ltr'><strong>ipsa</strong></span> <span class='ocrx_word' id='word_1_386' title='bbox 2722 2652 2808 2707; x_wconf 84' lang='lat' dir='ltr'><strong>die</strong></span> <span class='ocrx_word' id='word_1_387' title='bbox 2834 2669 2938 2705; x_wconf 88' lang='lat' dir='ltr'><strong>non</strong></span> <span class='ocrx_word' id='word_1_388' title='bbox 2953 2641 3262 2719; x_wconf 80' lang='lat' dir='ltr'><strong>jejunan/es</strong></span> <span class='ocrx_word' id='word_1_389' title='bbox 3289 2666 3353 2704; x_wconf 79' lang='lat' dir='ltr'><strong>ea:</strong></span> <span class='ocrx_word' id='word_1_390' title='bbox 3377 2666 3479 2703; x_wconf 88' lang='lat' dir='ltr'><strong>an-</strong></span> 
     </span>
    </p>
   </div>
   <div class='ocr_carea' id='block_1_58' title="bbox 1900 2743 3484 2814">
    <p class='ocr_par' dir='ltr' id='par_1_58' title="bbox 1900 2743 3484 2814">
     <span class='ocr_line' id='line_1_58' title="bbox 1900 2743 3484 2814; baseline -0.003 -15"><span class='ocrx_word' id='word_1_391' title='bbox 1900 2748 2046 2814; x_wconf 76' lang='lat' dir='ltr'><strong>tiqua</strong></span> <span class='ocrx_word' id='word_1_392' title='bbox 2077 2745 2474 2808; x_wconf 82' lang='lat' dir='ltr'><strong>consuetudine,</strong></span> <span class='ocrx_word' id='word_1_393' title='bbox 2511 2754 2560 2799; x_wconf 93' lang='lat' dir='ltr'><strong>et</strong></span> <span class='ocrx_word' id='word_1_394' title='bbox 2597 2745 2710 2812; x_wconf 87' lang='lat' dir='ltr'><strong>ipse</strong></span> <span class='ocrx_word' id='word_1_395' title='bbox 2733 2754 3058 2813; x_wconf 82' lang='lat' dir='ltr'><strong>sequeretur.</strong></span> <span class='ocrx_word' id='word_1_396' title='bbox 3097 2743 3169 2797; x_wconf 83' lang='lat' dir='ltr'><strong>Ex</strong></span> <span class='ocrx_word' id='word_1_397' title='bbox 3198 2758 3304 2811; x_wconf 91' lang='lat' dir='ltr'><strong>quo</strong></span> <span class='ocrx_word' id='word_1_398' title='bbox 3360 2756 3484 2811; x_wconf 86' lang='lat' dir='ltr'><strong>per--</strong></span> 
     </span>
    </p>
   </div>
   <div class='ocr_carea' id='block_1_59' title="bbox 1899 2833 3486 2906">
    <p class='ocr_par' dir='ltr' id='par_1_59' title="bbox 1899 2833 3486 2906">
     <span class='ocr_line' id='line_1_59' title="bbox 1899 2833 3486 2906; baseline -0.003 -16"><span class='ocrx_word' id='word_1_399' title='bbox 1899 2838 2146 2906; x_wconf 81' lang='lat' dir='ltr'><strong>spicuum</strong></span> <span class='ocrx_word' id='word_1_400' title='bbox 2177 2846 2280 2900; x_wconf 90' lang='lat' dir='ltr'><strong>est,</strong></span> <span class='ocrx_word' id='word_1_401' title='bbox 2312 2838 2592 2906; x_wconf 86' lang='lat' dir='ltr'><strong>antiquam</strong></span> <span class='ocrx_word' id='word_1_402' title='bbox 2627 2835 3003 2892; x_wconf 86' lang='lat' dir='ltr'><strong>Ecclesiarum</strong></span> <span class='ocrx_word' id='word_1_403' title='bbox 3033 2833 3200 2890; x_wconf 83' lang='lat' dir='ltr'><strong>fuisse</strong></span> <span class='ocrx_word' id='word_1_404' title='bbox 3248 2845 3486 2888; x_wconf 88' lang='lat' dir='ltr'><strong>consue-</strong></span> 
     </span>
    </p>
   </div>
   <div class='ocr_carea' id='block_1_60' title="bbox 1905 2925 3487 2992">
    <p class='ocr_par' dir='ltr' id='par_1_60' title="bbox 1905 2925 3487 2992">
     <span class='ocr_line' id='line_1_60' title="bbox 1905 2925 3487 2992; baseline -0.003 -9"><span class='ocrx_word' id='word_1_405' title='bbox 1905 2929 2166 2992; x_wconf 80' lang='lat' dir='ltr'><strong>tudinem,</strong></span> <span class='ocrx_word' id='word_1_406' title='bbox 2203 2938 2262 2983; x_wconf 88' lang='lat' dir='ltr'><strong>ut</strong></span> <span class='ocrx_word' id='word_1_407' title='bbox 2295 2930 2386 2982; x_wconf 89' lang='lat' dir='ltr'><strong>alii</strong></span> <span class='ocrx_word' id='word_1_408' title='bbox 2420 2931 2520 2990; x_wconf 87' lang='lat' dir='ltr'><strong>sic,</strong></span> <span class='ocrx_word' id='word_1_409' title='bbox 2561 2929 2652 2983; x_wconf 88' lang='lat' dir='ltr'><strong>alii</strong></span> <span class='ocrx_word' id='word_1_410' title='bbox 2683 2945 2815 2984; x_wconf 88' lang='lat' dir='ltr'><strong>vero</strong></span> <span class='ocrx_word' id='word_1_411' title='bbox 2847 2929 2925 2984; x_wconf 92' lang='lat' dir='ltr'><strong>sic</strong></span> <span class='ocrx_word' id='word_1_412' title='bbox 2970 2928 3213 2983; x_wconf 83' lang='lat' dir='ltr'><strong>lacerent</strong></span> <span class='ocrx_word' id='word_1_413' title='bbox 3245 2943 3261 2982; x_wconf 88' lang='lat'><strong>:</strong></span> <span class='ocrx_word' id='word_1_414' title='bbox 3318 2925 3487 2980; x_wconf 86' lang='lat' dir='ltr'><strong>istud-</strong></span> 
     </span>
    </p>
   </div>
   <div class='ocr_carea' id='block_1_61' title="bbox 1904 3017 3480 3092">
    <p class='ocr_par' dir='ltr' id='par_1_61' title="bbox 1904 3017 3480 3092">
     <span class='ocr_line' id='line_1_61' title="bbox 1904 3017 3480 3092; baseline -0.004 -17"><span class='ocrx_word' id='word_1_415' title='bbox 1904 3037 2011 3091; x_wconf 91' lang='lat' dir='ltr'><strong>que</strong></span> <span class='ocrx_word' id='word_1_416' title='bbox 2043 3037 2144 3076; x_wconf 88' lang='lat' dir='ltr'><strong>non</strong></span> <span class='ocrx_word' id='word_1_417' title='bbox 2175 3036 2238 3075; x_wconf 84' lang='lat' dir='ltr'><strong>ex</strong></span> <span class='ocrx_word' id='word_1_418' title='bbox 2270 3023 2622 3081; x_wconf 80' lang='lat' dir='ltr'><strong>necessitate.</strong></span> <span class='ocrx_word' id='word_1_419' title='bbox 2657 3024 2750 3076; x_wconf 90' lang='lat' dir='ltr'><strong>sed</strong></span> <span class='ocrx_word' id='word_1_420' title='bbox 2780 3037 2845 3075; x_wconf 87' lang='lat' dir='ltr'><strong>ex</strong></span> <span class='ocrx_word' id='word_1_421' title='bbox 2874 3021 3098 3090; x_wconf 76' lang='lat' dir='ltr'><strong>antiqua</strong></span> <span class='ocrx_word' id='word_1_422' title='bbox 3121 3017 3480 3092; x_wconf 69' lang='lat' dir='ltr'><strong>consuetudi-</strong></span> 
     </span>
    </p>
   </div>
   <div class='ocr_carea' id='block_1_62' title="bbox 201 3107 3488 3201">
    <p class='ocr_par' dir='ltr' id='par_1_62' title="bbox 201 3107 3488 3201">
     <span class='ocr_line' id='line_1_62' title="bbox 201 3107 3488 3201; baseline -0.005 -26"><span class='ocrx_word' id='word_1_423' title='bbox 201 3107 314 3192; x_wconf 40' lang='grc' dir='ltr'>ἓξιο</span> <span class='ocrx_word' id='word_1_424' title='bbox 346 3132 758 3201; x_wconf 63' lang='grc' dir='ltr'>υι-οηιυιςειιιω</span> <span class='ocrx_word' id='word_1_425' title='bbox 777 3127 1194 3190; x_wconf 67' lang='lat' dir='ltr'><strong>crediderimus,</strong></span> <span class='ocrx_word' id='word_1_426' title='bbox 1226 3142 1362 3195; x_wconf 79' lang='lat' dir='ltr'><strong>quos</strong></span> <span class='ocrx_word' id='word_1_427' title='bbox 1385 3125 1633 3194; x_wconf 56' lang='lat' dir='ltr'><strong>apostoli.</strong></span> <span class='ocrx_word' id='word_1_428' title='bbox 1672 3141 1796 3180; x_wconf 79' lang='lat' dir='ltr'><strong>cum</strong></span> <span class='ocrx_word' id='word_1_429' title='bbox 1829 3143 1872 3201; x_wconf 68' lang='grc' dir='ltr'><strong>ϐ</strong></span> <span class='ocrx_word' id='word_1_430' title='bbox 1907 3129 1973 3167; x_wconf 91' lang='lat' dir='ltr'><strong>ne</strong></span> <span class='ocrx_word' id='word_1_431' title='bbox 1997 3155 2013 3178; x_wconf 88' lang='lat'><strong>,</strong></span> <span class='ocrx_word' id='word_1_432' title='bbox 2041 3124 2096 3168; x_wconf 90' lang='lat' dir='ltr'><strong>et</strong></span> <span class='ocrx_word' id='word_1_433' title='bbox 2127 3122 2183 3167; x_wconf 83' lang='grc' dir='ltr'><strong>ιιι</strong></span> <span class='ocrx_word' id='word_1_434' title='bbox 2213 3113 2458 3182; x_wconf 77' lang='lat' dir='ltr'><strong>singulos</strong></span> <span class='ocrx_word' id='word_1_435' title='bbox 2504 3113 2758 3167; x_wconf 73' lang='lat' dir='ltr'><strong>voluntas</strong></span> <span class='ocrx_word' id='word_1_436' title='bbox 2794 3113 3003 3176; x_wconf 90' lang='lat' dir='ltr'><strong>tulerit,</strong></span> <span class='ocrx_word' id='word_1_437' title='bbox 3062 3124 3290 3175; x_wconf 86' lang='lat' dir='ltr'><strong>mosque</strong></span> <span class='ocrx_word' id='word_1_438' title='bbox 3342 3107 3488 3162; x_wconf 76' lang='lat' dir='ltr'><strong>Oitli-</strong></span> 
     </span>
    </p>
   </div>
   <div class='ocr_carea' id='block_1_63' title="bbox 206 3218 1795 3296">
    <p class='ocr_par' dir='ltr' id='par_1_63' title="bbox 206 3218 1795 3296">
     <span class='ocr_line' id='line_1_63' title="bbox 206 3218 1795 3296; baseline -0.005 -16"><span class='ocrx_word' id='word_1_439' title='bbox 206 3231 274 3284; x_wconf 76' lang='lat' dir='ltr'><strong>ad</strong></span> <span class='ocrx_word' id='word_1_440' title='bbox 305 3225 674 3296; x_wconf 72' lang='lat' dir='ltr'><strong>Evangeliam</strong></span> <span class='ocrx_word' id='word_1_441' title='bbox 695 3222 1004 3278; x_wconf 81' lang='lat' dir='ltr'><strong>doctrinam</strong></span> <span class='ocrx_word' id='word_1_442' title='bbox 1063 3233 1262 3283; x_wconf 66' lang='lat' dir='ltr'><strong>vocare</strong></span> <span class='ocrx_word' id='word_1_443' title='bbox 1306 3227 1567 3284; x_wconf 89' lang='lat' dir='ltr'><strong>cuperent</strong></span> <span class='ocrx_word' id='word_1_444' title='bbox 1597 3255 1613 3280; x_wconf 86' lang='lat'><strong>,</strong></span> <span class='ocrx_word' id='word_1_445' title='bbox 1667 3218 1795 3288; x_wconf 88' lang='lat' dir='ltr'><strong>quia</strong></span> 
     </span>
    </p>
   </div>
   <div class='ocr_carea' id='block_1_64' title="bbox 210 3311 1801 3381">
    <p class='ocr_par' dir='ltr' id='par_1_64' title="bbox 210 3311 1801 3381">
     <span class='ocr_line' id='line_1_64' title="bbox 210 3311 1801 3381; baseline -0.009 -5"><span class='ocrx_word' id='word_1_446' title='bbox 210 3322 446 3377; x_wconf 71' lang='lat' dir='ltr'><strong>iudaica</strong></span> <span class='ocrx_word' id='word_1_447' title='bbox 468 3317 620 3371; x_wconf 88' lang='lat' dir='ltr'><strong>natio</strong></span> <span class='ocrx_word' id='word_1_448' title='bbox 642 3313 883 3370; x_wconf 86' lang='lat' dir='ltr'><strong>Sabbato</strong></span> <span class='ocrx_word' id='word_1_449' title='bbox 914 3313 1148 3366; x_wconf 82' lang='lat' dir='ltr'><strong>maxime</strong></span> <span class='ocrx_word' id='word_1_450' title='bbox 1165 3311 1521 3381; x_wconf 78' lang='lat' dir='ltr'><strong>gloriabatur,</strong></span> <span class='ocrx_word' id='word_1_451' title='bbox 1550 3326 1618 3365; x_wconf 90' lang='lat' dir='ltr'><strong>ne</strong></span> <span class='ocrx_word' id='word_1_452' title='bbox 1641 3325 1801 3365; x_wconf 89' lang='lat' dir='ltr'><strong>scan-</strong></span> 
     </span>
    </p>
   </div>
   <div class='ocr_carea' id='block_1_65' title="bbox 1904 3197 3489 3270">
    <p class='ocr_par' dir='ltr' id='par_1_65' title="bbox 1904 3197 3489 3270">
     <span class='ocr_line' id='line_1_65' title="bbox 1904 3197 3489 3270; baseline -0.006 -12"><span class='ocrx_word' id='word_1_453' title='bbox 1904 3205 2106 3258; x_wconf 89' lang='lat' dir='ltr'><strong>nuerit.</strong></span> <span class='ocrx_word' id='word_1_454' title='bbox 2131 3203 2236 3259; x_wconf 88' lang='lat' dir='ltr'><strong>Sed</strong></span> <span class='ocrx_word' id='word_1_455' title='bbox 2267 3212 2322 3258; x_wconf 90' lang='lat' dir='ltr'><strong>et</strong></span> <span class='ocrx_word' id='word_1_456' title='bbox 2351 3203 2656 3270; x_wconf 55' lang='lat' dir='ltr'><strong>Gregwrins</strong></span> <span class='ocrx_word' id='word_1_457' title='bbox 2683 3202 2963 3256; x_wconf 77' lang='lat' dir='ltr'><strong>Romanus</strong></span> <span class='ocrx_word' id='word_1_458' title='bbox 2992 3197 3258 3270; x_wconf 82' lang='lat' dir='ltr'><strong>pontifex,</strong></span> <span class='ocrx_word' id='word_1_459' title='bbox 3327 3197 3489 3263; x_wconf 86' lang='lat' dir='ltr'><strong>cujus</strong></span> 
     </span>
    </p>
   </div>
   <div class='ocr_carea' id='block_1_66' title="bbox 1900 3283 3492 3364">
    <p class='ocr_par' dir='ltr' id='par_1_66' title="bbox 1900 3283 3492 3364">
     <span class='ocr_line' id='line_1_66' title="bbox 1900 3283 3492 3364; baseline -0.008 -14"><span class='ocrx_word' id='word_1_460' title='bbox 1900 3298 2043 3362; x_wconf 84' lang='lat' dir='ltr'><strong>apud</strong></span> <span class='ocrx_word' id='word_1_461' title='bbox 2067 3310 2256 3348; x_wconf 90' lang='lat' dir='ltr'><strong>omnes</strong></span> <span class='ocrx_word' id='word_1_462' title='bbox 2285 3293 2601 3364; x_wconf 70' lang='lat' dir='ltr'><strong>prmclarum</strong></span> <span class='ocrx_word' id='word_1_463' title='bbox 2629 3283 2824 3346; x_wconf 82' lang='lat' dir='ltr'><strong>nomen</strong></span> <span class='ocrx_word' id='word_1_464' title='bbox 2851 3300 2956 3356; x_wconf 89' lang='lat' dir='ltr'><strong>est,</strong></span> <span class='ocrx_word' id='word_1_465' title='bbox 2993 3289 3165 3343; x_wconf 82' lang='lat' dir='ltr'><strong>oliicia</strong></span> <span class='ocrx_word' id='word_1_466' title='bbox 3196 3299 3360 3354; x_wconf 86' lang='lat' dir='ltr'><strong>atque</strong></span> <span class='ocrx_word' id='word_1_467' title='bbox 3413 3286 3492 3354; x_wconf 85' lang='lat' dir='ltr'><strong>je-</strong></span> 
     </span>
    </p>
   </div>
   <div class='ocr_carea' id='block_1_67' title="bbox 213 3377 3489 3478">
    <p class='ocr_par' dir='ltr' id='par_1_67' title="bbox 213 3377 3489 3478">
     <span class='ocr_line' id='line_1_67' title="bbox 213 3377 3489 3478; baseline -0.011 -11"><span class='ocrx_word' id='word_1_468' title='bbox 213 3417 395 3470; x_wconf 80' lang='lat' dir='ltr'><strong>datnm</strong></span> <span class='ocrx_word' id='word_1_469' title='bbox 415 3415 470 3466; x_wconf 91' lang='lat' dir='ltr'><strong>in</strong></span> <span class='ocrx_word' id='word_1_470' title='bbox 490 3411 598 3465; x_wconf 79' lang='lat' dir='ltr'><strong>ﬁde</strong></span> <span class='ocrx_word' id='word_1_471' title='bbox 616 3417 952 3478; x_wconf 87' lang='lat' dir='ltr'><strong>paterentur,</strong></span> <span class='ocrx_word' id='word_1_472' title='bbox 979 3377 1229 3474; x_wconf 83' lang='lat' dir='ltr'><strong>apostoli,</strong></span> <span class='ocrx_word' id='word_1_473' title='bbox 1251 3403 1625 3458; x_wconf 87' lang='lat' dir='ltr'><strong>utanimorum</strong></span> <span class='ocrx_word' id='word_1_474' title='bbox 1645 3416 1802 3456; x_wconf 78' lang='lat' dir='ltr'><strong>cura-</strong></span> <span class='ocrx_word' id='word_1_475' title='bbox 1897 3387 2068 3456; x_wconf 84' lang='lat' dir='ltr'><strong>junia,</strong></span> <span class='ocrx_word' id='word_1_476' title='bbox 2101 3395 2157 3438; x_wconf 91' lang='lat' dir='ltr'><strong>ut</strong></span> <span class='ocrx_word' id='word_1_477' title='bbox 2181 3387 2338 3440; x_wconf 88' lang='lat' dir='ltr'><strong>modo</strong></span> <span class='ocrx_word' id='word_1_478' title='bbox 2367 3396 2674 3448; x_wconf 76' lang='lat' dir='ltr'><strong>servantur,</strong></span> <span class='ocrx_word' id='word_1_479' title='bbox 2705 3383 3014 3438; x_wconf 85' lang='lat' dir='ltr'><strong>Occidentis</strong></span> <span class='ocrx_word' id='word_1_480' title='bbox 3040 3377 3489 3436; x_wconf 85' lang='lat' dir='ltr'><strong>Ecclesiistradi-</strong></span> 
     </span>
    </p>
   </div>
   <div class='ocr_carea' id='block_1_68' title="bbox 217 3496 1795 3571">
    <p class='ocr_par' dir='ltr' id='par_1_68' title="bbox 217 3496 1795 3571">
     <span class='ocr_line' id='line_1_68' title="bbox 217 3496 1795 3571; baseline -0.011 -8"><span class='ocrx_word' id='word_1_481' title='bbox 217 3519 390 3571; x_wconf 86' lang='lat' dir='ltr'><strong>tores,</strong></span> <span class='ocrx_word' id='word_1_482' title='bbox 413 3504 603 3559; x_wconf 87' lang='lat' dir='ltr'><strong>omnia</strong></span> <span class='ocrx_word' id='word_1_483' title='bbox 623 3500 799 3556; x_wconf 75' lang='lat' dir='ltr'><strong>effecti</strong></span> <span class='ocrx_word' id='word_1_484' title='bbox 820 3507 876 3552; x_wconf 93' lang='grc' dir='ltr'><strong>ιιι</strong></span> <span class='ocrx_word' id='word_1_485' title='bbox 893 3512 1082 3554; x_wconf 89' lang='lat' dir='ltr'><strong>omnes</strong></span> <span class='ocrx_word' id='word_1_486' title='bbox 1106 3511 1198 3551; x_wconf 87' lang='lat' dir='ltr'><strong>seu</strong></span> <span class='ocrx_word' id='word_1_487' title='bbox 1219 3499 1399 3562; x_wconf 89' lang='lat' dir='ltr'><strong>plures</strong></span> <span class='ocrx_word' id='word_1_488' title='bbox 1429 3496 1795 3558; x_wconf 89' lang='lat' dir='ltr'><strong>lucrarentur,</strong></span> 
     </span>
    </p>
   </div>
   <div class='ocr_carea' id='block_1_69' title="bbox 213 3576 1797 3669">
    <p class='ocr_par' dir='ltr' id='par_1_69' title="bbox 213 3576 1797 3669">
     <span class='ocr_line' id='line_1_69' title="bbox 213 3576 1797 3669; baseline -0.009 -16"><span class='ocrx_word' id='word_1_489' title='bbox 213 3599 594 3669; x_wconf 69' lang='lat' dir='ltr'><strong>permiserunt</strong></span> <span class='ocrx_word' id='word_1_490' title='bbox 621 3595 693 3647; x_wconf 89' lang='lat' dir='ltr'><strong>ita</strong></span> <span class='ocrx_word' id='word_1_491' title='bbox 711 3605 850 3652; x_wconf 87' lang='lat' dir='ltr'><strong>esse,</strong></span> <span class='ocrx_word' id='word_1_492' title='bbox 876 3598 933 3644; x_wconf 91' lang='lat' dir='ltr'><strong>ut</strong></span> <span class='ocrx_word' id='word_1_493' title='bbox 951 3599 1130 3653; x_wconf 84' lang='lat' dir='ltr'><strong>antea,</strong></span> <span class='ocrx_word' id='word_1_494' title='bbox 1147 3576 1210 3641; x_wconf 58' lang='lat' dir='ltr'><strong>ei</strong></span> <span class='ocrx_word' id='word_1_495' title='bbox 1213 3586 1285 3656; x_wconf 85' lang='lat' dir='ltr'><strong>jej</strong></span> <span class='ocrx_word' id='word_1_496' title='bbox 1295 3601 1394 3639; x_wconf 90' lang='lat' dir='ltr'><strong>una</strong></span> <span class='ocrx_word' id='word_1_497' title='bbox 1404 3602 1460 3641; x_wconf 92' lang='lat' dir='ltr'><strong>re</strong></span> <span class='ocrx_word' id='word_1_498' title='bbox 1478 3593 1761 3641; x_wconf 88' lang='lat' dir='ltr'><strong>vetuerunt</strong></span> <span class='ocrx_word' id='word_1_499' title='bbox 1784 3602 1797 3638; x_wconf 90' lang='lat'><strong>:</strong></span> 
     </span>
    </p>
   </div>
   <div class='ocr_carea' id='block_1_70' title="bbox 213 3677 1799 3760">
    <p class='ocr_par' dir='ltr' id='par_1_70' title="bbox 213 3677 1799 3760">
     <span class='ocr_line' id='line_1_70' title="bbox 213 3677 1799 3760; baseline -0.009 -16"><span class='ocrx_word' id='word_1_500' title='bbox 213 3691 355 3760; x_wconf 81' lang='lat' dir='ltr'><strong>quod</strong></span> <span class='ocrx_word' id='word_1_501' title='bbox 396 3686 682 3754; x_wconf 74' lang='lat' dir='ltr'><strong>religionis</strong></span> <span class='ocrx_word' id='word_1_502' title='bbox 719 3683 930 3738; x_wconf 89' lang='lat' dir='ltr'><strong>ratione</strong></span> <span class='ocrx_word' id='word_1_503' title='bbox 979 3680 1113 3736; x_wconf 86' lang='lat' dir='ltr'><strong>nihil</strong></span> <span class='ocrx_word' id='word_1_504' title='bbox 1139 3694 1234 3735; x_wconf 87' lang='lat' dir='ltr'><strong>eos</strong></span> <span class='ocrx_word' id='word_1_505' title='bbox 1267 3679 1520 3744; x_wconf 79' lang='lat' dir='ltr'><strong>laedebat,</strong></span> <span class='ocrx_word' id='word_1_506' title='bbox 1555 3679 1646 3747; x_wconf 90' lang='lat' dir='ltr'><strong>qui</strong></span> <span class='ocrx_word' id='word_1_507' title='bbox 1672 3677 1799 3730; x_wconf 90' lang='lat' dir='ltr'><strong>illud</strong></span> 
     </span>
    </p>
   </div>
   <div class='ocr_carea' id='block_1_71' title="bbox 215 3768 1801 3843">
    <p class='ocr_par' dir='ltr' id='par_1_71' title="bbox 215 3768 1801 3843">
     <span class='ocr_line' id='line_1_71' title="bbox 215 3768 1801 3843; baseline -0.008 -9"><span class='ocrx_word' id='word_1_508' title='bbox 215 3783 597 3834; x_wconf 82' lang='lat' dir='ltr'><strong>observarent.</strong></span> <span class='ocrx_word' id='word_1_509' title='bbox 624 3772 811 3843; x_wconf 76' lang='lat' dir='ltr'><strong>Neque</strong></span> <span class='ocrx_word' id='word_1_510' title='bbox 861 3773 1004 3826; x_wconf 90' lang='lat' dir='ltr'><strong>enim</strong></span> <span class='ocrx_word' id='word_1_511' title='bbox 1065 3770 1321 3841; x_wconf 88' lang='lat' dir='ltr'><strong>apostoli,</strong></span> <span class='ocrx_word' id='word_1_512' title='bbox 1351 3768 1451 3824; x_wconf 88' lang='lat' dir='ltr'><strong>bos</strong></span> <span class='ocrx_word' id='word_1_513' title='bbox 1510 3769 1729 3837; x_wconf 90' lang='lat' dir='ltr'><strong>quidem</strong></span> <span class='ocrx_word' id='word_1_514' title='bbox 1771 3781 1801 3821; x_wconf 86' lang='lat' dir='ltr'><strong>a</strong></span> 
     </span>
    </p>
   </div>
   <div class='ocr_carea' id='block_1_72' title="bbox 218 3862 1800 3942">
    <p class='ocr_par' dir='ltr' id='par_1_72' title="bbox 218 3862 1800 3942">
     <span class='ocr_line' id='line_1_72' title="bbox 218 3862 1800 3942; baseline -0.006 -16"><span class='ocrx_word' id='word_1_515' title='bbox 218 3876 355 3942; x_wconf 65' lang='lat' dir='ltr'><strong>lege,</strong></span> <span class='ocrx_word' id='word_1_516' title='bbox 383 3871 511 3925; x_wconf 87' lang='lat' dir='ltr'><strong>illos</strong></span> <span class='ocrx_word' id='word_1_517' title='bbox 546 3877 727 3922; x_wconf 86' lang='lat' dir='ltr'><strong>autem</strong></span> <span class='ocrx_word' id='word_1_518' title='bbox 757 3867 824 3922; x_wconf 89' lang='lat' dir='ltr'><strong>ab</strong></span> <span class='ocrx_word' id='word_1_519' title='bbox 877 3867 1142 3922; x_wconf 91' lang='lat' dir='ltr'><strong>idolorum</strong></span> <span class='ocrx_word' id='word_1_520' title='bbox 1162 3865 1311 3920; x_wconf 91' lang='lat' dir='ltr'><strong>cultu</strong></span> <span class='ocrx_word' id='word_1_521' title='bbox 1357 3873 1728 3928; x_wconf 81' lang='lat' dir='ltr'><strong>revocassent,</strong></span> <span class='ocrx_word' id='word_1_522' title='bbox 1753 3862 1800 3916; x_wconf 83' lang='lat' dir='ltr'><strong>si</strong></span> 
     </span>
    </p>
   </div>
   <div class='ocr_carea' id='block_1_73' title="bbox 217 3954 1842 4025">
    <p class='ocr_par' dir='ltr' id='par_1_73' title="bbox 217 3954 1842 4025">
     <span class='ocr_line' id='line_1_73' title="bbox 217 3954 1842 4025; baseline -0.006 -8"><span class='ocrx_word' id='word_1_523' title='bbox 217 3967 326 4019; x_wconf 77' lang='lat' dir='ltr'><strong>suis</strong></span> <span class='ocrx_word' id='word_1_524' title='bbox 357 3964 492 4017; x_wconf 92' lang='lat' dir='ltr'><strong>illos</strong></span> <span class='ocrx_word' id='word_1_525' title='bbox 517 3959 1006 4016; x_wconf 88' lang='lat' dir='ltr'><strong>consuetudinibus</strong></span> <span class='ocrx_word' id='word_1_526' title='bbox 1033 3959 1308 4023; x_wconf 83' lang='lat' dir='ltr'><strong>omnibus,</strong></span> <span class='ocrx_word' id='word_1_527' title='bbox 1340 3972 1461 4025; x_wconf 61' lang='lat' dir='ltr'><strong>quas</strong></span> <span class='ocrx_word' id='word_1_528' title='bbox 1526 3954 1802 4024; x_wconf 79' lang='lat' dir='ltr'><strong>evangeli-</strong></span> <span class='ocrx_word' id='word_1_529' title='bbox 1837 3981 1842 3985; x_wconf 83' lang='lat'><strong>~</strong></span> 
     </span>
    </p>
   </div>
   <div class='ocr_carea' id='block_1_74' title="bbox 220 4045 1800 4124">
    <p class='ocr_par' dir='ltr' id='par_1_74' title="bbox 220 4045 1800 4124">
     <span class='ocr_line' id='line_1_74' title="bbox 220 4045 1800 4124; baseline -0.009 -14"><span class='ocrx_word' id='word_1_530' title='bbox 220 4072 291 4110; x_wconf 69' lang='lat' dir='ltr'><strong>cae</strong></span> <span class='ocrx_word' id='word_1_531' title='bbox 307 4052 691 4124; x_wconf 66' lang='lat' dir='ltr'><strong>praedicationi</strong></span> <span class='ocrx_word' id='word_1_532' title='bbox 717 4066 824 4106; x_wconf 92' lang='lat' dir='ltr'><strong>non</strong></span> <span class='ocrx_word' id='word_1_533' title='bbox 844 4049 1191 4111; x_wconf 89' lang='lat' dir='ltr'><strong>obsisterent,</strong></span> <span class='ocrx_word' id='word_1_534' title='bbox 1213 4063 1466 4102; x_wconf 85' lang='lat' dir='ltr'><strong>revocare</strong></span> <span class='ocrx_word' id='word_1_535' title='bbox 1483 4045 1800 4101; x_wconf 84' lang='lat' dir='ltr'><strong>voluissent.</strong></span> 
     </span>
    </p>
   </div>
   <div class='ocr_carea' id='block_1_75' title="bbox 221 4139 1806 4214">
    <p class='ocr_par' dir='ltr' id='par_1_75' title="bbox 221 4139 1806 4214">
     <span class='ocr_line' id='line_1_75' title="bbox 221 4139 1806 4214; baseline -0.008 -11"><span class='ocrx_word' id='word_1_536' title='bbox 221 4149 376 4214; x_wconf 77' lang='lat' dir='ltr'><strong>Nam,</strong></span> <span class='ocrx_word' id='word_1_537' title='bbox 410 4147 456 4201; x_wconf 88' lang='lat' dir='ltr'><strong>si</strong></span> <span class='ocrx_word' id='word_1_538' title='bbox 487 4143 959 4200; x_wconf 88' lang='lat' dir='ltr'><strong>circumcisionem</strong></span> <span class='ocrx_word' id='word_1_539' title='bbox 988 4139 1312 4209; x_wconf 89' lang='lat' dir='ltr'><strong>quandoque</strong></span> <span class='ocrx_word' id='word_1_540' title='bbox 1347 4139 1412 4192; x_wconf 88' lang='lat' dir='ltr'><strong>ad</strong></span> <span class='ocrx_word' id='word_1_541' title='bbox 1447 4147 1658 4207; x_wconf 90' lang='lat' dir='ltr'><strong>tempus</strong></span> <span class='ocrx_word' id='word_1_542' title='bbox 1681 4151 1806 4205; x_wconf 83' lang='lat' dir='ltr'><strong>per-</strong></span> 
     </span>
    </p>
   </div>
   <div class='ocr_carea' id='block_1_76' title="bbox 223 4228 1803 4300">
    <p class='ocr_par' dir='ltr' id='par_1_76' title="bbox 223 4228 1803 4300">
     <span class='ocr_line' id='line_1_76' title="bbox 223 4228 1803 4300; baseline -0.007 -9"><span class='ocrx_word' id='word_1_543' title='bbox 223 4242 510 4300; x_wconf 82' lang='lat' dir='ltr'><strong>miserunt,</strong></span> <span class='ocrx_word' id='word_1_544' title='bbox 546 4233 736 4289; x_wconf 87' lang='lat' dir='ltr'><strong>virtuti</strong></span> <span class='ocrx_word' id='word_1_545' title='bbox 762 4231 1160 4300; x_wconf 68' lang='lat' dir='ltr'><strong>prazdicationis</strong></span> <span class='ocrx_word' id='word_1_546' title='bbox 1181 4228 1482 4297; x_wconf 78' lang='lat' dir='ltr'><strong>oppositam</strong></span> <span class='ocrx_word' id='word_1_547' title='bbox 1515 4245 1528 4282; x_wconf 90' lang='lat'><strong>:</strong></span> <span class='ocrx_word' id='word_1_548' title='bbox 1555 4228 1616 4282; x_wconf 88' lang='lat' dir='ltr'><strong>Si</strong></span> <span class='ocrx_word' id='word_1_549' title='bbox 1645 4228 1803 4288; x_wconf 88' lang='lat' dir='ltr'><strong>enim,</strong></span> 
     </span>
    </p>
   </div>
   <div class='ocr_carea' id='block_1_77' title="bbox 225 4318 1802 4399">
    <p class='ocr_par' dir='ltr' id='par_1_77' title="bbox 225 4318 1802 4399">
     <span class='ocr_line' id='line_1_77' title="bbox 225 4318 1802 4399; baseline -0.008 -15"><span class='ocrx_word' id='word_1_550' title='bbox 225 4334 419 4399; x_wconf 85' lang='lat' dir='ltr'><strong>inquit,</strong></span> <span class='ocrx_word' id='word_1_551' title='bbox 440 4325 922 4385; x_wconf 74' lang='lat' dir='ltr'><strong>circumcidamini,</strong></span> <span class='ocrx_word' id='word_1_552' title='bbox 946 4323 1183 4378; x_wconf 79' lang='lat' dir='ltr'><strong>Christus</strong></span> <span class='ocrx_word' id='word_1_553' title='bbox 1203 4322 1342 4376; x_wconf 84' lang='lat' dir='ltr'><strong>vobis</strong></span> <span class='ocrx_word' id='word_1_554' title='bbox 1359 4320 1488 4374; x_wconf 85' lang='lat' dir='ltr'><strong>nihil</strong></span> <span class='ocrx_word' id='word_1_555' title='bbox 1499 4321 1705 4387; x_wconf 81' lang='lat' dir='ltr'><strong>prodest</strong></span> <span class='ocrx_word' id='word_1_556' title='bbox 1719 4318 1764 4353; x_wconf 73' lang='grc'><strong>⁸⁵</strong></span> <span class='ocrx_word' id='word_1_557' title='bbox 1786 4335 1802 4384; x_wconf 91' lang='lat'><strong>;</strong></span> 
     </span>
    </p>
   </div>
   <div class='ocr_carea' id='block_1_78' title="bbox 227 4410 1802 4491">
    <p class='ocr_par' dir='ltr' id='par_1_78' title="bbox 227 4410 1802 4491">
     <span class='ocr_line' id='line_1_78' title="bbox 227 4410 1802 4491; baseline -0.008 -17"><span class='ocrx_word' id='word_1_558' title='bbox 227 4423 482 4491; x_wconf 86' lang='lat' dir='ltr'><strong>istudque</strong></span> <span class='ocrx_word' id='word_1_559' title='bbox 503 4420 629 4473; x_wconf 89' lang='lat' dir='ltr'><strong>ideo</strong></span> <span class='ocrx_word' id='word_1_560' title='bbox 662 4419 932 4480; x_wconf 80' lang='lat' dir='ltr'><strong>iecerunt,</strong></span> <span class='ocrx_word' id='word_1_561' title='bbox 977 4423 1035 4467; x_wconf 90' lang='lat' dir='ltr'><strong>ut</strong></span> <span class='ocrx_word' id='word_1_562' title='bbox 1061 4415 1246 4484; x_wconf 90' lang='lat' dir='ltr'><strong>plures</strong></span> <span class='ocrx_word' id='word_1_563' title='bbox 1275 4428 1340 4467; x_wconf 91' lang='lat' dir='ltr'><strong>ex</strong></span> <span class='ocrx_word' id='word_1_564' title='bbox 1378 4410 1579 4466; x_wconf 64' lang='lat' dir='ltr'><strong>Iudaeis</strong></span> <span class='ocrx_word' id='word_1_565' title='bbox 1615 4411 1802 4479; x_wconf 86' lang='lat' dir='ltr'><strong>acqui-</strong></span> 
     </span>
    </p>
   </div>
   <div class='ocr_carea' id='block_1_79' title="bbox 1903 3473 3486 3540">
    <p class='ocr_par' dir='ltr' id='par_1_79' title="bbox 1903 3473 3486 3540">
     <span class='ocr_line' id='line_1_79' title="bbox 1903 3473 3486 3540; baseline -0.007 -7"><span class='ocrx_word' id='word_1_566' title='bbox 1903 3481 1998 3535; x_wconf 78' lang='lat' dir='ltr'><strong>dit.</strong></span> <span class='ocrx_word' id='word_1_567' title='bbox 2031 3478 2182 3532; x_wconf 86' lang='lat' dir='ltr'><strong>Hunc</strong></span> <span class='ocrx_word' id='word_1_568' title='bbox 2201 3479 2347 3532; x_wconf 88' lang='lat' dir='ltr'><strong>enim</strong></span> <span class='ocrx_word' id='word_1_569' title='bbox 2381 3491 2569 3530; x_wconf 90' lang='lat' dir='ltr'><strong>omnes</strong></span> <span class='ocrx_word' id='word_1_570' title='bbox 2603 3477 2654 3529; x_wconf 92' lang='lat' dir='ltr'><strong>in</strong></span> <span class='ocrx_word' id='word_1_571' title='bbox 2681 3474 2828 3529; x_wconf 91' lang='lat' dir='ltr'><strong>omni</strong></span> <span class='ocrx_word' id='word_1_572' title='bbox 2859 3473 3486 3540; x_wconf 86' lang='lat' dir='ltr'><strong>traditioneseqnuntur.</strong></span> 
     </span>
    </p>
   </div>
   <div class='ocr_carea' id='block_1_80' title="bbox 2407 3579 2899 3638">
    <p class='ocr_par' dir='ltr' id='par_1_80' title="bbox 2407 3579 2899 3638">
     <span class='ocr_line' id='line_1_80' title="bbox 2407 3579 2899 3638; baseline 0 -1"><span class='ocrx_word' id='word_1_573' title='bbox 2407 3579 2415 3584; x_wconf 77' lang='grc'><em>’</em></span> <span class='ocrx_word' id='word_1_574' title='bbox 2509 3585 2584 3638; x_wconf 84' lang='lat' dir='ltr'><strong>De</strong></span> <span class='ocrx_word' id='word_1_575' title='bbox 2615 3592 2899 3638; x_wconf 79' lang='lat' dir='ltr'><strong>vetustnte.</strong></span> 
     </span>
    </p>
   </div>
   <div class='ocr_carea' id='block_1_81' title="bbox 1971 3671 3533 3744">
    <p class='ocr_par' dir='ltr' id='par_1_81' title="bbox 1971 3671 3533 3744">
     <span class='ocr_line' id='line_1_81' title="bbox 1971 3671 3533 3744; baseline -0.006 -16"><span class='ocrx_word' id='word_1_576' title='bbox 1971 3679 2071 3744; x_wconf 86' lang='lat' dir='ltr'><strong>Qui</strong></span> <span class='ocrx_word' id='word_1_577' title='bbox 2105 3692 2325 3731; x_wconf 81' lang='lat' dir='ltr'><strong>veroex</strong></span> <span class='ocrx_word' id='word_1_578' title='bbox 2371 3675 2582 3728; x_wconf 90' lang='lat' dir='ltr'><strong>nostris</strong></span> <span class='ocrx_word' id='word_1_579' title='bbox 2655 3675 2912 3729; x_wconf 80' lang='lat' dir='ltr'><strong>fortiores</strong></span> <span class='ocrx_word' id='word_1_580' title='bbox 2957 3681 3088 3727; x_wconf 89' lang='lat' dir='ltr'><strong>sunt</strong></span> <span class='ocrx_word' id='word_1_581' title='bbox 3130 3671 3489 3731; x_wconf 82' lang='lat' dir='ltr'><strong>schismatici,</strong></span> <span class='ocrx_word' id='word_1_582' title='bbox 3529 3712 3533 3718; x_wconf 90' lang='lat'><strong>.</strong></span> 
     </span>
    </p>
   </div>
   <div class='ocr_carea' id='block_1_82' title="bbox 1904 3764 3493 3836">
    <p class='ocr_par' dir='ltr' id='par_1_82' title="bbox 1904 3764 3493 3836">
     <span class='ocr_line' id='line_1_82' title="bbox 1904 3764 3493 3836; baseline -0.006 -12"><span class='ocrx_word' id='word_1_583' title='bbox 1904 3779 2226 3825; x_wconf 84' lang='lat' dir='ltr'><strong>vetustatem</strong></span> <span class='ocrx_word' id='word_1_584' title='bbox 2279 3781 2494 3836; x_wconf 87' lang='lat' dir='ltr'><strong>quoque</strong></span> <span class='ocrx_word' id='word_1_585' title='bbox 2555 3765 2996 3822; x_wconf 82' lang='lat' dir='ltr'><strong>Occidentalibus</strong></span> <span class='ocrx_word' id='word_1_586' title='bbox 3055 3764 3342 3834; x_wconf 82' lang='lat' dir='ltr'><strong>objiciunt,</strong></span> <span class='ocrx_word' id='word_1_587' title='bbox 3396 3777 3493 3831; x_wconf 88' lang='lat' dir='ltr'><strong>per</strong></span> 
     </span>
    </p>
   </div>
   <div class='ocr_carea' id='block_1_83' title="bbox 1904 3855 3486 3932">
    <p class='ocr_par' dir='ltr' id='par_1_83' title="bbox 1904 3855 3486 3932">
     <span class='ocr_line' id='line_1_83' title="bbox 1904 3855 3486 3932; baseline -0.005 -20"><span class='ocrx_word' id='word_1_588' title='bbox 1904 3877 2065 3932; x_wconf 86' lang='lat' dir='ltr'><strong>quam</strong></span> <span class='ocrx_word' id='word_1_589' title='bbox 2115 3860 2443 3913; x_wconf 82' lang='lat' dir='ltr'><strong>concludere</strong></span> <span class='ocrx_word' id='word_1_590' title='bbox 2505 3873 2606 3926; x_wconf 89' lang='lat' dir='ltr'><strong>pro</strong></span> <span class='ocrx_word' id='word_1_591' title='bbox 2636 3872 2696 3912; x_wconf 86' lang='lat' dir='ltr'><strong>se</strong></span> <span class='ocrx_word' id='word_1_592' title='bbox 2755 3857 3119 3919; x_wconf 84' lang='lat' dir='ltr'><strong>arbitrantur,</strong></span> <span class='ocrx_word' id='word_1_593' title='bbox 3175 3855 3330 3924; x_wconf 82' lang='lat' dir='ltr'><strong>quasi</strong></span> <span class='ocrx_word' id='word_1_594' title='bbox 3380 3868 3486 3906; x_wconf 91' lang='lat' dir='ltr'><strong>non</strong></span> 
     </span>
    </p>
   </div>
   <div class='ocr_carea' id='block_1_84' title="bbox 1905 3947 3494 4020">
    <p class='ocr_par' dir='ltr' id='par_1_84' title="bbox 1905 3947 3494 4020">
     <span class='ocr_line' id='line_1_84' title="bbox 1905 3947 3494 4020; baseline -0.006 -10"><span class='ocrx_word' id='word_1_595' title='bbox 1905 3956 2094 4010; x_wconf 88' lang='lat' dir='ltr'><strong>eadem</strong></span> <span class='ocrx_word' id='word_1_596' title='bbox 2133 3955 2203 4008; x_wconf 92' lang='lat' dir='ltr'><strong>sit</strong></span> <span class='ocrx_word' id='word_1_597' title='bbox 2236 3964 2289 4006; x_wconf 91' lang='lat' dir='ltr'><strong>et</strong></span> <span class='ocrx_word' id='word_1_598' title='bbox 2335 3953 2440 4006; x_wconf 87' lang='lat' dir='ltr'><strong>illis</strong></span> <span class='ocrx_word' id='word_1_599' title='bbox 2496 3951 2825 4020; x_wconf 85' lang='lat' dir='ltr'><strong>antiquitas,</strong></span> <span class='ocrx_word' id='word_1_600' title='bbox 2878 3950 3146 4018; x_wconf 86' lang='lat' dir='ltr'><strong>liceatque</strong></span> <span class='ocrx_word' id='word_1_601' title='bbox 3186 3947 3332 4000; x_wconf 89' lang='lat' dir='ltr'><strong>illam</strong></span> <span class='ocrx_word' id='word_1_602' title='bbox 3393 3960 3494 4012; x_wconf 90' lang='lat' dir='ltr'><strong>pro</strong></span> 
     </span>
    </p>
   </div>
   <div class='ocr_carea' id='block_1_85' title="bbox 1905 4037 3492 4114">
    <p class='ocr_par' dir='ltr' id='par_1_85' title="bbox 1905 4037 3492 4114">
     <span class='ocr_line' id='line_1_85' title="bbox 1905 4037 3492 4114; baseline -0.009 -12"><span class='ocrx_word' id='word_1_603' title='bbox 1905 4063 1965 4103; x_wconf 89' lang='lat' dir='ltr'><strong>se</strong></span> <span class='ocrx_word' id='word_1_604' title='bbox 1998 4047 2130 4114; x_wconf 87' lang='lat' dir='ltr'><strong>ipsis</strong></span> <span class='ocrx_word' id='word_1_605' title='bbox 2169 4045 2390 4100; x_wconf 76' lang='lat' dir='ltr'><strong>inferre.</strong></span> <span class='ocrx_word' id='word_1_606' title='bbox 2415 4043 2601 4112; x_wconf 84' lang='lat' dir='ltr'><strong>Neque</strong></span> <span class='ocrx_word' id='word_1_607' title='bbox 2622 4042 2886 4106; x_wconf 86' lang='lat' dir='ltr'><strong>sentiunt,</strong></span> <span class='ocrx_word' id='word_1_608' title='bbox 2941 4040 3068 4094; x_wconf 90' lang='lat' dir='ltr'><strong>dum</strong></span> <span class='ocrx_word' id='word_1_609' title='bbox 3128 4039 3230 4093; x_wconf 87' lang='lat' dir='ltr'><strong>ista</strong></span> <span class='ocrx_word' id='word_1_610' title='bbox 3281 4037 3492 4100; x_wconf 89' lang='lat' dir='ltr'><strong>dicunt,</strong></span> 
     </span>
    </p>
   </div>
   <div class='ocr_carea' id='block_1_86' title="bbox 1906 4131 3497 4204">
    <p class='ocr_par' dir='ltr' id='par_1_86' title="bbox 1906 4131 3497 4204">
     <span class='ocr_line' id='line_1_86' title="bbox 1906 4131 3497 4204; baseline -0.01 -8"><span class='ocrx_word' id='word_1_611' title='bbox 1906 4140 2171 4196; x_wconf 87' lang='lat' dir='ltr'><strong>idolorum</strong></span> <span class='ocrx_word' id='word_1_612' title='bbox 2201 4154 2258 4192; x_wconf 90' lang='lat' dir='ltr'><strong>se</strong></span> <span class='ocrx_word' id='word_1_613' title='bbox 2289 4136 2689 4204; x_wconf 84' lang='lat' dir='ltr'><strong>cultntn,quam</strong></span> <span class='ocrx_word' id='word_1_614' title='bbox 2714 4133 2914 4189; x_wconf 89' lang='lat' dir='ltr'><strong>Christi</strong></span> <span class='ocrx_word' id='word_1_615' title='bbox 2943 4133 3254 4200; x_wconf 76' lang='lat' dir='ltr'><strong>religionem</strong></span> <span class='ocrx_word' id='word_1_616' title='bbox 3289 4131 3497 4184; x_wconf 79' lang='lat' dir='ltr'><strong>(trutin-</strong></span> 
     </span>
    </p>
   </div>
   <div class='ocr_carea' id='block_1_87' title="bbox 1905 4221 3494 4297">
    <p class='ocr_par' dir='ltr' id='par_1_87' title="bbox 1905 4221 3494 4297">
     <span class='ocr_line' id='line_1_87' title="bbox 1905 4221 3494 4297; baseline -0.008 -11"><span class='ocrx_word' id='word_1_617' title='bbox 1905 4248 2043 4297; x_wconf 79' lang='lat' dir='ltr'><strong>rem,</strong></span> <span class='ocrx_word' id='word_1_618' title='bbox 2104 4230 2314 4285; x_wconf 83' lang='lat' dir='ltr'><strong>ratione</strong></span> <span class='ocrx_word' id='word_1_619' title='bbox 2342 4230 2651 4290; x_wconf 85' lang='lat' dir='ltr'><strong>vetustatis,</strong></span> <span class='ocrx_word' id='word_1_620' title='bbox 2712 4226 3030 4279; x_wconf 79' lang='lat' dir='ltr'><strong>ostendere.</strong></span> <span class='ocrx_word' id='word_1_621' title='bbox 3081 4222 3288 4276; x_wconf 81' lang='lat' dir='ltr'><strong>Nutnsi</strong></span> <span class='ocrx_word' id='word_1_622' title='bbox 3351 4221 3494 4274; x_wconf 84' lang='lat' dir='ltr'><strong>anti—</strong></span> 
     </span>
    </p>
   </div>
   <div class='ocr_carea' id='block_1_88' title="bbox 1910 4314 3492 4392">
    <p class='ocr_par' dir='ltr' id='par_1_88' title="bbox 1910 4314 3492 4392">
     <span class='ocr_line' id='line_1_88' title="bbox 1910 4314 3492 4392; baseline -0.008 -16"><span class='ocrx_word' id='word_1_623' title='bbox 1910 4323 2098 4392; x_wconf 89' lang='lat' dir='ltr'><strong>quiora</strong></span> <span class='ocrx_word' id='word_1_624' title='bbox 2135 4336 2363 4390; x_wconf 74' lang='lat' dir='ltr'><strong>quaeque</strong></span> <span class='ocrx_word' id='word_1_625' title='bbox 2389 4323 2553 4372; x_wconf 78' lang='lat' dir='ltr'><strong>etiam</strong></span> <span class='ocrx_word' id='word_1_626' title='bbox 2589 4317 2804 4371; x_wconf 87' lang='lat' dir='ltr'><strong>veriora</strong></span> <span class='ocrx_word' id='word_1_627' title='bbox 2859 4325 3009 4378; x_wconf 88' lang='lat' dir='ltr'><strong>sunt,</strong></span> <span class='ocrx_word' id='word_1_628' title='bbox 3038 4314 3166 4384; x_wconf 90' lang='lat' dir='ltr'><strong>quid</strong></span> <span class='ocrx_word' id='word_1_629' title='bbox 3211 4323 3492 4380; x_wconf 86' lang='lat' dir='ltr'><strong>sequatur,</strong></span> 
     </span>
    </p>
   </div>
   <div class='ocr_carea' id='block_1_89' title="bbox 1909 4404 3499 4470">
    <p class='ocr_par' dir='ltr' id='par_1_89' title="bbox 1909 4404 3499 4470">
     <span class='ocr_line' id='line_1_89' title="bbox 1909 4404 3499 4470; baseline -0.008 -3"><span class='ocrx_word' id='word_1_630' title='bbox 1909 4412 2256 4468; x_wconf 79' lang='lat' dir='ltr'><strong>manifestum</strong></span> <span class='ocrx_word' id='word_1_631' title='bbox 2284 4424 2388 4470; x_wconf 73' lang='lat' dir='ltr'><strong>est.</strong></span> <span class='ocrx_word' id='word_1_632' title='bbox 2440 4409 2549 4462; x_wconf 90' lang='lat' dir='ltr'><strong>Sed</strong></span> <span class='ocrx_word' id='word_1_633' title='bbox 2611 4419 2664 4462; x_wconf 87' lang='lat' dir='ltr'><strong>et</strong></span> <span class='ocrx_word' id='word_1_634' title='bbox 2711 4407 3077 4462; x_wconf 86' lang='lat' dir='ltr'><strong>Ecclesiarum</strong></span> <span class='ocrx_word' id='word_1_635' title='bbox 3127 4405 3350 4466; x_wconf 83' lang='lat' dir='ltr'><strong>unione,</strong></span> <span class='ocrx_word' id='word_1_636' title='bbox 3386 4404 3499 4455; x_wconf 84' lang='lat' dir='ltr'><strong>sive</strong></span> 
     </span>
    </p>
   </div>
   <div class='ocr_carea' id='block_1_90' title="bbox 235 4475 3495 4580">
    <p class='ocr_par' dir='ltr' id='par_1_90' title="bbox 235 4475 3495 4580">
     <span class='ocr_line' id='line_1_90' title="bbox 235 4475 3495 4580; baseline -0.008 -13"><span class='ocrx_word' id='word_1_637' title='bbox 235 4475 445 4573; x_wconf 50' lang='lat' dir='ltr'><strong>reren‘t,</strong></span> <span class='ocrx_word' id='word_1_638' title='bbox 479 4527 623 4580; x_wconf 91' lang='lat' dir='ltr'><strong>quos</strong></span> <span class='ocrx_word' id='word_1_639' title='bbox 655 4511 890 4563; x_wconf 80' lang='lat' dir='ltr'><strong>maxime</strong></span> <span class='ocrx_word' id='word_1_640' title='bbox 914 4508 1034 4561; x_wconf 87' lang='lat' dir='ltr'><strong>altis</strong></span> <span class='ocrx_word' id='word_1_641' title='bbox 1066 4507 1474 4560; x_wconf 86' lang='lat' dir='ltr'><strong>arbitrabantur</strong></span> <span class='ocrx_word' id='word_1_642' title='bbox 1499 4505 1801 4559; x_wconf 87' lang='lat' dir='ltr'><strong>excellere:</strong></span> <span class='ocrx_word' id='word_1_643' title='bbox 1838 4475 1882 4531; x_wconf 64' lang='grc' dir='ltr'>ι)</span> <span class='ocrx_word' id='word_1_644' title='bbox 1912 4506 2072 4558; x_wconf 89' lang='lat' dir='ltr'><strong>etiam</strong></span> <span class='ocrx_word' id='word_1_645' title='bbox 2105 4502 2333 4572; x_wconf 85' lang='lat' dir='ltr'><strong>syntboli</strong></span> <span class='ocrx_word' id='word_1_646' title='bbox 2375 4501 2648 4554; x_wconf 87' lang='lat' dir='ltr'><strong>additione</strong></span> <span class='ocrx_word' id='word_1_647' title='bbox 2699 4499 3130 4567; x_wconf 68' lang='lat' dir='ltr'><strong>praesuppositis,</strong></span> <span class='ocrx_word' id='word_1_648' title='bbox 3184 4504 3243 4548; x_wconf 94' lang='lat' dir='ltr'><strong>ut</strong></span> <span class='ocrx_word' id='word_1_649' title='bbox 3292 4494 3495 4545; x_wconf 76' lang='lat' dir='ltr'><strong>dictum</strong></span> 
     </span>
    </p>
   </div>
   <div class='ocr_carea' id='block_1_91' title="bbox 229 4594 1808 4672">
    <p class='ocr_par' dir='ltr' id='par_1_91' title="bbox 229 4594 1808 4672">
     <span class='ocr_line' id='line_1_91' title="bbox 229 4594 1808 4672; baseline -0.003 -19"><span class='ocrx_word' id='word_1_650' title='bbox 229 4606 352 4672; x_wconf 80' lang='lat' dir='ltr'><strong>quid</strong></span> <span class='ocrx_word' id='word_1_651' title='bbox 409 4605 480 4658; x_wconf 89' lang='lat' dir='ltr'><strong>de</strong></span> <span class='ocrx_word' id='word_1_652' title='bbox 507 4601 751 4654; x_wconf 83' lang='lat' dir='ltr'><strong>Sabbato</strong></span> <span class='ocrx_word' id='word_1_653' title='bbox 796 4597 1086 4652; x_wconf 79' lang='lat' dir='ltr'><strong>dicendum</strong></span> <span class='ocrx_word' id='word_1_654' title='bbox 1119 4606 1223 4660; x_wconf 89' lang='lat' dir='ltr'><strong>est,</strong></span> <span class='ocrx_word' id='word_1_655' title='bbox 1255 4596 1306 4649; x_wconf 93' lang='lat' dir='ltr'><strong>iu</strong></span> <span class='ocrx_word' id='word_1_656' title='bbox 1342 4609 1447 4664; x_wconf 85' lang='lat' dir='ltr'><strong>quo</strong></span> <span class='ocrx_word' id='word_1_657' title='bbox 1485 4605 1536 4648; x_wconf 89' lang='lat' dir='ltr'><strong>et</strong></span> <span class='ocrx_word' id='word_1_658' title='bbox 1559 4594 1808 4663; x_wconf 77' lang='lat' dir='ltr'><strong>ieiunare</strong></span> 
     </span>
    </p>
   </div>
   <div class='ocr_carea' id='block_1_92' title="bbox 230 4685 1806 4765">
    <p class='ocr_par' dir='ltr' id='par_1_92' title="bbox 230 4685 1806 4765">
     <span class='ocr_line' id='line_1_92' title="bbox 230 4685 1806 4765; baseline -0.008 -14"><span class='ocrx_word' id='word_1_659' title='bbox 230 4709 283 4751; x_wconf 84' lang='lat' dir='ltr'><strong>et</strong></span> <span class='ocrx_word' id='word_1_660' title='bbox 335 4713 440 4750; x_wconf 91' lang='lat' dir='ltr'><strong>non</strong></span> <span class='ocrx_word' id='word_1_661' title='bbox 484 4695 734 4765; x_wconf 75' lang='lat' dir='ltr'><strong>ieiunare</strong></span> <span class='ocrx_word' id='word_1_662' title='bbox 764 4691 1026 4747; x_wconf 79' lang='lat' dir='ltr'><strong>doctrinae</strong></span> <span class='ocrx_word' id='word_1_663' title='bbox 1064 4691 1287 4758; x_wconf 86' lang='lat' dir='ltr'><strong>spiritus</strong></span> <span class='ocrx_word' id='word_1_664' title='bbox 1315 4703 1419 4743; x_wconf 92' lang='lat' dir='ltr'><strong>non</strong></span> <span class='ocrx_word' id='word_1_665' title='bbox 1446 4685 1806 4743; x_wconf 82' lang='lat' dir='ltr'><strong>adversatur?</strong></span> 
     </span>
    </p>
   </div>
   <div class='ocr_carea' id='block_1_93' title="bbox 297 4781 1804 4853">
    <p class='ocr_par' dir='ltr' id='par_1_93' title="bbox 297 4781 1804 4853">
     <span class='ocr_line' id='line_1_93' title="bbox 297 4781 1804 4853; baseline -0.009 -8"><span class='ocrx_word' id='word_1_666' title='bbox 297 4791 414 4845; x_wconf 74' lang='lat' dir='ltr'><strong>Non</strong></span> <span class='ocrx_word' id='word_1_667' title='bbox 450 4800 640 4842; x_wconf 83' lang='lat' dir='ltr'><strong>tamen</strong></span> <span class='ocrx_word' id='word_1_668' title='bbox 673 4789 773 4839; x_wconf 85' lang='lat' dir='ltr'><strong>hoc</strong></span> <span class='ocrx_word' id='word_1_669' title='bbox 820 4800 914 4853; x_wconf 87' lang='lat' dir='ltr'><strong>per</strong></span> <span class='ocrx_word' id='word_1_670' title='bbox 941 4793 1113 4837; x_wconf 81' lang='lat' dir='ltr'><strong>totum</strong></span> <span class='ocrx_word' id='word_1_671' title='bbox 1153 4784 1341 4837; x_wconf 88' lang='lat' dir='ltr'><strong>orbem</strong></span> <span class='ocrx_word' id='word_1_672' title='bbox 1397 4781 1804 4851; x_wconf 72' lang='lat' dir='ltr'><strong>praedicandum</strong></span> 
     </span>
    </p>
   </div>
   <div class='ocr_carea' id='block_1_94' title="bbox 237 4872 1808 4944">
    <p class='ocr_par' dir='ltr' id='par_1_94' title="bbox 237 4872 1808 4944">
     <span class='ocr_line' id='line_1_94' title="bbox 237 4872 1808 4944; baseline -0.006 -11"><span class='ocrx_word' id='word_1_673' title='bbox 237 4882 354 4943; x_wconf 84' lang='lat' dir='ltr'><strong>luit,</strong></span> <span class='ocrx_word' id='word_1_674' title='bbox 379 4887 595 4934; x_wconf 86' lang='lat' dir='ltr'><strong>remota</strong></span> <span class='ocrx_word' id='word_1_675' title='bbox 641 4874 947 4930; x_wconf 61' lang='lat' dir='ltr'><strong>Judaorum</strong></span> <span class='ocrx_word' id='word_1_676' title='bbox 971 4889 1154 4929; x_wconf 87' lang='lat' dir='ltr'><strong>causa.</strong></span> <span class='ocrx_word' id='word_1_677' title='bbox 1184 4872 1300 4926; x_wconf 81' lang='lat' dir='ltr'><strong>Non</strong></span> <span class='ocrx_word' id='word_1_678' title='bbox 1330 4872 1473 4925; x_wconf 89' lang='lat' dir='ltr'><strong>enim</strong></span> <span class='ocrx_word' id='word_1_679' title='bbox 1537 4872 1601 4925; x_wconf 90' lang='lat' dir='ltr'><strong>de</strong></span> <span class='ocrx_word' id='word_1_680' title='bbox 1628 4885 1808 4944; x_wconf 85' lang='lat' dir='ltr'><strong>come-</strong></span> 
     </span>
    </p>
   </div>
   <div class='ocr_carea' id='block_1_95' title="bbox 235 4963 1808 5038">
    <p class='ocr_par' dir='ltr' id='par_1_95' title="bbox 235 4963 1808 5038">
     <span class='ocr_line' id='line_1_95' title="bbox 235 4963 1808 5038; baseline -0.004 -16"><span class='ocrx_word' id='word_1_681' title='bbox 235 4975 426 5036; x_wconf 83' lang='lat' dir='ltr'><strong>dendo,</strong></span> <span class='ocrx_word' id='word_1_682' title='bbox 456 4971 545 5025; x_wconf 83' lang='lat' dir='ltr'><strong>vel</strong></span> <span class='ocrx_word' id='word_1_683' title='bbox 578 4983 712 5034; x_wconf 91' lang='lat' dir='ltr'><strong>non,</strong></span> <span class='ocrx_word' id='word_1_684' title='bbox 747 4968 1005 5038; x_wconf 88' lang='lat' dir='ltr'><strong>apostolis</strong></span> <span class='ocrx_word' id='word_1_685' title='bbox 1029 4968 1101 5019; x_wconf 86' lang='lat' dir='ltr'><strong>ita</strong></span> <span class='ocrx_word' id='word_1_686' title='bbox 1131 4966 1270 5019; x_wconf 90' lang='lat' dir='ltr'><strong>ratio</strong></span> <span class='ocrx_word' id='word_1_687' title='bbox 1298 4974 1435 5027; x_wconf 87' lang='lat' dir='ltr'><strong>erat,</strong></span> <span class='ocrx_word' id='word_1_688' title='bbox 1465 4964 1600 5017; x_wconf 87' lang='lat' dir='ltr'><strong>sicut</strong></span> <span class='ocrx_word' id='word_1_689' title='bbox 1627 4963 1808 5017; x_wconf 90' lang='lat' dir='ltr'><strong>omnia</strong></span> 
     </span>
    </p>
   </div>
   <div class='ocr_carea' id='block_1_96' title="bbox 237 5055 1812 5131">
    <p class='ocr_par' dir='ltr' id='par_1_96' title="bbox 237 5055 1812 5131">
     <span class='ocr_line' id='line_1_96' title="bbox 237 5055 1812 5131; baseline -0.006 -16"><span class='ocrx_word' id='word_1_690' title='bbox 237 5064 408 5118; x_wconf 74' lang='lat' dir='ltr'><strong>iacere</strong></span> <span class='ocrx_word' id='word_1_691' title='bbox 443 5062 902 5131; x_wconf 83' lang='lat' dir='ltr'><strong>proincremento</strong></span> <span class='ocrx_word' id='word_1_692' title='bbox 946 5057 1246 5123; x_wconf 81' lang='lat' dir='ltr'><strong>Evangelii,</strong></span> <span class='ocrx_word' id='word_1_693' title='bbox 1277 5057 1328 5108; x_wconf 89' lang='lat' dir='ltr'><strong>in</strong></span> <span class='ocrx_word' id='word_1_694' title='bbox 1357 5055 1491 5124; x_wconf 88' lang='lat' dir='ltr'><strong>ipsis</strong></span> <span class='ocrx_word' id='word_1_695' title='bbox 1555 5055 1812 5120; x_wconf 77' lang='lat' dir='ltr'><strong>prredica-</strong></span> 
     </span>
    </p>
   </div>
   <div class='ocr_carea' id='block_1_97' title="bbox 239 5145 1807 5217">
    <p class='ocr_par' dir='ltr' id='par_1_97' title="bbox 239 5145 1807 5217">
     <span class='ocr_line' id='line_1_97' title="bbox 239 5145 1807 5217; baseline -0.007 -12"><span class='ocrx_word' id='word_1_696' title='bbox 239 5155 394 5207; x_wconf 84' lang='lat' dir='ltr'><strong>tionis</strong></span> <span class='ocrx_word' id='word_1_697' title='bbox 428 5150 647 5214; x_wconf 88' lang='lat' dir='ltr'><strong>initiis;</strong></span> <span class='ocrx_word' id='word_1_698' title='bbox 680 5163 912 5217; x_wconf 87' lang='lat' dir='ltr'><strong>quorum</strong></span> <span class='ocrx_word' id='word_1_699' title='bbox 945 5146 1098 5214; x_wconf 89' lang='lat' dir='ltr'><strong>plura</strong></span> <span class='ocrx_word' id='word_1_700' title='bbox 1131 5154 1262 5198; x_wconf 91' lang='lat' dir='ltr'><strong>tunc</strong></span> <span class='ocrx_word' id='word_1_701' title='bbox 1287 5145 1576 5214; x_wconf 87' lang='lat' dir='ltr'><strong>permissa,</strong></span> <span class='ocrx_word' id='word_1_702' title='bbox 1621 5152 1807 5211; x_wconf 89' lang='lat' dir='ltr'><strong>postea</strong></span> 
     </span>
    </p>
   </div>
   <div class='ocr_carea' id='block_1_98' title="bbox 241 5244 1808 5312">
    <p class='ocr_par' dir='ltr' id='par_1_98' title="bbox 241 5244 1808 5312">
     <span class='ocr_line' id='line_1_98' title="bbox 241 5244 1808 5312; baseline -0.006 -15"><span class='ocrx_word' id='word_1_703' title='bbox 241 5244 500 5312; x_wconf 87' lang='lat' dir='ltr'><strong>permissa</strong></span> <span class='ocrx_word' id='word_1_704' title='bbox 549 5255 660 5294; x_wconf 87' lang='lat' dir='ltr'><strong>non</strong></span> <span class='ocrx_word' id='word_1_705' title='bbox 702 5247 859 5302; x_wconf 85' lang='lat' dir='ltr'><strong>sunt,</strong></span> <span class='ocrx_word' id='word_1_706' title='bbox 893 5247 1072 5292; x_wconf 89' lang='lat' dir='ltr'><strong>amota</strong></span> <span class='ocrx_word' id='word_1_707' title='bbox 1137 5251 1322 5301; x_wconf 85' lang='lat' dir='ltr'><strong>causa,</strong></span> <span class='ocrx_word' id='word_1_708' title='bbox 1381 5245 1598 5305; x_wconf 88' lang='lat' dir='ltr'><strong>pr0pter</strong></span> <span class='ocrx_word' id='word_1_709' title='bbox 1647 5249 1808 5303; x_wconf 91' lang='lat' dir='ltr'><strong>quam</strong></span> 
     </span>
    </p>
   </div>
   <div class='ocr_carea' id='block_1_99' title="bbox 242 5324 1811 5402">
    <p class='ocr_par' dir='ltr' id='par_1_99' title="bbox 242 5324 1811 5402">
     <span class='ocr_line' id='line_1_99' title="bbox 242 5324 1811 5402; baseline -0.007 -14"><span class='ocrx_word' id='word_1_710' title='bbox 242 5335 503 5402; x_wconf 85' lang='lat' dir='ltr'><strong>permissa</strong></span> <span class='ocrx_word' id='word_1_711' title='bbox 557 5331 710 5401; x_wconf 87' lang='lat' dir='ltr'><strong>prius</strong></span> <span class='ocrx_word' id='word_1_712' title='bbox 740 5328 955 5383; x_wconf 82' lang='lat' dir='ltr'><strong>fuerant</strong></span> <span class='ocrx_word' id='word_1_713' title='bbox 990 5347 1004 5383; x_wconf 91' lang='lat'><strong>:</strong></span> <span class='ocrx_word' id='word_1_714' title='bbox 1039 5328 1181 5382; x_wconf 88' lang='lat' dir='ltr'><strong>sicut</strong></span> <span class='ocrx_word' id='word_1_715' title='bbox 1200 5337 1255 5381; x_wconf 89' lang='lat' dir='ltr'><strong>et</strong></span> <span class='ocrx_word' id='word_1_716' title='bbox 1277 5327 1538 5392; x_wconf 89' lang='lat' dir='ltr'><strong>medicus,</strong></span> <span class='ocrx_word' id='word_1_717' title='bbox 1583 5325 1674 5395; x_wconf 88' lang='lat' dir='ltr'><strong>qui</strong></span> <span class='ocrx_word' id='word_1_718' title='bbox 1706 5324 1811 5378; x_wconf 88' lang='lat' dir='ltr'><strong>alia</strong></span> 
     </span>
    </p>
   </div>
   <div class='ocr_carea' id='block_1_100' title="bbox 245 5415 1817 5492">
    <p class='ocr_par' dir='ltr' id='par_1_100' title="bbox 245 5415 1817 5492">
     <span class='ocr_line' id='line_1_100' title="bbox 245 5415 1817 5492; baseline -0.009 -14"><span class='ocrx_word' id='word_1_719' title='bbox 245 5423 507 5492; x_wconf 70' lang='lat' dir='ltr'><strong>praecipit,</strong></span> <span class='ocrx_word' id='word_1_720' title='bbox 537 5421 723 5476; x_wconf 90' lang='lat' dir='ltr'><strong>causis</strong></span> <span class='ocrx_word' id='word_1_721' title='bbox 778 5418 1166 5488; x_wconf 86' lang='lat' dir='ltr'><strong>apparentibus</strong></span> <span class='ocrx_word' id='word_1_722' title='bbox 1221 5415 1648 5471; x_wconf 89' lang='lat' dir='ltr'><strong>convenientia:</strong></span> <span class='ocrx_word' id='word_1_723' title='bbox 1709 5426 1817 5482; x_wconf 88' lang='lat' dir='ltr'><strong>quo</strong></span> 
     </span>
    </p>
   </div>
   <div class='ocr_carea' id='block_1_101' title="bbox 310 5545 1807 5622">
    <p class='ocr_par' dir='ltr' id='par_1_101' title="bbox 310 5545 1807 5622">
     <span class='ocr_line' id='line_1_101' title="bbox 310 5545 1807 5622; baseline -0.009 -9"><span class='ocrx_word' id='word_1_724' title='bbox 310 5558 354 5588; x_wconf 76' lang='lat'>&quot;</span> <span class='ocrx_word' id='word_1_725' title='bbox 383 5556 563 5612; x_wconf 85' lang='lat' dir='ltr'><strong>Galat.</strong></span> <span class='ocrx_word' id='word_1_726' title='bbox 597 5555 727 5622; x_wconf 58' lang='grc' dir='ltr'><strong>ηε.</strong></span> <span class='ocrx_word' id='word_1_727' title='bbox 800 5555 844 5587; x_wconf 82' lang='grc'><strong>³³</strong></span> <span class='ocrx_word' id='word_1_728' title='bbox 875 5553 918 5609; x_wconf 88' lang='lat' dir='ltr'><strong>ii</strong></span> <span class='ocrx_word' id='word_1_729' title='bbox 940 5552 1066 5608; x_wconf 87' lang='lat' dir='ltr'><strong>Cor.</strong></span> <span class='ocrx_word' id='word_1_730' title='bbox 1100 5569 1180 5619; x_wconf 84' lang='lat' dir='ltr'><strong>nt,</strong></span> <span class='ocrx_word' id='word_1_731' title='bbox 1214 5551 1268 5606; x_wconf 88' lang='lat'><strong>6.</strong></span> <span class='ocrx_word' id='word_1_732' title='bbox 1345 5550 1390 5582; x_wconf 82' lang='grc'><strong>³⁸</strong></span> <span class='ocrx_word' id='word_1_733' title='bbox 1415 5549 1558 5604; x_wconf 86' lang='lat' dir='ltr'><strong>Psal.</strong></span> <span class='ocrx_word' id='word_1_734' title='bbox 1593 5554 1710 5611; x_wconf 84' lang='lat' dir='ltr'><strong>xui,</strong></span> <span class='ocrx_word' id='word_1_735' title='bbox 1753 5545 1807 5600; x_wconf 79' lang='lat'><strong>‘2.</strong></span> 
     </span>
    </p>
   </div>
   <div class='ocr_carea' id='block_1_102' title="bbox 313 5664 1812 5742">
    <p class='ocr_par' dir='ltr' id='par_1_102' title="bbox 313 5664 1812 5742">
     <span class='ocr_line' id='line_1_102' title="bbox 313 5664 1812 5742; baseline -0.01 -13"><span class='ocrx_word' id='word_1_736' title='bbox 313 5675 426 5742; x_wconf 87' lang='lat' dir='ltr'><strong>(8t)</strong></span> <span class='ocrx_word' id='word_1_737' title='bbox 462 5673 537 5728; x_wconf 90' lang='lat' dir='ltr'><strong>De</strong></span> <span class='ocrx_word' id='word_1_738' title='bbox 559 5671 770 5742; x_wconf 83' lang='lat' dir='ltr'><strong>jejunio</strong></span> <span class='ocrx_word' id='word_1_739' title='bbox 813 5671 1036 5728; x_wconf 87' lang='lat' dir='ltr'><strong>Sabbati</strong></span> <span class='ocrx_word' id='word_1_740' title='bbox 1075 5669 1192 5742; x_wconf 65' lang='lat' dir='ltr'><strong>lege</strong></span> <span class='ocrx_word' id='word_1_741' title='bbox 1225 5666 1612 5742; x_wconf 74' lang='lat' dir='ltr'><strong>Bellarminum</strong></span> <span class='ocrx_word' id='word_1_742' title='bbox 1641 5664 1738 5716; x_wconf 87' lang='lat' dir='ltr'><strong>lib.</strong></span> <span class='ocrx_word' id='word_1_743' title='bbox 1773 5676 1812 5715; x_wconf 89' lang='lat' dir='ltr'><strong>tt</strong></span> 
     </span>
    </p>
   </div>
   <div class='ocr_carea' id='block_1_103' title="bbox 256 5735 1812 5809">
    <p class='ocr_par' dir='ltr' id='par_1_103' title="bbox 256 5735 1812 5809">
     <span class='ocr_line' id='line_1_103' title="bbox 256 5735 1812 5809; baseline -0.01 -11"><span class='ocrx_word' id='word_1_744' title='bbox 256 5735 329 5798; x_wconf 67' lang='lat' dir='ltr'><strong>De</strong></span> <span class='ocrx_word' id='word_1_745' title='bbox 364 5735 514 5797; x_wconf 73' lang='lat' dir='ltr'><strong>bonis</strong></span> <span class='ocrx_word' id='word_1_746' title='bbox 550 5735 816 5809; x_wconf 67' lang='lat' dir='ltr'><strong>operibus,</strong></span> <span class='ocrx_word' id='word_1_747' title='bbox 869 5759 916 5796; x_wconf 85' lang='lat' dir='ltr'><strong>c.</strong></span> <span class='ocrx_word' id='word_1_748' title='bbox 956 5742 1044 5796; x_wconf 81' lang='grc'><strong>18.</strong></span> <span class='ocrx_word' id='word_1_749' title='bbox 1078 5735 1215 5792; x_wconf 70' lang='lat' dir='ltr'><strong>Vide</strong></span> <span class='ocrx_word' id='word_1_750' title='bbox 1250 5739 1413 5792; x_wconf 86' lang='lat' dir='ltr'><strong>etiam</strong></span> <span class='ocrx_word' id='word_1_751' title='bbox 1460 5735 1812 5809; x_wconf 83' lang='lat' dir='ltr'><strong>liumbertum</strong></span> 
     </span>
    </p>
   </div>
   <div class='ocr_carea' id='block_1_104' title="bbox 258 5808 1820 5879">
    <p class='ocr_par' dir='ltr' id='par_1_104' title="bbox 258 5808 1820 5879">
     <span class='ocr_line' id='line_1_104' title="bbox 258 5808 1820 5879; baseline -0.007 -12"><span class='ocrx_word' id='word_1_752' title='bbox 258 5827 433 5870; x_wconf 74' lang='grc' dir='ltr'>ωιιιη</span> <span class='ocrx_word' id='word_1_753' title='bbox 481 5808 798 5870; x_wconf 55' lang='grc' dir='ltr'>διὶριιςιειοιιι</span> <span class='ocrx_word' id='word_1_754' title='bbox 843 5810 1266 5869; x_wconf 83' lang='lat' dir='ltr'><strong>Constantinon.</strong></span> <span class='ocrx_word' id='word_1_755' title='bbox 1325 5808 1695 5879; x_wconf 80' lang='lat' dir='ltr'><strong>patriarcham</strong></span> <span class='ocrx_word' id='word_1_756' title='bbox 1764 5812 1820 5856; x_wconf 85' lang='lat' dir='ltr'><strong>et</strong></span> 
     </span>
    </p>
   </div>
   <div class='ocr_carea' id='block_1_105' title="bbox 1912 4585 3498 4660">
    <p class='ocr_par' dir='ltr' id='par_1_105' title="bbox 1912 4585 3498 4660">
     <span class='ocr_line' id='line_1_105' title="bbox 1912 4585 3498 4660; baseline -0.012 -10"><span class='ocrx_word' id='word_1_757' title='bbox 1912 4607 2016 4660; x_wconf 70' lang='grc' dir='ltr'><strong>εει,</strong></span> <span class='ocrx_word' id='word_1_758' title='bbox 2042 4610 2140 4649; x_wconf 86' lang='lat' dir='ltr'><strong>cur</strong></span> <span class='ocrx_word' id='word_1_759' title='bbox 2177 4608 2282 4648; x_wconf 87' lang='lat' dir='ltr'><strong>non</strong></span> <span class='ocrx_word' id='word_1_760' title='bbox 2325 4593 2426 4646; x_wconf 86' lang='lat' dir='ltr'><strong>i5ta</strong></span> <span class='ocrx_word' id='word_1_761' title='bbox 2461 4592 2635 4660; x_wconf 83' lang='lat' dir='ltr'><strong>magis</strong></span> <span class='ocrx_word' id='word_1_762' title='bbox 2675 4591 2939 4644; x_wconf 88' lang='lat' dir='ltr'><strong>honorata</strong></span> <span class='ocrx_word' id='word_1_763' title='bbox 2973 4585 3302 4641; x_wconf 82' lang='lat' dir='ltr'><strong>servantur?</strong></span> <span class='ocrx_word' id='word_1_764' title='bbox 3326 4598 3498 4652; x_wconf 82' lang='lat' dir='ltr'><strong>quan-</strong></span> 
     </span>
    </p>
   </div>
   <div class='ocr_carea' id='block_1_106' title="bbox 1912 4675 3496 4756">
    <p class='ocr_par' dir='ltr' id='par_1_106' title="bbox 1912 4675 3496 4756">
     <span class='ocr_line' id='line_1_106' title="bbox 1912 4675 3496 4756; baseline -0.011 -15"><span class='ocrx_word' id='word_1_765' title='bbox 1912 4702 2094 4756; x_wconf 83' lang='lat' dir='ltr'><strong>quam,</strong></span> <span class='ocrx_word' id='word_1_766' title='bbox 2127 4683 2250 4753; x_wconf 90' lang='lat' dir='ltr'><strong>quis</strong></span> <span class='ocrx_word' id='word_1_767' title='bbox 2282 4682 2509 4740; x_wconf 84' lang='lat' dir='ltr'><strong>nesciat.</strong></span> <span class='ocrx_word' id='word_1_768' title='bbox 2536 4697 2658 4736; x_wconf 85' lang='lat' dir='ltr'><strong>cum</strong></span> <span class='ocrx_word' id='word_1_769' title='bbox 2702 4689 2910 4732; x_wconf 87' lang='lat' dir='ltr'><strong>tantum</strong></span> <span class='ocrx_word' id='word_1_770' title='bbox 2943 4677 3049 4731; x_wconf 89' lang='lat' dir='ltr'><strong>illis</strong></span> <span class='ocrx_word' id='word_1_771' title='bbox 3090 4675 3274 4730; x_wconf 88' lang='lat' dir='ltr'><strong>odium</strong></span> <span class='ocrx_word' id='word_1_772' title='bbox 3308 4683 3496 4726; x_wconf 85' lang='lat' dir='ltr'><strong>contra</strong></span> 
     </span>
    </p>
   </div>
   <div class='ocr_carea' id='block_1_107' title="bbox 1911 4765 3498 4833">
    <p class='ocr_par' dir='ltr' id='par_1_107' title="bbox 1911 4765 3498 4833">
     <span class='ocr_line' id='line_1_107' title="bbox 1911 4765 3498 4833; baseline -0.011 -1"><span class='ocrx_word' id='word_1_773' title='bbox 1911 4775 2312 4832; x_wconf 85' lang='lat' dir='ltr'><strong>Occidentaletn</strong></span> <span class='ocrx_word' id='word_1_774' title='bbox 2333 4773 2628 4830; x_wconf 77' lang='lat' dir='ltr'><strong>Ecclesium</strong></span> <span class='ocrx_word' id='word_1_775' title='bbox 2653 4770 2904 4833; x_wconf 90' lang='lat' dir='ltr'><strong>creverit,</strong></span> <span class='ocrx_word' id='word_1_776' title='bbox 2930 4778 2986 4821; x_wconf 91' lang='lat' dir='ltr'><strong>ut</strong></span> <span class='ocrx_word' id='word_1_777' title='bbox 3009 4767 3188 4820; x_wconf 88' lang='lat' dir='ltr'><strong>nullus</strong></span> <span class='ocrx_word' id='word_1_778' title='bbox 3211 4768 3275 4820; x_wconf 90' lang='lat' dir='ltr'><strong>de</strong></span> <span class='ocrx_word' id='word_1_779' title='bbox 3300 4765 3498 4818; x_wconf 88' lang='lat' dir='ltr'><strong>unione</strong></span> 
     </span>
    </p>
   </div>
   <div class='ocr_carea' id='block_1_108' title="bbox 1918 4856 3498 4936">
    <p class='ocr_par' dir='ltr' id='par_1_108' title="bbox 1918 4856 3498 4936">
     <span class='ocr_line' id='line_1_108' title="bbox 1918 4856 3498 4936; baseline -0.011 -13"><span class='ocrx_word' id='word_1_780' title='bbox 1918 4869 2000 4924; x_wconf 87' lang='lat' dir='ltr'><strong>vel</strong></span> <span class='ocrx_word' id='word_1_781' title='bbox 2054 4881 2150 4936; x_wconf 89' lang='lat' dir='ltr'><strong>per</strong></span> <span class='ocrx_word' id='word_1_782' title='bbox 2216 4866 2484 4920; x_wconf 89' lang='lat' dir='ltr'><strong>somnium</strong></span> <span class='ocrx_word' id='word_1_783' title='bbox 2541 4864 2762 4931; x_wconf 84' lang='lat' dir='ltr'><strong>cogitet,</strong></span> <span class='ocrx_word' id='word_1_784' title='bbox 2820 4860 3161 4928; x_wconf 85' lang='lat' dir='ltr'><strong>amentiaque</strong></span> <span class='ocrx_word' id='word_1_785' title='bbox 3197 4858 3302 4911; x_wconf 87' lang='lat' dir='ltr'><strong>late</strong></span> <span class='ocrx_word' id='word_1_786' title='bbox 3339 4856 3498 4910; x_wconf 78' lang='lat' dir='ltr'><strong>diffu-</strong></span> 
     </span>
    </p>
   </div>
   <div class='ocr_carea' id='block_1_109' title="bbox 1913 4953 3500 5027">
    <p class='ocr_par' dir='ltr' id='par_1_109' title="bbox 1913 4953 3500 5027">
     <span class='ocr_line' id='line_1_109' title="bbox 1913 4953 3500 5027; baseline -0.013 -8"><span class='ocrx_word' id='word_1_787' title='bbox 1913 4979 1972 5019; x_wconf 90' lang='lat' dir='ltr'><strong>sa</strong></span> <span class='ocrx_word' id='word_1_788' title='bbox 2013 4963 2109 5027; x_wconf 84' lang='lat' dir='ltr'><strong>sit,</strong></span> <span class='ocrx_word' id='word_1_789' title='bbox 2181 4963 2316 5014; x_wconf 89' lang='lat' dir='ltr'><strong>adeo</strong></span> <span class='ocrx_word' id='word_1_790' title='bbox 2350 4967 2409 5012; x_wconf 90' lang='lat' dir='ltr'><strong>ut</strong></span> <span class='ocrx_word' id='word_1_791' title='bbox 2442 4958 2708 5011; x_wconf 89' lang='lat' dir='ltr'><strong>rationem</strong></span> <span class='ocrx_word' id='word_1_792' title='bbox 2741 4954 2991 5007; x_wconf 86' lang='lat' dir='ltr'><strong>amisisse</strong></span> <span class='ocrx_word' id='word_1_793' title='bbox 3024 4953 3331 5010; x_wconf 84' lang='lat' dir='ltr'><strong>videantur,</strong></span> <span class='ocrx_word' id='word_1_794' title='bbox 3381 4961 3500 5016; x_wconf 82' lang='lat' dir='ltr'><strong>pes-</strong></span> 
     </span>
    </p>
   </div>
   <div class='ocr_carea' id='block_1_110' title="bbox 1912 5039 3500 5122">
    <p class='ocr_par' dir='ltr' id='par_1_110' title="bbox 1912 5039 3500 5122">
     <span class='ocr_line' id='line_1_110' title="bbox 1912 5039 3500 5122; baseline -0.011 -13"><span class='ocrx_word' id='word_1_795' title='bbox 1912 5057 2162 5122; x_wconf 88' lang='lat' dir='ltr'><strong>simaque</strong></span> <span class='ocrx_word' id='word_1_796' title='bbox 2221 5051 2504 5122; x_wconf 87' lang='lat' dir='ltr'><strong>dispositio</strong></span> <span class='ocrx_word' id='word_1_797' title='bbox 2543 5050 2765 5102; x_wconf 87' lang='lat' dir='ltr'><strong>omnino</strong></span> <span class='ocrx_word' id='word_1_798' title='bbox 2832 5043 3146 5105; x_wconf 85' lang='lat' dir='ltr'><strong>invaluerit,</strong></span> <span class='ocrx_word' id='word_1_799' title='bbox 3170 5042 3348 5095; x_wconf 88' lang='lat' dir='ltr'><strong>omnia</strong></span> <span class='ocrx_word' id='word_1_800' title='bbox 3379 5039 3500 5092; x_wconf 87' lang='lat' dir='ltr'><strong>illos</strong></span> 
     </span>
    </p>
   </div>
   <div class='ocr_carea' id='block_1_111' title="bbox 1911 5133 3499 5215">
    <p class='ocr_par' dir='ltr' id='par_1_111' title="bbox 1911 5133 3499 5215">
     <span class='ocr_line' id='line_1_111' title="bbox 1911 5133 3499 5215; baseline -0.011 -15"><span class='ocrx_word' id='word_1_801' title='bbox 1911 5148 2189 5201; x_wconf 87' lang='lat' dir='ltr'><strong>voluntate</strong></span> <span class='ocrx_word' id='word_1_802' title='bbox 2209 5161 2388 5215; x_wconf 83' lang='lat' dir='ltr'><strong>agere,</strong></span> <span class='ocrx_word' id='word_1_803' title='bbox 2414 5142 2546 5198; x_wconf 87' lang='lat' dir='ltr'><strong>nihil</strong></span> <span class='ocrx_word' id='word_1_804' title='bbox 2567 5140 2798 5196; x_wconf 89' lang='lat' dir='ltr'><strong>rationis</strong></span> <span class='ocrx_word' id='word_1_805' title='bbox 2819 5141 3066 5192; x_wconf 83' lang='lat' dir='ltr'><strong>examine</strong></span> <span class='ocrx_word' id='word_1_806' title='bbox 3093 5135 3188 5190; x_wconf 86' lang='lat' dir='ltr'><strong>?Si</strong></span> <span class='ocrx_word' id='word_1_807' title='bbox 3215 5133 3356 5186; x_wconf 89' lang='lat' dir='ltr'><strong>enim</strong></span> <span class='ocrx_word' id='word_1_808' title='bbox 3378 5146 3499 5184; x_wconf 89' lang='lat' dir='ltr'><strong>cunt</strong></span> 
     </span>
    </p>
   </div>
   <div class='ocr_carea' id='block_1_112' title="bbox 1907 5229 3499 5308">
    <p class='ocr_par' dir='ltr' id='par_1_112' title="bbox 1907 5229 3499 5308">
     <span class='ocr_line' id='line_1_112' title="bbox 1907 5229 3499 5308; baseline -0.009 -17"><span class='ocrx_word' id='word_1_809' title='bbox 1907 5237 2116 5308; x_wconf 85' lang='lat' dir='ltr'><strong>judicio</strong></span> <span class='ocrx_word' id='word_1_810' title='bbox 2156 5239 2533 5307; x_wconf 87' lang='lat' dir='ltr'><strong>procederent,</strong></span> <span class='ocrx_word' id='word_1_811' title='bbox 2591 5233 2695 5287; x_wconf 87' lang='lat' dir='ltr'><strong>alia</strong></span> <span class='ocrx_word' id='word_1_812' title='bbox 2722 5231 2913 5285; x_wconf 79' lang='lat' dir='ltr'><strong>fuisset</strong></span> <span class='ocrx_word' id='word_1_813' title='bbox 2943 5229 3082 5282; x_wconf 83' lang='lat' dir='ltr'><strong>ratio</strong></span> <span class='ocrx_word' id='word_1_814' title='bbox 3110 5244 3124 5292; x_wconf 90' lang='lat'><strong>;</strong></span> <span class='ocrx_word' id='word_1_815' title='bbox 3148 5240 3290 5280; x_wconf 90' lang='lat' dir='ltr'><strong>nunc</strong></span> <span class='ocrx_word' id='word_1_816' title='bbox 3322 5234 3499 5277; x_wconf 79' lang='lat' dir='ltr'><strong>autem</strong></span> 
     </span>
    </p>
   </div>
   <div class='ocr_carea' id='block_1_113' title="bbox 1915 5315 3254 5397">
    <p class='ocr_par' dir='ltr' id='par_1_113' title="bbox 1915 5315 3254 5397">
     <span class='ocr_line' id='line_1_113' title="bbox 1915 5315 3254 5397; baseline -0.01 -14"><span class='ocrx_word' id='word_1_817' title='bbox 1915 5327 2096 5383; x_wconf 87' lang='lat' dir='ltr'><strong>nullus</strong></span> <span class='ocrx_word' id='word_1_818' title='bbox 2141 5339 2227 5383; x_wconf 89' lang='lat' dir='ltr'><strong>est</strong></span> <span class='ocrx_word' id='word_1_819' title='bbox 2253 5327 2566 5397; x_wconf 85' lang='lat' dir='ltr'><strong>intelligens,</strong></span> <span class='ocrx_word' id='word_1_820' title='bbox 2589 5340 2676 5378; x_wconf 88' lang='lat' dir='ltr'><strong>seu</strong></span> <span class='ocrx_word' id='word_1_821' title='bbox 2706 5323 2972 5390; x_wconf 84' lang='lat' dir='ltr'><strong>requirens</strong></span> <span class='ocrx_word' id='word_1_822' title='bbox 2998 5318 3162 5371; x_wconf 85' lang='lat' dir='ltr'><strong>Deum</strong></span> <span class='ocrx_word' id='word_1_823' title='bbox 3186 5315 3254 5371; x_wconf 80' lang='lat'><strong>“.</strong></span> 
     </span>
    </p>
   </div>
   <div class='ocr_carea' id='block_1_114' title="bbox 1997 5408 3498 5496">
    <p class='ocr_par' dir='ltr' id='par_1_114' title="bbox 1997 5408 3498 5496">
     <span class='ocr_line' id='line_1_114' title="bbox 1997 5408 3498 5496; baseline -0.011 -22"><span class='ocrx_word' id='word_1_824' title='bbox 1997 5419 2128 5474; x_wconf 86' lang='lat' dir='ltr'><strong>Nam</strong></span> <span class='ocrx_word' id='word_1_825' title='bbox 2161 5421 2379 5496; x_wconf 75' lang='lat' dir='ltr'><strong>quando</strong></span> <span class='ocrx_word' id='word_1_826' title='bbox 2400 5425 2575 5480; x_wconf 88' lang='lat' dir='ltr'><strong>erant,</strong></span> <span class='ocrx_word' id='word_1_827' title='bbox 2613 5415 2707 5483; x_wconf 89' lang='lat' dir='ltr'><strong>qtti</strong></span> <span class='ocrx_word' id='word_1_828' title='bbox 2737 5413 2958 5468; x_wconf 86' lang='lat' dir='ltr'><strong>unionis</strong></span> <span class='ocrx_word' id='word_1_829' title='bbox 2989 5425 3174 5467; x_wconf 88' lang='lat' dir='ltr'><strong>curant</strong></span> <span class='ocrx_word' id='word_1_830' title='bbox 3211 5408 3498 5472; x_wconf 86' lang='lat' dir='ltr'><strong>haberent,</strong></span> 
     </span>
    </p>
   </div>
   <div class='ocr_carea' id='block_1_115' title="bbox 1913 5661 2577 5720">
    <p class='ocr_par' dir='ltr' id='par_1_115' title="bbox 1913 5661 2577 5720">
     <span class='ocr_line' id='line_1_115' title="bbox 1913 5661 2577 5720; baseline -0.008 0"><span class='ocrx_word' id='word_1_831' title='bbox 1913 5665 2169 5720; x_wconf 72' lang='lat' dir='ltr'><strong>Niretam</strong></span> <span class='ocrx_word' id='word_1_832' title='bbox 2207 5661 2577 5719; x_wconf 86' lang='lat' dir='ltr'><strong>Pectoratum.</strong></span> 
     </span>
    </p>
   </div>
   <div class='ocr_carea' id='block_1_116' title="bbox 1995 5727 2962 5806">
    <p class='ocr_par' dir='ltr' id='par_1_116' title="bbox 1995 5727 2962 5806">
     <span class='ocr_line' id='line_1_116' title="bbox 1995 5727 2962 5806; baseline -0.01 -15"><span class='ocrx_word' id='word_1_833' title='bbox 1995 5736 2108 5806; x_wconf 58' lang='lat' dir='ltr'><strong>t8?)</strong></span> <span class='ocrx_word' id='word_1_834' title='bbox 2156 5734 2328 5805; x_wconf 76' lang='grc' dir='ltr'><strong>Ειιίδι.</strong></span> <span class='ocrx_word' id='word_1_835' title='bbox 2366 5733 2484 5799; x_wconf 88' lang='lat' dir='ltr'><strong>ll8,</strong></span> <span class='ocrx_word' id='word_1_836' title='bbox 2522 5735 2586 5788; x_wconf 85' lang='lat' dir='ltr'><strong>ad</strong></span> <span class='ocrx_word' id='word_1_837' title='bbox 2615 5727 2962 5784; x_wconf 76' lang='lat' dir='ltr'><strong>ianuartum.</strong></span> 
     </span>
    </p>
   </div>
  </div>
