4020 6206
466 304 572 368 21.9

1705 307 1867 368 MAN
1876 306 2102 368 UELIS
2135 307 2440 370 CALEC/E

3614 312 3718 379 seu

469 429 684 477 constat
711 417 976 489 profecto,
1011 417 1133 488 quia
1171 420 1357 472 aberat
1385 417 1685 484 contentio,
1710 419 1953 487 atquein
1982 418 2034 473 id
2072 422 2118 478 Α
2149 422 2432 475 veritatem
2477 419 2720 474 studiose
2746 419 3096 485 sectantium,
3135 435 3240 475 non
3283 429 3342 474 ut
3370 422 3570 491 aliquid
3631 429 3714 481 di-

471 515 646 582 ipsum
686 513 965 576 distantia,
1019 526 1081 565 ac
1139 511 1411 580 dis-juncta
1478 511 1817 567 remeabant.
1854 512 2036 566 Enim-

472 621 622 666 vero,
645 615 838 673 putare
884 603 1170 670 plurimos,
1234 602 1325 672 qui
1387 603 1602 672 prolixo
1678 615 1922 673 tempore
1973 617 2039 656 ex

473 696 676 750 nostris
714 694 952 758 fuerunt,
985 694 1223 750 schisma
1273 694 1410 753 satis
1446 696 1727 758 roborare,
1783 699 2042 766 ignoran-

471 788 601 840 tium
629 795 733 849 est,
771 787 913 854 quod
946 784 1322 840 Occidentales
1359 786 1625 856 plurimos
1649 798 1704 842 et
1760 789 1860 859 ipsi
1913 806 2043 858 pro-

470 879 612 932 ierre
642 887 885 947 possent,
921 893 1024 932 non
1052 878 1300 942 ridenda,
1361 888 1414 933 et
1441 880 1658 948 indigna
1694 881 2002 950 ingerentes
2027 923 2042 948 ,

470 984 658 1024 verum
693 968 1056 1025 validissimas
1089 970 1612 1038 probatissimasque
1644 973 1880 1026 rationes
1916 987 2045 1040 pro-

471 1063 770 1126 ducentes,
836 1069 892 1116 et
954 1076 1183 1130 quorum
1232 1062 1500 1130 sapientia
1565 1063 1826 1116 mundum
1889 1078 2048 1131 pera-

472 1153 685 1220 gravit:
712 1167 1024 1222 quanquam
1047 1161 1115 1208 et-
1141 1154 1216 1218 id,
1253 1155 1394 1222 quod
1425 1153 1606 1208 nullus
1637 1169 1872 1222 unquam
1907 1154 2047 1223 apud

474 1260 568 1310 eos
585 1246 840 1300 inventus
854 1256 956 1312 est,
981 1245 1071 1316 qui
1093 1254 1400 1301 nostrorum
1422 1249 1765 1302 antecederet
1781 1246 2045 1315 opinioni,

474 1337 696 1405 suisque
727 1337 1084 1391 reluctaretur
1113 1338 1166 1391 in
1220 1353 1282 1392 ea
1341 1339 1737 1403 controversia,
1797 1354 1893 1408 pro
1940 1353 2051 1408 qua

475 1427 719 1482 Orientis
735 1438 789 1481 et
809 1425 1118 1482 Occidentis
1141 1428 1402 1483 Ecclesiae
1437 1431 1646 1484 interse
1663 1430 2048 1499 digladiantur,

481 1517 712 1569 validum
736 1531 868 1569 sane
892 1517 1135 1570 veritatis
1155 1516 1366 1570 illorum
1395 1529 1774 1588 argumentum
1807 1529 1909 1574 est.

551 1607 705 1673 Quod
735 1608 784 1660 si
824 1608 948 1676 quis
974 1608 1313 1673 arbitratur,
1348 1609 1562 1664 illorum
1621 1625 1914 1679 quemque,
1971 1611 2051 1666 vel

482 1699 617 1764 suis,
643 1708 702 1753 ut
730 1700 961 1768 propriis
988 1709 1041 1754 et
1065 1701 1411 1756 charioribus
1432 1702 1649 1769 favisse,
1698 1704 1778 1757 vel
1809 1718 1963 1772 poena
1989 1718 2053 1757 ac

2143 514 2288 570 xisse
2319 514 2633 576 vidcantur,
2662 513 2863 568 frustra
2898 522 2955 568 et
3003 512 3454 569 irrationabiliter
3489 515 3721 586 loquem-

2142 606 2300 659 tiutn.

2215 695 2345 751 Cum
2381 695 2548 762 igitur
2574 711 2637 750 ex
2667 695 2868 750 nostris
2892 709 2997 748 non
3029 694 3184 763 pauci
3209 692 3468 751 Romanae
3502 713 3717 767 semper

2144 788 2400 842 Ecclesia:
2417 788 2615 857 adiecti
2640 788 2768 855 sint,
2796 786 3076 857 siquidem
3099 786 3292 856 aliquis
3318 801 3384 841 ex
3420 787 3549 857 ipsis
3574 791 3717 844 veri-

2143 887 2254 934 tate
2283 881 2576 950 dogmatis.
2609 880 2674 934 ab
2713 894 2780 933 eo
2811 879 2901 947 qui
2941 893 3115 934 caecos
3153 879 3448 943 illuminat,
3491 881 3722 936 irradia-

2147 977 2254 1034 tus,
2323 980 2632 1025 sanctorum
2695 972 2941 1026 doctrina
2999 972 3159 1037 duce,
3229 988 3295 1027 ac
3357 977 3721 1044 praecedente,

2145 1064 2578 1138 calumniatores
2600 1080 2695 1132 per
2721 1064 3120 1133 philosophiam
3144 1073 3196 1118 et
3217 1065 3544 1120 rhetoricam
3567 1067 3720 1120 obti-

2148 1171 2278 1210 nere
2305 1165 2358 1210 et
2381 1156 2637 1211 cohibere
2661 1171 2765 1210 non
2811 1156 3003 1226 possit,
3063 1155 3211 1211 hunc
3238 1159 3448 1212 fatuum
3479 1173 3541 1212 ac
3585 1158 3724 1212 sim-

2149 1249 2340 1313 plicem
2373 1248 2584 1309 dicunt,
2614 1256 2668 1302 et
2695 1257 2751 1301 ut
2782 1248 3085 1312 seductum,
3123 1263 3184 1303 ac
3211 1250 3493 1317 deceptum
3535 1249 3728 1317 objur-

2150 1345 2313 1406 gant:
2344 1337 2503 1392 veluti
2531 1337 2597 1398 si,
2629 1352 2750 1389 eum
2789 1353 2817 1390 a
2864 1337 3109 1392 ﬁdelibus
3158 1338 3413 1392 omnibus
3459 1339 3728 1407 exigatur,

2152 1436 2210 1479 ut
2234 1428 2407 1482 idonei
2441 1428 2551 1481 sint
2573 1427 2637 1481 ad
2670 1426 2952 1480 rationem
2990 1426 3110 1481 ﬁdei
3133 1426 3486 1489 reddendam,
3519 1427 3728 1496 parati-

2152 1532 2255 1585 que
2287 1517 2352 1569 ad
2382 1516 2822 1572 satisfaciendum
2851 1516 3101 1571 omnibus
3133 1517 3524 1584 quaerentibus,
3595 1526 3731 1589 tunc

2155 1608 2315 1662 etiam
2357 1607 2532 1672 Plato,
2557 1616 2608 1662 et
2643 1609 2990 1672 Aristoteles,
3019 1617 3073 1663 et
3097 1608 3305 1663 Cicero
3343 1611 3394 1662 iu
3428 1610 3606 1678 lingua
3648 1613 3738 1666 eis

2156 1715 2274 1755 esse
2304 1700 2555 1756 debeant.
2583 1701 2689 1756 Sed
2713 1701 2856 1755 enim
2881 1701 3236 1770 quorumdam
3268 1702 3356 1756 isti
3380 1704 3737 1772 sapientiam,

483 1791 747 1858 supplicio
767 1791 1138 1858 perterritum,
1179 1791 1312 1846 nihil
1340 1801 1530 1846 contra
1558 1791 1794 1847 locutum
1833 1793 2003 1848 fuisse
2036 1811 2050 1846 :
2084 1776 2127 1832 Β
2157 1793 2279 1862 quia
2311 1793 2438 1856 ipsis
2459 1793 2771 1847 incumbunt
2793 1793 2943 1856 solis,
2967 1808 3235 1847 summam
3265 1808 3384 1847 esse
3402 1793 3590 1847 dicunt
3617 1812 3630 1847 :
3656 1796 3731 1849 ad

484 1882 716 1945 primum
752 1882 992 1948 quidem,
1021 1889 1074 1934 et
1118 1891 1334 1937 nostros
1381 1898 1494 1936 suae
1515 1883 1750 1937 maxime
1781 1884 2057 1953 opinionis

486 1982 704 2026 tenaces
732 1973 928 2027 dixerit
953 1974 1222 2042 quispiam
1244 1985 1602 2037 convertens;
1655 1989 1830 2042 neque
1874 1985 2057 2030 tamen

499 2078 736 2130 unquam
772 2063 1032 2126 defuisse,
1098 2063 1190 2132 qui
1220 2063 1536 2118 Latinorum
1579 2063 1841 2120 Ecclesiae
1904 2081 2061 2120 acce-

489 2156 700 2208 derent.
737 2154 964 2218 Deinde,
1033 2154 1290 2222 possibile
1312 2170 1417 2208 non
1449 2165 1552 2220 est,
1590 2164 1741 2211 tanto
1803 2159 2063 2227 temporis

492 2257 685 2308 tractu,
723 2245 888 2301 fuisse
913 2244 1147 2314 aliquos,
1173 2246 1261 2314 qui
1289 2246 1568 2300 veritatem
1595 2260 1693 2314 pro
1715 2246 1985 2302 charitate
2005 2247 2060 2301 in

495 2336 684 2400 Deum,
719 2349 782 2388 ac
808 2335 930 2400 lide,
964 2334 1270 2404 futurisque
1302 2335 1540 2403 prtemiis
1597 2337 1852 2390 omnibus
1920 2352 2065 2407 prae.

493 2427 698 2482 ferrent
729 2444 743 2480 :
773 2426 1090 2496 atqueideo,
1111 2433 1430 2481 constanter
1453 2435 1696 2494 agerent,
1723 2428 1883 2482 sicuti
1908 2427 2066 2483 initio

495 2520 618 2574 aliis
645 2519 776 2574 alias
799 2519 978 2574 causis
998 2519 1242 2588 plerique
1265 2528 1456 2573 contra
1489 2528 1750 2589 tyrannos
1771 2520 2064 2573 maximam

497 2611 786 2664 ostendere
821 2609 1098 2675 ﬁduciam,
1133 2624 1362 2678 quorum
1395 2618 1450 2664 et
1507 2611 1750 2673 nomina,
1777 2618 1831 2665 et
1863 2611 2065 2679 scripta

447 2689 459 2699 ’
498 2713 736 2767 exstant,
775 2703 1229 2773 quemadmodum
1263 2709 1318 2756 et
1339 2702 1474 2758 alias
1507 2703 1745 2758 haereses
1771 2703 1915 2772 apud
1965 2703 2072 2757 La-

501 2799 644 2852 tiuos
671 2798 1032 2868 reprehensas
1063 2795 1492 2866 profligatasque
1529 2795 1801 2851 novimus.
1831 2793 2072 2864 Namque

500 2903 558 2948 et
584 2892 724 2961 apud
753 2873 850 2944 nes
880 2889 1113 2959 plurima
1144 2888 1211 2942 ab
1241 2886 1345 2941 illis
1399 2887 1706 2956 conscripta
1760 2894 2071 2940 servantur.

504 2966 757 3038 Stultitia:
790 2995 922 3048 ergo
951 2978 1325 3049 plenissimum
1367 2986 1470 3038 est.
1503 2977 1579 3031 sic
1637 2978 1957 3046 accepimus,
1993 2977 2076 3031 di-

2160 1901 2295 1953 quos
2326 1885 2707 1952 imperitosire
2739 1885 3054 1953 admouent,
3119 1890 3472 1957 mittuntque,
3518 1887 3738 1943 tumida

2163 1975 2283 2041 ista,
2313 1985 2365 2028 et
2393 1976 2578 2030 inflata
2606 1976 2924 2033 discituros.
3317 1985 3320 1989 ‘

2231 2066 2522 2132 Czeterum,
2557 2069 2607 2124 51
2647 2069 2767 2136 quis
2787 2084 2998 2134 eorum,
3031 2068 3100 2123 de
3132 2069 3330 2140 quibus
3351 2071 3615 2139 culpatur,
3643 2085 3740 2124 ra-

2166 2161 2364 2215 tionem
2397 2159 2595 2225 reddit,
2669 2168 3086 2230 sanctorumque
3142 2162 3401 2217 doctrinae
3445 2164 3727 2230 admonet,

2165 2264 2219 2307 et
2249 2267 2367 2322 qua:
2395 2251 2753 2320 objiciuntur,
2787 2253 2922 2306 nihil
2958 2253 3157 2307 habere
3204 2254 3401 2308 virium
3477 2256 3741 2320 ostendit,

2167 2346 2279 2399 sive
2305 2345 2699 2400 absurditatum
2734 2345 3000 2400 lubricum
3025 2346 3299 2415 insinuat;
3329 2356 3388 2400 ut
3428 2350 3741 2410 curiosum,

2169 2449 2222 2493 et
2252 2438 2561 2503 verbosum,
2597 2438 2983 2509 conﬁictusque
3015 2447 3312 2504 amantem,
3346 2437 3592 2508 nihilque
3636 2440 3750 2492 uti-

2170 2530 2273 2584 lem
2315 2531 2629 2585 existimant
2655 2547 2669 2583 :
2699 2530 2929 2599 ﬁdeique
2948 2529 3354 2599 simplicitatem
3381 2531 3622 2597 laudant,
3683 2539 3748 2585 et

2171 2621 2471 2691 piscatores
2500 2621 2777 2690 ingerunt,
2823 2619 2977 2688 quasi
3001 2619 3104 2688 ipsi
3134 2619 3200 2671 ad
3250 2619 3582 2686 piscatorum
3611 2632 3747 2687 gra-

2173 2714 2297 2767 dum
2328 2715 2693 2782 pervenerint,
2720 2712 3043 2781 illorumque
3083 2711 3431 2780 sapientiam,
3473 2721 3526 2766 et
3583 2712 3743 2779 signa

2175 2802 2293 2856 illos
2313 2801 2592 2870 sequentia
2642 2802 2750 2856 sint
2801 2786 3103 2856 consecuti.
3153 2799 3274 2855 Non
3319 2802 3462 2858 enim
3530 2801 3738 2867 sciunt,

2175 2894 2479 2960 piscatores
2508 2893 2724 2961 quidem
2758 2891 2899 2957 illos,
2937 2891 3250 2960 priusquam
3281 2902 3690 2946 arcesserentur
3711 2907 3743 2944 a

2179 2983 2427 3049 Domino,
2453 2984 2652 3047 fuisse;
2685 2991 2868 3052 postea
2893 2997 3026 3037 vero
3081 2999 3243 3053 quam
3287 2983 3432 3039 illius
3489 2984 3746 3050 discipuli

505 3089 652 3140 cere,
686 3072 932 3140 nihilque
963 3069 1190 3124 ulterius
1215 3068 1710 3137 inquirere;quasi
1738 3076 1860 3137 post
1929 3081 2069 3120 mor—
2101 3103 2145 3162 α
2177 3073 2354 3129 effecti
2391 3083 2537 3139 sunt,
2597 3073 2718 3128 illos
2776 3075 2925 3144 ipsos
2962 3073 3262 3144 piscatores
3311 3074 3760 3143 sapientissimos

507 3167 632 3221 bum
665 3162 781 3218 sani
808 3161 925 3216 ﬁeri
958 3159 1369 3222 erubescamus,
1402 3172 1580 3224 neque
1609 3157 1797 3210 saltem
1827 3155 2076 3224 antiquos

509 3257 810 3321 imitemur,
844 3254 960 3322 qui,
994 3264 1370 3320 saepenumero
1395 3248 1548 3304 falsis
1569 3249 1912 3315 opinionibus
1943 3261 2081 3316 prte-

511 3350 685 3415 venti,
737 3359 923 3418 postea
968 3325 1368 3413 pmnitueruut,
1401 3356 1521 3394 cum
1547 3341 1626 3394 eis
1654 3339 1916 3393 illuxisset
1940 3337 2083 3391 veri-

512 3454 617 3510 tas,
647 3443 866 3497 minime
905 3439 1312 3499 erubescentes,
1353 3435 1447 3488 sed
1480 3433 1779 3487 referentes
1808 3430 1918 3484 Deo
1949 3444 2079 3498 gra-

513 3535 640 3589 tias.
670 3530 801 3586 Natn
826 3529 977 3596 juxta
1023 3525 1348 3595 theologum
1387 3522 1706 3590 Gregorium
1744 3538 1758 3574 :
1799 3518 1923 3573 Non
1952 3517 2082 3571 mali

515 3625 914 3684 transmutatio,
973 3618 1064 3676 sed
1095 3618 1224 3672 mali
1255 3617 1480 3672 servatio
1516 3615 1647 3681 facit
1676 3613 2081 3682 turpitudinem.

588 3718 685 3772 Est
707 3724 884 3770 autem
915 3712 964 3766 id
997 3712 1158 3766 etiam
1202 3707 1528 3772 dementius,
1552 3705 1708 3773 quasi
1738 3717 2083 3758 communem

514 3809 831 3880 dignitatem
860 3801 1244 3872 prmponendo,
1268 3798 1510 3864 singulos
1532 3796 1670 3848 velle
1698 3793 1932 3861 majores
1956 3808 2088 3848 suos

516 3904 660 3956 circa
681 3897 837 3952 [idem
857 3893 1080 3946 intitari.
1104 3888 1472 3956 Iguorantium
1493 3887 1636 3940 enim
1655 3893 1736 3939 est
1756 3901 1770 3951 ;
1795 3886 1917 3954 quia
1934 3884 2092 3940 Chri-

520 3990 681 4047 stiani
710 4000 921 4048 omnes,
964 3996 1239 4048 nunquam
1271 3981 1372 4032 hoc
1395 3979 1571 4045 ipsum
1606 3985 1808 4040 essent,
1838 3991 2090 4046 magnum

523 4092 575 4134 et
603 4074 1046 4132 honestissimum
1096 4084 1316 4133 nomen,
1358 4075 1412 4120 et
1458 4082 1565 4133 res,
1602 4067 1645 4121 si
1677 4067 1958 4135 dignitatis
2004 4084 2094 4122 sa-

521 4170 780 4241 pientiam
805 4166 1050 4220 scissent.
1071 4159 1204 4214 Huic
1219 4161 1360 4213 enim
1385 4160 1765 4229 obsequentes,
1786 4159 1948 4228 liquet
1967 4161 2094 4228 quia

524 4275 800 4331 nunquam
833 4273 929 4326 pro
969 4256 1232 4323 majorum
1271 4253 1376 4306 ﬁde
1413 4251 1796 4316 idololatriam,
1836 4253 1916 4306 vel
1941 4254 2094 4319 alias,

524 4351 932 4426 quomodolibet
961 4356 1181 4402 obortas
1219 4346 1476 4410 Irereses,
1513 4360 1612 4412 pro
1642 4346 1870 4398 veritate
1939 4360 2095 4397 com-

2181 3166 2248 3218 ab
2272 3165 2388 3232 ipso
2425 3163 2592 3219 fuisse
2634 3163 2934 3218 declaratos
2967 3162 3325 3218 :Beuedt'ctus
3378 3163 3517 3217 enim
3579 3163 3750 3228 Deus,

2183 3252 2374 3320 inquit,
2399 3254 2491 3321 qui
2530 3253 2822 3323 piscatores
2855 3253 3280 3322 sapientissimos
3315 3254 3566 3306 ostendit.

2256 3343 2318 3397 Et
2354 3345 2467 3398 haec
2491 3344 2696 3406 dicunt,
2719 3360 2822 3398 non
2850 3344 2896 3398 si
2921 3344 3043 3414 quis
3069 3344 3122 3398 in
3147 3344 3346 3398 divinis
3373 3344 3532 3398 rebus
3581 3344 3765 3415 syllo-

2132 3483 2146 3497 ,
2185 3434 2374 3504 g‘sutis
2397 3443 2600 3498 utatur,
2625 3435 2975 3504 Platonisque
3004 3445 3058 3489 et
3096 3435 3408 3490 Aristotelis
3457 3435 3766 3490 admisceat

2186 3525 2575 3594 philosophiam
2604 3542 2618 3592 ;
2647 3527 2906 3594 praeclare
2944 3527 3088 3582 enim
3113 3535 3386 3596 ageretur,
3441 3529 3486 3582 si
3537 3539 3768 3598 propter

2188 3618 2310 3674 ﬁdei
2338 3619 2693 3674 reverentiam
2743 3619 2845 3674 ista
2877 3619 2941 3673 de
2968 3618 3378 3688 Scripturarum
3429 3621 3764 3676 auctoritate

2191 3712 2535 3766 docerentur.
2563 3709 2717 3763 Nunc
2743 3718 2920 3764 autem
2947 3721 3000 3763 et
3027 3711 3093 3764 ad
3129 3711 3273 3779 ipsos
3314 3711 3436 3766 ﬁdei
3475 3712 3767 3772 terminos.

2193 3801 2590 3870 Scripturaeque
2616 3814 2678 3852 ac
2711 3809 3017 3854 sanctorum
3045 3801 3416 3870 magisterium
3474 3799 3768 3867 impuden-

2194 3900 2273 3946 tes
2308 3890 2462 3957 ﬁunt,
2492 3905 2616 3944 eum
2657 3890 2863 3945 scilicet
2885 3891 2952 3944 ab
3005 3890 3114 3946 illis
3184 3901 3532 3960 urgeantur:
3591 3905 3773 3958 neque

2195 3981 2462 4049 principio
2501 3980 2823 4049 intelligant,
2871 3983 2999 4050 quid
3035 3983 3234 4046 velint,
3306 3982 3615 4052 hujusmodi
3667 3997 3775 4035 au~

2199 4083 2302 4126 tem
2327 4072 2760 4126 cavillationibus
2785 4087 2883 4142 pro
2914 4071 3168 4142 sulfugio,
3196 4082 3250 4128 et
3269 4073 3595 4128 diverticulo
3610 4083 3774 4130 utan-

2200 4173 2286 4216 tttr
2322 4163 2482 4233 sepise
2508 4165 2559 4218 in
2585 4177 2789 4217 morem
2825 4179 2964 4232 qu:e,
2994 4173 3053 4216 ut
3086 4165 3383 4232 piscatores
3432 4163 3657 4233 eﬁ‘ugiat
3715 4176 3779 4219 et

2200 4254 2383 4319 lateat,
2414 4265 2776 4309 atramentum
2805 4267 2931 4309 ante
2953 4270 3013 4309 se
3046 4255 3234 4309 vomit.
3266 4254 3374 4322 lpsi
3410 4262 3596 4310 tamen
3643 4270 3774 4309 cum

2141 4399 2151 4405 ,
2202 4346 2400 4416 aliquid
2445 4348 2624 4401 dicere
2665 4346 2835 4400 videri
2878 4347 3085 4407 volunt,
3121 4347 3176 4400 in
3231 4346 3580 4415 angulosuos
3640 4346 3778 4399 allo—

527 4451 847 4508 mutassent,
875 4457 1010 4510 quas
1025 4439 1214 4493 Patres
1241 4439 1452 4491 illorum
1472 4438 1643 4490 secuti
1673 4445 1874 4491 essent.
1896 4434 2094 4491 Verum
2127 4434 2177 4493 ι)
2205 4438 2860 4506 qucntes,obliviseuntur
2891 4437 3108 4507 quidem
3170 4438 3407 4506 regulas,
3470 4451 3605 4505 quas
3652 4436 3779 4490 aliis

529 4545 635 4610 his,
664 4542 740 4597 illi
767 4539 1168 4598 valefacientes,
1193 4534 1414 4588 Christo
1456 4531 1694 4601 adjuncti
1723 4540 1871 4586 sunt.
1898 4530 2102 4599 Nempe

525 4637 670 4690 enim
701 4643 754 4688 et
783 4633 999 4687 beatum
1033 4627 1326 4695 culpabant
1362 4624 1610 4689 Paulum,
1646 4623 1791 4692 quod
1834 4636 1940 4676 non
1979 4637 2105 4674 um-

529 4729 639 4782 bra:
668 4724 801 4792 legis
827 4721 1097 4781 assidens,
1133 4716 1409 4786 Evangelii
1441 4723 1761 4784 perseeutor
1826 4727 1946 4766 esse
1981 4727 2103 4779 per-

531 4819 754 4877 stiterit.
778 4819 840 4869 Et
866 4815 994 4871 illud
1016 4811 1174 4868 simul
1201 4815 1477 4872 asserunt,
1512 4821 1620 4862 non
1647 4815 1898 4876 Oportere
1952 4805 2109 4859 Occi-

534 4910 799 4972 dentales,
823 4907 1052 4972 omisso,
1080 4902 1222 4974 quod
1271 4901 1480 4963 dicunt,
1506 4899 1573 4954 de
1625 4907 1815 4953 sancto
1875 4897 2106 4962 Spiritu,

537 5007 621 5058 his
647 4998 900 5058 assentiri
929 4999 1156 5057 debere,
1189 5008 1309 5062 quae
1332 4993 1588 5046 dicuntur
1619 4991 1685 5043 ab
1733 4990 1887 5058 ipsis.
1949 4987 2105 5042 Unde

537 5094 682 5150 enim
710 5091 828 5145 istis
857 5086 1188 5159 persuadere
1215 5092 1476 5154 poterunt
1526 5081 1714 5135 eadem
1777 5095 1885 5147 prae
1921 5093 1977 5134 se
2036 5078 2114 5131 fe-

544 5186 828 5249 rentibus;
877 5180 1148 5250 quomodo
1177 5187 1233 5232 et
1303 5174 1612 5230 inﬁdelibus
1635 5173 1701 5226 de
1748 5171 1950 5227 Christi
2012 5169 2115 5224 ﬁde

545 5276 861 5342 loquentur,
897 5270 992 5341 qui
1034 5267 1412 5323 inﬁdelitatem
1441 5281 1468 5318 a
1506 5264 1802 5326 majoribus
1826 5262 1940 5317 suis
1963 5274 2117 5315 acceo

545 5370 743 5434 perunt
770 5364 792 5416 ?
833 5363 890 5417 Si
928 5362 1090 5430 igitur
1116 5359 1239 5413 talia
1263 5365 1491 5428 possunt
1516 5355 1582 5409 ad
1608 5354 1836 5409 invicem
1862 5353 2118 5421 utrinque

550 5455 816 5520 conversi,
842 5454 965 5524 quid
992 5452 1204 5518 roboris
1227 5449 1444 5504 habebit
1463 5448 1703 5517 ipsorum
1730 5447 1907 5501 ratio?
1931 5444 2120 5499 Nonne

550 5561 678 5615 ergo
710 5547 880 5614 magis
905 5546 1208 5616 proprium,
1234 5551 1287 5596 et
1312 5541 1444 5594 utile
1471 5548 1574 5603 est,
1609 5540 1829 5594 omissis
1851 5536 2121 5605 anticipa-

553 5637 792 5692 tionibus
823 5637 1098 5701 omnibus,
1122 5634 1408 5687 veritatem
1463 5629 1661 5697 ipsam,
1685 5643 1783 5698 per
1845 5644 1904 5682 se
1952 5629 2121 5695 ipsam

555 5733 698 5785 otnui
728 5731 909 5787 studio
949 5738 1002 5784 et
1032 5742 1160 5784 cura
1187 5725 1484 5793 indagare?
1515 5723 1567 5778 Id
1595 5738 1726 5778 sane
1759 5723 1996 5776 virorum
2018 5731 2113 5788 est,

2204 4531 2305 4599 ipsi
2358 4537 2677 4598 posuerunt,
2712 4545 2810 4584 ccu
2862 4529 3160 4595 sapientiae,
3199 4527 3470 4597 jactantes
3519 4528 3682 4582 fanda
3719 4540 3783 4584 et

2205 4620 2446 4685 infamia,
2467 4629 2521 4674 et
2544 4636 2661 4689 quae
2687 4636 2850 4690 supra
2872 4620 3126 4684 diximus,
3152 4632 3207 4674 et
3227 4621 3468 4676 scribunt
3493 4631 3544 4673 et
3565 4621 3779 4674 dicunt.

2277 4713 2461 4779 Atqui,
2496 4713 2540 4766 si
2581 4711 2795 4780 quidem
2850 4725 3062 4765 omnem
3121 4711 3386 4765 rationem
3418 4709 3780 4781 rejiciendam

2209 4802 2564 4870 arbitrantur,
2607 4803 2864 4872 quodque
2901 4810 3102 4871 praeter
3155 4802 3426 4858 rationem
3457 4814 3560 4866 est,
3605 4801 3787 4858 susci-

2212 4895 2386 4964 piunt,
2410 4895 2538 4964 quid
2565 4894 2776 4949 tandem
2807 4908 2940 4948 suos
2965 4893 3101 4948 istos
3121 4893 3284 4950 etiam
3316 4903 3524 4962 septem
3555 4890 3790 4960 Sapien-

2216 4987 2358 5040 tibus
2389 4985 2701 5054 prmferunt,
2723 4985 2917 5053 quibus
2940 4985 3284 5042 conferentes
3311 4995 3560 5049 caeteros,
3596 4982 3787 5038 ludum

2214 5093 2335 5134 esse
2385 5093 2674 5148 puerorum
2722 5078 2933 5144 dicunt,
2993 5077 3295 5146 quibusque
3351 5090 3542 5130 omnes
3591 5075 3793 5128 cedere

2217 5170 2441 5223 volunt?
2501 5170 2556 5224 Si
2617 5168 2762 5224 enim
2819 5183 2884 5222 ex
2916 5167 3130 5222 illorum
3189 5166 3458 5236 sapientia
3514 5163 3789 5225 nituntur,

2219 5263 2421 5332 plures,
2476 5271 2638 5331 atque
2693 5261 3074 5331 sapientiores,
3123 5259 3216 5328 qui
3266 5258 3348 5312 eis
3404 5257 3793 5317 adversantur,

2221 5354 2388 5409 fuisse
2447 5353 2805 5422 comperient.
2855 5351 3110 5408 Profecto
3159 5351 3304 5406 enim
3354 5345 3796 5404 Occidentalium

2222 5447 2484 5515 sapientia
2517 5446 2743 5499 excellet
2775 5461 2790 5499 τ
2834 5445 2877 5497 si
2910 5453 3090 5496 autem
3124 5443 3266 5510 quod
3301 5441 3519 5508 sapiens
3566 5445 3620 5490 et
3671 5451 3799 5488 cum

2227 5539 2433 5591 ratione
2465 5547 2571 5597 est,
2603 5545 2656 5588 et
2686 5533 2787 5603 ipsi
2821 5533 3146 5602 suscipiunt,
3177 5539 3354 5600 atqtte'
3379 5528 3500 5581 ideo
3531 5526 3598 5580 de
3639 5523 3800 5578 Scri-

2227 5629 2405 5698 pturis
2453 5629 2780 5697 persuadere
2811 5634 3080 5679 conantur
3119 5640 3134 5677 :
3178 5635 3516 5691 nequaquam
3561 5631 3654 5672 eos
3705 5615 3804 5684 qui

2232 5737 2413 5777 secum
2458 5721 2754 5782 disserunt,
2791 5717 3027 5787 abjiccre
3058 5715 3345 5771 debebunt.
3383 5725 3516 5780 quos
3545 5710 3619 5772 id,
3649 5709 3802 5775 quod
