3996 6222
209 336 312 401 221

1320 342 1726 408 ADVERSUS
1758 348 2075 410 GRAECOS
2109 349 2258 411 LIB.
2298 351 2402 412 1V.

3369 351 3475 413 222

211 451 522 506 secundum
553 451 815 504 rationem
842 467 906 505 ex
949 450 1032 505 his
1060 464 1180 519 qum
1210 464 1467 506 concessa
1503 463 1654 521 sunt,
1683 457 1800 526 plu-
1829 460 1879 519 Α
1904 473 1997 514 eos
2021 461 2282 514 adversus
2307 459 2467 512 ﬁdem
2493 458 2730 513 validum
2754 466 2942 513 contra
2979 459 3181 514 inferre
3203 476 3437 532 arguens
3460 505 3476 526 ,

213 543 370 594 ribus
394 557 462 593 ex
497 540 744 610 partibus
775 541 1042 610 sequitur.
1071 538 1187 592 Non
1226 540 1366 593 enim
1395 541 1476 594 his
1510 543 1673 598 licere
1694 545 1797 599 sibi

211 635 288 686 uti
331 635 542 699 dicent,
579 633 696 685 aliis
732 647 860 686 vero
895 648 998 685 non
1038 631 1221 686 itidem
1253 630 1458 686 licere:
1488 636 1632 704 quod
1666 635 1802 689 irra-

214 726 559 779 tionabiliter
590 724 1027 778 distribuentium
1062 733 1165 779 est.

283 840 688 895 Contestantur
725 849 909 892 autem
968 849 1019 894 et
1057 843 1248 895 Arium
1299 850 1355 895 et
1404 841 1523 910 ejus
1571 838 1796 902 similes,

220 934 442 1000 quoties
475 946 571 984 eos
605 931 743 984 ratio
770 929 1065 996 defecerit;
1101 929 1271 986 fuisse
1333 933 1564 1002 quidem-
1587 946 1680 986 eos
1711 946 1800 984 sa-

218 1025 429 1093 pientia
469 1023 737 1090 insignes,
785 1022 923 1075 ultra
971 1033 1186 1078 sanctos
1218 1038 1428 1084 omnes,
1477 1032 1800 1090 asserentes,

213 1118 310 1170 sed
343 1116 522 1169 veluti
559 1116 845 1169 hareticos
865 1115 934 1169 ab
963 1115 1204 1170 Ecclesia
1235 1117 1438 1185 ejectos
1469 1115 1801 1182 inferentes;

213 1209 471 1274 nihilque
497 1208 694 1260 mirum
729 1217 836 1270 est,
879 1208 923 1259 si
957 1208 1077 1274 quis
1105 1207 1320 1274 sapiens
1357 1222 1479 1260 cum
1526 1206 1614 1267 sit,
1659 1206 1804 1259 aliud

213 1299 462 1368 aliquid,
495 1308 692 1366 praeter
729 1298 779 1350 id
830 1298 973 1366 quod
1026 1297 1127 1367 ipsi
1165 1298 1374 1362 volunt,
1407 1298 1472 1352 de
1515 1297 1619 1352 ﬁde
1646 1295 1801 1351 dicit.

213 1384 281 1437 Et
339 1386 527 1448 ipsum
596 1385 741 1439 enim
794 1383 1148 1440 nihilominus
1208 1395 1428 1455 propter
1482 1388 1806 1456 sapientiam

212 1475 394 1530 fuisse
446 1475 794 1530 damnatum.
833 1473 958 1531 Haec
1006 1485 1188 1530 autem
1236 1477 1502 1539 dicentes,
1556 1476 1806 1531 doctores

209 1571 512 1638 ambiguos
549 1568 784 1624 faciunt.
839 1567 971 1622 Nam
1025 1569 1070 1622 si
1107 1567 1344 1622 inﬁdelis
1395 1578 1478 1622 est
1514 1567 1804 1637 sapientia,

212 1659 532 1712 cavendum
575 1658 729 1712 nobis
757 1667 864 1724 est,
895 1672 959 1710 ne
980 1658 1257 1728 sapientiae
1278 1673 1440 1713 causa
1473 1658 1576 1711 illis
1602 1658 1808 1712 obtem-

214 1761 487 1819 perantes
536 1751 814 1816 fallamur,
867 1761 924 1808 et
955 1754 1081 1834 caci
1137 1769 1310 1808 caecos
1345 1763 1632 1823 sequentes
1663 1770 1804 1825 pra:-
1838 1791 1882 1848 Β

212 1844 545 1912 cipitemur,
583 1854 744 1914 atque
802 1845 1338 1900 irrationabilitatem
1394 1847 1624 1900 rationis
1675 1864 1804 1901 nor-

215 1952 368 1988 mam
402 1948 785 2000 assumentes,
814 1951 910 2007 per
949 1937 1090 1991 hanc
1117 1937 1283 1993 veluti
1329 1938 1383 1992 in
1413 1939 1648 1994 tenebris
1680 1942 1807 1996 casei

213 2027 793 2094 oberremus;simul
849 2039 1031 2083 autem
1083 2039 1138 2084 et
1165 2038 1353 2084 contra
1401 2039 1622 2086 sanctos
1655 2045 1808 2085 men-

213 2127 466 2172 tutntur.

292 2232 490 2301 Neque
533 2234 678 2287 enim
716 2233 876 2287 Arius
921 2241 972 2287 et
1005 2232 1331 2300 Eunomius,
1372 2241 1427 2287 et
1481 2233 1571 2288 alii
1623 2233 1812 2303 hujus-

220 2326 376 2378 modi
436 2325 641 2379 Basilio
683 2331 741 2380 et
777 2323 1059 2394 Gregorio,
1096 2335 1149 2379 et
1193 2325 1406 2380 caeteris
1456 2325 1814 2393 sapientiores

215 2415 459 2470 {uerunt
486 2433 502 2471 :
531 2417 647 2485 qui,
679 2416 722 2470 si
754 2416 971 2485 quidem
1009 2416 1458 2472 irrationabiliter
1484 2417 1813 2486 persuadere

219 2511 429 2574 velint,
466 2510 590 2578 quis
626 2507 908 2563 attendere
939 2509 1233 2578 dignetur?

297 2621 356 2675 Si
399 2632 587 2674 autem
637 2635 731 2675 eos
774 2631 958 2675 mente
1006 2629 1060 2675 et
1102 2620 1311 2675 ratione
1343 2620 1620 2690 praeditos,
1652 2629 1816 2690 atque

220 2713 492 2764 cordatus
525 2711 710 2765 dicunt
744 2721 798 2766 et
850 2727 909 2767 se
940 2713 1084 2780 ipsos
1129 2715 1436 2768 destruunt.
1466 2711 1620 2768 Unde
1671 2715 1814 2768 enim

218 2806 368 2865 suis,
403 2817 552 2871 quos
584 2801 636 2856 in
671 2803 934 2872 sapientia
968 2803 1256 2867 mirantur,
1300 2803 1462 2858 ﬁdem
1511 2805 1814 2860 habendam

221 2905 467 2963 propter
515 2893 658 2948 hanc
705 2893 990 2949 ostendere
1025 2904 1303 2964 poterunt,
1357 2895 1402 2949 si
1450 2897 1818 2951 communiter

223 2995 506 3054 arguatur
533 2984 840 3053 sapientia?
865 2987 1072 3055 itaque,
1104 3003 1211 3040 non
1243 2986 1413 3055 magis
1438 2996 1624 3042 contra
1661 2988 1814 3055 istos,

225 3091 402 3144 quam
437 3083 628 3130 contra
659 3075 795 3130 alios
825 3076 1055 3140 dicetur,
1097 3076 1141 3130 si
1181 3076 1461 3147 sapientiae
1492 3092 1657 3133 causa
1687 3092 1818 3133 eon-

223 3166 454 3236 tigerit,
485 3177 544 3218 ut
573 3166 800 3220 veritate
829 3164 1184 3222 frustrentur.

301 3279 428 3334 Sed
482 3277 727 3348 profecto
760 3279 1031 3347 sapientia
1066 3294 1161 3348 per
1207 3293 1266 3335 se
1314 3279 1514 3334 malum
1575 3295 1680 3335 non
1714 3289 1816 3334 est.

232 3370 352 3427 Non
391 3373 542 3426 enim
574 3372 620 3426 si
661 3371 781 3441 quis
806 3386 866 3426 ea
894 3382 1088 3441 praeter
1112 3372 1374 3426 rationem
1406 3387 1537 3428 usus
1564 3383 1666 3437 est,
1691 3373 1819 3441 ipsa

237 3465 511 3517 continuo
551 3463 603 3516 iu
633 3465 789 3530 culpa
825 3463 948 3517 erit.
1000 3462 1106 3517 Sed
1152 3477 1329 3533 neque
1365 3463 1453 3518 ille
1485 3464 1702 3533 sapiens
1735 3464 1821 3516 di-

237 3556 461 3609 cendus
522 3564 628 3620 est,
661 3555 752 3622 qui
803 3556 1080 3609 mendacia
1115 3555 1392 3625 conﬁngit.
1442 3555 1628 3625 Neque
1675 3557 1819 3610 enim

236 3645 483 3700 scientia
535 3657 698 3714 atque
751 3645 1052 3714 sapientia;
1100 3647 1196 3701 sed
1247 3655 1459 3712 contra,
1513 3647 1728 3700 inscitia
1769 3653 1822 3700 et

234 3737 584 3804 insipientia,
636 3737 728 3806 qui
771 3739 1127 3802 mentiuntur,
1160 3745 1385 3791 utuntur
1437 3748 1491 3792 et
1542 3737 1678 3792 alios
1725 3737 1824 3790 fal-

236 3827 362 3880 lant
401 3844 416 3878 :
455 3827 620 3880 sicuti
663 3842 836 3894 neque
879 3828 1214 3896 gubernator
1250 3829 1444 3882 merito
1476 3827 1700 3894 dicitur,
1727 3828 1821 3897 qui

238 3935 441 3976 navem
487 3920 750 3988 perdidit,
781 3935 960 3989 neque
994 3921 1256 3984 medicus,
1281 3924 1373 3990 qui
1423 3921 1696 3976 inﬁrmum
1731 3937 1824 3990 pe-

242 4013 429 4068 remit.
486 4011 677 4078 Neque
707 4011 850 4065 enim
902 4022 1166 4080 quantum
1218 4015 1555 4081 gubernator
1581 4022 1686 4077 est,
1742 4015 1827 4067 vel

241 4103 514 4166 medicus,
545 4103 641 4156 sed
677 4101 728 4155 in
767 4112 1030 4170 quantum
1067 4101 1276 4170 peritiae
1306 4117 1418 4155 suae
1447 4117 1635 4156 norma
1683 4114 1827 4157 uter-

241 4209 347 4262 que
388 4193 616 4256 excidit,
675 4193 816 4245 istud
869 4192 1156 4262 contingit.
1197 4190 1312 4246 Non
1371 4202 1548 4246 tamen
1611 4175 1829 4263 propter

244 4285 579 4352 imperitiam
611 4299 825 4348 eorum,
871 4285 985 4338 sive
1037 4285 1322 4348 malitiam,
1356 4285 1438 4338 vel
1480 4285 1825 4353 gubernatio,

245 4377 326 4430 vel
363 4377 640 4430 medicina
675 4391 772 4445 per
807 4391 867 4430 se
921 4377 1120 4429 malum
1172 4385 1276 4429 est.
1334 4375 1504 4431 Nemo
1536 4375 1681 4428 enim
1735 4391 1829 4444 per

1902 552 2060 606 sicuti
2111 551 2382 619 prioribus
2415 552 2754 635 temporibus
2790 553 2999 621 antiqui
3054 553 3312 608 Ecclesize
3362 574 3477 609 ma-

1901 643 2054 712 gistri
2089 641 2388 703 faciebant;
2424 634 2629 712 quippe
2657 646 2808 710 juxta
2835 657 3086 710 magnum
3119 643 3379 697 Basiliam
3425 647 3476 699 in

1901 735 2238 801 expositione
2280 749 2445 801 super
2489 733 2678 787 Isaiam
2730 751 2743 787 :
2787 732 2972 787 Murus
3019 742 3100 788 est
3147 733 3479 803 dagmatibus

1904 825 2372 892 nostris_exleruw
2414 825 2690 892 sapientire
2742 826 2854 888 vis,
2902 841 3010 879 non
3062 842 3124 879 ea
3177 827 3479 891 permittens

1903 917 2191 970 volentibus
2241 917 2423 986 facilia
2481 918 2550 970 ad
2608 918 2919 986 capiendum
2998 934 3063 970 ac
3124 917 3481 988 diripiendum

1905 1010 2042 1078 ﬁeri.

1977 1123 2079 1188 Qui
2135 1122 2447 1193 hujusmodi
2486 1132 2607 1186 est,
2659 1138 2939 1193 nunquam
2992 1133 3214 1192 propter
3267 1122 3482 1190 sapien-

1909 1216 2062 1278 tiam,
2097 1231 2285 1279 norma
2318 1216 2596 1283 sapientia:
2629 1223 2938 1269 sanctorum
2973 1215 3025 1268 in
3059 1215 3254 1268 divinis
3301 1224 3508 1276 utens,-

1909 1313 1968 1357 ut
2015 1306 2284 1360 mentiens
2336 1305 2542 1372 culpari
2599 1305 2850 1373 poterit:
2903 1303 3139 1371 alioquin
3177 1313 3232 1356 et
3277 1303 3394 1355 illos
3427 1310 3483 1356 ut

1909 1403 2259 1462 corruptores
2286 1409 2390 1448 una
2419 1394 2721 1463 ejiciemus.
2772 1394 2882 1446 Iloc
2911 1392 3054 1446 enim
3080 1392 3256 1460 ipsum
3291 1393 3479 1444 Arium

1911 1485 2152 1539 Ecclesia
2185 1483 2414 1553 expulit.
2447 1485 2588 1554 quod
2643 1483 2872 1550 plurima
2931 1497 2992 1535 ex
3043 1482 3149 1545 his,
3181 1497 3299 1548 quae
3336 1479 3486 1534 Scri-

1909 1589 2085 1645 pturm
2131 1578 2457 1630 auctoritate
2504 1583 2559 1629 et
2604 1575 2710 1629 ﬁde
2745 1588 3006 1628 concessa
3042 1583 3189 1638 sunt,
3239 1571 3481 1639 subjecta

1912 1669 2080 1739 ipsius
2112 1668 2503 1739 propositione,
2539 1667 2888 1720 tollebantur.

1981 1780 2083 1834 Hic
2133 1791 2339 1842 autem,
2393 1788 2452 1832 ut
2495 1787 2774 1830 ostensum
2834 1783 2938 1836 est,
2978 1773 3111 1828 nihil
3171 1772 3480 1842 hujusmodi

1910 1870 2195 1936 contingit.
2228 1869 2326 1935 Qui
2360 1868 2502 1920 enim
2541 1882 2603 1920 ex
2632 1865 2747 1919 solo
2780 1864 2938 1916 Patre
2971 1865 3261 1932 procedere
3298 1863 3486 1927 dicunt

1913 1963 2172 2031 Spiritum
2206 1967 2474 2020 Sanctum,
2527 1971 2621 2010 eos
2660 1955 2880 2022 omnia,
2910 1965 3101 2022 praeter
3147 1952 3482 2020 Seripturam

1913 2068 1975 2107 ac
2009 2062 2323 2107 sanctorum
2376 2049 2661 2110 rationem,
2699 2055 3018 2115 sequuntur.
3059 2044 3160 2110 Qui
3195 2054 3375 2097 autem
3418 2060 3484 2098 ex

1915 2154 2168 2212 utroque,
2219 2141 2471 2196 videlicet
2527 2155 2590 2193 ex
2641 2138 2802 2192 Patre
2839 2154 2932 2207 per
2974 2135 3171 2189 Filium
3225 2134 3484 2198 fatentur,

1912 2251 2004 2291 eos
2029 2235 2211 2289 omnia
2236 2233 2550 2307 secundum
2567 2232 2830 2284 rationem
2862 2229 3042 2298 sequi,
3068 2230 3484 2296 comprobatur;

1913 2343 2032 2383 cum
2073 2341 2250 2396 neque
2305 2321 2612 2393 aliquid’ex
2667 2320 2962 2390 suppositis
3017 2318 3258 2380 tollatur,
3315 2332 3490 2385 neque

1889 2419 2206 2496 .absurdum
2266 2416 2486 2485 aliquod
2547 2411 2949 2469 introducatur.
3003 2410 3074 2462 At
3131 2408 3222 2462 ille
3266 2408 3490 2476 quidem

1916 2510 2136 2566 minime
2167 2509 2246 2563 vel
2275 2507 2541 2562 catholico
2574 2503 2978 2572 universalique
3019 2499 3255 2556 concilio
3311 2497 3493 2552 credi~

1917 2603 2013 2665 dit‘,
2042 2599 2122 2654 vel
2157 2600 2222 2652 ad
2268 2612 2612 2653 communem
2652 2595 2948 2650 Ecclesiam
2980 2591 3263 2646 attendere
3301 2589 3487 2644 voluit.

1915 2692 2123 2748 ldcirco
2150 2691 2312 2745 etiam
2357 2689 2628 2758 prOpriam
2662 2687 2973 2755 quamdam,
3024 2693 3217 2752 prteter
3249 2695 3494 2734 commu-

1920 2797 2068 2846 nem,
2098 2782 2238 2834 viam
2286 2779 2367 2834 ire
2412 2779 2621 2842 volens,
2655 2776 2940 2831 haereticus
2991 2773 3114 2828 fuit.
3162 2771 3260 2825 llic
3310 2778 3494 2824 autem

1917 2871 2008 2942 qui
2050 2869 2380 2925 Occidentali
2429 2867 2684 2923 Ecclesia:
2717 2868 2976 2928 adhaeret,
3031 2873 3226 2934 printer
3266 2861 3316 2915 id
3351 2862 3491 2930 quod

1918 2960 2172 3015 omnibus
2224 2959 2510 3014 catholicae
2568 2957 2822 3012 Ecclesia:
2882 2955 3154 3024 magistris
3201 2951 3488 3022 congruit,

1923 3052 2212 3106 universali
2260 3053 2422 3104 etiam
2449 3050 2654 3118 synodo
2680 3048 3037 3114 obtemperet,
3070 3037 3121 3097 in
3154 3061 3256 3114 qua
3291 3043 3488 3098 Orien-

1847 3156 1889 3214 (ς
1925 3144 2143 3204 talibus,
2159 3140 2706 3208 Occidentalibusque
2728 3137 3200 3198 convenientibus,
3221 3133 3496 3188 communi

1925 3235 2196 3291 sententia
2231 3233 2511 3288 deﬁnitum
2568 3241 2673 3296 est,
2722 3244 3066 3284 communem
3119 3243 3238 3281 esse
3272 3237 3498 3280 sancto-

1923 3343 2040 3381 rum
2078 3325 2318 3378 omnium
2369 3323 2698 3391 Opinionem,
2752 3336 2782 3374 a
2835 3319 2994 3373 Patre
3040 3328 3095 3372 et
3143 3317 3278 3371 Filio
3312 3331 3510 3386 proce-'

1925 3416 2054 3469 dere
2092 3414 2357 3483 Spiritum
2384 3419 2656 3484 sanctum,
2689 3409 3097 3476 Ecclesiamque
3140 3408 3189 3460 id
3220 3405 3496 3469 conﬁteri,

1925 3521 1952 3556 a
1987 3519 2090 3573 qua
2118 3502 2260 3556 nulla
2289 3515 2528 3569 unquam
2555 3499 2716 3552 fallax
2763 3505 2828 3554 de
2866 3500 2971 3554 ﬁde
3011 3498 3276 3553 sententia
3315 3511 3500 3549 mana-

1924 3597 2022 3649 vit.

1997 3711 2100 3766 Sed
2141 3725 2206 3764 ne
2251 3708 2450 3763 Basilio
2481 3707 2723 3775 quidem,
2757 3714 2812 3760 et
2857 3703 3121 3772 Gregorio
3173 3699 3502 3768 ueterisque

1925 3805 2194 3860 similibus
2240 3803 2616 3868 crederemus,
2665 3798 2944 3866 sapientiai
2974 3810 3161 3856 causa,
3199 3794 3298 3847 nisi
3351 3794 3502 3861 prius

1927 3899 2050 3968 ipsi.
2084 3896 2358 3952 haereticis
2386 3895 2508 3949 aliis
2543 3893 2646 3946 alia
2697 3889 3022 3953 dicentibus,
3057 3886 3364 3954 huiusmodi
3398 3884 3502 3938 Ec-

1927 3991 2103 4046 clesia:
2147 3988 2284 4043 uniti
2317 3998 2522 4046 essent.
2563 3996 2726 4053 atque
2777 4000 2806 4037 a
2847 3981 3130 4037 catholicis
3177 3978 3398 4050 synodis
3435 3975 3502 4028 ab

1927 4103 1990 4142 ea
2021 4085 2360 4155 congregatis
2391 4082 2606 4153 probati
2651 4079 2912 4140 fuissent,
2945 4087 3108 4145 atque
3137 4077 3202 4128 ad
3229 4075 3350 4128 illos
3379 4083 3503 4128 tau—

1927 4192 2090 4248 quam
2130 4177 2374 4230 veritatis
2407 4174 2721 4241 magistros,
2774 4169 3019 4223 Ecclesia
3070 4167 3352 4234 dirigeret.
3397 4163 3504 4217 Sed

1934 4284 2108 4338 neque
2145 4275 2364 4320 sanctos
2391 4264 2504 4319 eos
2529 4272 2864 4330 putaremus,
2899 4259 2944 4313 si
2979 4266 3171 4313 contra
3204 4257 3349 4310 illam
3382 4270 3505 4309 cum

1862 4369 1878 4378 ’
1933 4363 2054 4416 aliis
2108 4360 2532 4415 reluctarentur.

246 4473 350 4525 ista
389 4481 732 4524 servaretur.
791 4467 963 4538 Igitur
1007 4484 1108 4524 nec
1156 4468 1423 4537 sapientia
1464 4478 1682 4538 propter
1734 4482 1828 4522 eos
1863 4483 1904 4536 ι)
2005 4476 2110 4530 Eos
2141 4474 2282 4526 enim
2316 4472 2410 4541 qui
2443 4484 2540 4538 per
2581 4469 2634 4522 id
2683 4467 2944 4535 temporis
2993 4465 3067 4519 illi
3099 4477 3202 4516 non
3233 4463 3510 4526 obtempe-

250 4565 340 4630 qui
377 4564 467 4616 illa
503 4566 827 4624 abutuntur,
855 4562 1053 4615 malum
1086 4573 1198 4626 est;
1229 4576 1389 4615 nemo
1419 4561 1561 4614 enim
1598 4575 1722 4614 vera
1750 4559 1829 4612 di-

254 4665 420 4716 ceret,
469 4654 694 4721 sapiens
719 4653 810 4722 qui
853 4661 1035 4719 esset;
1093 4651 1165 4706 ita
1220 4659 1273 4706 et
1307 4664 1498 4708 omnes
1549 4651 1832 4720 theologos

254 4745 470 4797 mentiri
514 4743 845 4798 diceremus.

319 4836 510 4903 Itaque
537 4836 580 4890 si
616 4837 738 4903 quis
771 4836 956 4890 modos
983 4834 1272 4890 verborum
1310 4847 1372 4887 ac
1402 4846 1586 4886 rerum
1622 4833 1832 4896 sciens,

254 4936 415 4995 utque
455 4942 510 4980 In
542 4925 654 4979 Deo
684 4925 831 4979 aliud
865 4926 1082 4996 quidem
1120 4926 1392 4980 ineffabile
1423 4932 1524 4991 est,
1553 4917 1692 4979 aliud
1725 4940 1833 4979 non

257 5019 361 5083 ita;
393 5019 555 5087 juxta
609 5015 1002 5071 Damascenum
1056 5017 1223 5080 enim,
1259 5030 1434 5084 neque
1477 5015 1657 5068 omnia
1708 5023 1836 5068 sunt

259 5108 578 5172 inetl'abilia,
614 5122 788 5175 neque
811 5107 994 5161 omnia
1016 5105 1274 5170 effabilia,
1309 5120 1683 5175 concessaque
1710 5105 1832 5159 ﬁdei

258 5200 524 5268 principia
551 5213 885 5268 supponens,
923 5199 1052 5266 quid
1081 5198 1183 5252 hoc
1213 5199 1520 5266 supposito,
1554 5208 1836 5266 sequatur,

260 5295 385 5362 quid
424 5293 730 5355 auferatur,
769 5291 1010 5360 inspicit,
1040 5299 1093 5346 et
1128 5289 1293 5345 infert
1325 5289 1606 5358 sequentia
1634 5287 1836 5358 princi-

262 5389 361 5454 piis
421 5400 686 5439 consona.
729 5385 806 5436 At:
865 5384 1023 5436 ﬁdem
1075 5384 1292 5451 quidem
1330 5381 1571 5436 externis
1623 5394 1838 5450 quoque

262 5479 568 5533 rationibus
615 5476 830 5532 ostendi
883 5490 1062 5546 posse,
1108 5474 1370 5540 conlidit,
1419 5473 1592 5529 solam
1655 5482 1836 5525 autem

265 5582 485 5640 propter
553 5569 965 5634 revelatiouem,
1025 5579 1452 5636 sanctorumque
1507 5566 1835 5633 theologiam

262 5663 466 5726 credit;
502 5661 907 5732 philosophiam
933 5674 1060 5715 vero
1086 5659 1247 5714 vcluti
1273 5661 1526 5713 ancillam
1556 5657 1837 5725 theologia:

268 5755 524 5825 adiungit,
581 5768 644 5808 ac
675 5769 768 5823 per
792 5755 929 5810 hanc
980 5753 1176 5810 refutat
1211 5752 1666 5816 calumniatores;
1703 5750 1832 5802 uilril

1938 4573 2192 4621 raveruut
2243 4563 2356 4616 sive
2406 4560 2899 4619 contradixerunt,
2952 4565 3324 4608 exsecramur.
3390 4547 3506 4600 Non

1936 4658 2117 4723 itaque
2146 4654 2322 4709 solum
2373 4659 2587 4718 oportet
2632 4663 2752 4702 esse
2806 4646 3134 4715 sapientem.
3179 4639 3295 4693 Nisi
3331 4637 3509 4690 adsint

1935 4759 2150 4813 caetera,
2183 4759 2236 4801 et
2269 4741 2643 4812 principaliter
2679 4737 2931 4794 Ecclesiae
2962 4735 3222 4800 dogmata
3255 4730 3510 4784 conﬁtea-

1941 4852 2048 4904 tur,
2111 4834 2510 4906 quautumlibet
2561 4832 2794 4901 quisque
2848 4828 2920 4881 sit
2985 4825 3231 4893 sapiens,
3295 4820 3504 4874 delirat.

1940 4935 2162 5002 Oportet
2205 4930 2347 4984 enim
2387 4924 2680 4981 Ecclesium
2728 4919 2978 4987 stabilem
3027 4930 3244 4983 seraper
3279 4913 3333 4966 in
3371 4909 3513 4963 veri-

1944 5035 2052 5080 tate
2079 5023 2398 5082 cousistere,
2427 5019 2478 5072 id
2502 5033 2588 5084 lue
2623 5030 2690 5068 ex
2734 5013 2819 5067 his
2848 5025 2969 5080 qua:
3001 5007 3073 5062 illi
3109 5015 3232 5058 ante
3271 5002 3512 5068 contige-

1943 5118 2091 5174 runt,
2115 5107 2501 5176 comprobatur
2532 5122 2546 5170 ;
2598 5104 2758 5171 eique
2795 5113 2972 5166 opera:
3015 5094 3253 5164 pretium
3291 5101 3374 5145 est
3415 5089 3513 5142 ob—

1929 5188 2300 5269 teinperare.,
2350 5198 2523 5251 Aliter
2589 5195 2730 5247 enim
2801 5191 3072 5244 incertum
3135 5192 3316 5241 esset,
3361 5180 3522 5269 quis

1944 5267 2269 5359 sapientium
2318 5302 2442 5339 vera
2496 5290 2943 5354 prosequeretur,
3000 5275 3105 5328 nisi
3145 5271 3197 5325 id
3249 5267 3511 5337 subjicia—

1946 5389 2054 5443 tur,
2089 5378 2390 5432 Ecclesiam
2423 5389 2635 5441 semper
2667 5368 2982 5426 necessario
3009 5364 3292 5419 veritatem
3320 5359 3514 5428 sequi;

1945 5485 2110 5542 atque
2173 5471 2309 5525 banc
2370 5468 2619 5537 ambigua
2703 5461 2885 5518 omnia
2950 5459 3284 5519 discernere,
3353 5459 3520 5521 atque

1948 5565 2198 5620 delinire.

2577 5647 2648 5700 De
2680 5645 2902 5716 azymis.

2019 5744 2256 5812 Plurimi,
2282 5745 2408 5798 vero
2436 5743 2500 5796 de
2547 5741 2752 5810 azymis
2782 5739 2941 5794 ctiam
2992 5729 3288 5788 Ecclesiam
3343 5727 3396 5780 in
3427 5722 3523 5792 jus.
3554 5765 3556 5769 ,
