4020 6206
449 316 557 381 2‘33
1706 322 2108 386 MANUELIS
2131 321 2434 383 CALEC/B
3599 311 3703 375 224

461 441 683 494 trahunt
731 438 869 509 (85),
924 438 990 492 de
1025 437 1225 508 quibus
1256 454 1323 494 ne
1361 438 1510 507 loqui
1559 439 1773 509 quidem
1806 441 2028 510 dlgnum
2062 446 2106 501 Α
2133 453 2257 495 cum
2288 449 2435 495 esset
2465 436 2794 507 prohibitum
2824 433 3047 501 Judaeis,
3073 440 3226 489 extra
3254 433 3527 489 civitatem
3551 447 3704 487 suam

460 538 563 595 est,
600 530 666 585 ad
703 546 798 586 eos
854 530 1153 598 praesertim
1190 529 1284 598 qui
1338 530 1592 599 ignorant
1642 527 1918 586 Ecclesias
1962 529 2029 583 ab
2132 530 2340 585 Pascha
2375 529 2577 591 facere,
2626 529 2669 583 si
2704 527 2797 597 qui
2845 526 3183 582 solemnitati
3229 524 3553 588 defuissent,
3588 534 3708 591 post

456 622 610 675 initio
640 634 943 687 sempersse
980 619 1054 672 ita
1106 619 1386 684 habuisse,
1427 606 1485 673 tit
1531 618 1773 676 Orientis
1820 620 2033 675 scilicet

458 712 699 766 Ecclesia
763 710 1145 776 iermentatis,
1201 711 1514 766 Occidentis
1574 722 1757 766 autem
1821 713 2033 782 azymis

458 801 797 853 sacriﬁcaret
829 817 844 855 :
879 803 1133 869 quodque
1170 801 1236 854 ad
1271 801 1515 870 mysterii
1543 802 1798 855 virtutem
1826 812 2035 857 utrum-

460 906 565 959 que
606 891 749 945 idem
778 890 943 946 valet.
970 890 1198 945 Constat
1238 892 1384 945 enim
1414 906 1479 945 ex
1513 892 1681 946 tritici
1707 892 2031 953 substantia,

460 999 528 1035 ex
575 999 683 1051 quo
733 984 871 1049 solo,
909 983 1215 1050 subjecmm
1250 984 1383 1038 illud
1416 973 1588 1054 accipi
1641 999 1863 1039 necesse
1905 994 1987 1038 est
2019 999 2033 1036 :

464 1075 827 1145 Sal-satorque
850 1087 1039 1131 noster
1062 1078 1360 1132 secundum
1391 1077 1560 1150 legem
1590 1079 1770 1132 omnia
1799 1077 2033 1133 faciens:

465 1167 590 1221 Non
641 1169 781 1230 veni,
830 1168 1025 1237 inquit,
1069 1168 1232 1235 legem
1268 1171 1485 1231 solvere,
1521 1169 1610 1222 sed
1648 1169 1933 1237 adimplere
1961 1169 2037 1233 '7;

462 1272 519 1315 et
553 1278 568 1313 :
604 1259 761 1313 Decet
790 1277 881 1314 nos
915 1259 1130 1327 implere
1165 1276 1371 1313 omnem
1408 1261 1682 1329 justitiam
1710 1261 1789 1323 '3;
1822 1269 2040 1331 oporte-

469 1351 559 1403 bat
598 1359 657 1402 ut
701 1348 906 1403 eisdem
961 1350 1012 1401 in
1049 1349 1208 1417 legali
1256 1349 1463 1404 Pascha
1514 1359 1763 1405 uteretur
1812 1352 2039 1422 azymis,

468 1441 680 1496 scilicet
709 1440 867 1507 juxta
913 1436 1256 1495 traditionem
1307 1441 1460 1510 legis,
1505 1457 1625 1510 quae
1658 1443 1891 1497 sublatis
1928 1444 2042 1498 fer-

471 1532 745 1593 mentatis,
768 1546 956 1602 azyma
981 1543 1090 1586 tum
1116 1532 1444 1601 apponebat.
1472 1532 1546 1586 Ex
1576 1534 1773 1603 quibus
1797 1534 2042 1602 profecto

471 1622 524 1674 in
557 1621 746 1675 eadem
798 1636 1009 1683 mensa,
1048 1623 1367 1693 mysterium
1413 1638 1627 1693 quoque
1670 1626 1752 1679 sui
1803 1625 2045 1694 corporis

470 1711 768 1767 conﬁciens
805 1711 1093 1767 tradidisse
1126 1713 1492 1782 cognoscitur.

2132 620 2273 674 hanc
2327 619 2380 672 in
2430 617 2654 673 civitate
2688 616 3040 670 celebrabant
3089 632 3104 669 :
3158 615 3229 669 ita
3280 624 3335 669 et
3389 614 3472 669 his
3510 615 3599 683 qui
3650 614 3705 667 in

2131 709 2358 765 civitate
2389 717 2547 763 erant
2593 707 2810 762 casibus
2837 704 3167 775 quibusdam
3218 704 3439 759 diderre
3487 704 3706 767 licebat,

2135 800 2297 855 sicuti
2329 800 2548 868 quidam
2585 806 2714 853 tunc
2756 796 2919 851 etiam
2965 784 3214 851 fecerunt
3247 814 3261 850 :
3302 795 3554 865 nequiter
3586 796 3707 863 qui-

2135 892 2281 954 dem,
2316 892 2441 961 qnia
2483 891 2643 945 morti
2672 890 2876 959 justum
2906 888 3107 959 injuste
3146 889 3442 951 tradentes,
3475 887 3713 941 arbitra—

2137 980 2334 1035 bantur
2367 980 2602 1034 mundos
2626 993 2686 1033 se
2710 978 2915 1033 Pascha
2947 978 3245 1032 secundum
3277 977 3447 1047 legem
3481 980 3719 1030 mandu-

2137 1084 2286 1125 care.
2328 1067 2668 1123 Distulerunt
2707 1075 2911 1131 tamen,
2943 1065 3045 1121 etsi
3078 1065 3459 1120 rationabilem
3495 1078 3716 1119 causam

2140 1161 2367 1216 minime
2398 1161 2685 1213 haberent.

2210 1250 2517 1306 Ridiculum
2565 1265 2695 1305 vero
2747 1258 2801 1303 et
2839 1248 2970 1303 illud
3006 1257 3124 1313 est,
3161 1249 3302 1317 quod
3346 1247 3584 1317 quidam,
3618 1261 3721 1316 pa-

2144 1346 2228 1400 nis
2292 1360 2511 1406 nomen,
2560 1343 2651 1410 qni
2707 1334 2895 1397 Greece
2956 1341 3119 1410 ἄρτος
3169 1341 3385 1408 dicitur,
3453 1340 3561 1394 ἀπὸ
3621 1338 3723 1391 τοῦ

2141 1434 2413 1502 αἱρεσθαι,
2443 1435 2493 1487 id
2524 1442 2608 1488 est
2633 1432 2702 1487 ab
2722 1447 2787 1486 eo
2817 1432 2959 1500 quod
2989 1441 3072 1485 est
3099 1431 3277 1484 attolli
3301 1471 3315 1493 ,
3350 1431 3473 1500 quia
3498 1439 3726 1500 propter

2145 1525 2473 1580 fermentum
2525 1521 2808 1591 turgescit,
2864 1522 3070 1575 dictum
3110 1530 3387 1590 putantes,
3470 1535 3723 1590 azymum

2146 1632 2362 1689 panem,
2396 1616 2519 1685 quia
2557 1614 2828 1669 fermento
2857 1622 3065 1676 careat,
3118 1627 3294 1681 neque
3320 1627 3512 1680 panem
3541 1611 3733 1680 appel-

2147 1710 2248 1764 lari
2291 1708 2495 1763 volunt.
2530 1706 2697 1771 Quasi
2736 1718 2865 1759 vero
2898 1716 3120 1758 necesse
3155 1702 3227 1758 sit
3274 1701 3483 1773 linguas
3511 1717 3728 1767 omnes,

542 1804 696 1869 Quod
746 1790 1162 1872 Cbrysostomus
1203 1819 1416 1873 quoque
1464 1815 1771 1870 attestatur,
1801 1808 1990 1863 dicens
2025 1827 2040 1865 :

2172 1809 2220 1856 ta
2258 1812 2474 1869 quoque
2510 1797 2665 1867 panis
2697 1810 2893 1851 nomen
2924 1793 3197 1848 derivare.

471 1893 539 1947 ῆι
569 1894 663 1948 illa
693 1911 837 1948 caena
867 1894 1043 1947 omnia
1069 1910 1185 1948 eum
1211 1895 1498 1949 secundum
1532 1898 1691 1967 legem
1727 1901 2043 1967 patravisse.

474 1984 587 2040 Nisi
614 1986 758 2039 enim
788 1984 1086 2039 secundum
1112 1987 1283 2054 legem
1302 1991 1516 2058 azymis
1543 1992 1595 2045 iu
1621 2005 1777 2047 omna
1806 1994 1894 2046 illa
1916 2006 2049 2047 usus

474 2084 646 2141 esset,
702 2088 733 2127 a
788 2072 992 2131 Judteis
1045 2078 1288 2143 omnino,
1348 2090 1405 2135 ut
1461 2084 1849 2151 praevaricator
1890 2084 2045 2153 legis,

476 2166 822 2223 insimulatus
850 2177 996 2222 esset
1030 2186 1044 2224 :
1091 2166 1231 2221 Nam
1267 2186 1384 2224 cum
1410 2173 1562 2225 multi
1590 2175 1715 2243 falsi
1749 2184 1924 2242 testes,
1961 2175 2050 2229 in-

475 2257 615 2325 quit,
645 2258 1013 2320 surrexissent,
1041 2275 1259 2314 causam
1296 2278 1398 2314 non
1435 2263 1738 2317 invenerunt
1760 2265 1802 2299 "
1825 2283 1839 2319 :
1866 2266 2051 2319 maxi—

478 2360 565 2400 me
588 2360 710 2399 cum
738 2355 793 2400 et
818 2347 1057 2415 proditor
1083 2362 1253 2402 ccenze
1278 2348 1352 2402 illi
1378 2350 1687 2417 interesset,
1717 2355 1811 2422 qui
1854 2355 1898 2408 si
1922 2356 2051 2424 quid

480 2435 589 2491 tale
627 2435 819 2492 fuisset
852 2436 1170 2502 admissum,
1209 2438 1407 2495 Judaeis
1462 2441 1601 2496 clam
1658 2446 2044 2501 renuntiasset.

480 2525 800 2597 Quanquam
849 2535 904 2583 et
938 2527 1199 2584 Dominus
1239 2531 1313 2585 ait
1362 2547 1378 2584 :
1434 2532 1709 2587 Desiderio
1752 2535 2054 2592 desideravi

481 2620 575 2674 hoc
601 2622 797 2688 pascha
830 2622 1149 2674 manducare
1182 2619 1448 2676 vobiscum
1477 2624 1559 2691 ⁵⁰;
1600 2627 1649 2678 ἡ]
1691 2640 1799 2694 quo
1840 2626 2053 2685 scilicet

483 2710 644 2764 etiam
715 2711 1031 2780 mysterium
1088 2712 1333 2781 corporis
1387 2714 1467 2767 sui
1530 2716 1851 2771 tradendum
1911 2728 2051 2786 erat,

486 2799 848 2870 praedixitque
878 2801 1099 2855 ubinam
1140 2818 1263 2857 cum
1297 2804 1576 2874 discipulis
1614 2816 1895 2875 oporteret
1926 2823 2052 2865 cum

487 2891 692 2945 Pascha
736 2892 1083 2946 manducare.

559 2982 615 3037 Si
648 2994 826 3036 autem
865 2985 1062 3053 pascha
1110 2985 1408 3056 legitimum
1447 2987 1568 3053 fuit,
1621 2990 1847 3044 omnino
1893 2992 2056 3045 etiam

487 3074 742 3143 legitimis
778 3077 831 3128 iu
881 3075 969 3129 illo
1000 3075 1136 3129 cibis
1184 3093 1312 3132 usus
1342 3089 1442 3134 est.
1493 3078 1677 3148 Neque
1731 3083 1895 3144 enim,
1933 3098 2056 3135 cum

2219 1892 2445 1945 Latinus
2467 1889 2609 1942 enim
2655 1887 2911 1949 fortasse.
2939 1885 3018 1940 vel
3050 1884 3245 1939 Perses
3273 1898 3300 1935 a
3345 1879 3727 1937 conﬁrmando

2148 1985 2306 2057 panis
2335 1996 2526 2037 nomen
2555 2022 2570 2045 ,
2599 1979 2724 2048 quia
2750 1994 2846 2033 cor
2874 1977 3113 2032 hominis
3147 1976 3433 2030 conﬁrmat
3471 1974 3555 2028 vel
3586 1988 3735 2041 quo-

2152 2076 2444 2132 modolibet
2480 2072 2661 2137 aliter,
2711 2085 2740 2124 a
2791 2068 3222 2139 proprietatibus
3257 2068 3427 2136 ipsam
3478 2082 3592 2120 rem
3643 2080 3737 2119 se-

2151 2166 2444 2236 quentibus
2471 2162 2711 2217 deducit.
2750 2160 2807 2215 Si
2841 2169 3020 2215 autem
3056 2166 3111 2213 et
3145 2173 3335 2229 azyma
3367 2172 3461 2213 cor
3489 2157 3734 2211 hominis

2153 2259 2500 2320 conﬁrmant,
2542 2256 2601 2309 Et
2634 2253 2748 2322 ipsa
2784 2251 3008 2307 omnino
3035 2251 3192 2320 panis
3233 2250 3450 2304 nomine
3478 2247 3734 2302 vocanda

2154 2357 2315 2416 sunt;
2373 2359 2429 2402 et
2476 2345 2783 2414 Scriptura,
2826 2359 2951 2398 cum
2995 2343 3065 2401 de
3095 2343 3227 2414 ipsis
3255 2342 3515 2413 loquitur,
3564 2353 3745 2409 panes

2158 2449 2387 2509 utraque
2411 2439 2667 2506 appellat.

2226 2533 2379 2599 Quod
2410 2533 2615 2587 indicat
2654 2534 2846 2587 beatus
2874 2530 3206 2601 evangelista
3245 2528 3445 2594 Lucas,
3478 2528 3567 2599 qui
3604 2527 3743 2583 Sal-

2155 2624 2361 2679 vatoris
2387 2632 2511 2693 post
2541 2624 2999 2679 resurrectionem
3030 2622 3093 2674 ad
3120 2619 3323 2675 Lucam
3353 2629 3408 2674 et
3434 2619 3745 2690 Cleopbam

2157 2715 2213 2768 in
2254 2714 2506 2768 Emmaus
2552 2712 2967 2784 proﬁciscentes
3015 2711 3343 2766 locutionem
3380 2727 3747 2781 prosequens,

2155 2815 2280 2876 post
2334 2807 2580 2873 quaedam
2643 2806 2851 2860 infert:
2886 2803 2988 2859 Sed
3030 2821 3147 2858 cum
3187 2804 3267 2857 his
3295 2804 3535 2859 amnibus
3585 2804 3753 2859 hodie

2162 2897 2317 2950 tertia
2353 2897 2466 2950 dies
2497 2907 2594 2958 est,
2643 2912 2743 2967 quo
2776 2898 2893 2959 ipsa
2926 2897 3071 2965 facta
3099 2907 3217 2949 sunt
3258 2895 3339 2960 “,
3383 2897 3447 2950 de
3491 2895 3754 2965 passione

2159 2989 2364 3044 scilicet
2382 2988 2628 3057 loquens.
2646 2987 2718 3042 De
2748 2987 2851 3041 hac
2873 2987 3017 3041 enim
3042 3001 3220 3040 sermo
3242 2994 3392 3051 erat;
3420 2994 3755 3053 constatque

2165 3080 2291 3150 quia
2326 3080 2442 3135 haac
2470 3082 2625 3134 tertia
2657 3079 2797 3134 inter
2830 3088 3037 3148 septem
3076 3087 3198 3148 post
3222 3076 3433 3132 Pascha
3470 3076 3584 3131 dies
3616 3075 3753 3139 fuit,

487 3165 667 3218 oumia
700 3164 835 3232 legis
875 3165 1177 3235 implesset,
1211 3183 1328 3223 eam
1366 3170 1418 3223 in
1463 3169 1666 3226 Pascha
1716 3174 2059 3240 pracvaricari
2089 3156 2133 3217 C
2168 3170 2220 3224 in
2248 3171 2447 3239 quibus
2473 3170 2770 3225 secundum
2812 3168 2986 3238 legem
3027 3168 3105 3225 eis
3135 3169 3483 3225 interdictum
3513 3176 3631 3221 erat
3660 3167 3753 3221 uti

490 3256 692 3310 debuit.
718 3256 1078 3312 Commendat
1111 3260 1209 3315 hoe
1236 3270 1290 3315 et
1312 3264 1667 3332 evangelista,
1708 3281 1829 3320 cum
1872 3267 2002 3322 dicit
2044 3286 2058 3323 :

492 3346 672 3401 Prima
712 3357 886 3400 autem
920 3349 1003 3401 die
1038 3350 1360 3419 Azymorum
1391 3352 1458 3406 ".

559 3435 741 3490 Prima
776 3453 904 3493 vero
929 3439 1254 3508 Azymorum
1283 3442 1542 3498 solemnis
1576 3453 1698 3518 erat
1724 3460 1787 3500 ac
1838 3446 2061 3518 legitimi

494 3528 739 3584 Pascha.
794 3530 888 3585 Sin
936 3548 1063 3587 vero
1113 3534 1269 3588 divus
1314 3504 1739 3603 Chrysostomiis
1787 3554 2064 3609 exponens

491 3623 713 3687 primam
771 3623 1119 3693 Asymorum,
1181 3640 1302 3680 eam
1369 3644 1489 3696 qua:
1549 3630 1818 3699 praecedat
1873 3648 2062 3703 azyma

503 3713 660 3775 dixit,
710 3713 830 3768 ideo
878 3713 931 3769 id
963 3717 1057 3779 ait,
1094 3717 1219 3784 quia
1264 3715 1467 3772 Iudicis
1494 3722 1826 3775 consuetudo
1869 3732 2007 3787 erat,
2038 3739 2068 3778 a

494 3817 723 3870 vespera
789 3819 1005 3874 semper
1069 3807 1285 3859 initium
1346 3802 1979 3892 diei‘com’putantibus,
2040 3828 2070 3868 e

496 3907 721 3962 vespera
756 3893 921 3947 etiam
961 3893 1363 3949 solemnitatem
1400 3901 1728 3967 Azymorum
1767 3901 2067 3957 inchoare:

495 3998 658 4050 quam
686 3983 829 4036 enim
863 3984 962 4051 ipsi
998 3995 1230 4047 noetem,
1261 3994 1466 4056 partem
1501 3990 1761 4055 praeteriti
1787 3992 1889 4046 diei
1923 4008 2073 4047 com-

497 4082 774 4139 putamus,
809 4073 1016 4126 initium
1065 4076 1166 4127 diei
1200 4092 1226 4127 a
1260 4077 1393 4131 solis
1423 4088 1546 4132 ortu
1590 4079 1849 4135 facientes
1874 4120 1889 4146 ,
1932 4083 2072 4140 hanc

502 4162 573 4213 illi
622 4160 728 4214 diei
780 4162 1057 4229 sequentis
1106 4164 1316 4219 initium
1348 4178 1901 4239 computant;quam
1943 4189 2073 4243 ergo

500 4268 598 4307 nos
627 4262 753 4307 ante
800 4257 1022 4324 Azyma,
1074 4254 1149 4308 illi
1204 4258 1431 4324 primam
1483 4261 1810 4330 Azymorum
1862 4263 2072 4319 dicunt.

422 4360 429 4366 ο
502 4342 771 4409 Quocirca
806 4344 1135 4414 evangelista
1185 4362 1402 4416 quoque
1447 4351 1749 4415 secundum
1782 4365 2075 4408 consuetu-

2167 3261 2548 3327 fermentatis,
2598 3262 2682 3315 vel
2736 3275 2799 3314 ea
2862 3270 3145 3329 utcunque
3202 3258 3578 3316 circumferre.
3642 3257 3754 3311 At-

2166 3368 2270 3422 que
2328 3352 2441 3408 illic
2506 3353 2677 3420 addit,
2722 3353 2850 3422 quia
2890 3352 3139 3423 cognitus
3194 3352 3296 3406 fuit
3362 3353 3418 3406 in
3482 3350 3755 3417 fractioue

2168 3445 2344 3515 panis.

2239 3535 2297 3589 In
2347 3534 2461 3604 ipsa
2495 3548 2713 3604 quoque
2741 3534 3086 3603 apparitione
3124 3532 3359 3593 Domini,
3388 3547 3491 3601 qua
3520 3532 3756 3599 piscan—

2171 3625 2312 3678 tibus
2372 3626 2659 3695 apparuit,
2717 3626 2979 3695 scriptum
3046 3636 3131 3679 est
3182 3623 3374 3689 :Quia
3429 3624 3755 3676 invenerunt

2170 3734 2395 3785 prunam
2447 3718 2694 3785 positam,
2742 3726 2791 3770 et
2848 3717 3043 3785 piscem
3095 3716 3505 3785 superpositum,
3543 3723 3595 3768 et
3648 3729 3757 3780 pa-

2172 3826 2286 3864 nem
2315 3809 2381 3863 “.
2443 3809 2671 3862 Constat
2728 3823 2857 3874 ergo
2910 3822 3097 3877 azyma
3146 3820 3334 3875 panem
3389 3804 3762 3875 evangelistas

2172 3898 2495 3968 appellasse,
2548 3913 2725 3966 neque
2779 3898 2923 3951 enim
2981 3898 3064 3952 eis
3121 3896 3319 3951 licebat
3381 3905 3587 3963 septem
3650 3893 3765 3948 illis

2174 3990 2362 4045 diebus
2409 3990 2793 4046 fermentatum
2844 4005 3037 4059 panem
3095 3988 3323 4054 habere,
3375 3989 3460 4043 vel
3511 3988 3764 4042 circum-

2176 4081 2339 4137 terre.

2246 4175 2535 4241 Prazlerea,
2587 4176 2910 4231 lermentnm
3002 4189 3102 4245 pro
3164 4175 3287 4231 dolo
3338 4184 3391 4228 et
3444 4174 3647 4227 malitia
3704 4174 3766 4228 in

2179 4268 2455 4335 Scriptura
2504 4269 2771 4334 accipitur
2821 4285 2835 4321 :
2894 4268 3161 4321 Attendite
3226 4267 3385 4330 enim,
3441 4266 3638 4333 inquit,
3720 4282 3763 4318 a

2179 4360 2434 4427 fermento
2491 4358 2887 4413 Pharisworum
2908 4358 2978 4414 ⁸⁸.
3039 4359 3106 4413 Et
3157 4375 3173 4413 :
3230 4358 3520 4426 Epulemur
3553 4373 3655 4409 non
3705 4358 3772 4411 in

501 4434 726 4498 dinem,
793 4437 1022 4505 primam
1095 4440 1415 4508 Asymorum
1502 4443 1831 4512 appellavit,
1910 4451 2437 4547 quameermento
2494 4449 2673 4512 veteri,
2734 4466 2899 4519 neque
2964 4451 3018 4504 in
3091 4449 3349 4518 fermento
3415 4449 3643 4502 malitia:
3712 4462 3771 4502 et

502 4526 925 4599 Chrysostomus
988 4541 1114 4588 ante
1170 4536 1370 4603 Azyma
1423 4535 1579 4601 dixit,
1637 4553 1920 4606 vesperam
1992 4540 2076 4594 iu-

503 4621 724 4674 sinuare
786 4623 1006 4689 volens,
1076 4626 1128 4680 in
1196 4641 1305 4695 qua
1372 4626 1633 4683 Dominus
1698 4631 1871 4699 prima
1938 4631 2082 4703 Αιγ-

506 4729 713 4767 morum
751 4716 1066 4785 inchoante,
1113 4732 1237 4772 cum
1271 4718 1552 4787 discipulis
1603 4720 1810 4776 Pascha
1851 4723 2083 4778 mandu-

507 4807 672 4861 cavit.
710 4846 713 4847 ν

576 4899 730 4964 Quod
771 4901 813 4953 si
853 4903 1055 4956 dictum
1089 4911 1217 4957 est:
1253 4902 1319 4957 Et
1356 4904 1457 4972 ipsi
1510 4921 1614 4958 non
1662 4906 1975 4959 introierunt
2028 4906 2083 4958 in

506 4992 837 5063 prrctorium,
866 5003 922 5046 ut
970 5010 1072 5047 non
1102 4996 1613 5057 contaminarentur,
1648 4996 1737 5049 sed
1773 5005 1827 5049 ut
1855 4996 2085 5050 mandu-

510 5096 690 5134 carent
718 5080 926 5135 Pascha
953 5084 1021 5149 δ’,
1068 5072 1172 5139 non
1213 5086 1332 5139 ideo
1355 5089 1649 5155 putandum
1704 5099 1809 5149 est,
1850 5088 2087 5142 nondum

511 5172 793 5226 advenisse
847 5172 1096 5239 Pascha;
1150 5177 1242 5229 sed
1276 5177 1401 5245 quia
1449 5174 1654 5231 Iudaeis
1690 5177 1895 5232 licitum
1944 5191 2086 5241 erat,

513 5261 686 5328 ipsum
741 5264 794 5317 in
843 5264 1170 5335 quibusdam
1205 5268 1422 5323 casibus
1458 5266 1697 5323 dill‘erre.
1750 5268 1906 5325 Sicut
1935 5270 2079 5324 enim

587 5440 629 5514 τ’
662 5439 849 5496 Matth.
889 5458 942 5506 ν,
1001 5445 1089 5501 l7.
1201 5447 1245 5480 ³⁸
1291 5447 1481 5502 Matth.
1544 5464 1622 5514 ιιι.
1665 5450 1751 5506 15-

1856 5453 1900 5485 "
1950 5450 2135 5505 Matth.
2172 5463 2320 5508 xm.
2353 5448 2445 5504 60.

512 5508 558 5542 ι’
590 5508 743 5565 Joan.
778 5528 927 5580 xvm,
958 5514 1048 5570 ‘28.
1080 5519 1123 5549 "
1146 5519 1278 5574 Luc.
1310 5535 1457 5587 xxiv,
1486 5519 1576 5574 2|.
1609 5508 1619 5514 ⁷
1655 5519 1882 5575 "Joan.
1918 5538 2028 5587 χχι,
2066 5522 2119 5575 9.

2180 4542 2446 4609 nequitia,
2479 4540 2569 4593 sed
2620 4541 2675 4592 in
2713 4540 2917 4608 azymis
2949 4539 3277 4593 sinceritatis
3311 4547 3361 4591 et
3412 4539 3651 4591 veritatis
3676 4537 3724 4567 “
3751 4554 3769 4599 ;

2180 4636 2305 4701 quia
2361 4633 2524 4687 etiam
2586 4644 2861 4701 sumptum
2928 4648 2995 4687 ex
3053 4647 3210 4687 sacra
3264 4628 3491 4701 Virgine
3545 4628 3772 4681 Domini

2179 4739 2381 4794 corpus
2429 4726 2496 4778 ab
2538 4723 2686 4777 omni
2738 4724 2949 4792 peccati
2987 4724 3110 4778 labe
3142 4723 3440 4787 sincerum,
3474 4722 3770 4781 intactum,

2182 4817 2518 4871 inaccessum
2591 4813 2712 4880 fuit,
2779 4814 2984 4869 idcirco
3046 4815 3204 4884 panis
3260 4827 3475 4883 quoque
3533 4824 3774 4880 azymus

2185 4910 2450 4963 sincerior
2475 4922 2538 4962 ac
2576 4907 2875 4976 simplicior
2906 4922 3025 4961 cum
3056 4907 3151 4971 sit,
3196 4890 3392 4958 merito
3424 4904 3474 4955 in
3506 4900 3772 4954 sacriﬁcii

2186 4998 2459 5052 oblatione
2498 5009 2810 5067 assumptus
2842 4997 2943 5051 dici
2981 5007 3177 5065 potest,
3222 4996 3273 5049 in
3302 5009 3431 5064 qua,
3455 4991 3773 5059 subjectum

2187 5089 2317 5144 illud
2368 5090 2417 5143 in
2495 5088 2835 5143 Dominicum
2903 5097 3142 5143 mutatur
3209 5102 3429 5154 corpus.
3492 5085 3546 5138 ld
3613 5084 3771 5136 enim

2188 5179 2406 5247 plenum
2461 5180 2686 5233 rationis
2735 5179 2867 5243 est,’
2922 5188 2983 5233 ut
3040 5181 3105 5231 ad
3156 5179 3447 5248 mysteria,
3495 5190 3612 5243 qum
3669 5189 3773 5242 per

2191 5269 2478 5323 sensibilcs
2514 5269 2727 5337 species
2769 5254 3077 5334 traduntur,
3122 5267 3492 5338 pretiosiores,
3542 5274 3597 5318 ct
3650 5267 3779 5330 qua:

2560 5450 2606 5482 ‘°
2636 5450 2771 5506 Luc.
2816 5465 2948 5512 nu,
2978 5450 3066 5504 15.
3171 5449 3217 5480 ⁵¹
3248 5446 3443 5501 Matth.
3474 5459 3624 5505 xm,
3672 5441 3767 5496 Π.

2196 5523 2241 5555 ⁸³
2276 5519 2473 5576 Matth.
2519 5537 2629 5587 xu,
2666 5522 2718 5575 6.
2796 5519 2883 5572 ⁵⁸1
2915 5522 3046 5574 (lor.
3095 5534 3147 5585 v,
3186 5519 3239 5575 8.

592 5652 702 5739 (82'?)
739 5643 882 5739 licge
917 5657 1428 5739 Bellarminumlib.
1479 5657 1659 5739 ivnDe
1716 5657 2075 5739 Eucharistia,
2151 5673 2198 5714 c.
2255 5660 2287 5713 7
2318 5670 2371 5715 et
2417 5677 2613 5731 seqq.;
2665 5658 2911 5717 Gennad.
2971 5672 3068 5729 pro
3139 5654 3370 5713 concilio
3427 5652 3780 5719 Florentino,

522 5721 875 5781 llumbertuni
899 5738 1086 5783 contra
1115 5728 1428 5786 Michaelcm
1454 5740 1516 5785 ‘ct
1542 5728 1804 5785 Nicctam.
