3996 6222
216 321 332 382 225

1318 301 1722 379 Anvnnsus
1758 313 2079 377 tan/scus
2119 317 2266 379 LIB.
2311 321 2410 382 tv.

3365 316 3470 382 226
3505 279 3516 282 ’

215 434 334 485 sint
371 432 546 502 magis
592 431 692 497 eis,
737 444 856 500 qua:
887 439 1200 500 sumuntur,
1237 431 1657 488 accommodatae
1702 428 1801 486 eli—
1831 427 1879 488 Δ
1904 427 2144 488 Ecclesia
2176 439 2468 496 canuntur,
2511 438 2569 486 ut
2602 430 2731 486 illud
2760 448 2775 487 :
2810 431 3071 499 Quoniam
3103 433 3158 486 in
3183 431 3478 488 calestibus

214 532 444 592 pater.

753 610 829 666 De
870 611 1270 668 dormientibus.

289 703 361 756 Et
442 703 548 758 hoc
631 705 760 759 item
816 703 1256 762 Occidentalibus
1330 706 1538 762 crimen
1607 705 1810 774 impiu-

217 802 354 863 gunt
389 794 531 862 (84),
561 797 703 863 quod
737 811 833 852 eos
858 796 946 864 qui
984 797 1093 852 vita
1119 799 1405 862 excedunt,
1439 797 1542 850 nisi
1584 806 1807 868 peccata

219 886 400 952 aliqua
443 888 773 954 impediant,
822 898 1045 944 sanctos
1086 888 1270 944 debita
1322 890 1579 945 beatitate
1619 891 1803 946 statim

221 975 327 1030 frui
367 977 586 1042 dicunt,
640 988 694 1034 et
752 989 1153 1052 consequenter
1206 983 1522 1038 mortalibus
1569 986 1807 1053 peccatis

218 1067 568 1130 obstrictos,
605 1080 768 1140 atque
815 1071 936 1127 ideo
972 1088 1002 1127 a
1052 1073 1388 1131 beatitudine
1431 1075 1807 1145 indignos,'ad

217 1167 463 1212 eterna:
494 1162 777 1216 cruciatus
808 1166 1072 1231 pertrahi,
1095 1169 1271 1236 quoad
1299 1166 1440 1223 facta
1471 1177 1807 1224 mortuorum

221 1250 314 1302 illa
375 1253 627 1319 generali
685 1259 1128 1325 resurrectione,
1193 1261 1402 1331 singula
1471 1260 1808 1330 singulorum

215 1341 524 1395 animabus
559 1343 846 1413 conjuncta
892 1362 1118 1417 corpora
1151 1365 1254 1404 una
1285 1351 1367 1405 vel
1403 1351 1652 1406 fruantur
1680 1368 1811 1421 gau-

216 1427 347 1493 diis,
379 1432 466 1485 vel
503 1425 788 1503 suppliciis
811 1437 1136 1494 adiciantur.
1178 1440 1278 1507 Qui
1311 1453 1491 1496 autem
1521 1443 1573 1497 id
1602 1443 1811 1498 crimen

215 1519 519 1587 objiciunt,
568 1525 684 1580 sive
727 1529 898 1582 sacris
932 1528 1156 1586 Litteris
1190 1533 1542 1597 credendum,
1595 1535 1708 1589 sive
1742 1538 1812 1590 sit

215 1610 580 1668 observanda
617 1617 779 1684 ratio,
825 1620 1031 1688 culpari
1074 1623 1253 1692 potius
1299 1634 1596 1690 merentur,
1648 1633 1846 1694 quatn'

216 1703 452 1771 culpare
487 1705 596 1774 ipsi
629 1707 884 1766 debeant.
918 1712 1057 1767 Nam
1102 1713 1363 1772 Dominus
1389 1717 1628 1788 quidem,
1651 1727 1707 1772 ut
1746 1734 1810 1774 ex

216 1797 492 1865 pauperis
524 1796 744 1864 Lazari,
780 1811 836 1856 et
880 1802 1064 1859 divitis
1092 1806 1337 1876 epulonis
1379 1808 1637 1878 parabola
1680 1825 1809 1879 pro-

215 1887 429 1952 posita,
475 1879 698 1944 constat
725 1890 796 1956 ",
825 1896 949 1961 quia
988 1911 1094 1949 non
1129 1898 1292 1952 verba
1329 1899 1446 1954 sine
1481 1898 1644 1957 rebus
1686 1916 1812 1971 pro-

216 1976 495 2045 ponebat,
549 1983 885 2040 concludens
935 1987 1135 2058 adjecit
1170 2007 1184 2043 :
1221 1991 1366 2060 quod
1417 1989 1656 2048 Lazarus
1691 1995 1812 2063 qui-

217 2067 344 2122 dem
400 2079 659 2128 mortuus
690 2074 759 2128 ab
801 2077 1004 2144 angelis
1050 2079 1280 2134 Abrahae
1308 2082 1518 2138 sinibus
1568 2083 1812 2140 invectus

219 2166 342 2225 est;
382 2172 643 2220 mortuus
672 2175 755 2220 est
785 2178 962 2223 autem
994 2181 1048 2226 et
1082 2171 1232 2228 dives
1263 2184 1318 2229 et
1347 2175 1612 2245 sepultus,
1651 2188 1812 2247 atque

221 2251 274 2306 in
311 2253 608 2310 ﬂammam
643 2259 799 2314 abiit.
833 2261 939 2316 Per
987 2279 1109 2334 qua:
1148 2274 1269 2335 post
1318 2276 1552 2323 mortem
1588 2270 1813 2327 alterius

226 2344 466 2411 quidem
506 2347 738 2416 requies,
761 2358 817 2405 et
843 2351 1120 2409 beatitudo
1142 2357 1406 2428 signatur,
1432 2359 1658 2418 alterius
1685 2377 1812 2418 vero

223 2435 548 2498 cruciatus,
580 2439 788 2494 nullum
830 2441 990 2498 ﬁnem
1027 2445 1258 2503 habens.

293 2525 636 2596 Quanquam
699 2541 755 2586 et
805 2533 859 2587 id
912 2537 1052 2606 quod
1111 2538 1180 2593 ad
1236 2541 1496 2597 latronem
1555 2545 1608 2597 in
1656 2558 1815 2601 cruce

227 2614 457 2672 dictum
487 2630 572 2674 est
602 2641 616 2676 :
655 2623 827 2679 Hodie
851 2641 1049 2682 mecum
1074 2633 1177 2684 eris
1206 2631 1259 2685 in
1291 2633 1544 2700 paradiso
1571 2633 1639 2699 ⁸⁸,
1671 2635 1812 2704 jam-

221 2705 339 2773 jam
388 2707 636 2764 futuram
671 2712 1062 2770 beatitudinem
1107 2720 1468 2774 commendat.
1520 2721 1684 2775 Divus
1723 2737 1820 2776 au-

230 2809 342 2852 tem
411 2799 618 2858 Paulus
666 2804 890 2861 dissolvi
935 2809 1102 2878 cupit,
1152 2820 1205 2865 et
1239 2825 1360 2867 esse
1409 2827 1530 2866 cum
1575 2813 1814 2869 Christo.

227 2889 420 2959 Cujus
456 2892 532 2947 rei
583 2895 755 2963 gratia
790 2896 841 2950 id
889 2898 1178 2968 cupiebat?
1208 2898 1607 2970 lngemiscintus
1653 2905 1814 2969 enim,

230 2982 453 3050 inquit,
485 2983 704 3039 scientes
737 2989 985 3056 quoniam
1031 2990 1154 3044 dum
1203 3007 1385 3046 sumus
1429 2993 1484 3046 in
1519 2994 1618 3048 hoc
1647 2998 1818 3049 taber-

1907 519 2157 575 thalamis
2189 523 2408 592 gloriosi
2440 535 2696 594 martyres
2745 535 2967 578 exorant
3013 535 3084 588 te,
3117 524 3354 580 Domine.
3413 526 3482 582 Et

1907 611 2077 666 illud:
2121 613 2385 685 Martyres
2416 614 2622 692 inclyti,
2659 631 2761 669 non
2802 623 2945 669 terra
2986 631 3075 670 uos
3107 615 3478 682 occuluit,.sed

1905 702 2093 757 caelum
2143 707 2393 777 suscepit.
2444 708 2656 776 Aperta:
2683 715 2805 760 sunt
2839 707 2980 761 vobis
3020 707 3260 774 paradisi
3291 717 3479 776 parte,

1906 795 2147 862 intusque
2168 797 2555 860 accumbentes,
2581 797 2779 867 lignum
2808 798 2925 850 vita
2947 798 3199 866 gustatis.
3224 797 3288 850 Et
3310 798 3437 852 illud
3463 815 3476 854 :

1911 885 2468 942 Sanctorum'cltorus
2521 890 2642 944 vita
2677 891 2876 957 fontem
2926 890 3140 953 invenit,
3175 901 3223 944 et
3267 901 3474 961 portum

1906 977 2168 1045 paradisi.
2189 977 2255 1030 Et
2279 978 2410 1032 illud
2441 995 2454 1031 :
2483 978 2622 1042 Quia
2645 995 2782 1033 nunc
2810 980 3019 1034 assistis
3051 979 3300 1036 Trinitati
3329 982 3478 1052 felix,

1910 1069 2218 1136 interpellas
2261 1086 2358 1139 pro
2395 1071 2566 1139 nobis,
2593 1073 2688 1140 qui
2723 1071 2828 1139 ﬁde
2875 1083 2924 1125 et
2953 1073 3142 1141 aﬂ'ectu
3171 1075 3472 1128 memoriam

1910 1160 1992 1214 tui
2022 1178 2354 1217 veneramur.

1981 1251 2046 1305 Et
2100 1254 2298 1322 ubique
2351 1253 2572 1308 omnino
2623 1262 2850 1309 sanctos
2895 1254 3105 1324 angelis
3160 1256 3376 1320 adesse,
3428 1261 3482 1309 et

1918 1346 2283 1414 congaudere,
2332 1353 2388 1401 et
2419 1361 2525 1400 una
2557 1346 2785 1402 choreas
2832 1361 2994 1416 agere
3026 1347 3355 1401 confitemur
3389 1361 3484 1400 ve-

1912 1448 2193 1502 nerantes,
2246 1448 2408 1507 atque
2443 1448 2498 1492 ut
2544 1453 2645 1508 pro
2697 1437 2852 1492 nobis
2885 1438 3247 1492 interveniant
3295 1452 3478 1506 preca-

1913 1543 2058 1592 mur,
2099 1528 2241 1596 quod
2283 1527 2526 1598 profecto
2557 1544 2663 1582 non
2700 1529 2872 1592 fieret,
2907 1529 3009 1582 nisi
3047 1536 3195 1584 esset
3233 1542 3486 1582 commu-

1913 1619 1999 1676 nis
2028 1621 2281 1676 Ecclesia
2310 1621 2512 1690 opinio,
2535 1619 2698 1674 etiam
2729 1629 2856 1674 ante
2891 1619 3124 1674 futuram
3150 1627 3484 1673 mortuorum

1915 1711 2372 1766 resurrectionem
2435 1720 2654 1766 sanctos
2712 1725 2903 1766 omnes
2949 1709 3216 1764 beatitate
3255 1706 3482 1778 perfrui.

1911 1801 2062 1858 Alias
2091 1807 2271 1857 autem
2307 1801 2488 1855 miseri
2521 1794 2744 1855 omnino
2769 1810 2972 1863 essent,
3010 1801 3055 1855 si
3089 1801 3326 1869 reposita
3379 1800 3484 1856 sibi

1910 1895 2052 1952 bona
2082 1892 2270 1962 procul
2294 1892 2587 1958 intuentes,
2616 1902 2862 1961 prompte
2889 1905 2956 1946 ex
2988 1889 3092 1946 hac
3121 1890 3252 1954 vita,
3279 1901 3334 1945 et
3359 1905 3482 1946 cum

1911 1983 2186 2054 voluptm
2210 1983 2530 2052 migrarent.
3179 2031 3182 2038 ,

1989 2071 2247 2135 Proinde,
2281 2070 2556 2136 quomodo
2595 2070 2903 2134 conveniat,
2936 2069 3154 2124 illorum
3203 2071 3388 2143 aliquo
3425 2072 3478 2127 in

1914 2162 2034 2220 loco
2056 2173 2302 2219 servatas
2326 2162 2539 2216 animas
2571 2172 2721 2217 tanto
2754 2172 2991 2230 tempore
3018 2165 3256 2232 praemiis
3286 2165 3484 2220 debitis

1916 2254 2182 2320 fraudari,
2209 2254 2404 2324 quibus
2428 2252 2690 2308 Dominus
2719 2254 2976 2324 gaudium
3009 2263 3272 2309 aeternum
3297 2271 3486 2326 repro-

1916 2345 2084 2408 misit,
2115 2358 2358 2413 quosque
2401 2345 2754 2399 assumendus
2788 2343 2866 2397 ait
2896 2361 2910 2396 :
2950 2345 3014 2400 Ut
3065 2344 3153 2398 abi
3182 2345 3270 2399 ille
3305 2359 3402 2414 est,
3435 2356 3483 2402 et

1913 2433 2017 2503 ipsi
2049 2435 2152 2488 sint
2178 2434 2266 2487 "‘3
2318 2434 2423 2488 Sed
2456 2445 2509 2490 et
2553 2445 2674 2505 post
2714 2435 2856 2490 hanc
2889 2437 3055 2490 vitam
3089 2453 3212 2492 cum
3270 2440 3375 2496 fide
3432 2451 3488 2495 et

1915 2539 2012 2596 Spe
2076 2536 2370 2589 viveretur,
2402 2541 2522 2596 quae
2567 2527 2759 2582 beatus
2805 2526 3003 2583 Paulus
3041 2531 3373 2596 evacuanda,
3399 2546 3489 2588 so-

1916 2617 2132 2685 Iamque
2160 2618 2482 2674 cbaritatet‘n
2517 2633 2924 2696 permansuram
2955 2621 3092 2676 dixit
3140 2621 3195 2677 in
3246 2623 3488 2680 beatitu-

1917 2707 2065 2771 dine,
2095 2722 2214 2776 quae
2271 2708 2322 2761 in
2359 2708 2540 2764 divina
2576 2710 2951 2778 speculatione
2994 2714 3272 2769 consistit.
3325 2717 3488 2786 Atqui

1919 2811 2092 2866 neque
2128 2794 2391 2852 Dominus
2446 2797 2498 2851 id
2535 2798 2812 2862 voluisset,
2844 2813 2934 2865 ne,
2989 2801 3033 2854 si
3097 2802 3199 2871 ipsi
3249 2804 3488 2874 quidem,

1921 2889 2012 2958 qui
2051 2889 2286 2942 debitam
2335 2889 2722 2944 beatitudinem
2770 2893 3075 2962 percepturi
3126 2903 3274 2958 sunt,
3308 2894 3490 2951 minus

1919 2981 2078 3048 digne
2112 2980 2177 3033 ad
2207 2994 2328 3034 eam
2364 2980 2770 3050 percipiendam
2807 2996 2866 3038 se
2905 2995 3342 3052 comparassent,
3373 2987 3492 3056 ejus

233 3074 468 3138 uacula,
516 3079 918 3147 peregrinamur
967 3100 998 3137 a
1048 3083 1275 3138 Domino
1308 3102 1328 3143 :
1359 3100 1452 3153 per
1483 3086 1643 3155 ﬁdem
1682 3090 1818 3142 enim

1924 3086 2132 3125 summa
2166 3071 2500 3142 benignitate
2534 3072 2673 3126 ultra
2707 3074 2897 3128 merita
2932 3089 3148 3144 semper
3173 3076 3489 3139 inundante,

235 3167 613 3233 ambulamus,
654 3185 758 3223 non
815 3187 908 3240 per
955 3176 1179 3243 speciem
1217 3176 1265 3208 δ’
1307 3192 1321 3231 :
1355 3178 1590 3246 speciem
1635 3179 1820 3235 dicens

238 3257 590 3311 creditarum
646 3276 827 3316 rerum
878 3265 1231 3320 substantiam
1293 3278 1454 3338 atque
1512 3271 1817 3324 veritatem.

241 3347 510 3402 Profecto
547 3349 725 3407 autem
761 3355 862 3409 ista
895 3371 1000 3411 non
1042 3359 1266 3423 diceret,
1293 3361 1392 3414 nisi
1420 3373 1605 3431 aperte
1632 3362 1819 3427 sciret,

244 3451 370 3508 post
413 3440 725 3511 huiusmodi
760 3449 1268 3518 peregrinationem,
1317 3453 1498 3508 carnis
1527 3468 1692 3510 onere
1721 3455 1816 3508 tle-

250 3533 458 3599 posito,
494 3547 557 3588 se
580 3549 680 3604 per
710 3539 947 3606 speciem
977 3542 1278 3611 concupitis
1307 3543 1616 3599 fruiturum.
1650 3545 1821 3600 Aliter

247 3623 481 3692 quippe,
541 3626 725 3681 vivere
781 3629 1120 3698 prastitisset
1169 3647 1326 3697 quam
1365 3634 1525 3688 mori.
1579 3632 1712 3688 Nam
1767 3642 1822 3688 et

190 3767 202 3778 ,
249 3711 507 3778 corporis
544 3710 611 3765 ad
644 3713 876 3768 animam
936 3718 1223 3775 connexio.
1263 3719 1427 3773 veluti
1484 3721 1722 3776 materiae
1755 3724 1821 3776 ad

249 3801 495 3867 speciem
519 3803 820 3858 naturalem
851 3813 952 3860 est.
987 3806 1249 3864 Omnibus
1275 3819 1454 3866 autem
1487 3825 1673 3867 eorum
1699 3827 1824 3882 qum

251 3893 559 3946 secundum
590 3901 840 3950 naturam
877 3907 1022 3960 sunt,
1075 3913 1138 3952 ac
1169 3900 1532 3970 propriorum,
1565 3902 1703 3956 inest
1733 3889 1824 3957 de?-

252 3984 526 4038 siderium
581 4003 596 4040 :
652 4001 822 4058 neque
867 3989 1046 4044 dirimi
1085 3992 1351 4061 quispiam
1403 4008 1432 4047 a
1487 3994 1824 4050 naturalibus

253 4075 490 4130 vinculis
525 4077 772 4146 eligeret,
806 4080 908 4135 nisi
956 4089 1076 4149 post
1117 4081 1526 4137 dissolutionem
1563 4092 1824 4152 prmstan-

256 4168 495 4222 tioribus
545 4183 604 4223 se
644 4169 932 4225 fruiturum
962 4175 1227 4237 crederet,
1254 4173 1622 4246 defunctoque
1671 4175 1826 4229 dolor

256 4259 484 4326 inesset,
526 4261 632 4316 nisi
661 4263 895 4330 speratis
922 4265 1206 4333 potiretur.

323 4353 598 4404 Ceterum
628 4368 749 4406 cum
783 4354 1086 4421 hujusmodi
1112 4370 1238 4424 spes
1266 4355 1419 4410 lirma
1443 4355 1646 4410 sanctis
1673 4369 1825 4423 repo-

1926 3163 2076 3219 nullo
2106 3163 2194 3218 hic
2224 3163 2563 3234 prohibente,
2601 3164 2866 3233 promissa
2909 3165 3016 3222 illis
3062 3165 3202 3220 bona
3237 3182 3401 3236 penes
3432 3185 3493 3225 se

1927 3256 2208 3313 recondita
2262 3270 2503 3320 servare,
2561 3257 2810 3312 inoeroris
2851 3273 3014 3312 causa
3069 3261 3187 3317 suis
3243 3261 3490 3327 elfectus,

1923 3348 2242 3417 meritisque
2287 3348 2405 3404 illos
2439 3348 2732 3404 honoribus
2769 3350 3007 3417 privatis.

1996 3424 2132 3494 Nam
2173 3441 2218 3496 si
2251 3439 2504 3495 frustrari
2539 3440 2647 3495 fine
2693 3456 2984 3497 mternrem
3018 3444 3216 3512 ubique
3252 3458 3489 3516 praestat,

1925 3534 2193 3602 quomodo
2227 3547 2336 3587 non
2377 3533 2426 3586 id
2457 3533 2660 3586 sanctis
2693 3535 2944 3588 mceroris
2969 3537 3077 3591 erit
3104 3550 3289 3606 causa,
3318 3555 3494 3610 eoque

1923 3624 2117 3693 magis,
2174 3638 2282 3693 quo
2336 3622 2442 3676 line
2493 3624 2730 3679 maximo
2784 3633 2946 3692 atque
3002 3627 3324 3696 dignissimo
3386 3647 3490 3687 non

1923 3714 2248 3786 potientur?
2309 3714 2535 3783 Semper
2590 3715 2734 3768 enim
2793 3715 3078 3785 cupientes
3130 3733 3391 3786 quaerent,
3439 3735 3492 3778 et

1928 3822 2036 3860 non
2068 3807 2336 3876 patientes
2360 3789 2680 3860 mterebunt.
2727 3805 2782 3860 Si
2816 3807 2960 3860 enim
2992 3810 3078 3864 hic
3111 3811 3492 3881 ingemiscunt,

1926 3897 2016 3950 ubi
2069 3897 2483 3965 peregrinantur
2531 3913 2558 3950 a
2614 3895 2880 3962 Domino,
2936 3904 3205 3966 quomodo
3268 3919 3374 3958 non
3429 3905 3483 3959 id

1925 3991 2100 4044 etiam
2151 3997 2277 4057 post
2333 4000 2654 4057 prmsentem
2715 3991 2878 4045 vitam
2937 3978 3228 4062 patientur,
3286 3998 3329 4052 si
3385 3999 3492 4051 illic

1924 4082 2002 4135 eis
2048 4094 2166 4135 cum
2223 4079 2326 4133 lide
2376 4081 2537 4134 etiam
2582 4095 2646 4135 ac
2697 4095 2791 4150 spe
2841 4082 3128 4139 vivendum
3203 4088 3313 4142 sit?
3363 4087 3495 4155 Qua:

1926 4172 2131 4237 omnia,
2180 4181 2377 4240 printer
2427 4170 2721 4242 Scriptura:
2759 4189 3031 4244 normam,
3066 4190 3377 4250 praterque
3405 4197 3494 4236 ra-

1927 4262 2123 4317 tionem
2150 4272 2297 4315 sunt.

2004 4351 2176 4408 Porro
2204 4355 2249 4409 si
2282 4356 2404 4424 quis
2441 4355 2622 4407 divum
2656 4355 2878 4410 Paulum
2917 4357 3142 4426 objiciet
3171 4361 3442 4418 dicentem
3481 4383 3494 4417 :

260 4443 360 4493 sita
400 4445 500 4505 sit,
537 4457 711 4510 mque
763 4445 815 4497 in
868 4459 1048 4499 rerum
1105 4421 1417 4502 substantia
1453 4460 1574 4502 esse
1630 4445 1824 4515 possit,
1859 4421 1902 4475 D
1933 4443 2003 4496 Et
2034 4446 2089 4498 lu“
2133 4462 2331 4509 omnes,
2357 4446 2526 4498 sancti
2557 4447 2768 4500 scilicet
2797 4449 2863 4502 de
2890 4450 3090 4516 quibus
3121 4451 3357 4515 dicebat,
3395 4470 3497 4507 non

264 4533 362 4586 nisi
391 4542 686 4600 separetur
714 4534 891 4587 anima
923 4550 954 4589 a
982 4549 1234 4606 corpore,
1278 4535 1578 4590 naturalem
1611 4534 1834 4602 conjun-

262 4633 500 4676 ctionem
554 4625 731 4678 sancti
789 4623 1082 4694 fugientes,
1131 4625 1540 4681 dissolutionem
1577 4623 1829 4694 cupiunt,

264 4723 320 4765 ut
354 4716 435 4767 eis
466 4714 749 4770 destructa
796 4718 1046 4780 materia,
1081 4717 1238 4772 liceat
1283 4733 1474 4773 eorum
1504 4732 1622 4786 quae
1654 4715 1832 4770 credi-

264 4804 481 4866 derunt,
510 4805 870 4860 substantiam
903 4807 1144 4875 recipere
1178 4823 1193 4862 :
1235 4807 1407 4863 donec
1433 4823 1529 4876 per
1563 4819 1830 4861 summam

268 4897 356 4950 Dei
389 4898 780 4968 benignitatem
836 4901 1096 4955 naturalis
1149 4901 1310 4955 etiam
1343 4899 1652 4972 coniunctio
1691 4898 1832 4953 divi-

269 4991 384 5041 nius
415 4999 473 5042 et
501 4991 860 5046 excellentius
901 4991 1110 5047 redeat.
1162 4994 1468 5047 Attestatnr
1494 4999 1672 5045 autent
1721 4989 1826 5054 his,

265 5093 316 5135 et
345 5083 489 5152 quod
520 5083 573 5135 in
606 5083 942 5137 testamentis
969 5100 998 5138 a
1033 5083 1232 5153 Joscph
1278 5082 1582 5153 patriarcha
1625 5081 1830 5135 dictum

267 5189 345 5230 est
375 5200 386 5232 :
420 5177 726 5231 Moriuntur
756 5188 1052 5246 peccatores
1084 5189 1154 5242 _et
1211 5180 1532 5233 descendunt
1578 5179 1632 5230 in
1671 5177 1836 5247 infer-

270 5285 409 5322 nam.
443 5270 786 5324 Attestantur
831 5272 956 5325 item
1011 5281 1066 5328 et
1106 5287 1226 5341 quae
1277 5272 1466 5326 diebus
1510 5269 1742 5340 singulis
1774 5272 1826 5322 in

337 5453 382 5484 δ’
417 5452 550 5508 Luc.
580 5469 692 5520 xw,
721 5452 907 5509 19-51.
989 5452 1035 5483 ⁸⁸
1095 5449 1226 5508 Luc.
1249 5466 1406 5517 χχιιι,
1432 5451 1524 5507 43.

1936 4537 2168 4591 tulerunt
2209 4539 2684 4605 repruntissiunem,
2735 4537 2840 4591 Deo
2873 4542 3060 4594 melius
3091 4543 3299 4611 aliquid
3323 4547 3498 4612 prori-

1930 4631 2108 4690 dente,
2156 4643 2218 4681 ne
2281 4627 2391 4680 sine
2463 4628 2612 4682 nobis
2660 4629 3094 4695 perﬁcerentur“
3142 4648 3156 4686 :
3195 4634 3498 4696 sciendum.

1931 4722 2055 4791 quia
2087 4721 2187 4773 hoc
2216 4720 2267 4772 in
2308 4722 2448 4784 loco,
2479 4721 2876 4787 perfectionem,
2910 4722 3050 4776 dixit
3084 4725 3280 4778 animat
3307 4739 3503 4794 corpo-

1934 4815 2119 4879 risque
2168 4809 2448 4873 unionem,
2495 4825 2615 4878 qum
2653 4811 3036 4867 universalitcr
3075 4814 3180 4870 erit
3231 4815 3282 4869 in
3321 4816 3499 4872 futura

1933 4913 2268 4958 mortuorum
2304 4902 2725 4956 resurrectione.
2760 4903 2894 4957 Nam
2928 4907 3228 4962 secundum
3257 4911 3503 4976 corporis

1935 5004 2139 5064 partem
2167 4991 2342 5046 sancti
2378 4993 2606 5045 necdum
2645 4994 2779 5047 beati
2811 5004 2956 5062 sunt,
2997 4999 3120 5064 quia
3153 4999 3332 5066 ipsum
3370 5015 3501 5054 nec-

1938 5086 2064 5139 dum
2097 5084 2294 5138 habent
2345 5082 2725 5152 glorilicatum,
2772 5085 2926 5154 juxta
2961 5089 3225 5144 rationein
3267 5090 3502 5146 beatitu-

1937 5175 2080 5230 dinis
2111 5175 2324 5229 animm.
2354 5174 2488 5229 Cum
2523 5189 2650 5229 vero
2694 5177 2816 5230 talis
2846 5179 2974 5232 uoio
3017 5181 3142 5247 erit,
3177 5191 3302 5235 tunc
3338 5192 3490 5236 utra-

1937 5281 2044 5337 que
2072 5281 2199 5336 pars
2225 5267 2460 5322 hominis
2489 5266 2725 5337 perfecta
2765 5268 2910 5336 erit;
2937 5272 3077 5340 quod
3121 5287 3252 5342 ergo
3295 5275 3497 5328 dictum

1581 5451 1650 5526 ,ιο
1712 5449 1754 5505 ιι
1785 5448 1818 5505 c

1923 5487 1938 5516 ,
1971 5465 2023 5514 ν,
2061 5447 2114 5504 6.
2191 5445 2237 5478 ⁵⁸
2264 5459 2421 5500 toan.
2473 5459 2585 5509 xtv,
2621 5445 2674 5498 3.
2750 5447 2794 5478 ⁸¹
2847 5445 3012 5504 llebr.
3076 5465 3150 5514 ιι,
3199 5449 3383 5507 59-40.

334 5641 445 5707 (84)
482 5641 622 5710 Lege
683 5639 1014 5696 Genuadium
1064 5655 1164 5710 pro
1213 5640 1444 5696 concilio
1485 5639 1817 5706 Florentino,
1861 5652 1910 5694 c.
1939 5639 1992 5702 4,
2023 5644 2077 5692 et
2125 5633 2514 5692 Bellarminum
2570 5634 2716 5689 lib.t
2767 5633 2838 5688 De
2909 5650 3205 5702 sattrthttm
3268 5637 3484 5689 beatitu-

273 5714 399 5765 dine.
