4020 6206
491 329 590 393 231

1755 320 2157 382 MANUELIS
2201 283 2505 380 CALECAI

3634 308 3738 369 232

470 443 731 511 .profccto
782 442 942 512 jutlex
992 453 1263 509 nunquam
1312 437 1669 507 permitteret.
1713 436 1863 489 Alias
1915 435 2058 489 enim

2176 436 2313 505 τόπῳ
2342 438 2441 504 τῆς
2488 434 2813 505 καθάρσεως
2862 433 3089 496 ἐντελῶς
3131 430 3422 486 ἀποδώσει.
3480 430 3583 483 Τὸν
3636 432 3737 501 μὲν

492 538 597 590 vita
627 551 758 604 pura
791 533 925 587 nihil
953 547 981 584 a
1015 538 1269 598 corrupta
1299 528 1560 582 tliﬁerret:
1595 528 1667 589 si.
1704 528 1793 595 qui
1826 527 1944 580 sine
1972 542 2062 579 ve-

490 628 722 682 nialibus
758 626 930 692 culpis
954 638 1073 676 esse
1096 637 1199 675 nou
1235 619 1767 689 possumus(sumus
1788 619 1929 672 enim
1963 617 2061 672 ho-

491 718 698 787 mines)
731 733 884 785 zequc
908 724 1126 784 propter
1161 712 1272 778 illa,
1304 721 1359 766 ut
1391 712 1619 781 quisque
1670 711 2066 777 perditissimus

490 813 557 861 ob
608 811 814 863 scelera
863 807 1179 878 gravissima
1231 804 1619 859 cruciabimur.
1667 802 1736 856 Et
1792 802 2064 870 quomodo

491 901 783 968 unicuique
836 898 1093 952 DOuiinus
1124 894 1307 949 reddet
1333 894 1628 949 secundum
1670 906 1832 960 opera
1865 906 1963 943 sua
1982 890 2027 921 "
2050 929 2065 955 ,

491 993 535 1044 si
569 1002 644 1043 tot
674 990 873 1043 frustra
897 989 1109 1042 labores
1153 986 1329 1047 nobis,
1361 999 1457 1053 pro
1482 983 1624 1037 illius
1650 982 1931 1050 implendis
1956 981 2071 1049 jus-

492 1084 565 1136 sis
595 1080 952 1136 assumimus?
985 1080 1093 1133 imo
1117 1092 1264 1140 vero,
1316 1090 1559 1145 quaenam
1593 1083 1677 1129 est
1700 1076 1891 1128 salutis
1920 1089 2067 1143 spes,

490 1175 535 1228 si
566 1176 732 1227 etiam
769 1187 929 1243 parva
961 1185 1186 1241 quaeque
1218 1160 1461 1237 peccata,
1497 1182 1618 1235 qua:
1674 1165 1818 1219 velut
1873 1166 2064 1218 umbra

494 1266 741 1317 homines
771 1272 1094 1332 sequuntur,
1127 1275 1279 1329 atque
1330 1268 1388 1312 ut
1451 1257 1698 1312 mortalia
1724 1253 2069 1309 damnantur?

494 1353 629 1409 Nam
662 1354 779 1407 sine
802 1354 929 1422 ipsis
948 1354 1223 1423 decedere,
1258 1350 1467 1404 illorum
1491 1358 1594 1410 est.
1626 1346 1718 1415 qui
1741 1362 1836 1416 per
1864 1355 2069 1412 marty-

498 1445 637 1497 rium
696 1443 1097 1506 consummati,
1163 1446 1440 1510 vitamque
1495 1437 1792 1505 angelicam
1871 1434 2068 1489 imitati

494 1540 643 1596 sunt,
667 1546 962 1600 eorumque
987 1530 1076 1599 qui
1116 1544 1361 1599 magnam
1401 1526 1756 1582 ostenderunt
1804 1525 2068 1594 poeniten-

495 1625 649 1686 tiam,
684 1634 743 1677 ut
805 1624 972 1690 latro;
1037 1633 1091 1677 et
1147 1636 1283 1692 quos
1323 1618 1504 1675 divina
1565 1618 1742 1690 gratia
1805 1617 2071 1685 praecipue

487 1713 825 1779 justiﬁcavit.

2168 528 2279 596 γὰρ
2313 527 2420 578 τῶν
2469 525 2787 595 θανασίμων
2835 525 3210 595 ἀποσχόμενον
3242 523 3330 576 διὰ
3380 520 3497 586 βίου
3543 520 3629 575 διὰ
3669 523 3735 576 τὰ

2170 614 2349 686 μικρά
2380 614 2555 669 ταῦτα
2592 618 2706 677 τοῖς
2734 615 2962 677 ἀσώτοις
2986 613 3342 668 διαϐιώσασιν
3363 614 3555 680 ἐπίσης
3580 614 3636 665 ἐν
3660 611 3738 682 τῷ

2170 707 2272 777 ᾄδῃ
2302 708 2729 777 κατακριθῆναι,
2762 708 2977 769 πάντως
3008 707 3110 760 οὑκ
3138 706 3203 759 ἂν
3227 704 3376 773 παρὰ
3408 702 3501 755 τοῦ
3528 702 3737 756 δικαίου

2169 798 2358 867 κριτοῦ
2385 800 2788 869 συγχωρηθείη.
2818 800 3025 860 Ἄλλως
3055 798 3162 866 γὰρ
3191 798 3292 850 οῦκ
3322 796 3387 848 ἂν
3414 798 3442 848 ὀ
3472 795 3609 864 μετὰ
3630 790 3747 846 τῶν

2170 891 2402 943 ἐντολῶν
2454 892 2549 944 τοῦ
2603 893 2739 944 Θεοῦ
2792 892 2905 961 βίος
2935 890 3028 944 τοῦ
3080 890 3424 957 διεφθορότος
3465 888 3736 957 διαφέροι,

2170 981 2307 1047 εἴγε
2343 983 2450 1035 τῶν
2495 984 2594 1052 μὲν
2629 982 2992 1051 συγγνωστῶν
3031 981 3448 1051 ἁμαρτημάτων
3477 979 3743 1033 ἀδύνατον

2175 1073 2250 1143 μὴ
2286 1077 2581 1143 κατασχεῖν
2617 1074 2903 1143 ἄνθρωπον
2936 1074 3085 1138 ὄντα,
3122 1073 3317 1142 ἐπίσης
3343 1072 3401 1124 δὲ
3435 1073 3521 1124 διὰ
3565 1070 3744 1123 ταῦτα

2169 1167 2279 1225 τοῖς
2320 1167 2498 1235 πάντη
2537 1167 2847 1236 διεφθορόσι
2901 1164 3391 1236 κατακριθήσεται.
3420 1165 3531 1217 Καὶ
3567 1163 3684 1225 πῶς
3718 1164 3746 1214 ὀ

2172 1254 2377 1324 Κύριος
2415 1256 2631 1325 ἑκάστῳ
2660 1258 2801 1309 κατά
2844 1257 2910 1310 τὰ
2942 1257 3079 1327 ἔργα
3118 1255 3283 1309 αὐτοῦ
3332 1254 3605 1308 ἀποδώσει
3633 1253 3747 1305 τῶν

2171 1345 2442 1398 τοσούτων
2474 1346 2613 1415 ὑπὲρ
2642 1346 2752 1399 τῶν
2793 1348 3021 1400 ἐντολῶν
3050 1345 3216 1399 αὑτοῦ
3265 1346 3442 1397 πόνων
3469 1345 3548 1405 εἰς
3586 1344 3746 1395 κενὸν

2172 1434 2539 1503 ἀνηλωμένων
2585 1436 2662 1505 τῷ
2692 1436 3139 1507 κατορθώσαντι;
3176 1436 3392 1489 Μᾶλλον
3422 1435 3477 1489 δέ
3522 1433 3603 1496 τίς
3637 1450 3747 1485 σω-

2171 1525 2363 1593 τηρίας
2398 1526 2571 1589 ἐλπὶς,
2608 1529 2656 1579 εί
2681 1530 2774 1581 καὶ
2806 1529 2875 1581 τὰ
2908 1529 3081 1598 μικρά
3113 1529 3220 1580 τῶν
3246 1528 3684 1597 ἁμαρτημάτων,
3711 1524 3748 1577 ἃ

2174 1616 2423 1687 καθάπερ
2459 1619 2587 1670 σκιὰ
2613 1620 2750 1671 πᾶσι
2787 1622 2900 1683 τοῖς
2931 1619 3241 1687 ἀνθρώποις
3273 1617 3603 1687 παρέπεται,
3633 1616 3747 1675 τοῖς

2175 1706 2499 1778 θανασίμοις
2528 1709 2725 1779 ἐπίσης
2754 1710 3141 1780 κατακρινοῦσι
3165 1724 3178 1774 ;
3213 1710 3285 1761 Τὸ
3313 1709 3423 1778 γὰρ
3457 1706 3549 1758 καὶ
3578 1704 3749 1775 χωρὶς

490 1809 670 1862 αὐτῶν
728 1809 1005 1876 ἀπελθεῖν,
1041 1808 1149 1862 τῶν
1192 1808 1278 1861 διὰ
1352 1804 1655 1877 μαρτυρίου
1700 1803 2114 1873 τελειωθέντων,
2177 1804 2270 1857 καὶ
2321 1805 2430 1858 τῶν
2492 1807 2550 1861 ἐν
2599 1806 2811 1877 σώματι
2851 1808 3102 1876 καθάπερ
3151 1807 3373 1874 ἄγγελοι
3423 1804 3751 1857 πολιτευσας

493 1905 673 1973 μένων
711 1908 869 1975 μόνον
905 1906 1045 1968 ἐστὶ,
1076 1907 1169 1957 καὶ
1216 1904 1400 1973 μέντοι
1445 1904 1540 1954 καὶ
1611 1901 1721 1953 τῶν
1763 1900 2009 1970 μεγάλην
2054 1902 2448 1972 ἐνδειξαμένων
2517 1906 2823 1973 μετάνοιαν,
2884 1903 3073 1975 ὥσπερ
3114 1906 3142 1958 ὀ
3204 1903 3426 1973 λῃστὴς,
3461 1899 3558 1955 καὶ
3587 1899 3679 1961 οὓς
3712 1902 3747 1971 ἠ

491 2002 626 2056 Θεοῦ
672 2002 833 2071 χάρις
880 1998 1199 2052 ἐδικαίωσεν
1252 1996 1569 2067 ἐξαιρέτως,
1604 1995 1741 2066 ὅπερ
1780 1986 2067 2063 ὀλιγίστων
2107 1996 2244 2049 ἐστί.

559 2094 848 2156 Caeterum,
886 2102 942 2144 ut
971 2092 1303 2145 sordidatum
1337 2089 1418 2141 vel
1448 2103 1607 2158 parva
1632 2088 1867 2151 macula,
1929 2088 2069 2141 ιιιιὶιὴ

2246 2089 2319 2141 Τὸ
2353 2089 2411 2143 δὲ
2444 2090 2538 2142 καὶ
2569 2091 2661 2143 τὸν
2695 2091 2900 2161 βραχὺν
2930 2088 3123 2160 ἔχοντα
3157 2088 3328 2160 ῥύπον
3362 2085 3630 2155 ἐνωθῆναι
3662 2084 3743 2153 τῷ

496 2190 626 2253 Deo,
647 2200 703 2241 et
739 2184 939 2254 perfrui
990 2182 1352 2246 beatitudine,
1380 2180 1633 2249 possibile
1658 2194 1765 2233 non
1805 2191 1908 2245 est,
1941 2178 2074 2232 nihil

492 2283 635 2347 enim
698 2277 891 2329 divina:
939 2282 1143 2327 naturae
1188 2272 1470 2342 profanum
1510 2272 1939 2341 appropinquat;
1975 2268 2071 2332 ita,

492 2350 747 2421 omnibus
768 2365 1007 2434 peccatis
1036 2365 1332 2433 expiatum,
1368 2373 1577 2431 putare,
1602 2377 1706 2417 non
1736 2361 1952 2416 admitti
2007 2363 2071 2413 ad

493 2458 907 2521 beatitudinem,
961 2471 1084 2511 cum
1118 2455 1251 2508 nihil
1283 2455 1390 2524 jam
1416 2455 1666 2520 obsistat,
1703 2453 2073 2508 irrationabilc

497 2550 655 2605 simul
685 2558 738 2602 et
775 2548 1016 2616 iniquum
1052 2558 1154 2613 est,
1192 2547 1594 2616 Scripturaaque
1633 2545 1923 2601 sententiis
1950 2560 2075 2598 con-

494 2642 745 2695 trarium.
783 2639 873 2693 Sic
901 2641 1080 2706 itaque
1117 2639 1257 2692 inter
1284 2638 1692 2703 beatitudinem,
1720 2646 1774 2689 et
1811 2646 2072 2690 aeternum

494 2732 797 2786 cruciatum
841 2731 1029 2785 tertius
1060 2730 1209 2786 locus
1243 2729 1591 2799 relinquitur,
1645 2730 1699 2783 in
1747 2743 1854 2799 quo
1890 2728 2077 2795 hujus-

495 2826 639 2877 ttmdt
675 2834 892 2891 peccata
916 2832 1233 2892 purgantur.
1254 2822 1387 2876 Eum
1409 2835 1535 2875 vero
1554 2820 1726 2875 locum
1750 2820 1927 2888 ignem
1959 2834 2078 2873 esse

496 2914 684 2980 aiunt;
714 2930 824 2969 non
850 2930 974 2969 eum
1004 2914 1095 2984 qui
1128 2923 1251 2969 ante
1291 2914 1483 2968 faciem
1522 2912 1724 2967 Christi
1754 2912 1807 2965 in
1828 2912 1944 2980 ejus
1990 2926 2077 2964 re-
2108 2974 2113 2981 .

495 3006 781 3066 velatione.
801 3016 858 3058 ut
877 3006 952 3059 ait
970 3005 1156 3060 Daniel
1181 3007 1250 3070 ⁸⁹,
1273 3005 1547 3073 praecedit,
1568 3011 1625 3057 et
1645 3018 1804 3071 quem
1817 3003 2076 3071 gehennae

498 3101 677 3169 ignem
696 3098 977 3167 Scriptura
999 3099 1254 3164 vocat“;
1282 3098 1362 3151 his
1379 3098 1542 3161 enim,
1561 3096 1650 3165 qui
1672 3095 1723 3149 in
1753 3094 1899 3148 illotn
1914 3093 2077 3148 semel

500 3200 838 3259 merguntur,
906 3191 1048 3244 nulla
1104 3198 1187 3245 est
1234 3189 1544 3259 emergendi
1601 3202 1765 3256 spes;
1805 3189 1899 3241 sed
1933 3187 2071 3256 ignis

497 3281 655 3345 alius,
683 3297 838 3350 quem
896 3281 1267 3351 purgatorium
1306 3281 1541 3346 dicunt;
1586 3282 1726 3347 quod
1760 3279 1905 3333 ineo
1951 3279 2080 3332 deli-

2175 2181 2297 2252 Θεῳ
2340 2182 2764 2253 συγχωρηθῆναι
2794 2184 2890 2253 τῆς
2926 2182 3332 2254 μακαριότητος
3361 2177 3755 2246 ἐπιτετευγμέ-

2175 2292 2264 2327 νον
2315 2274 2597 2327 ἀδύνατον.
2647 2272 2819 2327 Οὐδὲν
2863 2276 2929 2344 τῇ
2988 2272 3110 2343 θείᾳ
3168 2271 3329 2343 σοφία
3391 2267 3755 2340 προσυπαντᾷ

2178 2365 2426 2436 βέϐηλον,
2464 2365 2599 2418 ἀλλά
2646 2366 2741 2418 καὶ
2786 2365 2846 2418 τὸ
2889 2366 3091 2429 παντὸς
3138 2365 3618 2434 ἐκκεκαθαρμένον
3675 2362 3754 2432 μὴ

2178 2458 2586 2528 συγχωρεῖσθαι
2615 2458 2827 2511 οἴεσθαι
2860 2459 2959 2527 τῆς
2994 2459 3399 2528 μακαριότητος
3430 2455 3751 2515 ἀπολαύειν,

2180 2548 2410 2619 μηδενὸς
2445 2548 2546 2619 ἤδη
2582 2550 3054 2619 προσισταμένου,
3090 2549 3284 2615 ἄλογόν
3320 2565 3378 2601 τε
3409 2546 3502 2599 καὶ
3541 2548 3753 2607 ἀδικον,

2176 2639 2270 2692 καὶ
2312 2640 2429 2701 ταῖς
2474 2640 2573 2707 τῆς
2625 2640 2849 2709 Γραφῆς
2901 2640 3241 2708 ἀποφάσεσιν
3282 2641 3544 2693 ἐναντίον.
3591 2635 3756 2691 Οὕτω

2176 2730 2358 2783 τοίνυν
2386 2730 2590 2799 μεταξὺ
2624 2732 3026 2802 μακαριότητος
3085 2732 3299 2801 καὶτῆς
3327 2732 3546 2785 αἰωνίου
3584 2748 3758 2783 κατα-

2177 2822 2329 2891 δίκης
2364 2821 2544 2890 τρίτος
2590 2823 2983 2877 καταλείπεται
3014 2825 3197 2890 τόπος,
3244 2827 3301 2876 ἐν
3334 2818 3377 2894 ᾧ
3410 2823 3478 2877 τὰ
3523 2823 3755 2876 τοιαῦτα

2177 2912 2286 2963 τῶν
2333 2912 2754 2983 ἁμαρτημάτων
2793 2913 3138 2984 καθαίρεται.
3181 2917 3278 2968 Ὃν
3308 2916 3373 2982 δὴ
3418 2913 3584 2965 τόπον
3639 2911 3754 2981 πῦρ

2179 2999 2323 3055 εἷναί
2355 3020 2539 3070 φασιν,
2588 3006 2688 3057 οὐκ
2717 3007 2894 3059 ἐκεῖνο
2928 3007 2989 3058 τὸ
3036 3008 3169 3076 πῦρ,
3210 3006 3345 3075 ὅπερ
3386 3005 3492 3075 πρὸ
3538 3004 3759 3075 προσώ-

2180 3112 2281 3147 που
2318 3095 2556 3165 Χριστοῦ
2592 3097 2648 3148 ἐν
2677 3098 2743 3167 τῇ
2793 3097 3107 3167 ἐπιφανείᾳ,
3135 3096 3208 3160 ὡς
3244 3098 3272 3150 ὀ
3320 3097 3519 3167 Δανιήλ
3564 3112 3755 3166 φησιν,

2180 3187 2425 3253 ἕλκεται,
2454 3188 2549 3240 καὶ
2580 3187 2608 3240 ὃ
2634 3188 2744 3258 πῦρ
2774 3189 2998 3259 γεέννης
3034 3192 3066 3259 η
3099 3188 3288 3259 Γραφὴ
3310 3189 3484 3253 καλεῖ,
3510 3190 3623 3249 τοῖς
3646 3188 3759 3256 γὰρ

2183 3280 2240 3331 ἐν
2272 3278 2448 3346 τούτῳ
2487 3278 2904 3347 καθακριθείσιν
2955 3281 3053 3332 οὐκ
3096 3281 3244 3333 ἔστιν
3302 3279 3580 3345 ἀνάδυσις,
3636 3276 3760 3329 ἀλλ’

501 3380 589 3426 cta
643 3382 962 3438 purgentur,
1029 3386 1093 3423 ac
1141 3371 1290 3425 velut
1347 3370 1665 3433 infornace,
1721 3370 1812 3439 qui
1843 3370 1898 3423 i-n
1928 3368 2073 3422 illum

2183 3370 2392 3441 ἕτερον,
2426 3371 2454 3423 ὃ
2485 3371 2871 3441 Καθαρτήριον
2899 3372 2987 3425 διὰ
3035 3372 3134 3442 τὴν
3172 3371 3441 3442 κάθαρσιν
3488 3370 3762 3438 ὀνομάζε-

484 3464 806 3525 ,ιιιίιιιιιιιιιικ
854 3462 1241 3527 emundantur,
1279 3462 1528 3531 istttdqne
1557 3462 1961 3532 antejudicium
1993 3474 2073 3514 ex-

2186 3431 2300 3524 ται,
2331 3431 2427 3515 καὶ
2456 3462 2517 3515 τὸ
2551 3431 2805 3533 καθάπερ
2837 3466 2894 3516 ἐν
2928 3431 3282 3536 χωνεύτηρίῳ
3321 3431 3450 3524 τοὺς
3484 3431 3762 3517 είσελθόν-

500 3562 751 3606 tremnm.
780 3553 907 3607 Post
943 3556 1043 3607 hoc
1068 3554 1234 3619 enim,
1261 3554 1437 3607 nullus
1483 3555 1575 3622 qui
1625 3552 1921 3607 mundetur
1957 3552 2073 3615 erit,

2182 3570 2281 3615 τας
2324 3554 2703 3624 καθαίρεσθαι.
2761 3556 2873 3609 Καὶ
2919 3557 3079 3610 τοῦτο
3124 3558 3230 3627 πρὸ
3283 3558 3384 3627 τῆς
3436 3558 3763 3618 τελευταίας

500 3660 822 3715 unoquoque
839 3646 1113 3714 proprium
1135 3648 1234 3699 sibi
1262 3646 1443 3700 locum
1487 3658 1689 3700 aeterne
1714 3645 2073 3707 vindicatura,

2185 3645 2441 3714 κρίσεως.
2496 3648 2653 3699 Μετά
2682 3646 2794 3718 γὰρ
2829 3646 3037 3719 ταύτην
3083 3650 3206 3702 ἐπεὶ
3256 3650 3351 3703 καὶ
3398 3650 3504 3720 πρὸ
3554 3646 3804 3718 ταύτης

505 3734 690 3789 Solum
742 3736 885 3789 enim
933 3747 1059 3790 ante
1091 3737 1191 3789 hoc
1217 3735 1483 3803 judicium
1512 3751 1631 3801 quae
1662 3752 1760 3804 pro
1792 3736 2073 3788 animabus

2186 3738 2345 3804 μόνον
2379 3738 2448 3790 τὰ
2479 3738 2621 3808 ὑπὲρ
2652 3737 2761 3791 τῶν
2806 3738 2996 3808 ψυχῶν
3025 3741 3281 3809 γινόμενα
3309 3740 3534 3809 δύναται
3569 3756 3766 3792 συντε-

504 3831 659 3890 flant.
713 3829 962 3882 conferre
1012 3838 1257 3895 possuttt.
1296 3829 1400 3899 Sed
1434 3836 1488 3879 et
1516 3827 1560 3880 si
1614 3826 1706 3894 qui
1754 3826 2073 3879 adveniente

2182 3828 2294 3879 λεῖν
2318 3846 2330 3859 ·
2365 3831 2504 3899 μετά
2537 3830 2593 3883 δὲ
2623 3834 2832 3901 ταύτην
2876 3834 3051 3897 οὐδεὶς
3086 3835 3115 3887 ὀ
3149 3836 3548 3905 καθαιρόμενος
3578 3833 3762 3899 ἔσται,

503 3919 731 3973 Domino
758 3919 822 3971 ad
849 3918 1203 3986 iudicandum
1241 3918 1523 3979 mundum,
1554 3917 1714 3971 modo
1764 3915 1941 3971 sanari
1961 3928 2073 3983 pos-

2186 3919 2425 3972 ἑκάστου
2457 3920 2549 3973 τὸν
2583 3923 2782 3977 οἰκεῖον
2814 3925 2992 3993 ἐαυτῷ
3026 3927 3192 3979 τόπον
3228 3929 3461 3989 αἰωνίως
3499 3925 3768 3991 καθέξον-

500 4010 633 4074 sint,
658 4011 1070 4077 relinquentur:
1097 4007 1287 4061 Omnes
1313 4007 1572 4061 enimnon
1595 4009 1915 4060 dormiemus
1941 4006 2078 4075 (86),

497 4117 675 4154 omnes
725 4117 843 4155 vero
888 4100 1294 4153 immutabimur
1317 4102 1359 4132 ⁶¹
1390 4119 1409 4167 ;
1439 4112 1488 4155 ει
1551 4116 1667 4163 nos,
1702 4102 1793 4169 qui
1837 4102 2077 4167 vivimus,

498 4196 588 4263 qui
624 4196 819 4248 residui
850 4210 1053 4258 sumus,
1086 4195 1245 4248 simul
1274 4211 1392 4248 cum
1412 4195 1484 4247 eis
1514 4196 1780 4260 rapientur
1803 4194 1845 4224 ⁶¹
1875 4209 1888 4258 ;
1917 4192 2075 4259 Deus,

502 4298 561 4340 ιιι
593 4289 682 4355 qui
718 4288 887 4355 possit
952 4288 1162 4352 mortis,
1218 4296 1381 4355 atque
1413 4287 1623 4340 illorum
1652 4286 2081 4354 regenerationis

502 4382 682 4432 omnia
714 4381 765 4433 in
812 4388 1085 4433 momento
1108 4382 1360 4449 persequi
1390 4397 1404 4445 ;
1436 4381 1506 4433 ita
1532 4392 1585 4435 et
1618 4379 1948 4449 purgationis
1980 4379 2077 4433 do-

501 4472 691 4534 lorem,
712 4472 800 4540 qui
827 4472 991 4526 multo
1020 4481 1263 4540 tempore
1285 4473 1552 4537 durasset,
1578 4474 1813 4527 breviter
1858 4482 2076 4526 contra-

500 4563 652 4629 hens,
682 4564 1037 4631 reddetjuxta
1087 4565 1367 4633 temporis,
1421 4564 1734 4634 dolorisque
1786 4566 2073 4629 rationem,

2182 4000 2301 4071 τος.
2343 4011 2507 4062 Ἀλλὰ
2551 4014 2642 4064 καὶ
2677 4014 2727 4064 εῐ
2751 4031 2897 4077 τινες
2939 4016 3138 4085 αἴφνης
3183 4018 3277 4069 ἐπὶ
3319 4016 3397 4085 τῷ
3438 4018 3622 4088 κρῖναι
3671 4017 3767 4068 τὸν

2175 4100 2393 4171 κόσμον
2427 4104 2752 4167 ἐπιστάντος
2782 4106 2874 4157 τοῦ
2927 4108 3157 4171 Κυρίου,
3192 4109 3360 4175 μόνον
3391 4108 3441 4160 εί
3482 4108 3589 4160 τῶν
3625 4108 3769 4159 ίασί-

2185 4210 2301 4263 μων
2334 4195 2462 4261 εἰσὶ,
2500 4195 2934 4266 περιλείπονται,
2969 4198 3196 4265 Πάντες
3232 4201 3341 4269 γὰρ
3367 4202 3439 4254 οὐ
3478 4204 3767 4268 κοιμηθη-

2180 4286 2432 4354 σόμεθα,
2464 4288 2690 4356 πάντες
2719 4290 2786 4343 δὲ
2816 4292 3311 4361 ἀλλαγησόμεθα,
3349 4297 3447 4349 καί
3496 4295 3666 4363 ἡμεῖς
3709 4297 3767 4348 οἱ

2181 4377 2393 4445 ζῶντες
2421 4384 2476 4433 οὶ
2508 4384 2989 4449 περιλειπόμενοι
3027 4385 3148 4455 ἅμα
3177 4390 3302 4439 σὺν
3339 4387 3547 4451 αὐτοῖς
3578 4387 3769 4454 ἁρπα-

2181 4474 2512 4541 γησόμεθα,
2569 4473 2756 4543 ὥσπερ
2791 4475 3019 4539 δυνατὸς
3048 4480 3075 4529 ὀ
3110 4478 3241 4541 Θεὸς
3286 4479 3352 4530 τὰ
3384 4478 3477 4531 τοῦ
3532 4478 3769 4532 θανάτου

2183 4563 2276 4614 καὶ
2310 4563 2409 4631 τῆς
2456 4563 2636 4617 αὐτῶν
2669 4566 3095 4634 παλιγγενεσίας
3124 4568 3182 4619 ἐν
3210 4570 3401 4639 ἀτόμῳ
3450 4569 3770 4634 διεξελθεῖν,

500 4664 556 4706 ut
595 4672 783 4710 omnes
820 4656 964 4709 illius
996 4657 1307 4725 conspectui
1347 4658 1626 4723 assistant,
1673 4657 1816 4709 omni
1856 4656 2072 4725 quidem

2177 4652 2319 4705 οὕτω
2347 4655 2441 4706 καὶ
2465 4655 2565 4725 τὴν
2598 4656 2688 4709 διὰ
2712 4657 2805 4709 τοῦ
2839 4657 3205 4728 καθαίρεσθαι
3235 4660 3431 4730 ὀδύνην
3474 4664 3531 4714 ἐν
3560 4660 3772 4714 πλείονι

501 4760 669 4811 ιιιυιιι,
727 4762 1001 4816 cursuque
1040 4747 1472 4815 quiescentibus,
1503 4748 1863 4816 omnibusque
1891 4761 2073 4802 sacra-

2178 4750 2514 4820 διαστήματι
2576 4755 2691 4816 τοῖς
2746 4754 3026 4823 δεομένοις
3082 4755 3406 4826 καθάρσεως
3456 4759 3513 4811 ἐν
3569 4757 3778 4827 βραχεῖ

503 4840 727 4904 mentis,
759 4855 821 4891 ac
848 4839 1348 4906 tlispensationihus
1383 4839 1638 4906 impletis.
1670 4839 1816 4892 Idem
1870 4854 1997 4891 Vero
2024 4850 2077 4892 et

498 4932 571 4985 de
614 4932 954 4999 corporibus,
980 4932 1021 4983 si
1054 4946 1215 4998 quem
1258 4947 1319 4983 ex
1378 4931 1459 4982 his
1495 4930 1737 4983 dolorem
1771 4929 1893 4997 quis
1918 4933 2081 4982 Obve-

498 5026 614 5075 nire
644 5023 767 5076 velit
788 5033 1005 5091 promer
1035 5023 1368 5075 consortium
1390 5023 1453 5075 ad
1474 5023 1708 5074 animam
1740 5022 1792 5075 in
1825 5025 1924 5075 hac
1952 5026 2079 5086 vita,

2190 4842 2428 4895 συνελὼν
2468 4844 2760 4910 ἀποδώσει,
2812 4848 2957 4900 κατά
2995 4848 3057 4901 τὸ
3107 4848 3200 4901 τοῦ
3256 4850 3449 4920 χρόνου
3504 4850 3599 4902 καὶ
3664 4851 3774 4919 τῆς

2188 4934 2391 5003 ὀδύνης
2443 4936 2728 5004 ἀνάλογον,
2779 4936 2920 4991 ὥστε
2972 4941 3181 5003 πάντας
3233 4941 3545 5012 ἔμπροσθεν
3597 4941 3773 4993 αὑτοῦ

2193 5027 2566 5094 παραστῆναι,
2609 5031 2788 5099 πάσης
2845 5032 3116 5103 κινήσεως
3160 5035 3254 5086 καὶ
3300 5034 3502 5104 δρόμου
3562 5032 3772 5097 παντὸς

498 5109 629 5161 nihil
662 5109 900 5179 cogitare
933 5110 1207 5177 prohibet.

2192 5119 2596 5187 παυσαμένων,
2658 5123 2877 5176 πάντων
2930 5126 2988 5178 δὲ
3055 5130 3373 5196 μυστηρίων
3424 5127 3518 5179 καὶ
3584 5125 3774 5193 πάσης

496 5202 813 5270 οἰκονομίας
842 5201 1227 5254 τελεσθέντων.
1259 5200 1331 5274 Τὸ
1363 5200 1407 5251 δ’
1449 5201 1581 5252 αὐτὸ
1611 5201 1707 5253 καὶ
1742 5203 1852 5263 τοῖς
1882 5202 2150 5271 σώμασιν,
2178 5206 2229 5258 si
2254 5223 2378 5261 τινα
2430 5213 2525 5263 καὶ
2554 5212 2766 5275 τούτοις
2836 5215 2980 5280 ἀξιοῖ
3043 5233 3127 5278 τις
3212 5217 3403 5288 ὀδύνην
3467 5222 3777 5287 προσγενέ-

502 5296 628 5347 σθαι
656 5296 742 5348 διά
775 5296 873 5348 sitv
908 5297 966 5346 ἐν
995 5293 1071 5365 τῷ
1108 5294 1207 5363 βίῳ
1236 5293 1411 5363 τούτῳ
1447 5294 1581 5364 πρὸς
1612 5284 1712 5364 τὴν
1740 5295 1919 5367 ψυχὴν
1962 5300 2271 5365 κοινωνίαν,
2308 5302 2461 5356 οὐδὲν
2491 5306 2696 5360 ἄτοπον
2728 5308 3199 5377 προσλογίζεσθαι.

571 5508 615 5537 ⁵⁸
653 5509 807 5559 llum.
833 5522 890 5570 ll,
921 5506 972 5561 6.
1051 5509 1093 5539 ⁸³
1121 5507 1251 5562 Dan.
1281 5523 1371 5570 ιιι,
1397 5507 1450 5556 ε).
1528 5507 1572 5537 ⁸⁸
1602 5507 1790 5566 Matth.
1824 5525 1877 5573 ι,
1915 5508 2002 5584 c.18.

2176 5509 2333 5566 lCor'.
2366 5528 2454 5581 xv,
2489 5513 2575 5569 5l.
2652 5516 2696 5545 ⁶²
2731 5513 2747 5568 l
2779 5513 2979 5572 Thess.
3011 5531 3085 5581 tv,
3113 5516 3196 5573 16.

1856 5588 1888 5633 θ

572 5716 683 5787 (36)
724 5716 812 5774 Sic
844 5719 1025 5790 legunt
1048 5720 1240 5774 Graeci.
