4020 6206
426 280 529 344 235

1659 268 2061 335 MANUELIS
2098 265 2398 329 CALECIE

3531 247 3636 309 236

424 364 627 452 tionem
659 408 719 447 ae
771 390 1010 463 requiem
1062 405 1243 446 eorum
1272 392 1361 459 qui
1388 393 1604 446 aeternis
1641 391 1814 461 paruis
1857 405 1981 444 cru-

2110 388 2233 439 πᾶσα
2261 387 2295 455 ἠ
2335 379 2631 451 Ἐκκλησία
2653 377 2721 431 τὰ
2752 376 2973 431 τοιαῦτα
3005 372 3148 443 ὑπὲρ
3180 370 3385 463 τούτων
3417 367 3642 463 δεομένη

430 488 662 549 ciantur,
712 495 930 538 orantes
990 491 1197 551 petunt.
1241 481 1337 536 llis
1358 482 1501 535 enim
1533 481 1622 549 qui
1652 480 1821 535 semel
1875 479 1980 535 illis

430 577 626 631 fuerint
688 574 948 637 immersi,
984 572 1287 642 emcrgcndi
1344 567 1573 627 facultas
1657 572 1804 626 nulla
1877 582 1980 626 est.

427 665 580 723 'Alias
630 646 730 720 eos
780 663 871 733 qui
907 664 1141 716 damnati
1193 664 1270 716 cis
1320 670 1465 729 sunt,
1511 662 1744 717 relaxari
1800 676 1985 717 neces-

421 748 572 825 sario
624 756 914 824 putandum
955 765 1067 819 est;
1135 754 1401 823 finemque
1433 754 1548 809 fore
1609 754 1833 808 infinitis
1863 769 1987 807 cru-

432 850 656 901 ciatibus
706 846 1019 914 putandum.
1071 848 1139 900 At
1198 847 1248 901 id
1270 858 1459 902 contra
1504 846 1808 902 communis
1863 843 1985 900 lidei

430 939 753 1009 positionem
780 946 882 994 est.

501 1116 763 1176 Quoniam
808 1131 934 1170 vero
986 1129 1156 1183 neque
1187 1129 1281 1181 pro
1323 1114 1404 1181 bis
1431 1114 1520 1179 qui
1552 1121 1761 1168 snnt'tn
1812 1112 1987 1168 nenti-

434 1204 615 1257 tudine
640 1203 716 1269 (hi
746 1204 939 1271 quippe
972 1212 1155 1270 optato
1181 1202 1284 1255 fine
1314 1202 1646 1271 quietissime
1677 1199 1989 1265 fruuntur),

434 1307 603 1361 neque
630 1307 725 1360 pro
759 1292 841 1345 his
874 1306 1010 1358 quos
1039 1300 1269 1346 aeternus
1311 1291 1772 1358 urgetcrnciatus,
1807 1288 1991 1342 Eccle-

435 1384 513 1437 sia
563 1383 688 1436 talia
734 1391 874 1445 orat,
912 1383 1199 1450 colligitur,
1234 1384 1374 1451 quod
1400 1382 1601 1434 dictant
1636 1390 1740 1443 est,
1777 1380 1992 1434 tertium

437 1474 720 1540 quemdam
756 1473 927 1525 locum
959 1473 1294 1539 purgationis
1318 1485 1458 1531 esse,
1482 1472 1569 1524 ubi
1593 1471 1684 1540 qui
1710 1472 1989 1525 continen-

437 1571 525 1615 tur
551 1574 645 1628 per
661 1575 920 1614 summam
946 1560 1331 1629 Deijustitiam,
1356 1561 1581 1629 ejusque
1599 1562 1993 1615 miserationem

438 1650 724 1715 infinitam,
784 1651 866 1704 his
914 1653 1109 1719 quibus
1169 1656 1539 1714 continentur,
1594 1652 1837 1705 tristibus
1878 1652 1993 1705 eri-

2085 476 2368 545 προσάγει,
2424 472 2517 525 καὶ
2548 469 2728 539 δῆλον,
2773 468 2847 531 ὡς
2880 468 2941 520 οὐ
2982 466 3136 519 λύσιν
3168 463 3262 518 καὶ
3300 461 3486 515 ἄνεσιν
3536 460 3643 510 τῶν

2083 567 2141 618 ὲν
2167 567 2233 635 τῇ
2281 562 2485 630 αἰωνίῳ
2511 560 2729 631 κολάσει
2773 556 3145 627 πειρατηρίων
3195 554 3305 615 τοῖς
3351 551 3654 629 κατεχομὲτ

2085 670 2195 717 νοις
2223 654 2504 724 εὐχόμενοι
2549 652 2782 705 δέονται.
2813 650 2940 711 Τοῖς
2977 648 3085 717 γὰρ
3114 647 3193 709 εἰς
3226 644 3443 721 ἐκείνην
3475 642 3646 695 εἰσελ-

2085 744 2264 797 θοῦσιν
2290 745 2390 797 οὐκ
2418 744 2566 797 ἐστιν
2585 741 2860 806 ἀνάδυσις,
2892 741 2924 810 ἢ
2951 742 3076 803 τοῦς
3119 740 3175 790 ὲν
3204 737 3339 806 αὐτῇ
3372 751 3646 803 κατακρι-

2087 836 2275 896 erm;
2315 833 2526 902 ἀνάγκη
2582 832 2827 897 νομίζειν
2876 831 3138 893 ἀνίεσθαι,
3163 828 3459 897 καὶταύτῃ
3500 825 3651 887 τέλος

2089 924 2187 992 τῆς
2219 921 2575 991 ἀτελευτήτου
2606 921 2882 983 κολάσεως
2921 918 3150 972 οἴεσθαι.
3180 919 3314 972 Τόδε
3348 918 3466 970 ἐστὶ
3500 915 3653 985 παρὰ

2089 1014 2183 1081 τὴν
2219 1014 2403 1082 κοινὴν
2429 1014 2526 1080 sig;
2554 1013 2789 1075 πίστεως
2826 1012 2994 1068 θέσιν.

2158 1105 2268 1156 Καὶ
2300 1105 2420 1154 ἐπεὶ
2440 1102 2558 1155 οὔθ’
2600 1103 2740 1173 ὑπὲρ
2770 1103 2877 1156 τῶν
2899 1104 2960 1154 ὲν
2984 1102 3346 1172 μακαριότητι
3370 1098 3655 1153 καθεστῶ-

2090 1209 2195 1246 των
2230 1185 2397 1262 (οὗτοι
2422 1193 2530 1263 γὰρ
2563 1194 2659 1245 τοῦ
2693 1193 2881 1254 τέλους
2934 1192 3102 1255 ἀδεῶς
3131 1190 3518 1260 ἀπολαύουσιν)
3538 1186 3659 1244 οὔθ’

2090 1280 2232 1349 ὑπὲρ
2260 1282 2369 1334 τῶν
2402 1283 2460 1334 ἐν
2489 1282 2680 1351 αἰωνίᾳ
2710 1283 2980 1352 καταδίκη
3017 1283 3316 1349 κριθέντων
3353 1282 3386 1352 ἠ
3420 1280 3657 1348 Ἐκκλη-

2087 1366 2183 1423 ’σία
2213 1373 2304 1424 καὶ
2337 1371 2561 1424 τοιαῦτα
2589 1367 2875 1441 προσάγει,
2914 1374 2975 1425 τὸ
3015 1374 3308 1442 εἰρημένον
3340 1372 3657 1440 συνάγεται,

2092 1460 2272 1528 τριτον
2291 1460 2408 1513 τινὰ
2428 1462 2593 1515 τόπον
2624 1463 2721 1531 τῆς
2743 1462 3065 1533 καθάρσεως
3101 1457 3265 1527 εἶναι,
3290 1463 3425 1516 ὅπου
3454 1464 3503 1515 οἱ
3531 1479 3664 1516 κατ-

2096 1552 2344 1618 εχόμενοι
2395 1552 2537 1605 κατά
2573 1551 2670 1622 τὴν
2720 1552 2895 1620 ἄκραν
2950 1552 3044 1606 τοῦ
3093 1552 3228 1613 Θεοῦ
3290 1552 3661 1622 δικαιοσύνην,

2096 1641 2188 1692 καὶ
2221 1640 2283 1691 τὸ
2316 1641 2450 1695 πολὺ
2485 1641 2653 1695 αὐτοῦ
2698 1641 2846 1705 ἔλεος
2877 1643 2986 1696 τῶν
3017 1643 3359 1714 κατεχόντων
3396 1643 3659 1707 ἀνίενται,

438 1741 678 1809 piuntur,
707 1749 765 1792 et
794 1756 889 1808 per
924 1740 1206 1794 ebaritatis
1234 1754 1395 1807 opera
1422 1740 1835 1809 benignissimus
1854 1742 1999 1795 Deus

2110 1730 2199 1782 καὶ
2222 1731 2310 1783 διὰ
2335 1732 2442 1784 τῶν
2470 1731 2568 1800 τῆς
2598 1733 2818 1802 ἀγάπης
2842 1732 3021 1802 ἔργων
3040 1734 3069 1784 ὁ
3094 1734 3408 1801 πανάγαθος
3432 1733 3664 1799 ὲξιλεού-

437 1829 702 1898 propitius
763 1828 1007 1893 etl‘eetus,
1070 1829 1332 1897 poenalem
1387 1830 1684 1883 cruciatum
1762 1830 1997 1884 breviori

438 1920 766 1974 concludens
793 1917 1094 1983 intervallo,
1120 1918 1186 1970 ad
1211 1919 1599 1972 beatitudinem
1630 1933 1725 1972 eos
1745 1918 2002 1974 transfert

441 2023 550 2062 non
611 2007 874 2061 habentes
937 2008 1201 2061 maculam
1249 2007 1334 2063 vel
1390 2023 1597 2075 rugam.
1643 2005 1872 2077 Propter
1900 2008 2002 2063 hoc

438 2100 582 2155 enim
615 2115 747 2155 cura
782 2114 880 2165 pro
917 2100 1143 2155 mortuis
1174 2100 1462 2168 suscipitur
1489 2099 1717 2169 agenda.

515 2373 651 2428 llnic
683 2370 984 2439 purgationi
1051 2371 1241 2423 beatus
1293 2370 1455 2424 etiam
1507 2370 1745 2425 concinit
1800 2369 2003 2430 Paulus

442 2469 627 2523 dicens
650 2482 664 2519 :
692 2462 858 2529 Quale
882 2462 1136 2531 cujusque
1157 2476 1283 2531 opus
1297 2472 1394 2522 est,
1417 2463 1552 2531 ignis
1564 2463 1775 2530 probat;
1796 2465 1841 2516 si
1856 2465 2005 2532 cujus

444 2573 572 2625 opus
596 2555 810 2617 arserit,
830 2554 1195 2606 detrimentum
1223 2552 1473 2619 patietur,
1507 2555 1591 2605 hic
1622 2564 1797 2607 autem
1829 2556 2004 2608 salva-

448 2651 610 2713 bitur,
634 2648 706 2699 sic
762 2658 930 2697 autem
958 2645 1108 2712 quasi
1144 2659 1236 2713 per
1295 2645 1460 2713 ignem
1482 2645 1548 2699 “.
1574 2645 1747 2715 Opera
1790 2648 2002 2715 quidem

449 2738 691 2792 ardentia
722 2737 906 2792 dicens
952 2733 1108 2788 facile
1138 2734 1552 2804 conflagrantem
1608 2738 1855 2791 incendio
1883 2753 1995 2789 ma-

451 2827 639 2882 teriam
669 2843 682 2878 :
714 2840 873 2893 quam
905 2826 993 2893 qui
1031 2824 1453 2891 arditicavterunt,
1481 2827 1696 2894 penitus
1717 2828 2003 2882 ardebunt.

450 2919 845 2971 Detrimentum
900 2917 1044 2969 enim
1086 2929 1241 2983 passa
1285 2927 1407 2970 sunt
1440 2918 1620 2971 omnia
1651 2919 1863 2971 illorum
1890 2929 2007 2971 stu.

2107 1837 2290 1891 μενος,
2340 1823 2436 1874 καὶ
2480 1823 2652 1892 ταύτῃ
2703 1826 2771 1877 τὰ
2804 1826 2902 1893 τῆς
2939 1825 3214 1878 ὲπωδὺνου
3254 1827 3573 1894 καθάρσεως
3606 1826 3667 1876 ἐν

2106 1912 2423 1982 βραχυτέρα)
2472 1916 2772 1983 συγχωρῶν
2820 1914 3153 1985 διαστήματι
3203 1917 3296 1969 ἐπὶ
3342 1916 3439 1985 τὴν
3490 1933 3668 1984 μακε-

2110 2002 2336 2072 ριότητα
2371 2002 2745 2070 μεταϐιϐάζει,
2781 2007 2856 2072 μὴ
2880 2003 3100 2073 ἔχοντας
3130 2005 3318 2059 σπῖλον
3374 2007 3407 2076 ἢ
3452 2006 3665 2075 ῥυτίδα.

2123 2092 2249 2145 Ἐπὶ
2280 2091 2487 2147 τούτων
2518 2094 2628 2164 γὰρ
2659 2093 2730 2147 τὰ
2770 2094 2912 2166 ὑπὲρ
2939 2096 3048 2149 τῶν
3075 2096 3413 2166 τεθνηκότων
3449 2113 3673 2166 πρςσει-

2107 2185 2335 2254 ληπται.

2110 2374 2222 2429 bat.
2260 2372 2364 2429 Per
2401 2376 2546 2432 enim
2598 2374 2883 2431 transitum
2928 2373 3214 2446 quemdam
3263 2385 3569 2447 motumque
3592 2379 3673 2432 si-

2108 2462 2346 2531 gniﬁcat.
2381 2464 2512 2518 Eum
2564 2478 2710 2528 vero,
2741 2464 2833 2534 qui
2875 2462 3038 2518 semel
3078 2464 3131 2517 in
3188 2468 3444 2533 gebennm
3492 2469 3675 2534 ignem

2109 2551 2336 2621 injectus
2369 2552 2551 2619 fuerit,
2601 2567 2819 2607 manere
2872 2566 3083 2621 semper
3115 2555 3166 2606 in
3201 2568 3267 2608 eo
3320 2569 3543 2610 necesse
3566 2537 3703 2624 est:

2178 2647 2472 2699 AtteStatur
2498 2646 2579 2700 bis
2602 2655 2657 2701 et
2674 2648 2827 2701 divus
2841 2643 3278 2717 Chrysostomus,
3296 2649 3349 2702 in
3371 2657 3557 2718 quarta
3582 2664 3678 2703 su-

2111 2751 2205 2804 per
2238 2735 2544 2790 Mattbmum
2586 2736 2829 2798 ltomilia,
2874 2734 3056 2791 Sancti
3101 2741 3330 2809 quidem,
3365 2740 3554 2809 inquit,
3584 2756 3680 2806 per

2110 2827 2308 2895 ignium
2336 2829 2529 2897 fiumen
2544 2831 2862 2898 gradientes.
2896 2830 3025 2883 nihil
3050 2831 3198 2884 triste
3228 2832 3519 2899 patientur,
3542 2833 3675 2897 imo,

2101 2918 2234 2971 inde
2261 2918 2508 2971 clariores
2533 2919 2691 2972 etiam
2726 2919 3026 2974 reddentur.
3059 2919 3290 2978 Sanetos
3350 2922 3533 2976 fideles
3586 2924 3676 2977 di-

450 3010 559 3073 dia,
591 3015 643 3060 et
676 2994 793 3060 sine
828 3005 935 3059 ullo
975 3005 1078 3060 line
1110 3007 1474 3060 torrebuntur.
1517 3007 1689 3075 Opera
1731 3023 2011 3076 vero,qua:
2036 3051 2080 3108 ϐ
2114 3009 2208 3072 cit,
2259 3012 2349 3076 qui
2401 3010 2518 3062 sine
2565 3009 2879 3065 mortalibus
2935 3011 3167 3079 peccatis
3200 3020 3385 3067 sancte
3430 3012 3683 3082 justeque

452 3089 969 3168 superanliiieanttir,
1041 3096 1162 3150 lidei
1191 3096 1397 3152 scilicet
1425 3105 1478 3151 et
1526 3113 1643 3166 qua:
1674 3108 2009 3167 permanent,

454 3188 670 3242 virtutis
737 3188 923 3241 dicens
951 3200 1137 3255 opera,
1187 3187 1369 3256 qualia
1405 3186 1552 3254 juxta
1610 3187 2008 3255 proportionem

448 3287 581 3335 sunt
636 3292 850 3341 aurum,
909 3289 1189 3346 argentum
1240 3285 1295 3330 et
1356 3277 1572 3344 pretiosi
1636 3276 1860 3344 lapides,
1896 3289 2014 3343 quae

452 3371 542 3438 qui
574 3368 877 3439 perleeerit,
904 3367 1205 3420 mercedem
1235 3377 1428 3432 sumet,
1498 3367 1722 3420 salutem
1781 3367 2011 3420 scilicet.

455 3462 710 3529 Sequitur
760 3458 936 3512 enim:
992 3456 1093 3509 llic
1131 3466 1304 3510 autem
1356 3459 1662 3512 salvabitur.
1736 3456 1932 3511 Verum
1962 3464 2017 3510 et

458 3555 570 3619 ipse
601 3564 721 3603 cum
778 3548 981 3612 dd’lorc,
1026 3556 1089 3601 ut
1124 3548 1329 3611 scilicet
1373 3562 1466 3617 per
1516 3554 1689 3620 ignem
1726 3549 2013 3612 transiens,

456 3648 823 3711 purgatusque
884 3654 913 3691 a
939 3638 1087 3692 brevi
1116 3638 1218 3692 sibi
1248 3639 1421 3693 inusta
1463 3641 1690 3695 macula.
1722 3640 1812 3694 Dei
1868 3641 2014 3693 enim

456 3742 540 3785 est
568 3730 789 3784 omnino
819 3730 933 3781 sine
963 3737 1186 3796 peccato
1222 3743 1360 3782 esse.
1413 3729 1486 3783 De
1519 3732 1818 3784 horninibus
1869 3745 2014 3795 vero,

457 3824 803 3894 quantumvis
860 3822 968 3875 sint
1017 3821 1220 3883 mundi,
1268 3819 1469 3872 dictum
1517 3830 1599 3872 est
1632 3837 1646 3872 :
1682 3820 1942 3883 Quoniam
1964 3821 2018 3872 in

457 3915 635 3967 multis
656 3911 965 3980 offendimus
983 3924 1157 3961 omnes
1177 3908 1243 3971 ";
1268 3907 1508 3973 et,Nemo
1528 3908 1750 3961 mundus
1766 3926 1798 3961 a
1812 3918 2019 3977 peccato

460 4020 620 4072 neque
648 4001 829 4069 infans
858 4000 1012 4051 unius
1035 3999 1138 4049 diei
1162 3996 1230 4048 ⁸⁸.
1253 3996 1463 4050 Dictum
1484 4007 1566 4050 est
1594 4008 1847 4051 autemet
1878 4000 2019 4065 apud

461 4093 815 4147 Malachiam:
862 4090 1145 4154 Quoniam,
1212 4088 1346 4140 sicut
1398 4088 1535 4156 ignis
1580 4092 1634 4140 in
1700 4088 1932 4155 fornace,
1971 4098 2021 4143 et

462 4186 596 4238 velut
629 4184 785 4235 herba
813 4179 1097 4246 fullonum,
1126 4179 1393 4247 conflabit,
1432 4189 1481 4232 et
1520 4166 1820 4231 emundabit
1865 4196 2021 4249 quos-

463 4282 584 4329 dam
606 4276 677 4328 ⁶⁹.

2114 3103 2396 3166 vixerunt;
2452 3102 2552 3156 hos
2611 3103 2778 3166 enim,
2820 3104 2912 3171 qui
2978 3103 3049 3156 ita
3120 3102 3341 3168 vivunt,
3397 3100 3679 3171 Scriptura

2112 3199 2323 3243 sanctos
2357 3198 2535 3243 vocat.
2571 3187 2635 3243 Et
2664 3193 2805 3260 quod
2841 3192 2967 3244 item
2994 3183 3191 3245 dieitu’r
3215 3205 3235 3243 :
3267 3190 3327 3245 Si
3366 3190 3551 3259 justus
3594 3193 3683 3245 vis:

2110 3281 2426 3357 salvebitur,
2457 3292 2704 3349 peccator
2738 3282 2826 3334 ubi
2867 3280 3069 3350 parebit
3098 3281 3145 3312 τί
3172 3281 3194 3334 ἲ
3237 3281 3302 3335 ad
3357 3283 3493 3336 hanc
3526 3283 3684 3335 iutil-

2110 3371 2388 3440 ligentiam
2434 3374 2649 3427 ducitur
2704 3387 2802 3441 per
2824 3385 2947 3426 eum
2979 3371 3071 3441 qui
3121 3371 3208 3425 vix
3239 3373 3497 3436 salvatur,
3530 3373 3682 3426 illum

2114 3462 2522 3528 commendans,
2550 3463 2638 3531 qni
2673 3476 2766 3531 per
2818 3463 3187 3532 purgationem
3234 3462 3408 3517 salute
3459 3461 3683 3516 fruitur.

2188 3553 2411 3618 Quidam
2444 3554 2605 3607 etiam
2638 3553 2776 3620 apud
2810 3566 2906 3605 nos
2934 3552 3130 3605 dictum
3165 3552 3292 3606 illttd
3329 3552 3682 3621 apostolicum

2115 3656 2389 3710 exponens
2438 3642 2559 3695 ait:
2602 3639 2667 3694 In
2719 3641 3041 3708 expositione
3075 3638 3236 3695 Isaia:
3272 3649 3488 3693 sanctus
3527 3640 3685 3695 Basi-

2119 3730 2219 3781 lius
2264 3730 2422 3796 hujus
2464 3730 2592 3781 dicti
2639 3730 2949 3781 mentionem
2999 3729 3227 3783 secundo
3274 3729 3491 3797 faciens,
3512 3731 3687 3797 ipsum

2117 3836 2211 3887 pro
2261 3821 2569 3889 purgatione
2616 3821 2865 3887 suscepit.
2891 3819 2951 3873 ιιι
3003 3818 3143 3872 hanc
3201 3818 3690 3889 intelligentiamet

2118 3910 2389 3979 Nyssenus
2450 3908 2744 3978 Gregorius
2794 3911 2996 3979 dictum
3070 3909 3397 3978 explanavit.
3446 3909 3713 3974 Quorunr

2119 4001 2406 4053 verborum
2431 4001 2534 4053 vim
2566 3999 2781 4067 quidam
2817 4014 2923 4053 non
2954 3999 3335 4069 intelligentcs,
3368 4002 3527 4055 tinem
3564 4012 3690 4069 post

2115 4090 2374 4158 judicium
2401 4091 2647 4144 ultimum
2683 4091 2866 4143 mterni
2900 4092 3171 4144 cruciatus
3221 4093 3399 4145 dicere
3429 4094 3687 4159 putat-un:

2123 4180 2176 4248 in
2230 4182 2405 4249 ipsam
2467 4179 2873 4248 intelligentiam
2928 4188 2985 4233 et
3042 4179 3438 4234 Occidentalem
3494 4180 3684 4235 Eccle-

2122 4271 2284 4336 siatn,
2336 4272 2458 4339 quia
2495 4270 2784 4339 purgatorii
2816 4270 2955 4339 ignis
3006 4278 3131 4322 ante
3162 4269 3405 4323 ultimum
3437 4272 3689 4325 Salvato-

534 4368 600 4420 Et
627 4374 792 4427 certe,
850 4363 896 4418 si
922 4365 1186 4433 gehenna:
1236 4362 1408 4431 ignem
1466 4363 1552 4417 hic
1612 4363 1776 4417 voluit
1820 4364 2019 4428 dicere,
2048 4361 2101 4421 D
2129 4363 2203 4417 ris
2231 4362 2520 4417 adventum
2556 4363 2929 4431 purgationem
2982 4363 3258 4430 praedicat,
3289 4378 3395 4432 qua
3451 4366 3688 4426 sublata,

461 4457 737 4527 quomodo
761 4454 1018 4524 possibile
1064 4461 1146 4507 est
1173 4453 1341 4521 utqui
1377 4454 1427 4507 in
1455 4469 1577 4507 eum
1613 4454 1809 4508 missus
1838 4452 2021 4517 fuerit,

462 4550 637 4604 salute
677 4546 953 4617 potiatur?
980 4544 1036 4599 lu
1063 4560 1126 4599 eo
1145 4545 1341 4614 quippe
1369 4544 1513 4597 nulla
1539 4554 1625 4598 est
1654 4544 1848 4597 salutis
1877 4558 2019 4611 spes.

460 4642 686 4695 Constat
715 4639 877 4708 igitur
901 4638 970 4691 de
1002 4637 1121 4705 igne
1164 4645 1426 4703 purgante
1461 4644 1513 4687 et
1543 4634 1823 4702 probante,
1875 4637 2024 4689 velut

461 4746 654 4785 aurum
687 4730 738 4782 in
767 4728 1007 4791 lornace,
1038 4741 1134 4780 eos
1156 4728 1246 4793 qui
1280 4727 1331 4778 in
1353 4725 1501 4778 illum
1531 4726 1916 4791 immittuntur,
1954 4728 2026 4780 illi

461 4836 764 4879 sermonem
797 4834 935 4873 esse.
1000 4818 1131 4871 Nam
1192 4819 1450 4886 gebenna:
1485 4818 1621 4885 ignis
1651 4833 1825 4886 neque
1876 4835 2028 4870 mun-

464 4896 610 4969 dabit
640 4912 871 4980 aliquos,
904 4922 1076 4977 neque
1107 4909 1370 4975 probabit.

530 5006 684 5070 Quod
714 5003 758 5056 si
783 5002 998 5069 quidam
1039 5007 1374 5064 Sanctorum,
1407 4999 1549 5067 quod
1572 5000 1769 5054 dictum
1794 5010 1896 5066 εει,
1928 5004 2034 5055 sal—

462 5099 669 5152 uabitur
693 5093 850 5147 ueluti
871 5107 958 5159 per
978 5092 1147 5160 ignem
1166 5090 1232 5155 ⁷⁸,
1263 5092 1315 5144 in
1342 5092 1463 5159 igne
1488 5094 1743 5156 manebit,
1762 5099 2031 5162 exposuit,

465 5189 597 5241 nihil
619 5176 949 5240 eontra'lium
972 5193 1083 5248 est;
1107 5183 1197 5250 qui
1226 5181 1368 5235 enim
1401 5192 1721 5250 purgaturet
1749 5188 2025 5252 probatur,

463 5276 860 5344 quantumlibet
894 5276 945 5327 in
976 5288 1043 5327 eo
1091 5274 1233 5342 quod
1265 5286 1322 5325 se
1368 5274 1557 5341 probat
1583 5282 1635 5328 et
1690 5284 1902 5342 purgat,
1932 5290 2025 5329 ue-

466 5382 620 5423 eesse
650 5378 728 5418 est
761 5373 994 5427 maneat,
1030 5371 1086 5416 ut
1116 5361 1303 5417 sordes
1332 5372 1513 5430 ponat.
1552 5361 1831 5432 Simulque
1879 5366 2023 5432 quod

469 5462 667 5514 dictum
705 5466 805 5518 est,
844 5471 935 5521 per
976 5458 1166 5519 ignem,
1199 5455 1250 5507 id
1300 5454 1444 5522 quod
1496 5454 1745 5521 dicimus,
1782 5470 2029 5525 compro-

540 5576 584 5607 "
618 5575 635 5626 l
697 5573 845 5634 Con,
881 5587 960 5636 ιιι,
994 5572 1179 5627 lii-16.
1254 5572 1298 5603 "’
1321 5571 1438 5627 Jac.
1472 5586 1554 5636 ιιι,
1579 5571 1633 5626 2.
1710 5570 1898 5627 “Job.
1930 5589 2007 5637 xiv

2110 5569 2427 5634 ,sec.LXX.

472 5648 514 5679 τ’
545 5644 565 5699 l
594 5644 734 5699 l’etr.
776 5659 850 5708 tv,
885 5644 968 5696 18.

2130 4454 2361 4523 plurima
2403 4454 2639 4507 absurda
2687 4452 2840 4521 sequi
2891 4466 3109 4507 necesse
3136 4462 3258 4506 est:
3298 4468 3328 4505 a
3356 4455 3555 4508 nostris
3575 4455 3691 4507 eul-

2131 4554 2307 4613 patttr,
2338 4545 2487 4611 quasi
2520 4554 2639 4612 post
2674 4542 2935 4611 judicium
2984 4543 3142 4597 linem
3191 4544 3525 4598 cruciatuum
3570 4544 3693 4599 fore

2131 4635 2434 4691 affirmans.
2473 4634 2578 4689 Sed
2625 4634 2812 4688 falsum
2863 4636 3104 4703 profecto
3151 4644 3253 4700 est,
3293 4636 3366 4689 ita
3395 4637 3536 4689 illam
3560 4651 3691 4691 sen-

2134 4726 2279 4791 tire";
2316 4728 2470 4788 adeo,
2506 4726 2630 4781 utsi
2679 4726 2768 4795 qui
2808 4728 2910 4780 hoc
2944 4736 3128 4795 aperte
3181 4727 3385 4781 sentire
3438 4740 3693 4798 compro-

2135 4820 2349 4881 bantur,
2370 4832 2462 4870 eos
2488 4832 2516 4868 a
2547 4831 2607 4871 se
2650 4816 2954 4880 abscindat,
2981 4832 3157 4887 neque
3203 4819 3322 4873 illos
3345 4821 3409 4871 ad
3445 4833 3695 4872 commu-

2136 4910 2830 4961 nionemsacramentorum
2858 4908 3125 4963 admittat.
3157 4910 3319 4979 quue
3345 4911 3686 4980 perspicuum

2137 5008 2219 5051 εει
2247 5007 2302 5050 et
2349 5012 2415 5051 ex
2473 4998 2707 5065 antiquis
2754 5007 2894 5051 etex
2928 4998 3239 5066 junioribus
3287 5001 3428 5053 illius
3448 5000 3698 5053 Ecclesia:

2138 5090 2468 5153 doctoribus,
2499 5097 2557 5142 ut
2583 5097 2647 5142 ex
2690 5089 2772 5142 bis
2805 5103 2924 5156 qua:
2960 5089 3014 5141 in
3045 5096 3283 5142 nostram
3318 5088 3696 5145 Grzecamsci-

2138 5180 2262 5233 licet
2308 5180 2545 5248 linguam
2596 5178 2722 5233 inde
2777 5179 3035 5233 translata
3090 5191 3235 5243 sunt,
3266 5181 3311 5234 si
3336 5181 3463 5248 quis
3514 5179 3695 5247 legere

2138 5270 2386 5333 voluerit,
2412 5268 2819 5325 animadvertet.
2846 5267 2951 5322 Sed
2981 5270 3092 5324 haec
3119 5271 3401 5325 hactenus.
3436 5256 3445 5265 ’

2355 5359 2429 5411 De
2461 5360 2727 5415 sacerdote
2762 5359 2971 5413 diaconi
3004 5359 3222 5428 ofﬁcium
3254 5360 3517 5428 implente.

2207 5449 2272 5502 Et
2298 5448 2427 5502 illud
2462 5450 2586 5502 item
2617 5450 2977 5518 adjiciendum
3013 5460 3116 5514 est,
3145 5452 3285 5518 quod
3324 5465 3444 5504 cum
3483 5452 3554 5505 sit
3580 5451 3698 5507 sine

2505 5568 2548 5600 °'
2586 5566 2814 5624 Malarh.
2851 5583 2931 5633 ιιι,
2959 5566 3015 5635 2,
3049 5569 3103 5627 3.
3180 5569 3222 5601 "°
3255 5568 3271 5622 l
3307 5568 3433 5624 Cor.
3487 5584 3570 5635 ιιι,
3611 5566 3699 5625 [5.
