3996 6222
270 334 377 393 237
1324 318 1732 389 ADVERSUS
1766 326 2083 387 GRIECOS
2111 326 2259 389 LlB.
2300 328 2376 389 iV
3392 321 3499 384 238

274 438 534 499 crimine,
566 436 811 507 culpatur
836 443 1013 490 tamen
1040 449 1069 489 a
1101 436 1324 491 nostris.
1358 436 1472 491 lloc
1522 445 1698 489 autem
1731 442 1831 492 est.
1867 439 1910 493 Δ
1944 426 2077 501 Quia
2116 440 2258 491 enim
2290 435 2650 491 sacerdotium
2701 447 2891 489 omnes
2924 433 3025 490 sub
3069 445 3128 487 se
3156 429 3353 502 gradus
3376 444 3504 485 eon'

277 531 421 598 quod
462 529 516 581 in
559 526 833 582 oﬂ‘erendo
858 525 1131 581 sacriﬁcio
1166 527 1418 581 sacerdos
1452 540 1591 595 saepe
1628 523 1837 578 diaconi
1945 532 2099 595 tinet,
2124 539 2339 586 constat
2369 532 2421 585 in
2452 544 2555 583 una
2588 542 2817 599 persona
2858 541 2977 598 quae
3018 525 3151 579 alios
3205 523 3506 587 contineat,

279 620 456 686 explet
510 619 885 673 ministerium.
914 615 1160 683 Improbe
1186 632 1335 671 sane.
1367 617 1620 683 Ignorant
1675 617 1843 675 enim,

2009 623 2156 688 aiore
2203 623 2435 679 sublato.
2489 631 2544 677 et
2583 621 2684 674 alia
2718 619 2880 674 simul
2924 617 3146 673 auferri.
3195 615 3347 670 Sicut
3378 628 3505 669 cum

280 710 408 777 quia
442 711 486 763 is
524 711 737 778 quidem
792 708 907 776 qui,
943 708 1085 773 quod
1114 706 1286 777 majus
1337 717 1440 772 est,
1469 707 1653 769 habet,
1684 705 1844 757 etiam

2015 711 2227 765 tionalis
2254 712 2431 765 anima
2462 720 2749 780 separatur
2772 727 2802 766 a
2829 725 3073 780 corpore,
3095 710 3266 765 etiosa
3295 706 3505 776 reliqua

284 800 429 869 quod
464 800 643 852 minus
668 808 746 853 est
793 797 1033 867 ejusdem
1060 797 1277 865 generis
1312 798 1474 852 habet
1522 796 1847 851 necessario.
1951 812 2007 857 et
2047 802 2246 856 inutilia
2280 801 2433 869 ﬁunt,
2464 812 2516 857 et
2553 802 2906 871 quorumdam
2936 801 3239 856 sacerdotio
3273 798 3519 862 sublato,

285 891 401 945 Non
435 898 615 943 autem
645 903 677 943 e
701 902 983 944 converso.
1011 889 1175 957 quue
1217 889 1395 942 omnia
1444 886 1853 956 inspicieutibus

2008 909 2061 946 in
2095 893 2428 960 permittitur
2452 893 2535 948 his
2559 894 2641 948 vel
2668 893 2880 947 diaconi
2910 892 2993 946 vel
3024 890 3337 945 subdiaconi
3382 904 3507 959 gra-

286 981 575 1034 constabit.
614 980 789 1035 Homo
817 980 962 1035 enim
993 979 1309 1034 rationalem
1338 979 1547 1033 habens
1587 978 1849 1039 animam,

2008 996 2085 1034 orn
2139 981 2439 1045 continere,
2486 990 2651 1051 atque
2688 981 2828 1035 illius
2882 981 3105 1050 implere
3129 978 3511 1035 ministerium.

287 1071 603 1127 sensibilem
650 1078 872 1141 quoque
920 1080 975 1127 et
1028 1070 1381 1139 vegetabilem
1423 1070 1524 1125 sub
1558 1084 1621 1125 ea
1675 1069 1857 1124 habet.
1961 1070 2065 1125 Sed
2095 1078 2145 1125 et
2184 1070 2339 1125 aliter
2374 1070 2606 1127 Ecclesia
2650 1072 2897 1139 prohibet
2941 1087 3035 1127 eos
3090 1071 3181 1142 qui
3228 1070 3515 1125 sacerdotii

287 1163 477 1226 Neque
506 1172 687 1217 tamen
724 1176 847 1233 quae
899 1162 1179 1229 vegetabili
1234 1161 1412 1216 anima
1465 1169 1710 1224 utuntur,
1742 1174 1865 1215 sen-
1962 1162 2222 1217 deserunt
2262 1162 2513 1232 gradum,
2547 1162 2811 1217 minorem
2846 1177 3059 1233 quoque
3102 1164 3244 1233 apud
3284 1178 3343 1219 se
3388 1163 3523 1217 reti-
3606 1208 3607 1211 η

288 1254 437 1308 sibili
467 1258 635 1308 etiam
660 1264 711 1309 et
760 1253 1008 1309 rationali
1034 1253 1333 1321 potiuntur.
1366 1254 1544 1323 Atque
1574 1252 1757 1309 itidem
1807 1251 1862 1304 iu
1967 1268 2117 1308 nere.
2150 1252 2334 1321 Neque
2368 1253 2511 1308 enim
2550 1252 2820 1314 deessent,
2863 1254 2952 1323 qui
2988 1254 3068 1310 vel
3096 1262 3311 1323 propter
3352 1268 3523 1309 cano-
3608 1242 3611 1251 ἱ

291 1347 434 1406 aliis,
471 1345 590 1402 sive
614 1346 874 1411 humana,
906 1345 1020 1400 sive
1049 1345 1229 1399 divina
1278 1345 1543 1415 inspicere
1569 1345 1690 1411 quis
1716 1345 1865 1401 velit.
1970 1345 2055 1399 nis
2099 1344 2439 1406 facilitatem,
2491 1344 2573 1398 vel
2637 1346 2738 1401 sibi
2801 1347 3057 1401 honorem
3129 1354 3526 1411 comparantes.

288 1432 499 1503 Nempe
520 1443 577 1488 et
609 1433 869 1488 Dominus
896 1434 1192 1489 secundum
1225 1433 1497 1489 hominem
1523 1434 1729 1502 primus
1768 1449 1867 1488 ex-
1971 1450 2129 1505 quem
2160 1434 2308 1501 solisj
2337 1434 2581 1489 diaconis
2619 1434 2821 1490 habere
2875 1435 3019 1499 licet,
3064 1419 3179 1488 sive
3202 1434 3365 1488 etiam
3410 1434 3530 1488 aliis

294 1522 610 1595 sistamus!
644 1522 922 1577 maximus
978 1522 1255 1584 sacerdos.
1291 1536 1396 1577 ηοη
1446 1522 1588 1587 ideo.
1618 1522 1742 1591 quia
1772 1522 1873 1576 Ιηῖ·
1974 1528 2298 1598 quibusdam
2347 1528 2567 1584 casibus
2622 1526 2986 1583 sacerdotium
3013 1526 3236 1581 omnino
3259 1526 3529 1589 deserere,

304 1610 467 1664 nistri
525 1610 795 1673 habitum,
841 1621 896 1666 et
965 1612 1330 1668 ministerium
1396 1613 1559 1683 pedes
1612 1613 1875 1669 abluendo

2008 1620 2131 1688 Luasi
2163 1619 2470 1675 sacerdotes
2521 1620 2592 1674 ab
2627 1618 2783 1673 initio
2815 1616 3117 1674 consecrati
3174 1629 3280 1671 non
3328 1622 3534 1680 essent,

299 1700 674 1766 monstravit,
718 1700 1008 1755 sacerdotii
1071 1701 1317 1756 confudit
1370 1702 1637 1757 ordinem.
1674 1702 1741 1756 Et
1786 1702 1877 1758 hic

2014 1727 2043 1768 c
2089 1713 2439 1769 diaconorum
2488 1710 2749 1782 dignitate
2802 1711 2880 1765 uti
2928 1725 3031 1765 non
3083 1707 3399 1765 vellent.Ex
3426 1720 3535 1777 quo

303 1790 472 1859 igitur
505 1793 784 1854 sacerdos,
824 1792 1079 1861 quoniam
1116 1792 1389 1848 inferioris
1426 1793 1711 1849 sacerdotii
1752 1808 1877 1863 gra-

2008 1802 2283 1859 niuisteria
2318 1801 2687 1858 ecclesiastica
2721 1799 2974 1855 confundi
3006 1808 3167 1869 atque
3212 1796 3403 1853 ordine
3446 1809 3538 1849 ca-

299 1883 403 1935 dus
434 1882 491 1936 in
552 1882 731 1950 seipse
775 1883 1036 1947 continet,
1063 1889 1295 1946 constat,
1319 1881 1445 1951 quia
1491 1882 1743 1937 omnibus
1762 1896 1882 1952 quas

2008 1907 2103 1949 'ere
2131 1894 2486 1961 contingeret,
2519 1891 2766 1959 singulis,
2798 1904 2916 1959 quas.
2936 1887 3035 1944 sibi
3074 1887 3309 1959 gratiora
3335 1895 3538 1951 essent,

300 1974 406 2027 ιιιὶ)
438 1988 498 2028 se
527 1984 673 2038 50M.
700 1974 935 2041 ιοείιῑωθ
963 1981 1167 2029 M81“?-
1982 1981 2324 2054 eligentibus.
2362 1980 2493 2035 Eam
2532 1994 2659 2033 vero
2696 1978 2968 2034 licentiam
3005 1975 3247 2032 Ecclesia
3276 1975 3540 2032 coercuit.

372 2065 497 2120 Non
523 2073 699 2120 tamen
721 2065 863 2119 illius
882 2065 1125 2120 ordinem
1156 2064 1410 2118 diaconus
1440 2062 1662 2134 implere
1687 2072 1881 2133 potest.

302 2158 426 2215 Nisi
460 2161 605 2215 enim
644 2176 742 2217 eos
769 2162 858 2232 qui
890 2162 991 2218 sub
1020 2161 1135 2229 ipso
1166 2169 1312 2228 sunt,
1349 2160 1545 2230 gradus
1570 2160 1887 2224 contineret,

302 2250 557 2321 profecto
584 2266 757 2322 neque
782 2267 1016 2318 unquam
1044 2251 1182 2321 apud
1212 2265 1273 2306 se
1302 2251 1541 2307 omnium
1576 2250 1734 2305 simul
1766 2268 1888 2323 gra-

308 2341 485 2394 duum
520 2341 1142 2411 ministeriumimpleret
1173 2340 1458 2407 sacerdos;
1480 2340 1736 2411 quoniam
1760 2357 1889 2397 vero

309 2432 528 2501 implet,
560 2441 795 2499 constat,
842 2434 971 2502 quia
1004 2433 1123 2489 illos
1159 2433 1387 2498 habens,
1421 2435 1715 2489 secundum
1772 2432 1892 2488 illos

311 2526 485 2578 etiam
512 2524 819 2580 ministrare
841 2534 1038 2595 potest.
1072 2524 1165 2581 Est
1194 2526 1336 2579 enim
1364 2524 1735 2581 irrationabile
1778 2540 1893 2581 om-

311 2614 409 2668 nia
449 2613 609 2667 s'mul
637 2615 849 2684 quidem
876 2616 1049 2670 facere
1070 2616 1413 2686 permittere;
1446 2617 1679 2671 discrete
1710 2624 1887 2670 autem

314 2722 429 2762 non
478 2708 573 2773 ita,
616 2721 737 2761 cum
792 2707 920 2762 nihil
961 2708 1054 2771 sit,
1094 2707 1240 2776 quod
1300 2708 1601 2777 prohibeat.
1646 2707 1803 2777 Atqui
1856 2722 1885 2761 a

317 2796 538 2852 diaconi
591 2797 726 2852 stola
770 2797 1003 2867 dignitas
1031 2796 1381 2853 sacerdotalis
1412 2812 1516 2851 non
1570 2796 1890 2851 excluditur.

314 2886 442 2940 Non
479 2886 618 2941 enim
656 2886 757 2941 sibi
784 2886 1009 2943 invicem
1038 2885 1135 2941 ista
1166 2885 1435 2940 contraria
1470 2894 1619 2948 sunt,
1662 2894 1719 2940 ut
1773 2901 1894 2940 cum

318 2978 562 3031 alterum
596 2978 683 3038 sit,
713 2981 938 3032 alterum
976 2990 1099 3033 esse
1144 2990 1251 3031 non
1296 2975 1487 3045 possit.
1530 2975 1715 3045 Neque
1739 2977 1894 3041 .stola

2181 2070 2256 2127 De
2292 2072 2495 2128 duobus
2531 2069 2786 2126 Romanis
2816 2069 3145 2140 pontiﬁcibus
3168 2067 3308 2139 (85).

1984 2234 1989 2239 η
2055 2166 2342 2223 Enimvero
2399 2166 2492 2236 qui
2572 2164 3003 2222 dissensionibus
3066 2161 3332 2232 gaudent,
3412 2158 3542 2215 illud

1987 2257 2619 2328 quoque'criminantur,
2662 2256 2804 2325 quod
2830 2268 2973 2309 nunc
3007 2250 3315 2309 Occidentis
3359 2249 3547 2307 Eccle-

1988 2348 2123 2402 siam
2176 2347 2282 2403 duo
2311 2357 2476 2417 agunt
2535 2346 2835 2416 pontiﬁces,
2876 2343 3039 2399 ambo
3095 2358 3190 2413 per
3240 2349 3429 2411 gentes
3491 2350 3548 2396 et

1990 2449 2183 2507 genera
2221 2436 2404 2502 divisi,
2452 2435 2607 2506 quasi
2638 2448 2745 2491 non
2778 2434 2881 2489 hoc
2928 2434 3102 2503 ipsum
3131 2432 3212 2488 eis
3242 2446 3384 2500 saepe
3411 2444 3545 2486 con-

1992 2528 2193 2598 tigerit.
2226 2528 2379 2594 Quod
2425 2527 2469 2583 si
2504 2530 2663 2582 ambo
2690 2525 3075 2582 ecclesiasticis
3103 2539 3207 2579 non
3234 2523 3549 2587 utebantur,

1969 2623 2121 2700 .illud
2149 2620 2370 2677 omnino
2421 2620 2477 2675 in
2522 2634 2683 2675 causa
2713 2627 2796 2675 est
2847 2617 2993 2687 quod
3026 2616 3263 2673 conclusi
3310 2614 3552 2684 undique

1994 2713 2123 2777 sint,
2168 2724 2423 2781 nequese
2472 2709 2724 2765 Ecclesia:
2773 2719 2975 2763 nostra:
3023 2706 3096 2762 ita
3149 2704 3405 2760 extendat
3454 2719 3553 2758 au-

1994 2805 2239 2871 ctoritas,
2269 2800 2538 2859 hostiliter
2568 2812 2745 2857 tamen
2780 2799 3133 2856 nihilominus
3165 2798 3343 2853 allecti
3372 2805 3551 2851 erant.

1996 2895 2315 2964 Quanquam
2361 2908 2489 2949 vero
2536 2891 2676 2947 istud
2709 2905 2868 2945 nemo
2899 2889 2998 2945 rite
3056 2887 3395 2953 laudaverit;
3428 2901 3553 2943 cum

2001 2998 2178 3041 tamen
2219 3000 2303 3039 res
2334 2984 2405 3037 ita
2453 2996 2512 3039 se
2545 2981 2907 3047 habeat,cirea
2937 2994 3025 3036 res
3056 2987 3260 3035 tantum
3292 2976 3555 3033 Occiden-

319 3068 570 3132 diaconi,
617 3082 774 3125 causa
843 3066 1259 3122 sacerdotalium
1330 3066 1593 3135 graduum
1659 3067 1893 3121 exsistit.

2008 3078 2066 3132 Lis
2098 3084 2342 3132 versatur
2369 3075 2468 3128 ista
2494 3073 2782 3140 dissensio,
2810 3071 2943 3126 ﬁdes
2972 3078 3149 3125 autem
3182 3068 3426 3136 utrisque
3444 3082 3551 3121 una

322 3161 438 3214 Sed
481 3159 673 3212 horum
722 3158 917 3227 gratia,
951 3158 1115 3213 etiam
1152 3156 1305 3211 stolae
1341 3154 1642 3211 diﬂ'erentia
1695 3156 1897 3211 haben-

325 3251 479 3302 tibus
506 3248 793 3303 distributa
820 3256 923 3302 est.
1054 3238 1062 3246 ’

399 3339 560 3405 Quod
596 3339 640 3393 si
674 3352 765 3391 eos
791 3339 879 3408 qui
908 3338 1007 3392 sub
1040 3351 1098 3393 se
1138 3344 1284 3401 sunt,
1342 3337 1395 3389 in
1428 3337 1603 3405 seipse
1647 3335 1900 3391 sacerdos

333 3434 542 3502 gradus
594 3430 869 3493 continet,
919 3435 1129 3483 constat
1183 3427 1345 3496 quia,
1408 3429 1624 3495 quando
1692 3425 1900 3479 diaconi

332 3524 565 3580 seorsim
602 3520 787 3590 implet
826 3519 1205 3582 ministerium,
1240 3519 1367 3573 licet
1396 3518 1467 3572 illi
1514 3518 1705 3572 stolam
1740 3517 1903 3571 etiam

338 3616 491 3669 illius
517 3612 690 3667 indui.
719 3610 889 3665 Aliter
919 3618 1099 3665 autem
1134 3618 1277 3664 esset
1306 3607 1715 3670 inconveniens,
1768 3620 1906 3675 pon-

339 3704 542 3758 tiﬁcem
597 3702 830 3771 aliquem
890 3698 975 3754 vel
1021 3698 1234 3763 exsilio,
1294 3696 1379 3751 vel
1417 3696 1525 3751 alio
1564 3710 1692 3751 casu
1728 3696 1909 3765 aliquo

341 3797 625 3859 aﬂ’ectum,
685 3795 945 3849 ministris
1007 3792 1322 3848 absentibus
1381 3791 1473 3861 qui
1527 3790 1598 3845 illi
1662 3792 1715 3846 in
1759 3790 1911 3845 obla-

344 3889 493 3942 tione
540 3884 793 3939 salutaris
840 3882 1033 3937 hostia;
1086 3881 1361 3945 assistant,
1394 3894 1497 3934 non
1524 3893 1619 3949 per
1669 3880 1904 3949 seipsum

344 3977 528 4033 omnia
561 3975 806 4045 implere,
834 3975 948 4039 sed,
984 3973 1101 4029 sine
1118 3981 1583 4027 sacramentorum
1617 3971 1913 4041 participa-

347 4068 494 4120 tione
525 4064 836 4119 diutissime
854 4061 1168 4132 persistere,
1212 4060 1297 4116 vel
1328 4060 1444 4115 sine
1470 4060 1601 4130 ipsis
1623 4061 1787 4115 etiam
1818 4062 1915 4116 de-

349 4156 548 4210 cedere
574 4194 592 4219 ,
626 4169 750 4208 cum
779 4152 912 4206 nihil
932 4152 1093 4215 adsit,
1134 4148 1277 4219 quod
1314 4147 1703 4203 rationabiliter
1731 4161 1796 4203 ac
1824 4162 1917 4203 ne-

349 4247 596 4303 cessario
622 4245 872 4300 obsistat.

429 4338 592 4403 Quod
623 4335 769 4389 enim
818 4333 1039 4397 dicitur,
1075 4346 1177 4385 non
1207 4338 1441 4399 oportere
1471 4328 1824 4400 presbyterum
1860 4327 1915 4380 in
1948 4334 1979 4403 ,ρ

2000 3176 2104 3230 est,
2131 3164 2409 3247 quocirca.
2428 3162 2599 3230 magis
2628 3175 2693 3216 ac
2728 3160 2901 3229 magis
2927 3158 3171 3215 veritatis
3204 3158 3429 3211 ﬁrmitas
3457 3153 3556 3209 ad-

2000 3256 2246 3311 miranda
2276 3244 2411 3310 est.
2473 3252 2639 3322 quod,
2696 3265 2819 3306 cum
2878 3248 2954 3303 illi
3009 3247 3347 3303 extrinsecus
3394 3244 3561 3299 divisi

2001 3349 2139 3411 sint,
2189 3359 2298 3401 non
2351 3353 2530 3399 tamen
2564 3342 2695 3397 ﬁdes
2738 3341 2845 3393 illis
2873 3338 3106 3395 discreta
3130 3345 3240 3403 est.
3262 3334 3560 3403 Propterea

2004 3440 2221 3502 propter
2272 3429 2629 3499 principatum
2685 3424 3023 3481 solummodo
3091 3421 3331 3485 diﬁ‘erre,
3404 3420 3562 3491 longe

2005 3523 2176 3593 levius
2209 3529 2291 3577 est
2319 3534 2482 3591 quam
2514 3518 2634 3573 ﬁdei
2654 3517 2861 3571 ratione
2887 3513 3151 3584 separari.
3196 3512 3382 3569 Utrum
3415 3513 3559 3567 enim

2007 3614 2219 3689 illorum
2259 3612 2492 3689 quisque
2542 3609 2645 3665 sibi
2684 3608 2867 3678 eligat,
2930 3606 3133 3661 nullum
3191 3604 3312 3659 ﬁdei
3368 3604 3564 3661 discri-

2009 3716 2129 3757 men
2173 3700 2421 3758 incurrit.

2427 3788 2506 3843 De
2528 3786 2808 3841 Dominicis
2840 3783 3175 3853 imaginibus.

2083 3881 2310 3949 Quidam
2329 3892 2458 3934 vero
2486 3885 2792 3932 nostrorum
2815 3873 2951 3927 adeo
2978 3872 3181 3947 perdita
3208 3878 3388 3926 mente
3415 3878 3566 3933 sunt,

2016 3968 2258 4023 utetiam
2306 3962 2603 4019 Salvatoris
2650 3959 2935 4028 imaginem
2996 3957 3200 4013 Latinis
3240 3966 3449 4012 tantum
3488 3957 3573 4011 in-

2016 4058 2271 4127 scriptam
2314 4052 2506 4108 litteris
2557 4048 2785 4104 adorare
2839 4052 3087 4101 renuant.
3146 4045 3319 4116 ipsam
3358 4059 3574 4116 quoque

2020 4146 2391 4205 adorationem
2442 4141 2594 4197 ﬁexis
2621 4137 2845 4209 genibus
2874 4137 2985 4193 Deo
3007 4136 3233 4192 reddere
3256 4136 3573 4191 haereticum

2020 4238 2335 4294 existimant
2385 4247 2605 4302 :neque
2655 4228 2999 4299 evangelista:
3042 4242 3313 4283 memores
3362 4228 3431 4282 de
3476 4225 3579 4281 Do-

2023 4330 2171 4385 mino
2198 4326 2426 4383 dicentis
2456 4342 2470 4377 :
2501 4322 2685 4390 positis
2714 4320 2928 4391 genibus
2952 4321 3158 4385 oravit;
3187 4332 3363 4389 neque
3388 4332 3578 4373 sacer—

350 4426 570 4481 diaroni
627 4423 863 4477 ordinem
899 4422 1091 4485 venire,
1123 4419 1430 4489 hujusmodi
1469 4429 1572 4481 est,
1639 4432 1703 4471 ac
1756 4416 1800 4471 si
1842 4416 1908 4469 di.

2022 4421 2210 4476 dolum
2262 4414 2665 4470 admonentium
2697 4411 2951 4482 populum
2987 4425 3117 4465 voce
3146 4408 3326 4479 magni
3358 4407 3569 4468 Basilii,

354 4529 507 4571 catur
543 4534 560 4568 :
625 4513 744 4567 Non
792 4512 1009 4582 expedit
1065 4520 1126 4564 ut
1176 4508 1465 4565 sacerdotii
1508 4507 1732 4578 gradum
1766 4506 1920 4560 dese-

359 4624 482 4663 rens
545 4605 824 4675 quispiam
879 4603 947 4658 ad
997 4600 1211 4657 diaconi
1264 4600 1607 4656 transcendat
1651 4597 1921 4655 ordinem.

2023 4522 2088 4562 ac
2122 4503 2416 4559 dicentium
2453 4518 2467 4557 :
2502 4499 2702 4554 Iterum
2746 4508 2903 4567 atque
2947 4499 3139 4552 iterum
3166 4502 3443 4549 curvantes
3492 4509 3580 4562 ge-

2024 4612 2131 4650 nua
2166 4592 2446 4647 Demittunt
2473 4603 2759 4659 precemur.

1652 4712 1727 4767 De
1756 4712 1929 4798 queis
1952 4710 2102 4780 signo
2143 4704 2279 4774 (84).

442 4819 602 4873 Ἀ).ὶὰ
642 4817 739 4871 καὶ
784 4815 861 4887 (Ι)
901 4813 991 4869 τὸν
1045 4811 1298 4883 σταυρὶν,
1336 4812 1524 4879 ὅτιπερ
1555 4806 1922 4876 ἀντιστρόφως

367 4912 588 4971 ἑαυτοὺς
635 4908 1034 4977 σχηματίζουσι
1069 4902 1474 4977 σημειούμενοι,
1516 4899 1816 4961 αἰτιῶνται,
1846 4897 1926 4950 ὦσ

370 5016 469 5068 περ
493 4999 593 5051 οὒκ
622 5001 683 5051 ὲν
714 5000 779 5067 τῇ
807 4996 1035 5065 δυνάμει
1054 4994 1145 5047 τοῦ
1166 4994 1468 5063 σχήματος,
1486 4989 1602 5044 ἀλλ’
1617 4990 1673 5041 ὲν
1692 4990 1760 5057 τῇ
1782 4986 1929 5041 θέσει

369 5090 463 5159 τῆς
494 5090 623 5158 περὶ
644 5087 741 5140 τὸν
770 5085 1031 5151 ζωοποιδν
1063 5082 1296 5153 σταυρὸν
1332 5081 1621 5140 εὐλαϐείας
1650 5079 1747 5132 καὶ
1789 5078 1927 5131 θεω-

440 5232 547 5298 (35)
608 5230 768 5283 Forte
801 5226 1034 5298 loqnitur
1082 5222 1272 5298 Qaleca
1313 5223 1378 5275 de
1403 5220 1693 5298 schismate
1721 5223 1925 5298 tempo-

375 5288 653 5353 reconcilii
677 5288 1003 5353 Basileénsis
1031 5293 1114 5348 vel
1142 5288 1598 5351 Constantiensis;
1622 5294 1751 5339 tunc
1779 5288 1923 5337 enim

374 5370 552 5432 plures
581 5367 731 5421 fuere
762 5364 1043 5435 pontiﬁces
1064 5371 1117 5415 et
1145 5360 1359 5435 quidem
1377 5357 1511 5435 duo,
1529 5366 1772 5433 tempore
1789 5367 1921 5435 con-

376 5378 552 5432 ptures
581 5378 731 5421 tuere
762 5378 1043 5435 ponttltces
1064 5378 1117 5415 et
1182 5378 1359 5413 utaem
1377 5378 1503 5416 utut,
1529 5378 1767 5424 tempore
1789 5378 1921 5405 cuu-

376 5437 485 5490 cilii
516 5435 844 5491 Basileensis
871 5450 886 5498 ;
918 5447 980 5485 ex
1012 5445 1120 5500 quo
1145 5378 1211 5484 ge
1237 5437 1393 5502 aetate
1422 5426 1625 5481 Caleca:
1655 5421 1925 5502 conjectu-

378 5488 489 5556 ram
522 5488 721 5574 capere
779 5488 1276 5574 lice:t_:quanqt_tam_
1308 5498 1445 5551 idem
1499 5508 1657 5574 nasus
1703 5488 1923 5574 ξιὸεῖάίιο

378 5562 609 5628 maxime
636 5572 855 5642 quando
875 5562 1098 5628 Urbano
1126 5566 1194 5621 Vl
1220 5566 1468 5619 Clemens
1510 5562 1601 5616 Vll
1637 5569 1720 5615 est
1756 5573 1928 5628 oppo-

441 5693 511 5753 (ι)
543 5690 712 5740 (ἑτερο
735 5688 861 5750 apud
887 5686 1123 5737 Allatium
1157 5682 1223 5732 De
1244 5666 1494 5736 consensu,
1517 5691 1567 5739 p.
1598 5673 1733 5725 l360.

2097 4803 2401 4859 Causantur
2452 4800 2577 4857 item
2599 4838 2616 4863 ,
2660 4797 2785 4868 quia
2818 4797 2941 4852 dum
2972 4794 3137 4850 vitale
3166 4794 3267 4850 sibi
3297 4792 3476 4848 crucis
3504 4790 3581 4846 si-

2031 4906 2192 4963 gnum
2229 4890 2566 4959 imprimunt,
2618 4894 2923 4941 transverse
2954 4898 2983 4938 a
3037 4882 3244 4937 dextris
3285 4879 3586 4934 inchoando

2034 4993 2251 5036 crucem
2286 4979 2540 5040 formant,
2598 4972 2752 5043 quasi
2787 4986 2891 5026 non
2951 4971 3151 5025 virtute
3207 4969 3369 5038 signi,
3402 4968 3496 5021 sed
3532 4966 3586 5019 in

2036 5070 2424 5141 compositione
2465 5065 2686 5121 viviﬁcae
2712 5064 2893 5119 crucis
2928 5061 3135 5129 religio,
3166 5069 3222 5116 et
3253 5058 3583 5122 reverentia,

2032 5213 2169 5267 situs
2196 5212 2469 5278 antipapa,
2503 5222 2646 5262 anno
2670 5202 3075 5278 Christi__l578.
3126 5200 3277 5267 Quod
3350 5197 3587 5278 schisma

2030 5266 2419 5350 quinquaginta
2449 5266 2618 5332 annos
2653 5277 2861 5350 ten_t_tit._
2880 5274 2991 5350 Hoc
3040 5266 3219 5350 tamen
3240 5284 3363 5350 _non
3384 5338 3403 5350 '
3431 5266 3593 5350 habet

2033 5338 2232 5415 locum,
2262 5338 2325 5403 sui
2347 5349 2540 5403 Caleca
2581 5346 2810 5415 concilio
2840 5338 3184 5415 Lugdunensi
3240 5338 3502 5403 interluit,
3536 5344 3594 5391 ut

2032 5410 2227 5476 scribit
2247 5418 2549 5473 Galesinius
2583 5414 2633 5468 in
2667 5414 2786 5468 Vita
2827 5410 2999 5468 sancti
3033 5410 3447 5463 Bonaveuturte.

2105 5488 2219 5557 (8i)
2252 5487 2561 5542 Gretserum
2581 5484 2697 5555 lege
2720 5483 2815 5549 lib.
2846 5498 2919 5546 tv,
2953 5495 3003 5535 c.
3031 5480 3085 5545 1,
3116 5478 3188 5533 De
3205 5476 3263 5533 S.
3296 5476 3483 5532 Cruce.
