4020 6206
472 322 576 387 2'39

1720 323 2118 384 MANUEUS
2149 322 2448 384 CALECE

3589 315 3691 380 2.0

472 445 526 490 et
561 434 856 505 spcculatio
908 436 1185 492 consistat.
1246 437 1422 506 Atque
1464 445 1522 492 ιιι
1581 436 1802 505 intelligi
1838 441 2019 502 datur,

2135 440 2252 508 ρξας
2289 435 2704 505 συνισταμένης.
2741 431 2847 487 Καὶ
2877 433 2950 495 ὡς
3003 432 3201 494 ἔοικεν,
3236 430 3560 494 ἀξιώσουσιν
3594 431 3692 497 ξη-

471 540 592 578 cnm
632 525 778 593 prius
835 524 1198 593 inquisierint,
1235 526 1507 593 quomodo
1553 540 1615 581 ea
1646 541 1765 594 qua:
1794 526 2029 592 videtur,

473 626 606 665 crux
657 614 976 681 composita,
1025 613 1107 668 vei
1135 614 1274 681 picta
1308 613 1427 675 fuit,
1486 617 1530 669 si
1565 615 1807 683 quidem,
1841 623 1897 667 ut
1926 613 2027 680 ipsi

474 703 681 769 volunt,
707 704 885 771 fuerit,
914 713 1041 759 tunc
1063 705 1394 772 adorabunt;
1419 706 1502 761 sin
1536 721 1664 761 vero
1699 706 1853 760 aliter
1883 719 2030 758 com-

471 797 665 862 positio
689 796 773 851 illa
820 809 993 866 empta
1029 796 1213 862 fuerit,
1241 801 1514 854 omittent.
1553 799 1616 852 Et
1640 797 1799 852 simul
1844 812 2033 864 quem-

470 885 756 938 admodum
802 885 1090 954 quispiam,
1139 886 1300 941 alium
1344 888 1510 956 ﬁgura
1561 886 1738 940 crucis
1784 886 2027 954 signans,

470 985 776 1030 transverso
807 991 834 1029 a
867 977 1074 1034 dextris
1103 979 1319 1032 inchoat
1357 994 1374 1033 :
1406 977 1532 1046 quid
1568 977 1796 1031 sceleris
1829 975 2029 1030 admit-

471 1068 559 1131 tit,
591 1069 635 1122 si
664 1070 902 1138 seipsum
939 1072 1102 1125 etiam
1150 1072 1230 1126 sic
1255 1072 1470 1141 signet?
1504 1069 1773 1136 Quocirca
1806 1079 1857 1124 et
1880 1068 2028 1122 Lati-

465 1174 656 1240 uorum
687 1163 898 1229 plurimi
933 1163 1198 1218 mirantur
1227 1166 1441 1234 aliquos
1475 1165 1541 1219 ad
1568 1173 1772 1217 tantum
1805 1161 2026 1216 rustici-

467 1253 593 1308 tatis
627 1253 921 1320 pervenire"
936 1255 1173 1322 potuisse
1197 1263 1253 1308 ιιι
1270 1254 1440 1322 etiam
1467 1255 1608 1310 circa
1633 1263 1831 1308 sanctae
1855 1251 2029 1304 crucis

465 1343 865 1412 forinatienem,
895 1364 1016 1404 cum
1056 1351 1243 1402 eadem
1293 1349 1693 1416 quontodolibet
1745 1346 2028 1411 formetur,

464 1437 844 1502 contemplatio
889 1448 938 1516 et
968 1439 1136 1491 virtus
1173 1439 1285 1505 sit;
1317 1439 1684 1494 differentiam
1723 1439 1842 1494 ﬁdei
1875 1439 1919 1493 si
1948 1437 2028 1492 sic

465 1526 547 1578 vel
580 1528 659 1582 sic
691 1530 802 1591 liat,
841 1529 1196 1596 arbitrentur,
1247 1531 1388 1600 quod
1437 1545 1610 1600 neque
1658 1529 1877 1584 diﬁerre
1927 1528 2026 1597 ipsi

466 1625 674 1686 putant,
724 1629 778 1672 et
828 1621 1232 1688 quontodolibet
1279 1621 1560 1686 formetur,
1615 1619 1860 1676 ﬁdelibus
1905 1633 2029 1676 esse

462 1709 789 1777 adiutorium
822 1728 927 1771 non
984 1713 1285 1782 ambigunt.

605 1847 682 1903 De
719 1849 1024 1905 Grtrcorum
1075 1853 1128 1906 in
1165 1853 1445 1906 schismate
1474 1868 1570 1906 suo
1612 1851 1925 1922 pervicacia.

533 1963 609 2016 lla
634 1965 795 2031 igitur
827 1966 1159 2019 zizaniorum
1189 1967 1546 2022 scminatores
1570 1977 1621 2021 ct
1644 1965 2021 2020 scandalorum

461 2057 701 2122 epilices,
732 2057 817 2109 bis
843 2067 892 2111 et
921 2057 1249 2126 hujnsmodi,
1269 2072 1496 2126 quorum
1519 2057 1622 2111 alia
1654 2056 1868 2124 quidem
1912 2054 2020 2107 odii

462 2155 516 2197 et
548 2147 910 2201 contentionis
945 2147 1198 2200 iudicium
1234 2148 1462 2212 habent,
1498 2147 1600 2201 alia
1654 2144 2025 2216 simplicitatis

459 2248 509 2288 et
539 2238 845 2305 imperitiae,
879 2239 978 2292 alia
1007 2240 1057 2292 in
1084 2239 1460 2294 criminatores
1487 2238 1689 2292 rectius
1715 2234 2018 2303 retorqueri

463 2339 679 2396 possent
711 2328 788 2382 eis
833 2330 1390 2399 erroribusinucxos,
1441 2345 1577 2400 quos
1621 2327 1739 2382 aliis
1771 2328 2020 2391 inurtmt,

461 2433 748 2472 commune
795 2434 990 2486 corpus
1038 2417 1298 2474 Ecclesia:
1349 2420 1637 2474 dividendo
1668 2417 2018 2484 dissip'arnnt,

459 2520 620 2578 atque
670 2508 722 2561 in
795 2519 998 2563 tantum
1054 2509 1162 2564 odii
1198 2518 1252 2564 et
1300 2510 1546 2563 amentia:
1589 2524 1651 2562 ac
1698 2506 2020 2562 temeritatis

458 2614 550 2652 eos
587 2599 674 2669 qui
711 2599 812 2652 sub
839 2615 895 2653 se
926 2609 1073 2665 sunt,
1130 2601 1496 2670 perduxerunt
1529 2608 1586 2654 ut
1630 2597 2020 2654 tolerabiliores

456 2706 672 2764 putent,
712 2697 802 2765 qui
831 2696 1225 2754 Saracenorum
1277 2695 1651 2765 superstitioni
1703 2691 2018 2748 exsecrabili

457 2789 782 2852 inserviunt,
832 2805 990 2856 quam
1022 2789 1111 2858 qui
1157 2787 1466 2844 Oerideutis
1507 2786 1759 2844 Ecclesia:
1787 2785 2020 2854 jungun-

459 2890 544 2937 tur
585 2879 697 2953 (85)
732 2899 746 2934 :
789 2880 1112 2949 illornmque
1157 2880 1338 2948 potius
1377 2879 1668 2934 amicitiam
1695 2888 1747 2932 ct
1779 2891 2019 2929 commu-

458 2973 882 3042 nionem.quam
940 2973 1368 3030 Occidentalium
1428 2969 1650 3036 eligant,
1705 2977 1759 3022 et
1828 2980 1998 3032 neque

456 3067 792 3121 Christianos
821 3081 914 3122 eos
958 3067 1260 3140 nominent,
1304 3063 1592 3133 pluresque
1620 3061 1781 3116 etiam
1807 3059 1874 3114 de
1911 3058 2018 3112 illis

457 3158 736 3225 ambigam
770 3172 838 3210 an
877 3157 1158 3213 nobiscum
1199 3161 1519 3210 venerentur
1559 3149 1880 3219 Evangelia;
1914 3148 2013 3206 nisi

458 3253 580 3320 quis
609 3251 962 3320 plurimorum
1007 3251 1315 3322 nugacitate
1341 3248 1678 3315 transmissa,
1745 3244 2016 3300 Christiao

459 3359 557 3402 uos
583 3357 678 3398 eos
741 3343 1064 3411 simpliciter
1120 3343 1414 3400 existimet.
1471 3341 1716 3409 Cumque
1776 3335 2018 3407 quotidie

458 3440 670 3493 illorum
725 3441 967 3510 religioni
1013 3440 1230 3510 plurimi
1285 3439 1622 3508 applicentur
1651 3477 1669 3504 ,
1701 3453 1808 3492 non
1841 3435 2013 3490 solum

457 3529 581 3595 viri,
613 3533 704 3585 sed
747 3540 804 3586 et
852 3531 1100 3588 civitates
1129 3540 1182 3586 et
1223 3538 1418 3602 gentes
1448 3530 1675 3600 integrae
1704 3527 1838 3599 (86),
1879 3526 2013 3581 nihil

456 3637 709 3692 magnum
735 3624 1028 3693 contigisse
1063 3625 1422 3678 arbitrantur.

526 3738 693 3793 Porro
740 3737 786 3791 si
821 3737 911 3806 qui
961 3735 1387 3791 Occidentalium
1442 3733 1734 3788 Ecclesium
1781 3733 1845 3784 de
1890 3744 2015 3798 pro-

455 3830 702 3886 cessione
748 3828 920 3882 sancti
969 3827 1205 3896 Spiritus
1257 3834 1405 3880 recte
1441 3824 1644 3877 sentire
1684 3829 2014 3886 asseverant,

455 3937 644 3975 omnes
698 3933 812 3972 una
850 3917 1244 3971 consentientes
1273 3923 1491 3969 8800105
1523 3922 1575 3966 et
1603 3911 1856 3966 Ecclesiae
1905 3924 2018 3962 tua.

456 4011 653 4081 gistros
681 4008 1040 4077 proferentes.
1066 4005 1333 4073 simulque
1367 4017 1684 4058 communes
1718 4001 2018 4071 intelligen-

456 4105 559 4156 tias
600 4111 652 4154 et
685 4099 803 4152 ﬁdei
853 4098 1118 4167 principia
1161 4111 1459 4150 consonare
1504 4093 1869 4156 ostendentes,
1918 4091 2017 4144 hos

454 4194 584 4246 Ario
631 4202 684 4246 et
733 4191 968 4246 Sabellio
1008 4190 1302 4244 deteriores
1351 4199 1561 4258 putant,
1612 4186 1923 4252 nullamque
1951 4183 2017 4235 de

455 4284 562 4336 illis
598 4282 708 4350 jam
759 4281 1060 4334 habendam
1111 4280 1408 4342 rationem,
1468 4286 1526 4328 ut
1589 4275 1677 4342 qui
1721 4280 1912 4342 sponte
1959 4269 2014 4323 in

453 4375 807 4444 perditimiem
842 4355 1026 4439 ierint,
1070 4371 1402 4426 existimant.
1436 4369 1510 4421 Ita
1537 4366 1679 4420 enim
1710 4365 2011 4418 animarum

2131 529 2400 597 τουμένου
2457 526 2723 594 πρότερον
2744 541 2782 585 9‘
2815 522 2934 585 πιῖις
2997 525 3024 575 ό
3080 523 3399 590 φαινόμενος
3460 521 3690 588 σταυρὸς,

2134 619 2391 688 συνετέθη
2437 619 2470 688 ἣ
2498 616 2713 685 ἐγράφη
2737 633 2752 647 -
2786 614 2834 666 ει
2867 616 2964 681 μὲν
2983 612 3056 676 ὡς
3085 613 3236 666 αὐτοὶ
3269 610 3548 681 βούλονται
3573 609 3700 688 cura:

2134 683 2481 780 προσκυνεῖν,
2525 683 2621 760 eio’
2669 683 2777 759 ἀῗπὸ
2807 702 2916 756 τῶν
2957 703 3259 772 ἀριστερῶν
3293 703 3469 762 ἄλλως
3519 718 3634 763 πως
3659 683 3700 768 ἦ

2134 801 2401 864 σύνθεσις,
2434 797 2640 869 ἦρκται
2673 797 2951 865 παριέναι,
2979 795 3074 848 καὶ
3107 796 3221 862 ἅμα
3251 793 3438 861 ὥσπερ
3462 809 3547 853 τις
3573 791 3694 843 ἓτε-

2133 913 2224 965 ρον
2253 895 2330 962 τῷ
2363 895 2602 962 σχήματι
2638 890 2731 942 τοῦ
2765 887 3002 956 σταυρῡῦ
3054 885 3448 956 σημειούμενος
3495 887 3698 952 ἐγκαρο

2133 985 2262 1046 ciu);
2293 984 2400 1034 ἀπὸ
2425 982 2532 1033 τῶν
2591 980 2782 1042 δεξιῶν
2814 979 3059 1046 ἄρχεται.
3079 977 3143 1030 Ti
3167 976 3224 1028 τὸ
3253 976 3696 1043 παράνομηνιοῦ-

2129 1077 2262 1130 τωσὶ
2303 1076 2398 1128 καὶ⁸
2451 1073 2640 1125 ἑαυτὸν
2677 1069 3076 1139 σημειοῦσθαις
3114 1069 3341 1119 ’Διδκαὶ
3370 1066 3550 1118 πολλοὶ
3584 1065 3725 1121 τῶν,

2129 1169 2375 1221 Λατίνων
2405 1164 2800 1232 Θαυμάζουσιν,
2834 1162 2950 1227 εἴγε
2988 1159 3145 1220 τινὰς
3177 1157 3559 1223 εἰς’τοσαύτην
3603 1156 3695 1219 EE-

2133 1263 2331 1313 ἔπεσον
2351 1255 2660 1325 ἀγροικίαν,
2677 1253 2750 1313 ὡς
2773 1253 2865 1305 καὶ
2891 1249 3020 1318 περὶ
3048 1249 3145 1317 τὴν
3170 1249 3262 1300 τοῦ
3298 1249 3572 1316 σχήματος
3597 1247 3695 1298 τοῦ

2129 1349 2276 1402 θείου
2310 1346 2544 1415 σταυροῦ
2573 1343 2821 1396 σύνθεσιν
2849 1342 2947 1409 τῆς
2977 1341 3149 1408 αὐτῆς
3198 1339 3319 1390 κατ’
3351 1339 3514 1390 αὑτὸν
3555 1336 3696 1388 θεω-

2131 1441 2253 1510 ρίας
2310 1436 2675 1502 ὑποκειμένης
2723 1431 2984 1500 διαφορὰν
3029 1431 3286 1490 πίστεως,
3328 1428 3360 1498 ἢ
3417 1425 3611 1489 οὕτως.
3649 1426 3693 1493 ἢ

2126 1531 2300 1591 οὕτως
2329 1525 2609 1597 ἡγεῖσθαι.
2641 1525 2820 1593 Ὅπερ
2875 1521 2999 1574 οὔτε
3045 1521 3324 1590 διαφέρειν
3350 1515 3496 1573 οὗτοι
3541 1517 3698 1585 νομί-

2127 1623 2341 1686 ζουσιν,
2381 1619 2472 1671 καὶ
2500 1616 2566 1670 ἃν
2617 1613 3008 1686 σχηματιζοιτο
3052 1614 3164 1674 τοῖς
3219 1610 3564 1662 πιστεύουσιν
3613 1609 3695 1670 ei;

2130 1710 2387 1780 βοήθειαν
2418 1708 2691 1777 ἐξαρκεῖν.

2053 1849 2100 1909 Β
2131 1849 2335 1904 vivunt.
2371 1846 2473 1900 Sed
2517 1846 2618 1901 etsi
2667 1845 2758 1914 qui
2807 1853 3029 1914 propter
3073 1840 3298 1912 proximi
3343 1837 3688 1894 dilectionem

2125 1941 2515 1994 medicamenta
2553 1939 2631 1991 eis
2668 1937 2864 1991 aﬁ‘erre
2892 1936 3200 1997 voluerunt,
3224 1948 3343 2002 qua:
3372 1929 3683 1985 inimicissi—

2125 2047 2334 2088 ntornm
2369 2039 2510 2094 Sunt,
2539 2033 2617 2082 eis
2643 2037 2854 2081 tentare
2884 2027 2984 2082 visi
3018 2033 3163 2089 sunt,
3217 2025 3283 2077 ab
3310 2023 3414 2077 illis
3453 2020 3688 2088 undique

2123 2119 2375 2188 exagitati
2423 2127 2474 2170 et
2502 2116 2690 2184 fugati.
2748 2114 2803 2167 Id
2869 2122 3050 2168 autem
3102 2113 3438 2169 solummodo
3500 2107 3692 2162 Iucrati

2122 2217 2266 2272 sunt,
2325 2205 2464 2276 quod
2514 2205 2831 2258 cbaritatcm
2879 2204 2943 2256 at!
2974 2201 3296 2271 proximum,
3358 2197 3587 2265 bonique
3639 2205 3691 2250 ct

2121 2299 2334 2352 honesti
2366 2296 2693 2351 desiderium
2720 2304 2772 2347 et
2797 2293 3136 2348 alacritatem
3167 2293 3542 2346 ostenderunt.

2191 2387 2270 2441 De
2289 2387 2518 2455 primatu
2547 2386 2714 2438 sancti
2755 2383 2897 2438 Petri
2922 2394 2969 2437 et
2997 2382 3221 2437 Romani
3268 2381 3527 2449 pontiﬁcis
3550 2377 3687 2447 (87).

2188 2480 2264 2536 Ut
2287 2479 2452 2547 igitur
2482 2477 2546 2531 ad
2573 2478 2741 2546 prima
2767 2477 3068 2538 redeamus,
3102 2473 3359 2544 quoniam
3382 2480 3434 2526 et
3466 2488 3491 2524 a
3522 2469 3687 2522 Patre

2120 2579 2173 2625 ct
2228 2569 2363 2622 Filio
2415 2568 2674 2634 Spiritum
2732 2575 2978 2621 sanetum
3034 2564 3327 2632 procedere
3380 2559 3690 2614 communis

2122 2669 2428 2714 sanctorum
2459 2657 2644 2726 opinio
2674 2654 2932 2719 declarat,
2965 2654 3075 2708 imo
3095 2662 3150 2707 et
3185 2655 3295 2724 ipsa
3341 2651 3462 2705 ﬁdei
3484 2649 3688 2718 princi-

2122 2753 2205 2819 pia
2264 2751 2314 2804 id
2346 2764 2528 2802 verum
2576 2761 2696 2802 esse
2743 2756 3140 2809 contestantur,
3191 2742 3388 2814 eaSqttc
3443 2743 3687 2797 rationes

2121 2862 2239 2919 quae
2303 2854 2492 2900 contra
2569 2844 2709 2898 hanc
2780 2841 3091 2910 opinionem
3167 2837 3492 2902 inferuntur,
3551 2836 3688 2890 nihil

2120 2939 2318 3003 valere,
2369 2951 2534 3006 supra
2580 2943 2856 2988 ostensum
2891 2938 3001 2996 est;
3035 2938 3113 2995 et,
3158 2943 3279 2998 quin
3310 2928 3416 2984 illis
3444 2928 3678 2981 absurda

2120 3029 2476 3097 objiciuntur,
2498 3025 2588 3096 qui
2617 3041 2681 3082 ex
2711 3024 2873 3078 Patre
2899 3017 2952 3076 e't
2987 3019 3125 3074 Filio
3153 3019 3411 3088 Spiritum
3435 3026 3683 3070 sanetum

2037 3120 2085 3179 (Γ.
2118 3121 2466 3181 conﬁtentur,
2495 3115 2649 3180 nulli,
2693 3113 2797 3168 nisi
2849 3112 2954 3166 illis
3007 3119 3212 3166 tantum
3267 3108 3359 3178 qui
3389 3106 3677 3175 objiciunt,

2119 3207 2352 3264 absurda
2395 3205 2568 3260 videri
2601 3221 2616 3258 :
2656 3203 2910 3274 quodque
2931 3202 2998 3256 de
3024 3200 3298 3256 additione
3320 3196 3684 3268 objiciebatur

2117 3303 2431 3357 hesternum
2457 3312 2520 3352 ac
2544 3297 2669 3362 vile,
2711 3295 3165 3364 occasionemque
3194 3291 3366 3344 solam
3390 3292 3682 3358 primatum

2119 3389 2475 3461 querentium
2529 3400 2672 3451 esse,
2726 3384 3160 3439 demonstratum
3201 3389 3319 3442 est,
3366 3387 3421 3434 et
3487 3385 3677 3432 contra

2121 3479 2377 3535 Ecclesiae
2436 3476 2649 3546 regulas
2703 3473 3033 3530 contendere
3083 3467 3380 3536 volentium
3438 3484 3453 3520 :
3499 3466 3592 3520 sed
3629 3475 3685 3519 ct

2117 3585 2252 3641 quas
2299 3570 2620 3622 invenerunt
2669 3576 2887 3625 causas,
2922 3571 2980 3614 ut
3031 3557 3294 3614 discessio
3323 3569 3430 3610 non
3467 3553 3687 3608 irratio-

2117 3661 2311 3720 nabilis
2360 3658 2656 3721 videretur,
2681 3653 2809 3726 ipsae
2862 3665 3077 3722 quoque
3124 3645 3485 3704 contentionis
3523 3651 3688 3713 atque

2117 3749 2225 3804 odii
2281 3747 2672 3801 documentum
2723 3750 2888 3795 sunt:
2949 3737 3236 3810 perspicue
3290 3736 3454 3804 liquet
3479 3731 3722 3803 nullam.

2119 3841 2225 3896 illis
2280 3839 2686 3902 exettsationem
2750 3831 3010 3903 relinqui,
3062 3829 3156 3900 qui
3209 3828 3276 3883 de
3332 3825 3685 3895 processione

2119 3930 2292 3984 sancti
2371 3928 2608 3996 Spiritus
2674 3923 2934 3998 adversus
3009 3920 3311 3978 Romanam
3381 3915 3681 3971 Ecclesiam

2117 4019 2444 4077 contendere
2483 4017 2858 4074 instituerunt.
2911 4011 3179 4079 Quocirca
3223 4009 3454 4079 quisque
3499 4013 3685 4060 mente

2118 4121 2172 4165 et
2212 4110 2424 4162 ratione
2472 4107 2751 4176 praeditus,
2805 4103 3052 4157 eamdem
3089 4116 3213 4155 cum
3252 4099 3339 4153 illa
3373 4097 3684 4166 opinionem

2118 4203 2184 4256 de
2209 4200 2379 4253 sancti
2411 4197 2646 4266 Spiritus
2681 4195 3027 4263 processione
3048 4187 3478 4266 tutissimetucri
3501 4187 3683 4240 debet.

2124 4295 2186 4345 Et
2222 4305 2382 4362 quam
2413 4290 2465 4342 in
2504 4286 2762 4358 Symbolo
2809 4298 2994 4349 unam,
3031 4277 3276 4337 sanctam
3319 4291 3372 4334 et
3424 4277 3682 4347 apostoli-

2121 4399 2237 4436 cam
2295 4381 2620 4436 conﬁtemur
2678 4373 3000 4439 Eeelcsiam,
3053 4373 3191 4426 hanc
3225 4383 3345 4424 esse
3381 4367 3688 4438 iustissime

453 4469 846 4538 gubernatores
889 4475 1085 4520 vocant
1113 4480 1205 4517 eos
1233 4464 1324 4531 qui
1376 4479 1443 4516 ex
1487 4459 1646 4516 Patre
1691 4471 1786 4528 per
1815 4454 2014 4509 Filium

2124 4470 2534 4532 asseveraverit,
2588 4480 2818 4536 eumque
2852 4467 2941 4534 qtti
3003 4463 3077 4516 ita
3135 4460 3443 4522 conﬁtetur,
3492 4457 3687 4512 catho-

455 4563 817 4618 substantiam
853 4561 1052 4614 habere
1089 4557 1351 4624 Spiritum
1385 4563 1631 4608 sanctum
1665 4550 2014 4624 conﬁtentur,

453 4655 817 4724 omnibusque
860 4654 1087 4706 coetibus
1130 4659 1181 4703 et
1231 4648 1376 4701 omni
1419 4623 1825 4707 consuetudine,
1881 4657 2020 4695 cun-

455 4749 664 4816 ctisque
695 4746 1072 4800 communibus
1097 4743 1244 4794 illum
1277 4740 1573 4808 exagitant.
1597 4737 1664 4790 Et
1687 4734 2020 4804 nequissime

453 4839 670 4908 quidem
740 4834 1166 4891 Occidentalium
1244 4831 1575 4886 Ecclesium»
1623 4826 2013 4893 blaspltetnant,

455 4929 888 4996 saeriﬁriumque
937 4936 991 4980 et
1023 4939 1183 4980 omne
1232 4927 1647 4983 sacramentum,
1693 4915 1836 4986 quod
1876 4912 2015 4982 apud

457 5023 600 5076 illam
632 5020 710 5086 ﬁt,
736 5025 1108 5072 exsecrantttr.

525 5115 671 5180 Quos
693 5127 821 5165 sane
873 5109 1121 5165 miserari
1168 5105 1422 5174 convenit
1467 5116 1528 5155 ac
1555 5115 1650 5169 pro
1681 5097 1785 5152 illis
1835 5107 2016 5153 orare,

457 5206 653 5274 quipp".
678 5220 800 5258 cum
823 5201 912 5255 Dei
937 5216 1068 5270 opus
1089 5199 1218 5261 sint,
1250 5197 1342 5266 qui
1380 5193 1891 5247 viviﬁcatmortuos.
1919 5183 2020 5238 Ni}

455 5311 562 5362 que
583 5297 725 5347 enim
744 5296 809 5346 de
836 5292 1029 5361 quibus
1055 5290 1424 5355 dicuntneqne
1445 5280 2017 5354 deqttibusaﬁirmant.

458 5387 635 5436 sciunt
664 5394 864 5462 ratque
899 5381 1119 5436 omnino
1149 5381 1266 5434 sine
1288 5392 1471 5439 sensu,
1505 5387 1556 5430 et
1584 5375 1688 5436 sui,
1718 5381 1771 5426 et
1791 5370 2016 5422 aliorum

529 5498 640 5562 (85)
671 5495 858 5548 Merito
890 5497 1053 5564 igitur
1082 5495 1192 5561 jaut
1254 5492 1380 5561 iugo
1425 5487 1657 5564 Ttt_rci_co
1682 5490 1999 5561 premuntur
2023 5516 2035 5529 .

529 5552 639 5635 (86)
673 5565 780 5635 Hoc
809 5552 1117 5635 maiimeﬁ't
1147 5552 1341 5616 uosird
1359 5558 1555 5635 smcttlo
1585 5559 1635 5610 in
1668 5552 2015 5635 conversione

458 5619 735 5688 ludorum.
767 5633 904 5699 Lege
934 5635 999 5686 de
1049 5634 1150 5686 hac
1183 5647 1238 5684 re
1286 5627 1569 5698 epistulam
1629 5624 1860 5699 primatu
1883 5619 2012 5699 Ear-

457 5704 616 5760 laanti
655 5689 894 5770 episcopi
934 5702 1280 5770 Gyracensis,
1305 5689 1422 5768 quae
1443 5689 1770 5750 exstattom.
1803 5689 2008 5747 VlAnt.

2125 4565 2282 4616 licam
2326 4563 2484 4615 ﬁdem
2527 4567 2731 4621 tenere,
2770 4557 2858 4610 illa
2896 4556 3032 4610 duce
3070 4568 3178 4608 non
3210 4552 3466 4620 ambiget.

2194 4654 2272 4706 Ad
2312 4652 2428 4706 ha'c
2459 4660 2513 4705 et
2553 4649 2680 4703 illud
2717 4648 3054 4708 intuendum,
3093 4651 3297 4714 quanta
3327 4643 3397 4696 sit
3432 4639 3688 4694 Ecclesiae

2122 4741 2455 4814 magnitudo,
2519 4749 2718 4808 quanta
2778 4750 2956 4790 rerum
3023 4733 3210 4795 moles,
3267 4739 3429 4799 utque
3501 4727 3570 4782 ab
3623 4743 3686 4781 ea

2123 4833 2269 4887 nulla
2322 4844 2558 4898 unquam
2591 4826 2845 4882 ltmretica
2891 4824 3160 4880 sententia
3204 4821 3461 4883 mauarit,
3518 4833 3684 4888 quam

2119 4924 2307 4975 beatus
2369 4919 2612 4973 fundavit
2673 4917 2884 4977 Petrus,
2943 4930 3063 4984 qua:
3111 4927 3324 4981 semper
3369 4911 3434 4964 ad
3478 4923 3677 4962 omnes

2123 5010 2318 5066 ﬂuctus
2368 5008 2660 5064 immobilis
2705 5005 2972 5076 perstitit;
3024 5003 3149 5074 quia
3181 5017 3343 5071 supra
3371 5009 3599 5075 petram,
3634 4999 3685 5050 id

2126 5112 2233 5166 est,
2257 5115 2420 5169 super
2451 5100 2621 5167 ipsum
2661 5097 2946 5150 Dominum
2973 5095 3192 5150 fundata
3223 5101 3360 5156 erat,
3385 5091 3498 5145 sive
3523 5104 3688 5158 super

2127 5192 2265 5248 beati
2294 5189 2436 5246 Petri
2487 5186 2850 5242 ﬁrmissimam
2883 5187 3040 5250 ﬁdem
3075 5199 3268 5252 :qucm
3295 5182 3370 5235 illi
3404 5179 3684 5238 Dominus,

2126 5295 2250 5334 cum
2285 5277 2550 5349 corporali
2583 5276 2868 5346 praesentia
2904 5272 3162 5328 mundum
3207 5272 3502 5333 desereret,
3544 5282 3686 5336 pne-

2127 5371 2277 5438 t‘ecit,
2313 5372 2518 5426 beatum
2547 5369 2696 5423 illum
2725 5367 3032 5437 appellans,
3074 5367 3196 5434 quia
3248 5379 3349 5417 ιιοη
3385 5361 3462 5414 illi
3488 5375 3612 5414 caro
3636 5368 3688 5414 ct
3715 5378 3733 5391 ο

2121 5482 2239 5541 lect.
2266 5485 2325 5540 D.
2360 5484 2574 5540 llenrici
2613 5483 2838 5538 Canisii.

2194 5557 2306 5622 (87)
2339 5555 2482 5622 Lege
2513 5552 2850 5622 Gennadium
2882 5563 2981 5618 pro
3004 5547 3235 5622 concilio
3265 5543 3598 5622 Florentino,
3628 5552 3686 5622 et

2121 5613 2508 5680 Bellartuiniitn
2542 5622 2635 5678 lib.
2665 5621 2741 5677 De
2785 5613 2966 5688 Parin,
3014 5627 3067 5673 et
3134 5618 3296 5687 epist.
3339 5614 3374 5667 Ξ
3412 5613 3683 5667 Barlaami

2119 5695 2317 5763 Gyrac.
