3996 6222
297 296 385 378 ait

288 517 401 572 inde
428 518 541 586 iam
569 517 848 586 principiis
893 517 1254 573 ecclesiastici
1289 518 1634 587 principatus
1655 518 1843 586 iactis,

290 628 401 667 cum
455 611 802 679 interrOgatis
851 609 1152 679 discipulis,
1201 624 1365 683 quem
1416 622 1540 664 esse
1598 608 1846 681 homines

291 710 543 774 putarent
603 700 811 755 Filium.
858 701 1116 765 hominis,
1183 680 1410 754 caeteros
1484 680 1850 768 praeveniens,

289 799 414 851 dixit
442 815 457 849 :
497 795 576 849 Tu
599 791 917 850 es'Cltristus
938 792 1109 848 Filius
1129 793 1224 848 Dei
1249 793 1368 848 vivi.
1400 792 1496 847 Cui
1527 804 1846 861 responsum

291 888 524 958 protinus
564 894 647 939 est
680 902 696 939 :
727 883 806 939 Tu
855 901 911 940 es
946 881 1155 950 Petrus,
1199 891 1248 937 et
1280 898 1434 950 super
1470 855 1631 938 lange-
1652 891 1853 951 petram

291 976 555 1043 cii/ica”
577 974 870 1029 Ecclesium
881 991 1047 1029 meam
1072 993 1085 1028 :
1103 984 1155 1029 et
1174 981 1338 1046 portat
1356 973 1515 1041 inferi
1534 990 1636 1028 tum
1657 988 1858 1043 prm-

291 1068 458 1149 teburtt
481 1064 730 1119 adrersus
756 1065 944 1120 eam".
966 1062 1311 1133 Rursumque
1326 1064 1401 1119 illi
1428 1064 1565 1119 hanc
1584 1075 1855 1117 commune

289 1161 416 1213 dans
436 1158 541 1211 dict
558 1156 680 1214 bat:
700 1156 762 1210 Si
779 1171 861 1210 me
875 1172 1040 1216 omns.
1063 1155 1236 1220 Petre,
1248 1170 1400 1223 pasce
1414 1170 1572 1224 agnos
1585 1168 1744 1217 meos,
1763 1167 1855 1221 pa-

290 1266 370 1305 sce
391 1265 511 1303 over
531 1264 673 1301 meas
693 1248 767 1303 “.
782 1246 849 1300 Et
877 1247 944 1300 de
968 1260 1074 1317 quo
1099 1251 1209 1300 alt:
1249 1244 1358 1315 Ego
1376 1245 1552 1314 rogaui
1577 1259 1671 1313 pro
1701 1252 1770 1304 te,
1798 1250 1854 1294 nt

290 1356 387 1393 non
434 1337 648 1405 deﬁciat
699 1338 829 1404 fides
883 1345 1017 1391 tua:
1041 1346 1092 1389 et
1121 1346 1179 1390 tu
1221 1335 1510 1406 aliquando
1555 1345 1856 1392 conversus.

310 1429 567 1496 conﬁrma
596 1427 791 1496 fratres
825 1436 945 1487 tuos
972 1427 1040 1480 ⁷⁸.
1067 1427 1133 1482 Et
1159 1440 1318 1495 quem
1367 1425 1549 1495 posuit
1598 1421 1859 1492 aequalem

294 1514 411 1578 sibi,
470 1514 690 1583 quando
752 1514 1073 1570 Cmsarianis
1148 1513 1414 1567 tributum
1491 1509 1859 1579 exigentibus.

300 1608 554 1677 praecepit
605 1606 774 1663 Petro
815 1606 1036 1661 hamum
1092 1598 1169 1661 in.
1205 1619 1355 1661 mare
1388 1604 1685 1667 dimittere,
1716 1602 1862 1657 inve-

294 1700 661 1769 niendumque
676 1701 731 1754 in
753 1698 929 1767 primo
944 1697 1035 1767 qui
1058 1696 1384 1753 occurrisset
1411 1696 1582 1765 pisce,
1605 1702 1859 1747 staterem

301 1806 521 1846 aureum
552 1789 1063 1861 dare;xigentibus
1105 1802 1206 1859 pro
1228 1803 1287 1845 se
1314 1796 1369 1844 et
1395 1786 1560 1842 Petro
1590 1787 1663 1840 ".
1685 1785 1741 1840 ld
1766 1799 1861 1837 anu
1896 1768 1939 1822 Β

304 1890 408 1934 tem
460 1889 549 1935 est
599 1880 832 1935 volentis
880 1878 1028 1935 illum
1082 1892 1237 1950 atque
1280 1892 1345 1934 ac
1375 1889 1434 1934 se
1467 1875 1723 1932 honorari
1775 1889 1874 1944 pro

302 1970 548 2039 portione
590 1970 796 2033 debita.
828 1969 1091 2039 illumque
1119 1971 1344 2023 verbum
1374 1981 1529 2023 suum
1569 1964 1875 2021 continere.

305 2061 443 2127 Quia
470 2060 615 2115 enim
647 2075 678 2114 a
705 2058 933 2115 Domino
959 2058 1093 2114 nihil
1114 2058 1312 2115 frustra
1334 2055 1535 2114 dictum
1563 2063 1658 2110 aut
1677 2052 1876 2108 factum

306 2161 410 2221 est,
443 2158 674 2206 necesse
721 2158 823 2210 est.
846 2156 903 2205 et
934 2162 1053 2218 quat
1102 2145 1350 2218 apostolo
1407 2144 1566 2200 Petro
1606 2142 1880 2212 praecipue

300 2258 410 2313 pra:
442 2241 658 2299 caeteris
676 2240 827 2323 dicta
851 2240 967 2297 sive
998 2237 1315 2306 factasunt,
1374 2250 1627 2305 magnum
1673 2233 1878 2303 aliquid

312 2337 538 2390 credere
568 2333 896 2403 signiﬁcare.
945 2330 1082 2397 Quid
1122 2339 1301 2386 autem
1333 2328 1506 2399 majus
1530 2342 1655 2383 esse
1677 2334 1877 2396 potest,

302 2425 447 2496 quod
474 2421 778 2492 huiusmodi
804 2419 1097 2477 Ecclesium
1112 2432 1267 2476 suam
1288 2418 1389 2472 sub
1411 2416 1513 2472 hoc
1531 2416 1667 2471 duce
1688 2414 1883 2484 guber-

304 2515 420 2570 aari
450 2513 753 2577 constituit,
786 2526 975 2583 quam,
994 2510 1183 2581 utipse
1205 2507 1398 2569 voluit,
1429 2506 1481 2561 in
1511 2503 1672 2565 Petro
1691 2504 1886 2561 solida—

308 2608 412 2670 vit,
447 2612 504 2660 ut
534 2604 785 2673 adjuncta
845 2602 1008 2659 rebus
1074 2598 1239 2655 verba
1291 2598 1397 2652 ista
1462 2595 1767 2652 testantur?
1825 2594 1884 2649 Si

308 2695 460 2751 enim
506 2694 591 2747 vel
634 2686 823 2751 multis
856 2694 910 2746 in
943 2689 1197 2747 humanis
1243 2686 1406 2763 rebus
1438 2687 1882 2756 principautlltus,

316 2786 399 2842 vel
441 2783 617 2849 nullo,
656 2781 1080 2852 conlusioneque
1108 2786 1401 2851 regnante,
1427 2776 1562 2833 ttihil
1579 2777 1660 2835 vel
1688 2793 1881 2851 parum

313 2876 618 2932 aznsistere
644 2884 840 2943 posset.
1624 2928 1629 2931 _
1864 2863 1873 2872 ’

391 2969 466 3023 Et
526 2977 676 3025 certe
723 2982 847 3023 cum
895 2967 1125 3038 iri-ipsa
1146 2969 1389 3027 omnium
1411 2977 1639 3039 natura,
1664 2962 1881 3032 singula

300 3076 404 3131 per
436 3060 686 3115 ordinem
725 3059 866 3130 quod
923 3074 1082 3117 suum
1128 3071 1211 3116 est
1241 3070 1558 3131 operentur.
1606 3071 1712 3126 quo
1754 3054 1899 3111 sub-‘

312 3154 450 3216 hmo
503 3151 690 3204 mundi
752 3149 918 3207 totius
963 3149 1249 3208 harmonia
1327 3152 1629 3209 solveretur
1684 3163 1703 3204 :
1763 3145 1884 3213 Ipse

303 3244 473 3307 enim,
524 3242 723 3311 inquit,
777 3241 1009 3311 calettiq
1054 3252 1103 3296 et
1135 3251 1344 3299 terrena
1376 3243 1607 3297 continet
1638 3239 1716 3305 ";
1740 3252 1881 3307 quo-

306 3332 475 3387 modo
527 3339 676 3385 esset
727 3330 1007 3398 possibile,
1029 3343 1228 3389 cuncta
1252 3332 1626 3409 disponentem
1657 3329 1875 3396 sapien-

308 3426 472 3489 tiam,
528 3431 583 3476 et
623 3438 655 3477 a
698 3423 800 3492 ﬁne
834 3439 993 3492 usque
1026 3424 1097 3477 ad
1132 3425 1289 3492 ﬁnem
1323 3424 1695 3493 pertingett‘teut
1725 3419 1881 3490 forti-

311 3525 425 3576 ter.
497 3514 832 3584 suauiterque
878 3518 1086 3579 ,cttncta
1138 3517 1499 3585 disponentem
1536 3514 1623 3579 ⁷⁸,
1668 3524 1884 3581 gregem

308 3620 506 3666 suum.
562 3601 861 3675 Ecclesiam
908 3619 1090 3669 suam,
1134 3620 1296 3673 quam
1343 3603 1566 3673 proprio
1620 3602 1887 3670 sanguine

192 3718 207 3727 ε
308 3696 574 3761 redemit,
600 3708 698 3764 pro
719 3708 826 3765 qua
858 3695 1037 3760 omnis
1063 3695 1115 3753 ei
1131 3697 1269 3754 ratio
1295 3705 1351 3752 et
1375 3708 1540 3751 omne
1564 3691 1883 3764 mysterium

307 3796 417 3850 est,
432 3784 553 3838 sine
574 3784 964 3853 gubernatione
986 3785 1309 3854 relinquere,
1336 3801 1430 3854 per
1450 3785 1649 3841 multas
1667 3783 1884 3850 quidem
1929 3832 1933 3836 .

310 3874 645 3931 tentationes
678 3881 734 3928 et
777 3874 1101 3942 quaestiones
1138 3875 1192 3930 in
1218 3874 1469 3943 praesenti
1502 3869 1892 3929 exercitatam?

312 3967 442 4036 ipso
492 3979 623 4018 vero
673 3965 1030 4034 corporaliter
1058 3975 1115 4021 et
1140 3965 1475 4025 settsibilitct'
1516 3963 1644 4021 hinc
1690 3962 1890 4030 migra-

316 4054 595 4120 turo,etsi
634 4068 909 4121 nunquam
938 4055 1007 4110 ab
1037 4053 1273 4115 Ecclesia
1300 4055 1653 4113 invisibiliter.
1671 4051 1843 4111 abfuit
1875 4068 1890 4106 :

320 4144 439 4215 Ego
486 4145 655 4211 enim,
696 4145 893 4214 inquit,
939 4147 1351 4203 uobiscumsum
1394 4145 1634 4203 omnibus
1684 4143 1891 4207 diebus,

314 4250 489 4303 usqu
517 4233 595 4287 ad
624 4236 1124 4290 consummationem
1153 4234 1338 4291 saeculi
1367 4236 1436 4291 ".

1326 310 1725 374 ADVERSUS
1749 310 2063 375 GRAECOS
2106 314 2251 381 LIB.
2292 319 2390 379 ιν.

288 428 507 499 sanguis,
536 427 625 483 sed
653 425 869 481 cttlcstis
904 425 1064 480 Pater
1105 440 1276 480 ueram
1328 428 1570 481 reuelauit
1610 426 1853 493 ﬁdem".
1885 434 1930 487 Α
1959 431 2224 489 dicentem
2265 451 2279 488 :

2335 433 2657 503 Prtrccptor,
2710 430 2852 485 salva
2901 445 3014 490 nos,
3058 425 3291 494 perimus
3326 421 3400 485 '°,
3430 419 3517 475 in-

1956 526 2187 594 crepatis
2246 525 2420 581 ventis
2466 536 2764 593 exsurgens
2806 517 3073 584 servavit;
3129 512 3271 584 quod
3325 506 3522 568 futura:

1955 619 2173 695 ubique-
2253 619 2307 674 in
2396 617 2640 673 navicula
2724 612 2979 669 Ecclesiae
3067 604 3519 681 perturbationis,

1958 711 2262 766 baeresibus
2320 708 2575 763 otnnihus
2641 705 2786 758 illam
2832 712 3079 772 mergere
3122 695 3519 768 quaerentibus,

1959 806 2331 872 argumentum
2355 786 2491 854 erat.
2525 795 2693 865 Cujus
2719 792 2978 864 regimine
2999 797 3277 857 suscepto,
3324 786 3517 839 Petrus

1972 890 2369 962 periclitantem
2445 886 2682 942 servavit
2754 899 2851 953 per
2922 897 2980 936 se
3040 881 3211 949 ipsum
3269 877 3526 947 magistro

1959 981 2213 1037 excitato.
2266 977 2453 1047 Neque
2498 979 2639 1032 enim
2688 974 2892 1029 frustra
2924 972 2974 1027 ei
3023 969 3290 1025 Dominus
3345 966 3557 1024 claves

1962 1070 2114 1140 regni
2189 1068 2451 1132 credidit;
2534 1065 3054 1133 fundamentumque
3119 1074 3178 1115 se
3228 1057 3529 1129 positurum

1962 1164 2119 1231 dixit,
2179 1176 2344 1231 super
2402 1174 2508 1229 quo
2567 1156 2870 1212 Ecclesium
2926 1159 3081 1208 Suam
3136 1150 3529 1206 acditicaturum

1965 1253 2306 1323 repromisit;
2345 1252 2592 1318 hancque
2625 1247 2896 1317 praecipue
2924 1258 3134 1312 pascere
3165 1240 3322 1294 Petro
3343 1277 3358 1303 ,
3400 1237 3443 1295 si
3471 1248 3533 1290 se

1966 1354 2174 1400 amaret
2196 1385 2211 1409 ,
2258 1342 2579 1411 imperavit,
2610 1338 2847 1409 atquein
2876 1335 3062 1391 tributi
3094 1332 3363 1389 solutione
3385 1329 3532 1384 hunc

1966 1452 2063 1507 pro
2092 1451 2149 1491 se
2180 1435 2296 1503 ipso
2327 1432 2652 1502 respondere
2679 1430 2866 1485 voluit.

2040 1527 2349 1589 Enimvero,
2398 1534 2451 1579 et
2500 1521 2641 1594 quod
2676 1528 2796 1589 post
2826 1515 3278 1573 resurrectionem
3327 1510 3532 1564 dictum

1969 1628 2090 1676 est:
2124 1618 2297 1673 Dicite
2330 1615 2604 1679 discipulis
2630 1614 2766 1684 ejus,
2790 1622 2835 1666 et
2884 1607 3043 1664 Petro
3081 1607 3149 1673 “,
3181 1620 3289 1675 pra:
3326 1602 3536 1658 cmtcris

1972 1712 2122 1768 illum
2183 1708 2501 1781 appellantis
2561 1715 2721 1774 atque
2773 1698 3095 1769 honorantis
3156 1704 3261 1752 est.
3326 1690 3432 1747 Sed
3482 1695 3536 1743 et

1975 1801 2361 1869 discipulorum
2409 1797 2618 1865 primus
2672 1793 2954 1861 ingressus
3004 1793 3087 1842 cst
3118 1786 3175 1840 in
3219 1794 3538 1837 monumen-

1976 1903 2110 1958 tum,
2139 1899 2195 1945 et
2226 1888 2378 1948 vidit,
2411 1898 2465 1942 et
2500 1883 2749 1948 credidit,
2777 1892 2858 1947 ut,
2895 1879 2987 1949 qui
3012 1878 3262 1947 princeps
3281 1870 3540 1927 Ecclesiae

1975 1980 2421 2051 relinquebatur,
2502 1973 2711 2044 primus
2780 1973 2834 2026 i-t
2919 1967 3287 2039 apostolorum
3372 1962 3539 2016 choro

1977 2074 2198 2144 reliquis
2242 2067 2695 2126 resurrectionem
2742 2062 2943 2119 Christi
2990 2059 3287 2114 nuntiaret.
3329 2054 3537 2121 Nempe

1976 2170 2119 2224 enim
2176 2172 2230 2221 ct
2308 2159 2753 2217 convenientibus
2829 2153 3128 2214 omnibus,
3196 2147 3404 2216 primus
3486 2143 3538 2197 itt

1978 2256 2326 2314 concionibus
2356 2262 2459 2307 est.
2489 2249 2688 2305 Paulus
2715 2248 2844 2302 item
2892 2262 2908 2299 :
2948 2241 3192 2301 Ascentli,
3223 2239 3319 2303 ait,
3358 2233 3547 2288 Hiero-

1982 2348 2238 2419 solymant
2295 2342 2466 2397 videre
2520 2338 2736 2393 Petrum
2797 2335 2867 2400 ",
2903 2324 3049 2387 velut
3102 2330 3169 2385 ad
3213 2326 3544 2401 praecipuum

1983 2440 2260 2510 quiddam,
2305 2433 2370 2488 ad
2401 2431 2620 2486 Petrum
2653 2427 2959 2482 intendens.
3004 2423 3117 2478 Etsi
3165 2435 3288 2476 cum
3324 2425 3548 2488 propter

1981 2526 2453 2597 circumcisioncm
2501 2521 2725 2589 quidam
2790 2514 3327 2572 scandalizarentur,
3388 2516 3551 2577 atque

1954 2620 2040 2674 .in
2085 2596 2358 2686 Evangelii
2401 2609 2786 2684 prtedicatione
2826 2602 3302 2660 circumcisionem
3347 2596 3553 2650 inferte

1986 2710 2345 2773 molirentur,
2432 2702 2691 2773 quoniam
2765 2696 2983 2766 quidem
3070 2689 3323 2760 apostoli,
3400 2687 3547 2740 circa

1982 2796 2393 2870 prtedieotionis
2434 2792 2604 2853 initia,
2632 2788 2701 2843 ob
2750 2786 2933 2841 varias
2979 2782 3331 2835 necessitates
3378 2774 3553 2843 majo-

1986 2868 2220 2959 rumqtve
2248 2884 2656 2953 dispositiones,
2699 2888 2758 2933 ttt
2789 2876 2984 2929 medici
3017 2887 3205 2927 curant
3241 2868 3547 2921 animarum

1990 2992 2238 3054 gerentes
2270 2997 2285 3034 :
2320 2978 2412 3033 ille
2436 2976 2681 3047 quidem,
2708 2962 3103 3042 quiagentium
3131 2961 3390 3029 magister
3417 2964 3556 3016 erat.

1989 3047 2094 3129 non
2152 3069 2454 3139 cogebatur
2506 3066 2717 3132 aliquos
2769 3058 3144 3117 accedentium
3178 3047 3554 3123 pra‘dicationi

1985 3160 2374 3221 circumcidere
2406 3177 2420 3213 :
2453 3157 2670 3214 Petrum
2732 3167 2862 3207 vero
2906 3165 3000 3204 eos
3035 3149 3127 3217 qui
3159 3162 3223 3199 ex
3260 3138 3551 3195 circumci-

1983 3256 2136 3310 sione
2169 3250 2515 3309 crediderant
2541 3258 2848 3308 assumens,
2889 3249 2946 3295 ut
2972 3238 3180 3306 majora
3229 3234 3557 3292 lucraretur,

1966 3347 2201 3401 «itinera
2252 3345 2318 3397 ad
2345 3351 2561 3410 tempus
2608 3334 2993 3394 contemnebat
3047 3350 3061 3387 :
3098 3331 3165 3383 ab
3203 3329 3286 3383 his
3314 3325 3405 3395 qui
3440 3324 3562 3376 illn-

1988 3450 2109 3493 rum
2165 3433 2487 3491 intentionis
2539 3436 2699 3487 erant
2761 3426 2956 3490 nescii,
3005 3423 3238 3477 invicem
3271 3416 3562 3471 dissentire

1986 3533 2331 3597 putarentur,
2379 3536 2505 3578 cum
2532 3536 2598 3575 eo
2630 3520 2754 3588 ipso
2799 3516 3034 3569 maxime
3063 3517 3448 3577 congruerent.
3478 3503 3559 3558 Ne
3595 3494 3602 3501 ’

1988 3618 2135 3674 enim
2185 3616 2326 3671 etin
2387 3611 2685 3683 Evangelio
2736 3604 3084 3664 circumcisio
3136 3602 3314 3654 locum
3352 3598 3575 3652 habere

1988 3709 2294 3771 videretur,
2331 3719 2397 3760 ea
2430 3714 2551 3773 qum
2590 3699 2881 3771 putabatur
2911 3696 3055 3750 inter
3110 3706 3207 3749 eos
3259 3686 3563 3744 differentia

1995 3797 2310 3854 necessario
2331 3800 2603 3863 assumpta
2629 3803 2729 3847 est.
2762 3788 2921 3857 Quod
2940 3787 3085 3841 enim
3117 3784 3217 3840 sibi
3247 3781 3403 3837 valde
3432 3793 3565 3832 con-

2003 3893 2197 3947 cordcs
2227 3895 2433 3951 essent,
2457 3887 2585 3939 hinc
2622 3882 2965 3953 perspicuum
2993 3886 3099 3934 est.
3128 3875 3243 3930 Non
3262 3873 3443 3928 solum
3467 3860 3593 3924 Pe?

2003 3992 2119 4036 trns
2144 3980 2376 4050 aliquos,
2406 3992 2593 4033 verum
2636 3984 2690 4031 et
2720 3972 2923 4031 Paulus
2956 3968 3297 4025 Timotheum
3333 3964 3566 4018 circum-

2000 4072 2150 4135 cidit,
2190 4069 2278 4139 qui
2327 4066 2510 4123 Iudaea
2549 4073 2721 4118 matre
2753 4070 2909 4116 natus
2942 4066 3081 4114 erat.
3111 4056 3203 4125 Sic
3243 4056 3388 4109 enim
3440 4061 3570 4107 tunc

1997 4160 2293 4231 necessitas
2309 4157 2577 4229 ﬂagitabat
2592 4154 2657 4209 ad
2672 4151 3068 4231 praedicationis
3087 4145 3568 4218 dispensationem.

2086 4230 2465 4307 Verumtamen
2495 4245 2694 4301 Paulus
2742 4230 2963 4300 Petrum
3001 4241 3223 4294 minimc
3261 4236 3517 4306 ignorans
3551 4250 3567 4287 :

390 4326 533 4379 Nam
578 4336 679 4378 ⁸⁸⁸⁸
732 4335 851 4391 po“
899 4340 1186 4381 ³⁵⁰θ¹¹⁵¹¹¹¹¹
1237 4328 1541 4385 δδίνθίοτίδ
1591 4327 1660 4382 εδ
1702 4324 1892 4390 “3'05!
1927 4346 1970 4404 Ι)
2008 4341 2257 4406 docendi,
2296 4337 2491 4408 inquit,
2526 4333 2947 4403 Hierosolymam
2970 4330 3141 4384 videre
3172 4324 3416 4387 Petrum,
3452 4322 3570 4375 vel-
3624 4395 3627 4398 ἠ

233 4490 243 4501 ᾧ
316 4414 459 4469 nihil
511 4411 827 4482 indigebant
889 4414 1118 4483 apostoli
1169 4415 1387 4485 aliquo,
1436 4416 1527 4485 qui
1597 4416 1891 4471 secundum

317 4505 701 4573 evangelicaut
749 4504 1050 4561 doctrinam
1094 4520 1159 4562 ac
1210 4508 1617 4563 conversionem
1648 4521 1713 4561 ac
1750 4507 1897 4562 circa

323 4598 645 4666 auguratum
699 4594 1031 4664 diligentiam
1061 4609 1157 4652 eos
1188 4595 1538 4661 iniormaret;
1568 4607 1623 4651 at
1643 4595 1900 4651 Ecclesia:

322 4701 467 4759 quas
494 4684 701 4754 singuli
746 4685 977 4756 apostoli
1027 4688 1386 4755 aedilicavcre,
1433 4696 1491 4745 et
1518 4691 1608 4759 qui
1641 4689 1749 4744 illis
1777 4703 1901 4744 suo-

324 4786 644 4840 eesserunt,
694 4776 863 4834 Petro
900 4776 1165 4848 illiusque
1211 4781 1618 4837 successoribus
1664 4781 1902 4849 indigue-

327 4878 463 4921 runt
491 4882 732 4938 semper,
757 4867 1102 4937 etindigent.
1133 4868 1301 4935 Quem
1334 4870 1547 4927 scilicet
1569 4871 1817 4927 ordinem
1840 4870 1903 4943 in

328 4961 599 5031 apostolis
665 4959 904 5029 primum
966 4959 1211 5016 inchoari
1279 4961 1483 5026 decuit,
1539 4962 1683 5021 sicut
1734 4963 1901 5019 etiam

330 5053 582 5124 contigit.
642 5051 852 5107 Omnes
925 5052 1068 5107 enim
1125 5053 1263 5108 alias
1319 5054 1478 5109 aliter
1534 5054 1680 5109 circa
1747 5055 1903 5109 tidem

334 5141 743 5209 naulragantes,
781 5149 879 5196 aut
906 5142 960 5197 id
987 5142 1102 5209 pati
1128 5142 1503 5213 periclitantes
1525 5182 1539 5208 ,
1585 5144 1783 5201 Petrus
1810 5158 1906 5213 per

333 5246 688 5287 successores
731 5247 861 5287 suos
902 5247 1163 5303 suamque
1205 5232 1498 5291 Ecclesiam
1540 5236 1715 5291 erexit
1740 5244 1907 5305 atque

334 5323 601 5389 servavit;
639 5324 1094 5393 quemadmodum
1146 5324 1324 5395 ipsum
1367 5334 1528 5387 antea
1562 5326 1823 5386 Dominus
1852 5328 1906 5383 in

334 5411 470 5464 uti
528 5413 930 5482 periclitantem
1007 5427 1129 5469 cum
1206 5415 1455 5485 caneris,
1507 5431 1571 5472 ac
1623 5429 1907 5489 propterea

410 5612 684 5692 quanti;
729 5614 984 5692 “3,37.
1060 5615 1108 5648 η
1170 5617 1518 5692 ibid._iti—l8.
1596 5620 2181 5692 "Joan.xxt,ii‘r-l‘l.
2260 5626 2305 5658 τε
2342 5618 2744 5687 ιιιε.;ιιι.32.

1315 5688 1359 5723 ⁷⁸
1386 5673 1583 5747 Μάιὶιι.
1616 5673 2256 5757 xxviii-.'20:"_“vniat-tit.
2279 5673 2844 5753 νιῆῗξεῗψδῖ-Μδη.
2880 5688 3064 5750 ινι,⁸7.
3138 5684 3184 5718 ⁸³
3213 5680 3387 5736 Colat.
3423 5691 3460 5733 ι.
3496 5673 3583 5728 18-

341 5687 393 5717 ”
430 5686 551 5752 5³1).
582 5699 624 5750 ι,
650 5683 709 5740 7.
784 5683 833 5716 ’⁸
859 5685 1128 5755 Sap..vut,
1188 5689 1241 5741 i.

1132 5872 1161 5885 ἱ

2004 4431 2084 4486 uti
2136 4427 2353 4497 aliquod
2396 4438 2677 4481 sacrorum
2731 4421 3010 4476 monilium
3049 4413 3569 4472 excellentissimum

2007 4522 2309 4578 intuiturus
2369 4517 2528 4585 eique
2572 4516 2831 4570 honorem
2877 4508 3210 4571 redditurus,
3255 4504 3369 4558 sive
3410 4501 3573 4554 etiam

2010 4607 2356 4678 Evangelium
2402 4620 2525 4661 cum
2563 4618 2631 4662 eo
2672 4602 3002 4663 collaturus;
3041 4604 3098 4649 ttt
3144 4594 3231 4648 vel
3266 4595 3579 4647 ﬁrmaretur

2008 4675 2419 4771 quod'rectum
2470 4706 2609 4761 erat,
2658 4695 2745 4749 vel
2792 4690 3139 4761 suppleretor
3181 4687 3326 4756 quod
3368 4675 3613 4739 deerat.’

2006 4791 2143 4847 Nam
2180 4791 2280 4845 etsi
2314 4789 2491 4843 omnis
2516 4786 2737 4841 ambitio
2763 4799 2794 4839 e
2817 4785 2983 4839 choro
3013 4780 3104 4835 illo
3136 4775 3431 4849 apostolico
3458 4782 3580 4829 erat

2012 4882 2376 4939 remotissima
2430 4878 2681 4949 (perfecti
2722 4876 2867 4931 enim
2923 4881 3083 4929 erant
3116 4868 3354 4941 singuli,
3407 4876 3581 4932 neque

2013 4975 2153 5029 duce
2200 4970 2555 5042 indigebant),
2593 4977 2769 5024 tamen
2802 4964 2940 5041 apud
2971 4964 3093 5018 illos
3145 4961 3308 5016 etiam
3366 4955 3502 5010 ordo
3523 4963 3582 5007 ut

2010 5066 2218 5135 primus
2283 5062 2548 5117 huttorum
2619 5058 2859 5112 omnium
2922 5071 2951 5110 a
3024 5051 3252 5107 Domino
3306 5046 3582 5117 plantattts

2009 5157 2228 5221 fuerat;
2263 5160 2428 5223 atque
2457 5150 2524 5207 ad
2554 5152 2801 5216 Petrum,
2832 5146 2997 5202 veluti
3025 5143 3093 5199 ad
3119 5143 3263 5197 illius
3291 5147 3574 5193 successo-

2009 5260 2150 5310 rem,
2201 5245 2552 5300 intuebantur
2580 5256 2791 5297 omnes.
2835 5238 3024 5307 Neque
3053 5234 3196 5290 eniut
3235 5229 3459 5285 fortuito
3491 5241 3580 5282 res

2009 5335 2151 5407 apud
2187 5336 2312 5391 illos
2340 5336 2651 5405 gerebatur,
2684 5332 2802 5398 sed,
2833 5331 2981 5387 velut
3007 5332 3272 5397 praesente
3303 5323 3465 5386 duce,
3506 5314 3577 5373 ab

2010 5427 2129 5497 ipso
2170 5426 2381 5496 signum
2410 5424 2801 5496 exspectabant
2836 5438 2853 5475 :
2889 5436 2952 5475 ac
2982 5419 3156 5490 primo
3184 5409 3578 5473 concedebant,

2790 5598 2798 5607 ’
2837 5618 2884 5650 ’⁸
2906 5615 3100 5673 Matth.
3150 5626 3288 5673 nu,
3317 5608 3392 5662 ‘13
3422 5617 3580 5669 seqq.
