4020 6206
474 339 580 403 Ξ43

1722 357 2117 425 MANUELIS
2147 366 2453 430 CALEC:E

3597 378 3703 441 244

474 468 598 507 cum
640 453 749 510 illic
780 456 832 511 in
863 461 1137 516 communi
1172 470 1316 518 οωιυ
1346 463 1547 534 aliquid
1573 466 1863 526 dicendum
1896 484 2036 540 erat,
2064 493 2115 545 Α
2140 480 2335 550 situque
2384 483 2545 549 ipsius
2570 484 2933 556 principatus;
2970 489 3081 543 illic
3102 490 3261 544 etiam
3287 493 3481 545 terreni
3502 494 3703 562 imperii

474 555 534 596 ut
562 543 767 616 liquido
804 547 855 602 in
876 550 1100 606 Actibus
1125 562 1349 621 apparet
1373 554 1440 611 ⁸³.
1484 556 1702 613 Primus
1724 563 1866 615 enim
1895 564 2037 618 inter

472 647 683 699 omnes,
726 638 1087 704 praesentibus
1121 641 1263 707 aliis,
1294 654 1354 697 ut
1391 645 1561 713 ipsius
1601 649 1754 705 ebori
1785 654 2036 725 princeps

474 724 779 779 concionari
814 728 1249 796 deprehenditur,
1284 735 1663 803 nunchuidem
1695 739 1759 792 ad
1789 724 2029 806 Iudaeos,

474 829 618 867 nunc
650 825 829 870 autem
861 817 927 871 ad
954 820 1188 887 sodales,
1222 836 1349 878 cum
1380 839 1561 881 sermo
1586 838 1735 883 esset
1762 829 1829 885 de
1854 844 2038 888 surro-

472 907 648 974 gando
676 909 938 977 proditori
972 926 1287 969 successore
1344 923 1399 970 et
1428 918 1701 989 eligendo.
1728 919 2027 991 Oportebat

474 998 619 1051 cnim
670 1007 727 1053 ut
774 1000 1011 1057 futurum
1054 1004 1108 1058 in
1136 1006 1375 1062 Ecclesia
1427 1007 1631 1066 Christi
1662 1013 1905 1069 ordinem
1939 1017 2039 1086 ipsi

471 1089 901 1167 praeﬁgurarent,
974 1102 1032 1149 ut
1091 1098 1546 1166 quemadmodum
1583 1104 1820 1166 ,caateris
1876 1106 2039 1161 duces

376 1164 386 1184 ἲ
470 1164 763 1234 bonorum
812 1183 1052 1238 omnium
1110 1164 1329 1253 luere,
1412 1189 1493 1244 sic
1581 1193 1746 1247 etiam
1829 1194 2038 1250 ordinis

470 1281 675 1326 essent.

539 1360 700 1430 Atqui
732 1361 778 1416 si
813 1362 907 1427 illi,
945 1378 1068 1419 cmn
1114 1366 1337 1436 perfecti
1369 1381 1577 1437 essent,
1615 1372 1821 1427 ordinis
1858 1382 2036 1431 tamen

473 1464 657 1503 curam
690 1453 978 1507 maximam
1004 1456 1387 1524 adhibuerunt,
1427 1475 1599 1529 neque
1647 1472 1881 1518 statutos
1929 1473 2041 1522 tera

475 1539 651 1594 minos
712 1545 1037 1613 transgressi
1084 1556 1232 1612 sunt,
1283 1551 1554 1616 quomodo
1597 1567 1711 1606 non-
1749 1568 1841 1608 eos
1889 1557 2036 1618 arbi!

475 1639 683 1686 tremur
731 1649 828 1702 per
874 1649 937 1689 ea
989 1650 1107 1705 qua:
1163 1652 1399 1708 gessere,
1436 1643 1672 1709 posteris
1720 1645 1832 1698 suis
1885 1646 2028 1702 hunc

2138 576 2313 625 sedem
2345 567 2531 639 statui,
2555 576 2644 629 sed
2675 576 2808 630 hanc
2828 578 3032 647 quidem
3059 592 3238 635 sancto
3285 582 3440 635 Petro
3495 585 3706 654 ejusque

2140 665 2527 718 successoribus
2549 667 2893 735 deputamus;
2923 685 3014 723 nos
3040 682 3210 724 autem
3240 688 3530 741 qumremus
3562 678 3705 745 regni

2142 754 2311 806 sedem
2336 756 2440 809 alio
2464 757 2669 821 inloco,
2688 756 2929 820 Byzantii
2959 760 3181 825 scilicet,
3199 762 3478 838 testiﬁcare.
3504 763 3563 816 Et
3588 778 3706 829 qua:

2143 843 2245 897 alia
2293 845 2511 938 adjicit,
2545 857 2598 901 et
2645 849 2710 903 de
2746 852 3099 905 conversione
3146 869 3239 905 sua
3271 869 3517 916 narrans,
3555 866 3605 908 et
3642 859 3705 909 de

2143 934 2407 1001 dignitate
2426 953 2794 996 successorum
2829 943 2966 996 beati
2992 943 3135 998 Petri
3162 946 3339 999 edicta
3375 960 3702 1014 proponens,

2141 1029 2514 1096 servandaque
2542 1032 2769 1097 posteris
2803 1034 3042 1098 tradens,
3070 1049 3194 1102 erga
3243 1049 3404 1102 quam
3444 1035 3547 1088 uisi
3581 1049 3708 1089 suc-

2141 1127 2383 1177 cessares
2429 1117 2641 1187 imperii
2676 1135 2858 1187 parem
2906 1125 3257 1178 reverentiam
3313 1134 3549 1191 servent,
3592 1136 3708 1179 strt-

2141 1206 2360 1260 tuendos
2434 1224 2551 1261 cum
2615 1211 3018 1280 cruciﬁxoribus
3087 1213 3299 1268 Domini
3359 1217 3525 1267 nostri
3579 1215 3707 1268 Jesu

2062 1323 2081 1346 ο
2142 1299 2367 1362 Christi,
2425 1302 2792 1375 beatorumque
2840 1308 3195 1373 apostolorum
3248 1306 3396 1362 Petri
3453 1320 3502 1363 et
3550 1307 3710 1363 Pauli

2141 1389 2447 1447 incursuros
2476 1394 2883 1464 indignationem
2924 1399 3144 1453 indicat.

2212 1480 2413 1537 Pra'ter
2445 1495 2634 1538 ranera
2669 1489 2812 1541 enim
2850 1499 3132 1547 rursuset
3167 1490 3267 1544 hoc
3297 1490 3372 1544 ait
3405 1507 3419 1545 :
3458 1490 3707 1545 Ordinem

2141 1574 2388 1626 stratoris
2436 1590 2527 1627 nos
2555 1576 2704 1629 beato
2747 1575 3012 1647 Sylvestro
3075 1595 3227 1650 papa
3283 1583 3565 1635 successori
3591 1584 3713 1636 ben—

2143 1663 2330 1726 tissimi
2381 1669 2483 1719 mei
2528 1665 2669 1721 Petri
2720 1671 2946 1738 apostoli
2991 1671 3173 1726 vicarii
3214 1672 3407 1727 Christi
3464 1674 3711 1743 implevi-

476 1723 648 1777 modis
726 1726 978 1782 omnibus
1067 1731 1383 1785 servandum
1466 1734 1800 1790 tradidisse?
1856 1738 2039 1807 Atque
2074 1724 2286 1832 8mm,

475 1816 815 1885 apponebant
844 1817 919 1873 illi
953 1818 1195 1888 quidem,
1236 1822 1326 1889 qui
1370 1822 1737 1890 crediderant,
1785 1829 2043 1895 pecunias

475 1903 543 1957 ad
584 1904 746 1971 pedes
777 1908 1140 1972 apostolorum
1171 1928 1188 1975 ;
1225 1909 1418 1968 Petrus
1454 1925 1631 1970 autem
1662 1932 1757 1972 eos
1786 1919 1876 1987 qui
1919 1919 2030 1975 Deo

477 1996 688 2050 mentiti
738 1994 995 2066 fuerant,
1058 1999 1323 2056 Ananiam
1376 2015 1433 2059 et
1492 2005 1834 2076 Sappbiram,
1884 2012 2047 2067 simul

476 2088 716 2159 reliquos
760 2092 1056 2147 admonens
1090 2108 1153 2148 ac.
1198 2095 1478 2169 tnalignari
1511 2102 1821 2168 prohibens,
1852 2105 1960 2160 dux
1992 2114 2048 2160 et

475 2172 639 2240 iudex
707 2179 954 2235 veritatis
1029 2190 1257 2249 astans,
1328 2186 1518 2242 mortis
1582 2191 1847 2246 sententia
1906 2193 2045 2248 mul-

479 2264 634 2320 tavit.

548 2377 843 2453 Scriptum,
874 2392 959 2439 est
1005 2394 1184 2441 autem
1232 2397 1286 2442 et
1336 2388 1388 2444 in
1421 2390 1644 2446 historia
1702 2394 1993 2452 Clementis
2026 2438 2042 2464 ,

478 2463 572 2532 qui
612 2475 731 2535 post
759 2466 980 2525 Petrum
1025 2486 1309 2530 successor
1338 2474 1454 2544 ejus
1498 2477 1616 2543 fuit,
1649 2484 1788 2549 quod
1824 2500 1945 2540 cum
1975 2463 2044 2542 es

477 2561 583 2613 hac
610 2559 716 2613 vita
760 2560 949 2618 Petrus
1001 2564 1347 2625 beatissimus
1403 2572 1728 2641 migraturus
1775 2586 1924 2633 esset
1975 2581 2044 2634 ad

479 2649 793 2720 Dominum,
841 2655 1169 2713 Clementem
1247 2663 1514 2719 advocatis
1547 2704 1564 2731 ,
1621 2667 1720 2738 ipsi
1781 2670 2044 2740 tradidit,

477 2755 639 2808 quem
688 2756 968 2814 acceperat
998 2762 1028 2803 a
1071 2749 1316 2817 Domino,
1378 2754 1628 2811 Ecclesia:
1664 2760 2042 2830 principatum,

477 2830 767 2905 ﬁdelesque
804 2838 1119 2913 'azqualiter,
1168 2852 1230 2896 ut
1261 2844 1364 2899 sibi
1395 2847 1613 2910 viventi,
1646 2850 1809 2907 veluti
1857 2852 2048 2910 Eccle-

476 2923 574 2977 size
605 2926 833 2996 principi
871 2940 1100 2986 eatenus
1136 2933 1501 3000 intenderant,
1538 2937 1629 3017 ita,
1653 2950 1707 2994 et
1747 2941 1813 2995 ad
1874 2942 2045 3008 illum,

479 3024 539 3069 ut
583 3030 761 3082 suum,
802 3034 867 3074 ac
909 3021 1185 3091 dignitatis
1223 3039 1336 3081 sua-
1378 3044 1746 3086 surcessorem
1796 3036 2039 3104 aspicere

2218 1843 2344 1900 llaec
2380 1856 2434 1902 et
2468 1848 2519 1903 bi
2566 1850 2655 1917 qui
2702 1860 2884 1918 postea
2917 1850 3066 1907 fuere
3096 1851 3521 1911 Christianorum
3557 1873 3712 1924 reges

2147 1948 2518 2001 agnoscentes,
2551 1949 2711 2009 atque
2742 1941 2793 1994 in
2825 1942 2908 1996 his
2940 1958 3157 1998 manere
3187 1948 3381 2010 coacti,
3439 1948 3708 2015 siquidem

2149 2024 2388 2080 haeretici
2437 2028 2685 2097 fuissent,
2725 2029 2955 2086 Romani
3001 2034 3236 2104 episc0pi
3271 2037 3613 2101 sententiam,
3656 2039 3711 2090 in

2146 2116 2345 2184 quibus
2406 2128 2674 2188 poterant,
2733 2135 2916 2176 secum
2968 2123 3167 2179 habere
3223 2126 3399 2180 modis
3460 2128 3713 2182 omnibus

2147 2204 2534 2284 moliebantur,
2574 2207 2889 2277 dignitatem
2919 2210 3036 2281 ejus
3067 2212 3231 2280 probe
3261 2214 3514 2277 scientes,
3545 2224 3715 2282 utque

2147 2295 2419 2351 sulliceret
2467 2296 2533 2352 ad
2580 2299 2762 2354 omnia
2820 2303 3087 2355 sententia
3136 2303 3313 2370 illius;
3369 2316 3524 2374 turpe
3566 2309 3713 2361 enim

2146 2386 2307 2441 simul
2334 2396 2497 2457 atque
2515 2389 2693 2444 audax
2711 2391 3009 2458 videbatur,
3028 2392 3231 2449 Christi
3253 2413 3373 2450 eum
3397 2407 3595 2463 essent,
3613 2399 3715 2452 im-

2150 2480 2445 2547 pmdenter
2473 2495 2653 2552 agere,
2690 2483 2792 2537 nisi
2830 2484 2950 2551 quis
2971 2486 3219 2541 fortassis
3246 2490 3311 2543 ad
3340 2504 3528 2545 omnes
3563 2490 3711 2559 leges

2147 2569 2409 2625 rebellare
2429 2572 2768 2628 instituisset.
2803 2574 2897 2628 Sin
2931 2590 3055 2631 vero
3077 2578 3148 2646 pii
3175 2592 3237 2632 ac
3259 2578 3484 2647 religiosi
3508 2590 3712 2646 essent,

2148 2661 2211 2715 de
2233 2660 2316 2717 his
2338 2676 2457 2732 quae
2477 2664 2875 2731 quomodolibet
2901 2678 3081 2721 essent
3097 2669 3363 2738 ambigua,
3384 2670 3502 2739 ejus
3518 2657 3718 2740 exspe-

2146 2748 2363 2803 ctabant
2405 2750 2689 2821 judicium,
2731 2760 2788 2807 ut
2818 2767 2940 2808 cum
2969 2753 3099 2809 illud
3123 2755 3426 2821 haberetur,
3451 2758 3570 2812 aliis
3598 2756 3710 2811 alia

2147 2840 2474 2908 dicentibus,
2521 2842 2696 2898 nullus
2729 2844 2871 2900 ultra
2905 2846 3135 2916 amplius
3177 2848 3453 2919 inquirere
3484 2850 3717 2920 permit-

2149 2940 2376 2987 teretur.

2219 3020 2275 3075 In
2326 3021 2551 3091 synodis
2602 3038 2731 3080 vero
2779 3025 2894 3095 ipse
2921 3027 3161 3083 omnium
3226 3030 3475 3099 princeps
3528 3032 3716 3100 praesi-

480 3110 753 3175 przccepit.
791 3109 947 3164 [tunc
997 3115 1158 3179 enim,
1218 3117 1411 3188 inquit,
1451 3122 1589 3175 vobis
1624 3140 1718 3190 pro
1748 3141 1828 3181 me
1862 3101 2036 3182 relin-

2146 3112 2306 3167 debat
2341 3128 2357 3179 ;
2393 3122 2449 3167 et
2477 3115 2560 3170 vel
2597 3129 2692 3184 per
2720 3132 2864 3183 eum,
2914 3117 3006 3173 vel
3028 3134 3121 3188 per
3146 3118 3303 3186 alios,
3337 3122 3428 3191 qui
3462 3122 3575 3177 vice
3608 3138 3708 3177 sua

475 3211 600 3262 quo.
654 3195 857 3270 Nempe
884 3210 936 3255 et
973 3205 1299 3261 sanctissimi
1344 3212 1688 3280 evangelista:
1718 3215 1772 3269 in
1820 3232 2043 3274 enume-

480 3287 692 3344 ratione
750 3293 1137 3360 apostolorum,
1190 3306 1246 3351 ut
1304 3299 1454 3353 chori
1528 3302 1690 3359 totius
1748 3307 2042 3377 principem

480 3379 692 3435 Petrum
757 3396 972 3453 semper
1028 3399 1364 3457 prteponuut,
1432 3392 1496 3446 Et
1552 3394 1788 3452 Ecclesia
1846 3399 2045 3471 ubique

477 3470 778 3542 principem
838 3478 1206 3545 apostolorqu
1270 3484 1561 3553 appellat;
1615 3488 1811 3559 quippe
1868 3470 2042 3548 etin

477 3560 692 3631 hymnis
732 3567 845 3621 suis
895 3568 1264 3627 Damascenus
1311 3573 1530 3631 Petrum
1571 3589 1626 3632 et
1662 3580 1884 3636 Paulum
1932 3583 2045 3639 lau-

476 3653 610 3710 dare
671 3658 876 3724 volens,
939 3662 1104 3718 alium
1154 3664 1369 3735 quidem
1418 3677 1476 3723 ut
1540 3671 1780 3753 omnium
1833 3682 2047 3744 aposto-

475 3741 652 3799 lorum
687 3750 1008 3821 principem,
1043 3754 1212 3810 alium
1244 3770 1373 3812 vero
1408 3766 1467 3813 ut
1496 3761 1588 3830 qui
1640 3741 1777 3817 ultra
1818 3741 2045 3823 cteteros

476 3834 753 3907 laborarit,
807 3840 1013 3899 laudat.
1065 3845 1365 3905 Attestatur
1405 3858 1461 3906 et
1509 3852 1667 3908 divus
1716 3852 2042 3926 Chrysosto-

476 3943 599 3986 mus
640 3944 804 3999 super
848 3931 1176 3991 Hattbaaum.
1514 3957 1545 3970 θ

804 4067 881 4123 De
938 4067 1287 4127 Constantino
1341 4083 1393 4130 et
1448 4076 1739 4149 Syluestro.

544 4179 651 4233 lsta
677 4193 851 4250 neque
879 4181 1312 4243 Christianorum
1359 4202 1514 4261 reges
1556 4193 1880 4262 ignorantes,
1914 4213 2049 4267 quo-

472 4285 590 4325 rum
627 4271 834 4341 primus
868 4273 970 4329 luit
1004 4275 1195 4332 beatus
1245 4277 1655 4353 Constantinus,
1707 4287 2042 4359 Sytvestrmn

2145 3200 2524 3273 iungerentur,
2557 3215 2701 3261 recta
2736 3207 2869 3263 ﬁdes
2910 3209 3285 3276 roborabatur,
3317 3211 3432 3285 sine
3477 3226 3581 3279 quo
3613 3214 3713 3266 ad-

2145 3309 2335 3350 versus
2388 3296 2675 3352 haereticos
2741 3298 2930 3354 obsisti
2995 3301 3250 3371 nequibat
3304 3318 3321 3366 ;
3388 3312 3547 3371 atque
3605 3316 3717 3355 non

2145 3382 2317 3438 solum
2378 3399 2708 3455 congregare
2765 3386 3074 3457 synodum,
3131 3390 3227 3460 sed
3278 3403 3450 3458 neque.
3523 3399 3718 3445 contra

2145 3475 2488 3532 adversarios
2543 3476 2850 3531 dimicando
2896 3478 3211 3547 praevalere,
3245 3479 3365 3533 sine
3422 3480 3564 3535 illius
3616 3495 3722 3533 au-

2145 3565 2393 3620 ctoritate
2440 3566 2708 3634 quispiam
2753 3576 2987 3636 poterat.
3034 3567 3485 3623 Attestanturhis
3512 3569 3710 3638 partim

2146 3651 2201 3707 hi
2231 3654 2323 3721 qui
2354 3669 2452 3725 per
2481 3654 2534 3709 id
2566 3655 2825 3724 temporis
2872 3656 3280 3721 delitescebant,
3317 3672 3488 3727 neque
3525 3672 3718 3713 vocem

2144 3743 2368 3799 liberam
2425 3760 2522 3815 pro
2585 3746 2688 3801 dde
2775 3742 3028 3803 emitt'ere
3088 3748 3390 3814 audebant,
3442 3749 3543 3803 etsi
3614 3749 3719 3818 ipsi

2144 3834 2345 3902 optime
2381 3836 2648 3893 sentirent
2677 3852 2693 3891 :
2736 3837 2931 3904 partim
2959 3845 3013 3892 et
3047 3853 3273 3906 magnus
3334 3839 3566 3894 Basilius
3599 3840 3720 3908 epi-

2144 3926 2300 3980 stolis
2322 3927 2436 3981 suis
2464 3926 2839 3983 Occidentales
2869 3929 3308 3999 escitans,atque
3336 3930 3459 3985 fidei
3488 3932 3721 3985 veritate

2146 4016 2505 4085 periclitante,
2539 4028 2597 4072 ut
2630 4033 2785 4087 opem
2819 4016 3016 4085 ferant,
3053 4020 3366 4084 obsecrans,
3398 4021 3497 4075 nisi
3537 4021 3725 4090 provi-

2144 4107 2325 4174 deant,
2360 4108 2410 4164 id
2440 4123 2719 4179 passuram
2747 4124 3085 4176 asseverans,
3120 4111 3275 4181 quasi
3309 4125 3412 4167 non
3450 4110 3725 4167 subicient-

2146 4197 2308 4265 tibus,
2329 4198 2421 4269 qui
2443 4200 2582 4268 apud
2607 4199 2911 4265 Orientales
2940 4200 3132 4269 reliqui
3159 4209 3338 4267 erant,
3367 4202 3681 4256 orthodoxis
3706 4225 3723 4257 ;

2147 4299 2243 4345 aut
2283 4305 2389 4344 non
2419 4290 2744 4347 audentibus
2786 4289 2985 4346 bellum
3017 4292 3085 4346 ad
3114 4291 3537 4347 destructionem
3578 4292 3729 4347 illas-

473 4370 601 4417 tunc
630 4362 883 4420 Romamn
907 4366 1162 4425 Ecclesia:
1192 4372 1549 4440 gubernacula
1587 4389 2045 4449 regentem,com-
2074 4420 2119 4477 υ
2147 4381 2513 4451 phemantium
2546 4383 2808 4452 arripere.

474 4455 624 4544 muni
666 4457 885 4513 decreto
921 4458 1035 4527 (88)
1072 4461 1272 4532 ubique
1301 4480 1397 4534 per
1446 4468 1635 4525 orbem
1678 4475 2038 4544 promulgato,

473 4542 623 4598 Petri
651 4556 699 4599 et
734 4545 929 4603 Christi
966 4566 1311 4608 successorem
1370 4557 1621 4626 appellat,
1680 4542 2040 4634 pastoremque

473 4636 707 4703 primum
729 4648 778 4692 et
812 4642 1123 4709 magistrum
1157 4644 1409 4701 Ecclesiae
1446 4649 1611 4704 totius
1644 4663 1801 4707 vocat
1833 4672 1847 4709 :
1879 4652 2039 4724 liqui-

474 4727 655 4797 doque
689 4736 1025 4801 comprobat,
1056 4749 1117 4790 se
1149 4750 1310 4807 quam
1346 4737 1488 4793 inter
1518 4740 1860 4800 Christianos
1884 4748 2044 4807 inve-

475 4827 633 4872 nerat
662 4824 1107 4880 consuctudinem
1142 4828 1245 4881 hoc
1274 4829 1491 4885 decreto
1522 4834 1827 4891 roborasse.
1858 4838 2042 4907 Neque

472 4904 621 4959 enim
671 4923 841 4977 nuper
896 4926 962 4966 ex
1019 4916 1300 4981 gentilium
1369 4932 1559 4975 errore
1619 4936 1917 4983 conversus
1955 4904 2043 4981 ad

473 4995 780 5065 Christum,
817 5003 941 5057 novi
974 5004 1178 5074 aliquid
1228 5007 1281 5062 iu
1326 5007 1572 5067 Ecclesia
1602 5014 1779 5069 moliri
1813 5016 2045 5073 voluisse

473 5088 746 5153 putandus
796 5100 900 5159 est,
948 5093 1106 5164 eique
1154 5096 1377 5155 Romam
1440 5104 1510 5157 ob
1559 5105 1871 5163 cathedram
1903 5110 2044 5171 beati

475 5177 621 5233 Petri
656 5180 949 5252 dereliquit
979 5203 994 5241 :
1027 5185 1308 5256 indignum
1339 5192 1676 5260 existimans,
1710 5206 1767 5251 ut
1797 5199 1873 5252 ait
1908 5201 2042 5270 ipse,

478 5268 567 5322 ubi
597 5274 744 5328 sedes
771 5276 1095 5332 sanctissimi
1118 5280 1218 5332 mei
1252 5277 1402 5335 Petri
1444 5286 1691 5350 apostoli,
1728 5288 1907 5342 vicarii
1930 5268 2045 5345 ὀο-

478 5360 629 5427 mini,
652 5373 705 5418 et
734 5368 868 5435 regis
903 5372 1072 5427 nostri
1088 5370 1217 5427 Jesu
1255 5371 1451 5431 Christi
1477 5378 1704 5446 fundata
1726 5390 1824 5449 est,
1855 5384 2042 5439 Eccle-

551 5526 598 5561 ⁸³
624 5527 746 5585 Act.
780 5548 819 5597 ι.
851 5534 869 5589 l
911 5549 1066 5607 seqq.

2216 4469 2322 4526 Sed
2350 4481 2405 4526 et
2435 4472 2714 4543 theologus
2737 4472 3051 4542 Gregorius,
3082 4474 3132 4528 in
3161 4473 3438 4543 epitaphio
3459 4488 3719 4530 sermone

2146 4575 2310 4630 quem
2342 4561 2393 4615 in
2434 4577 2557 4616 eum
2583 4562 2823 4630 scripsit,
2852 4562 2955 4618 hoc
2992 4564 3163 4632 ipsum
3197 4572 3449 4626 testatur,
3487 4565 3673 4617 dicens
3706 4582 3725 4619 :

2145 4653 2379 4707 Aderant
2406 4661 2454 4705 et
2488 4650 2902 4723 Occidentalium
2929 4655 3288 4723 episcoporum
3349 4654 3518 4723 aliqui
3547 4655 3615 4706 ad
3660 4670 3728 4708 se

2148 4744 2481 4798 attrahentes
2526 4720 2841 4799 ort.hodoa:os
2886 4762 3084 4799 omnes.
3138 4744 3252 4801 Etsi
3308 4746 3452 4799 enim
3508 4760 3733 4813 seraper

2148 4837 2289 4891 inter
2319 4838 2552 4891 insereses
2588 4838 2750 4905 aliqui
2800 4850 2925 4890 vera
2975 4837 3040 4891 de
3080 4837 3184 4891 lide
3230 4838 3546 4901 sentientes,
3577 4837 3721 4889 reli-

2151 4929 2240 4996 qui
2271 4937 2448 4991 eraut,
2477 4928 2641 4984 veluti
2669 4928 2908 4996 quaedam
2938 4927 3170 4982 scintilla
3198 4928 3477 4982 veritatis:
3506 4942 3725 4992 verum,

2153 5035 2258 5073 non
2318 5030 2522 5075 tantum
2579 5022 2845 5075 habebant
2912 5020 3145 5084 roboris,
3201 5029 3261 5074 ut
3301 5020 3384 5075 vel
3453 5019 3726 5089 synodum

2151 5124 2365 5179 cogere,
2401 5112 2643 5180 aliasque
2684 5111 2952 5167 obsistere
2996 5110 3278 5171 auderent,
3304 5126 3427 5164 cum
3476 5110 3575 5178 ipsi
3619 5110 3732 5162 mi-

2153 5203 2300 5257 nima
2346 5218 2470 5272 pars
2518 5213 2719 5266 essent,
2768 5218 2832 5257 ac
2859 5203 3054 5271 saepius
3098 5192 3496 5257 occulerentur.
3532 5205 3632 5254 Ant
3675 5203 3732 5256 si

2152 5291 2476 5362 coegissent,
2513 5293 2678 5347 robur
2709 5305 2769 5345 ea
2802 5294 3041 5363 synodus
3084 5308 3189 5347 non
3242 5293 3541 5349 habuisset.
3568 5291 3732 5345 Nulla

2153 5382 2299 5438 enim
2342 5382 2585 5454 synodus
2625 5398 2733 5439 non
2776 5395 3062 5455 prasente,
3093 5384 3175 5440 vel
3204 5399 3312 5439 non
3346 5383 3735 5440 consentiente

555 5688 888 5771 (.8.8)_‘E.xstat
916 5684 1315 5771 hoedecretun}
1350 5696 1493 5767 apud
1520 5696 1837 5754 Gratianum
1867 5699 1919 5755 ά.
1954 5696 2045 5765 96,
2084 5708 2259 5770 neque
2293 5696 2501 5757 Gratcls
2535 5706 2619 5755 cst
2651 5700 2979 5769 ignoratum,
3012 5706 3074 5754 ut
3117 5708 3268 5768 patet
3323 5713 3390 5755 ex
3449 5713 3735 5757 commen-

486 5760 645 5815 tariis
660 5758 997 5818 Balsamonis
1028 5764 1080 5818 in
1114 5764 1363 5820 concilia.
