4020 6206
282 351 378 412 245

1304 348 1704 417 ADVERSUS
1738 355 2052 421 GRAECOS
2081 361 2223 421 LIB.
2260 364 2356 427 IV.

3384 374 3506 439 246

281 440 505 495 Bouiano
546 440 823 510 episcopo,
859 442 940 495 vel
975 442 1137 497 robur
1165 442 1417 508 habebat,
1443 446 1527 500 vel
1556 445 1823 500 catholica

1928 452 2092 520 aliqui
2124 463 2180 507 ut
2206 455 2533 523 haareticnm,
2567 455 2868 514 Romanum
2911 469 3086 519 tamen
3133 466 3443 535 episcOpum
3470 508 3487 534 ,

281 532 622 586 credebatur.
686 532 751 585 [lt
815 534 958 588 enim
1023 535 1211 590 beatus
1289 535 1596 604 Stephanus
1646 536 1826 604 iunior

280 622 572 685 insinuavit,
608 623 724 677 sine
753 638 820 677 eo
865 639 952 680 res
1001 625 1369 680 ecclesiastica
1417 628 1634 680 tractari
1688 627 1826 681 diri-

279 712 421 780 gique
466 724 568 763 non
613 722 857 777 poterat:
902 711 1490 782 lconomachorumque
1537 716 1822 784 synodum,

280 800 505 854 Romano
572 803 826 869 pentitice
893 820 998 859 non
1064 805 1447 875 approbante.
1499 806 1824 860 catholicam

281 892 526 960 appellare
576 895 777 947 renuit.

337 981 452 1037 llaec
522 992 703 1035 autem
778 998 885 1036 non
956 982 1213 1039 Romana:
1283 983 1429 1037 urbis
1494 984 1664 1049 gratia
1743 982 1817 1036 illi

277 1074 487 1142 dignitas
534 1057 806 1143 contigit,
874 1076 966 1128 sed
1031 1076 1155 1143 quia
1214 1089 1496 1130 successor
1540 1074 1681 1151 beati
1732 1073 1825 1127 Pe-

276 1164 329 1215 tri
380 1163 505 1215 l‘uit.
574 1163 707 1216 En'm
780 1178 908 1217 vero
966 1162 1222 1218 Dominus
1293 1179 1392 1233 pro
1441 1179 1499 1219 se
1572 1165 1827 1218 Ecclesia:

271 1251 513 1321 praefecit,
572 1259 731 1323 atque
772 1265 991 1322 propter
1041 1254 1309 1321 eximiam,
1340 1256 1679 1323 praelicientis
1713 1256 1824 1325 glo-

272 1338 710 1400 riam,successor
739 1338 876 1407 ejus,
912 1350 967 1394 et
987 1352 1047 1392 ea
1078 1354 1238 1408 quam
1276 1355 1371 1409 per
1422 1341 1824 1395 successionem

268 1429 411 1497 repit,
455 1427 721 1494 Ecclesia,
780 1429 1085 1500 ubicunque
1144 1440 1412 1485 terrarum
1474 1433 1558 1487 vel
1608 1432 1823 1486 urbium

267 1528 398 1573 esset
448 1518 733 1583 aediﬁcata,
783 1519 925 1575 idem
964 1521 1206 1590 profecto
1254 1521 1458 1578 valeret
1480 1522 1533 1577 in
1574 1524 1825 1579 omnibus

267 1608 507 1663 Ecclesia:
538 1609 803 1678 negotiis;
827 1608 909 1663 sin
939 1624 1068 1665 vero
1088 1626 1230 1675 eam,
1252 1628 1357 1682 qua
1391 1614 1489 1667 sub
1521 1614 1823 1668 cmlottulla

266 1712 394 1753 esset
428 1698 624 1768 major,
651 1700 925 1754 civitatem
961 1705 1201 1770 Oportuit
1225 1704 1495 1773 praecipue
1537 1705 1603 1759 ad
1636 1705 1821 1760 sedem

267 1788 370 1856 eligi
394 1788 753 1857 magnitudini
786 1788 1043 1845 Ecclesiae
1064 1790 1264 1847 Christi
1291 1802 1678 1863 congruentem
1704 1812 1718 1847 :
1764 1803 1823 1849 ut
1849 1778 1898 1836 Β

264 1881 382 1934 sicut
409 1881 767 1934 humanarum
803 1881 915 1935 illic
933 1896 1111 1936 rerum
1130 1885 1370 1937 omnium
1393 1885 1675 1953 imperium
1698 1884 1817 1953 fuit,

263 1971 325 2023 ita
353 1971 466 2024 illic
489 1972 655 2025 etiam
679 1981 839 2040 caput
867 1972 1118 2027 Ecclesia:
1137 1973 1365 2039 Christi,
1382 1976 1501 2028 lidei
1532 1990 1627 2044 per
1649 1987 1820 2029 totum

265 2062 437 2115 orbem
462 2061 646 2115 edicta
700 2063 1086 2131 promulgarct,
1120 2074 1279 2133 atque
1322 2066 1463 2120 unde
1508 2065 1823 2121 idololatriae

262 2160 519 2219 pracepta
555 2156 933 2213 manaverant,
953 2152 1077 2206 inde
1108 2154 1461 2208 ecclesiastici
1488 2156 1822 2225 principatus

262 2241 453 2310 ubique
504 2250 768 2295 terrarum
841 2242 1011 2296 edicta
1060 2245 1456 2299 innotescerent
1483 2266 1497 2300 :
1524 2261 1585 2300 ac
1614 2246 1822 2302 facilius

263 2334 407 2385 unico
467 2334 571 2386 sub
625 2332 953 2402 principatu,
1016 2334 1214 2402 ubique
1261 2337 1570 2402 praedicatio
1624 2337 1822 2391 dili‘un-

261 2422 492 2488 deretur,
542 2424 741 2477 idcirco
797 2422 961 2477 etiam
1022 2422 1247 2476 Romam
1322 2426 1374 2477 in
1447 2434 1653 2479 tantum
1705 2441 1821 2481 cre-

261 2514 410 2579 visse,
466 2523 727 2582 quantum
776 2514 829 2567 in
886 2514 1135 2569 Immanis
1177 2515 1337 2568 rebus
1375 2515 1480 2569 dici
1522 2518 1719 2585 potuit,
1759 2526 1820 2571 ut

261 2619 424 2657 rerum
498 2605 743 2674 dignitati
794 2619 942 2675 aequa
991 2614 1134 2659 esset
1190 2607 1504 2674 proportio,
1556 2618 1609 2659 et
1667 2608 1821 2660 undi—

260 2711 349 2764 que
400 2696 697 2758 nobilitas,
748 2704 803 2750 et
860 2696 1258 2764 magnificentia
1324 2697 1444 2752 lidei
1496 2697 1822 2751 Christiana:

259 2786 637 2855 colligeretur:
676 2786 726 2838 id
768 2799 981 2855 quoque
1012 2785 1131 2855 ejus
1165 2795 1268 2849 est,
1314 2786 1405 2856 qui
1450 2789 1720 2841 Contraria
1750 2804 1816 2843 ex

260 2877 545 2933 contrariis
611 2877 831 2931 virtutis
889 2877 1260 2943 magnitudine
1310 2879 1550 2945 conlicit,
1596 2895 1649 2934 et
1693 2881 1821 2935 luu-

260 2967 509 3021 damenta
557 2968 688 3037 jacit
723 3005 739 3034 ,
790 2978 953 3038 atque
1002 2968 1108 3035 bis,
1152 2984 1270 3038 quae
1324 2971 1595 3039 proposita
1645 2981 1819 3038 sunt,

256 3061 453 3127 Optime
500 3061 745 3131 quadrat.

316 3151 586 3205 Praedicta
654 3168 783 3211 vero
828 3157 991 3212 etiam
1054 3158 1219 3213 rebus
1273 3156 1620 3211 roborantur.
1684 3153 1889 3241 Namc

256 3254 435 3308 portas
478 3244 638 3312 inferi
678 3248 851 3302 sancti
900 3263 1021 3306 esse
1058 3249 1340 3303 luereticos
1367 3249 1571 3313 dicunt,
1614 3256 1667 3301 et
1699 3261 1817 3298 om-

258 3349 342 3389 nes
388 3338 612 3389 outnino
660 3339 748 3405 qui
802 3339 875 3393 illi
943 3340 1339 3403 adversantur;
1380 3352 1516 3405 quos
1567 3337 1821 3390 Ecclesiae

260 3442 350 3479 non
392 3429 768 3494 pmvalituras
802 3431 855 3484 in
912 3429 1054 3485 Petri
1093 3440 1241 3500 petra
1279 3430 1536 3493 fundam,
1576 3427 1822 3497 praedixit

260 3514 534 3574 Dominus.
594 3521 818 3576 Constat
859 3530 1037 3578 autem
1114 3524 1259 3591 quod
1306 3522 1426 3574 aliis
1459 3520 1673 3591 quidem
1714 3520 1820 3573 Ec-

260 3609 459 3674 clesiis,
492 3626 628 3679 quas
658 3613 888 3680 apostoli
922 3614 1343 3675 azdiﬁcaverunt,
1380 3611 1433 3664 hi
1495 3611 1587 3680 qui
1646 3610 1821 3663 varias

260 3710 306 3753 et
330 3700 456 3755 aliis
488 3705 823 3771 temporibus
871 3704 1006 3759 alias
1046 3705 1294 3758 invexere
1322 3706 1575 3767 haereses,
1610 3716 1821 3769 pracva-

257 3788 488 3847 loerunt.
548 3792 659 3848 Etsi
734 3794 881 3849 enim
955 3809 1063 3848 non
1142 3807 1534 3864 usquequaque
1617 3792 1819 3846 malitia

258 3883 504 3949 obtinuit,
541 3888 597 3937 in
648 3892 906 3954 quantum
952 3892 1128 3938 tamen
1202 3885 1459 3949 obtinuit,
1520 3882 1816 3953 praavaluit.

263 3968 508 4025 llomanaz
539 3984 723 4027 autem
754 3974 1032 4041 Ecclesia,
1072 3990 1231 4045 quam
1283 3975 1475 4028 l‘etrus
1525 3972 1778 4027 solidavit
1804 4010 1819 4037 ,

262 4062 438 4116 nullus
467 4064 690 4118 omnino
727 4079 959 4132 unquam
990 4065 1287 4132 przeraluit.
1322 4064 1506 4133 Neque
1539 4064 1681 4117 enim
1721 4064 1821 4117 hoc

263 4154 529 4218 qiuaritur,
584 4170 654 4208 an
690 4154 882 4223 aliquis
926 4156 971 4209 ei
1004 4155 1301 4226 pra-fuerit,
1348 4157 1436 4223 qui
1489 4155 1820 4208 contrarium

263 4243 455 4310 aliquid
507 4244 789 4297 catholicae
838 4245 957 4299 lidei
1008 4245 1474 4314 pronuntiaverit:
1512 4257 1819 4313 quanquam

264 4341 315 4383 et
344 4334 387 4384 si
423 4332 545 4400 quid
587 4334 904 4401 contigisset
950 4333 1240 4403 ejusmodi,
1273 4334 1513 4401 protinus
1562 4332 1822 4386 Ecclesiae

266 4426 516 4477 sententia
572 4424 838 4492 dejeetus,
885 4423 1029 4478 Petti
1078 4425 1204 4477 sede
1246 4422 1407 4477 simul
1461 4432 1515 4477 et
1562 4422 1823 4493 dignitate

1928 543 2308 608 causabantur,
2347 556 2577 616 purgat:
2612 563 2734 607 ctun
2761 551 3048 607 haereticus
3084 554 3317 625 Pyrrhus
3346 559 3481 626 Gon-

1929 637 2465 705 stautinOpolitanam
2531 648 2658 693 tunc
2719 641 3015 698 Ecclesiam
3081 656 3308 712 regeret,
3337 659 3388 701 et
3423 651 3485 702 ad

1928 728 2200 783 munimen
2250 731 2454 783 erroris
2490 732 2573 785 sui
2604 730 2899 788 llonorium
2954 737 3238 804 proferret.
3280 740 3341 793 Et
3365 756 3483 796 vere

1927 820 2028 873 iste
2073 821 2393 887 respondit:
2428 822 2719 877 Hortarium
2756 826 3003 894 pietatem
3060 828 3253 893 colere,
3296 832 3483 899 sitiqut

1924 910 2042 975 ipsi,
2079 910 2131 961 in
2181 911 2261 962 his
2294 926 2410 979 qua
2442 913 2597 975 dixit,
2644 914 2790 967 illius
2845 933 3054 971 sensum
3102 935 3385 989 congruere
3415 924 3486 974 si-

1926 1001 2134 1067 mulque
2154 1001 2280 1069 ipsi,
2309 1002 2529 1057 etillius
2558 1006 2723 1059 verba
2754 1004 2960 1077 Pyrrho
2992 1010 3297 1078 proposuit,
3328 1023 3495 1078 ιιιιιίι

1926 1091 2055 1145 dam
2092 1106 2349 1147 asserens
2398 1094 2559 1149 illius
2584 1111 2805 1151 sensum
2838 1101 3149 1166 ignorantes
3181 1100 3296 1155 sive
3325 1100 3490 1155 etiam

1927 1182 2342 1250 calumniantes,
2370 1186 2558 1241 falsam
2589 1187 2661 1241 de
2680 1187 2775 1242 illo
2814 1190 3202 1246 disseminasse
3228 1190 3450 1245 famam.

1881 1305 1909 1332 ο
1998 1280 2191 1333 Veram
2231 1290 2409 1332 autent
2458 1280 2622 1332 fuisse
2670 1282 3101 1346 excusationem,
3136 1284 3263 1336 hinc
3299 1284 3487 1353 liquet.

1925 1370 2124 1423 Praeter
2155 1370 2204 1422 id
2228 1368 2395 1430 enim,
2437 1370 2579 1439 quod
2614 1370 2791 1426 nullos
2848 1371 3008 1426 facile
3050 1374 3310 1437 crederet,
3358 1390 3485 1428 san-

1925 1469 2072 1518 ctum
2111 1460 2405 1515 Maximum
2462 1462 2677 1516 mentiri
2715 1477 2896 1531 posse,
2935 1464 3094 1533 idque
3144 1479 3266 1518 cum
3324 1466 3492 1534 pluri-

1925 1569 2070 1608 mum
2102 1554 2357 1621 temporis
2391 1553 2731 1608 Romartunc
2759 1554 2941 1621 fuerit,
2979 1570 3078 1624 pro
3102 1556 3490 1611 ecclesiasticis

1926 1646 2185 1715 negotiis,
2220 1655 2273 1699 et
2304 1658 2478 1714 neque
2526 1644 2688 1715 impie
2729 1644 2993 1705 sentiente
3042 1644 3300 1710 llouorio,
3344 1657 3491 1701 recte

1926 1738 2184 1793 sensisset
2215 1736 2453 1791 Ecclesia
2485 1753 2501 1803 ;
2535 1736 2626 1790 sed
2662 1735 2744 1789 vel
2777 1750 2898 1788 eum
2928 1736 3020 1789 illo
3055 1738 3167 1806 ipsa
3214 1737 3366 1799 falsa,
3405 1738 3489 1791 vel

1926 1845 2050 1885 cum
2100 1830 2217 1899 ipsa
2268 1828 2358 1883 ille
2415 1842 2538 1882 vera
2596 1828 2851 1890 sentiret,
2909 1829 2958 1881 id
3000 1829 3243 1896 profecto
3302 1844 3487 1883 verum

1924 1936 2043 1975 esse
2081 1922 2350 1984 cernitur,
2403 1928 2456 1973 et
2490 1935 2553 1974 ex
2585 1919 2669 1972 his
2706 1935 2824 1987 qua:
2858 1920 3011 1975 divus
3042 1917 3306 1973 Maximus
3338 1919 3486 1971 illum

1923 2027 2185 2068 excusans
2245 2012 2398 2078 dixit,
2460 2026 2581 2066 cum
2633 2025 2737 2079 qua
2783 2020 2833 2063 et
2874 2012 2985 2078 ipse
3025 2026 3173 2063 stans
3228 2010 3490 2064 adversus

1922 2105 2187 2176 Pyrrhum
2238 2103 2997 2172 ConstantinOpOIitanainque
3031 2103 3335 2157 Ecclesium
3394 2119 3490 2170 pro

1924 2198 2121 2266 pietate
2164 2194 2459 2266 pugnabat.
2504 2194 2571 2248 Et
2606 2209 2671 2248 ex
2728 2209 2791 2247 eo
2818 2194 3001 2259 etiam,
3050 2195 3192 2263 quod
3253 2194 3324 2247 nil
3385 2194 3490 2246 tale

1922 2289 2294 2358 blasphemum
2316 2287 2379 2341 de
2399 2288 2486 2340 illa
2520 2300 2615 2356 per
2646 2286 2696 2339 id
2725 2288 2981 2356 temporis
3004 2286 3221 2340 historia
3250 2285 3422 2340 tradid
3448 2296 3488 2342 t.

1995 2380 2110 2435 Non
2143 2392 2271 2449 ergo
2319 2377 2446 2431 illud
2482 2377 2793 2446 inquiritur,
2831 2392 2900 2430 an
2953 2379 3148 2447 aliquis
3189 2379 3315 2446 ipsis
3347 2394 3488 2446 prze-

1925 2469 2099 2525 fectus
2146 2479 2331 2522 contra
2394 2468 2715 2523 catholicam
2767 2469 2927 2523 tidem
2992 2486 3226 2540 unquam
3284 2470 3485 2539 aliquid

1924 2563 2257 2632 protulerit;
2294 2563 2491 2630 quippe
2543 2562 2587 2615 si
2624 2563 2743 2628 quis
2807 2562 2930 2615 talis
2989 2572 3151 2627 esset,
3214 2562 3489 2616 Romanus

1923 2657 2206 2725 episcopus
2238 2669 2351 2708 non
2373 2662 2546 2720 esset;
2605 2652 2905 2721 hujnsmoti
2938 2654 3079 2708 enim
3122 2668 3331 2722 semper
3362 2670 3489 2709 vera

1923 2750 2176 2820 prosequi
2222 2750 2461 2814 ﬁnecesse
2514 2756 2618 2813 est,
2672 2748 2963 2816 sedemque
3014 2747 3155 2800 illam
3211 2762 3484 2815 nunquam

1923 2850 2074 2911 patre
2121 2838 2342 2908 privari,
2396 2840 2489 2907 qui
2522 2837 2652 2892 inde
2699 2837 2767 2892 de
2822 2838 3165 2905 dogmatibus
3210 2852 3333 2892 vera
3395 2839 3489 2890 de-

1870 2948 1873 2955 ‘
1924 2942 2130 2996 cernat,
2174 2930 2419 3000 quamvis
2470 2943 2535 2983 ne
2565 2930 2642 2983 sic
2685 2928 2902 2999 quidem
2960 2928 3062 2983 tale
3116 2928 3315 2998 aliquid
3361 2946 3489 2983 cort-

1925 3023 2064 3089 tigit.
2098 3022 2202 3076 Sed
2230 3036 2296 3074 an
2336 3020 2538 3090 aliquid
2586 3035 2821 3089 unquam
2852 3021 2918 3074 ab
2954 3019 3193 3076 Ecclesia
3249 3020 3486 3073 [ὶοιιιειητι

1927 3115 2030 3168 tale
2078 3113 2342 3183 prolatum
2386 3114 2499 3175 sit,
2560 3121 2611 3166 et
2660 3112 2744 3166 vel
2798 3110 2866 3166 ad
2918 3113 3189 3166 modicum
3244 3112 3293 3166 ei
3354 3127 3490 3182 pra“

1925 3204 2172 3268 Vttltlcril,
2207 3204 2351 3273 quod
2412 3218 2551 3256 nunc
2597 3202 2929 3257 anathemati
2969 3203 3331 3255 conuuuuiter
3361 3204 3488 3253 sub-

1918 3298 2115 3366 jectum
2167 3295 2258 3359 sit,
2315 3294 2455 3349 sicut
2510 3308 2650 3362 sa-pe
2682 3292 2735 3346 in
2780 3292 2904 3346 aliis
2958 3290 3219 3346 Ecclesiis
3277 3292 3489 3345 cootiu.

1919 3392 2014 3456 git,
2043 3387 2321 3457 quzeritur.
2355 3386 2465 3442 [loc
2494 3394 2673 3441 autem
2724 3400 2882 3441 nemo
2929 3383 3037 3439 ulla
3096 3384 3305 3439 ratione
3337 3401 3490 3438 ruon-

1919 3492 2093 3534 szrare
2117 3487 2316 3550 potest.

1994 3593 2048 3646 Si
2102 3592 2266 3660 igitur
2311 3589 2430 3645 aliis
2494 3588 2710 3659 quidem
2784 3587 3041 3643 Ecclesiis
3091 3599 3259 3656 porta:
3327 3588 3484 3642 interi

1921 3686 2317 3754 praevaluerunt
2346 3683 2462 3736 sive
2512 3696 2722 3750 parum,
2764 3681 2877 3736 sive
2918 3680 3177 3750 amplius,
3217 3679 3349 3733 nihil
3401 3695 3484 3733 re-

1918 3778 2046 3831 l'ert.
2094 3776 2160 3829 Et
2187 3783 2331 3831 certe
2360 3788 2482 3841 cum
2520 3773 2875 3844 quarumdam
2906 3773 3117 3828 ruinam
3163 3774 3300 3827 ultra
3330 3775 3487 3839 quin-

1920 3867 2182 3936 quaginta
2228 3880 2397 3919 annos
2437 3865 2665 3919 durasse
2716 3862 2926 3919 ostendi
2970 3864 3161 3932 possit,
3206 3862 3257 3915 id
3308 3862 3479 3916 solum

1920 3955 2137 4023 sullicit,
2176 3955 2385 4010 illarum
2412 3954 2710 4011 sententias
2733 3954 2798 4008 ab
2832 3955 2974 4008 omni
3004 3953 3238 4008 Ecclesia
3262 3952 3481 4005 anathe-

1922 4049 2051 4102 mati
2095 4048 2321 4103 traditas
2351 4047 2515 4102 fuisse
2545 4035 2777 4102 :‘contra
2823 4061 2959 4116 quas
2983 4048 3283 4100 sententias
3322 4045 3491 4096 etiam

1924 4148 2221 4206 martyrum
2256 4135 2410 4190 fusus
2436 4146 2518 4189 est
2563 4135 2803 4205 sanguis.
2846 4134 3100 4187 Romanae
3151 4148 3277 4186 vero
3305 4132 3487 4186 Eccle-

1925 4230 2017 4284 site
2050 4228 2185 4283 nihil
2234 4242 2470 4296 unquam
2532 4227 2635 4279 tale
2676 4225 2952 4294 prceraluit
2981 4239 2996 4288 ;
3029 4233 3263 4284 constat,
3298 4221 3490 4275 Salva-

1925 4321 2055 4375 toris
2103 4321 2428 4374 sententiam
2471 4318 2524 4371 in
2580 4319 2692 4386 ipsa
2751 4328 2955 4371 tantum
2994 4331 3179 4370 veram.
3236 4329 3379 4377 esse,
3432 4325 3488 4366 ct

1923 4412 2065 4466 hanc
2124 4409 2422 4465 Ecclesiam
2477 4422 2630 4471 esse,
2684 4409 2748 4461 de
2805 4424 2908 4475 qua
2970 4407 3227 4459 Dominus
3285 4404 3479 4457 dixit:

268 4513 563 4567 excidisset.
597 4513 786 4582 Neque
839 4514 980 4566 enim
1019 4512 1154 4566 ultra
1202 4522 1347 4567 esset
1392 4514 1663 4569 llomauus
1706 4515 1814 4582 cpi;
1845 4517 1896 4577 ι)
1922 4504 2219 4571 ﬁdi/ica“
2247 4501 2536 4553 Εεείεδίαηι
2570 4516 2758 4562 meum:
2804 4508 2860 4551 ει
2892 4512 3052 4565 quam
3095 4497 3230 4548 “1‘33
3274 4510 3489 4546 “0””8"

266 4616 469 4672 scopas,
518 4620 690 4673 neque
744 4604 947 4659 Christi
990 4604 1245 4674 Petrique
1300 4606 1552 4671 vicarius,
1580 4606 1821 4675 aliusque

268 4692 449 4761 dignus
478 4698 787 4764 apostolicae
842 4696 957 4750 sedi
984 4697 1314 4766 subrogatus
1340 4705 1505 4763 esset,
1536 4695 1820 4752 Ecclesia:-

268 4799 366 4852 que
391 4792 556 4841 status
606 4788 751 4841 idem
785 4798 1207 4857 perseverasset,
1256 4791 1468 4843 nemine
1507 4789 1581 4843 illi
1614 4801 1819 4858 prava-

269 4875 443 4931 lente:
483 4892 659 4947 neque
699 4880 783 4933 vel
813 4894 1001 4948 parum
1036 4886 1189 4949 patre
1220 4879 1418 4943 illa,vel
1451 4888 1666 4949 pastore
1726 4880 1820 4933 de-

267 4969 437 5021 stituta
464 4970 671 5040 (esset.)
696 4970 764 5026 Ut
796 4971 919 5024 inde
936 4985 1151 5040 quoque
1175 4986 1298 5026 vera
1329 4972 1536 5025 Domini
1554 4970 1819 5027 sententia

272 5062 547 5125 probetur:
586 5062 701 5132 Ego
763 5062 1027 5116 vobiscum
1062 5079 1200 5129 sum,
1254 5065 1522 5132 inquiens,
1580 5063 1817 5117 omnibus

268 5148 448 5218 diebus,
464 5169 621 5221 usque
637 5154 706 5206 ad
726 5156 1218 5208 consummationem
1235 5152 1440 5217 siccati,
1458 5167 1577 5208 cum
1598 5166 1818 5208 necesse

268 5238 355 5302 sit,
390 5257 447 5296 ne
472 5260 615 5298 nunc
642 5246 860 5314 quidem
909 5244 1208 5298 inﬁdelium
1240 5246 1546 5312 praedictam
1595 5253 1815 5297 senten-

272 5330 387 5384 tiam
413 5337 689 5402 excedere,
712 5348 770 5391 ut
795 5347 849 5393 et
882 5338 984 5390 alia
1016 5335 1174 5391 simul
1202 5351 1323 5389 vera
1358 5350 1475 5390 esse
1502 5336 1811 5400 credantur,

269 5434 325 5472 et
346 5438 551 5481 consona
595 5444 693 5497 per
724 5429 908 5482 onmia
953 5429 1054 5482 sibi
1096 5429 1322 5482 invicem
1385 5436 1438 5481 et
1489 5427 1813 5481 coluercntia

273 5526 557 5584 appareant.
584 5520 792 5590 Nempe
822 5523 967 5576 enim
998 5531 1052 5576 et
1079 5521 1267 5575 beatus
1304 5519 1587 5587 Maximus,
1617 5520 1669 5572 in
1703 5518 1813 5572 dis-

275 5606 610 5668 putationibus
663 5612 924 5670 adversus
973 5611 1262 5683 Pyrrhum,
1301 5610 1617 5679 llouorium,
1650 5624 1810 5681 quem

343 5721 377 5749 “
411 5721 557 5780 Joan.
612 5738 701 5787 xv,
755 5724 807 5778 5.

1924 4613 2038 4651 sum
2075 4594 2289 4647 Petrum
2316 4592 2637 4647 conlirmare
2669 4589 2942 4659 praecepit.
2975 4588 3125 4642 Alias
3159 4602 3281 4640 vero
3321 4602 3484 4655 super

1925 4689 2063 4743 hanc
2114 4684 2368 4738 fundatas
2421 4696 2559 4743 esse,
2600 4690 2653 4734 et
2710 4680 3011 4734 consistere
3062 4677 3481 4740 confessionem,

1921 4788 1975 4832 et
2016 4783 2304 4844 sequentes
2344 4772 2662 4841 qnidem,ut
2711 4779 2892 4838 partes
2942 4778 2997 4824 et
3036 4769 3276 4821 tnembra
3334 4766 3482 4818 salu-

1922 4869 2173 4923 britatem
2231 4864 2390 4917 simul
2455 4861 2879 4930 haberejatque
2928 4859 3115 4924 robur,
3163 4859 3379 4927 quando
3430 4867 3483 4908 et

1922 4958 2187 5030 plurimas
2250 4969 2407 5009 unam
2482 4952 2795 5007 existimare
2871 4951 3156 5017 convenit;
3210 4949 3485 5001 deviantes

1920 5062 2102 5107 autem
2136 5065 2165 5103 a
2203 5050 2381 5118 capite
2421 5058 2475 5103 et
2525 5060 2755 5117 corpore
2801 5043 3040 5113 prmcidi,
3072 5050 3124 5094 et
3155 5053 3328 5109 neque
3364 5038 3484 5089 aliis

1919 5157 2035 5198 esse
2064 5143 2176 5210 jam
2204 5140 2383 5196 utiles.
3388 5204 3403 5211 φ

1994 5233 2146 5289 Unde
2189 5242 2242 5287 et
2302 5232 2561 5286 Dominus
2633 5227 2844 5282 monuit
2894 5226 2950 5280 in
3004 5226 3102 5279 vite
3155 5222 3480 5291 persistere,

1918 5328 2156 5395 seipsnm
2207 5326 2358 5379 vitem
2390 5321 2576 5376 dicens
2601 5330 2654 5376 et
2683 5336 2777 5388 per
2829 5321 2985 5375 vitem
3012 5316 3306 5369 Ecclesium
3335 5313 3482 5366 desi-

1918 5432 2130 5488 gnans:
2170 5417 2409 5485 palmites
2448 5429 2575 5468 vero
2619 5414 2798 5466 lideles
2833 5412 3116 5465 nominans
3147 5408 3213 5472 ⁸⁵,
3247 5407 3336 5475 qui
3385 5421 3482 5472 per

1922 5512 2315 5570 confessionem
2351 5510 2493 5563 illius
2539 5514 2593 5562 et
2624 5508 2821 5561 bonam
2872 5502 3340 5558 conversationem
3372 5498 3484 5550 frn-

1921 5616 2065 5662 ctum
2099 5606 2316 5659 terrent.
2349 5599 2552 5666 Quibus
2581 5597 2820 5669 proiecto
2847 5596 3025 5652 verbis
3053 5611 3260 5649 summa
3298 5591 3481 5647 Eccle-
