4020 6206
523 351 632 415 24⁸1

1788 342 2188 403 MANUELIS
2226 341 2530 402 CALECIE

3655 344 3755 407 218

458 523 468 534 ,
524 472 619 525 size
665 470 793 524 unio
841 469 1167 531 insinuatur,
1205 472 1263 518 ut
1312 462 1546 515 fructum
1579 457 1773 512 invite
1821 456 2409 520 manentesAdebeat,
2443 470 2578 524 quos
2619 454 2802 509 multis
2852 454 3025 510 modis
3071 455 3185 524 ipse
3236 470 3332 524 per
3380 468 3438 511 se
3485 458 3660 525 ipsum
3699 461 3759 515 de

528 561 725 624 lerant,
764 569 817 612 ot
864 571 1124 625 nusquam
1185 554 1427 622 corporis
1482 549 1793 618 integritate
1845 548 2094 602 deviante

528 668 557 705 a
605 651 799 719 capite,
864 647 1102 701 membra
1161 644 1341 698 omnia
1400 640 1764 701 viviﬁcentur,
1824 641 2093 705 virumque

522 742 809 810 perfectum
848 742 899 791 in
930 752 1224 791 mensuram
1258 735 1430 789 artatis
1472 732 1812 803 plenitudinis
1837 732 1885 763 "
1938 731 2095 785 Citri-

524 831 596 886 sti
628 830 866 885 Ecclesia
919 834 1244 894 coaugeatur
1275 842 1291 878 :
1325 839 1432 877 non
1464 838 1493 877 e
1549 822 1846 881 contrario.
1877 822 1960 875 vel
1998 824 2086 874 alt-

524 923 717 983 scisss,
772 930 983 974 mortua
1032 918 1181 981 ﬁant,
1241 917 1324 969 vel
1380 930 1444 969 ex
1498 916 1606 969 vite
1667 913 1930 983 proiecta,
1980 913 2091 982 igni

432 1054 436 1059 ι
525 1011 953 1080 ίηεςειὶηκυὶιιίιί
1006 1007 1366 1063 consumenda
1420 1006 1758 1059 damnentur.

597 1103 770 1170 Atque
829 1102 1010 1154 unitas
1058 1099 1275 1168 quidem
1336 1096 1604 1151 Ecclesiae
1651 1095 1932 1150 Psalmista
1976 1097 2092 1161 ait,

523 1192 821 1246 benedicere
852 1190 1130 1242 Dominum
1151 1188 1198 1220 “
1234 1204 1249 1252 ;
1282 1201 1387 1239 non
1416 1186 1560 1239 enim
1587 1186 1651 1237 de
1673 1184 1898 1253 singulis
1923 1184 2095 1253 magis

523 1296 687 1350 quam
747 1280 814 1333 de
867 1278 1122 1331 Ecclesiis
1180 1275 1488 1337 dicendum,
1545 1288 1664 1342 qua:
1726 1288 1789 1327 ex
1845 1274 2114 1343 partibus

518 1368 766 1424 collectae
837 1374 1005 1428 sunt;
1060 1364 1320 1418 discissus
1365 1377 1514 1423 vero,
1579 1370 1635 1417 et
1691 1362 1745 1414 itt
1812 1362 2094 1429 opiniones

520 1459 835 1515 contrarias
884 1457 1104 1518 divisas,
1160 1455 1275 1507 sive
1335 1454 1593 1507 adversus
1652 1450 1969 1517 Ecclesium,
2007 1452 2091 1505 cui

521 1563 685 1603 neruo
727 1547 1027 1615 pratvaiuit,
1083 1546 1439 1605 reluctantes,
1475 1553 1532 1596 ut
1578 1544 1847 1613 prioribus
1892 1552 2095 1612 tempo-

522 1640 675 1693 ribus
737 1640 932 1726 sr'epius
987 1635 1253 1703 contigit,
1334 1636 1499 1688 scissa
1556 1634 1809 1689 Ecclesia:
1862 1635 2094 1689 membra

519 1723 1018 1798 magnus'Basilius
1069 1734 1246 1789 vocat,
1294 1723 1497 1778 Psalmi
1547 1724 1751 1778 dictum
1796 1740 2092 1791 exponens,

520 1820 795 1888 falsasque
838 1830 1137 1888 synagogas
1182 1830 1277 1871 eas
1345 1816 1605 1884 appellat,
1657 1829 1969 1884 quanquam
2040 1828 2093 1869 et

520 1911 914 1977 consequentia
969 1923 1180 1963 summa
1239 1922 1334 1974 per
1390 1908 1570 1960 omnia
1639 1908 1895 1962 Ecclesiae
1950 1907 2092 1962 Petri

520 1997 698 2051 adest.
744 1997 831 2050 Ait
868 1996 1012 2049 enim
1062 1996 1129 2049 ad
1178 1996 1329 2048 illum
1376 1995 1680 2061 Dominus:
1726 1994 1891 2050 Pasce
1932 2013 2092 2065 agnos

518 2104 679 2152 meos,
732 2103 885 2155 pasce
917 2103 1031 2141 ores
1092 2104 1255 2142 meas.
1301 2085 1412 2141 Hoc
1458 2086 1699 2141 Ecclesia
1753 2086 1995 2142 Romana
2028 2089 2095 2141 ad

521 2183 760 2249 reliquas
791 2183 963 2238 facere
990 2182 1225 2252 perstitit
1254 2221 1271 2247 ,
1305 2181 1531 2250 aliisque
1562 2182 1614 2234 in
1649 2183 1935 2251 epinioues
1961 2197 2095 2237 con-

521 2272 722 2329 trarias
768 2282 822 2327 et
871 2272 1216 2336 solitudines,
1262 2284 1316 2326 et
1369 2284 1658 2341 praerupta,
1700 2281 1754 2328 et
1796 2272 2093 2342 praecipitia

531 2366 932 2429 oberrantibus,
993 2364 1105 2433 ipsa
1181 2379 1276 2419 eas
1329 2362 1398 2418 ad
1471 2380 1637 2418 unum
1695 2374 1993 2432 pastorem,
2042 2372 2096 2416 et

522 2472 689 2512 unum
741 2457 882 2511 ovile
922 2456 1137 2511 reduxit
1165 2471 1181 2509 :
1205 2456 1384 2511 noxiis
1424 2454 1641 2525 quidem
1696 2454 2097 2521 mortiferisque

521 2550 859 2623 graminibus
904 2562 1123 2614 crocus,
1166 2547 1402 2602 salubria
1459 2561 1585 2601 vero
1656 2553 1710 2599 et
1764 2546 1885 2600 laeta
1943 2545 2095 2612 inge-

522 2659 672 2707 rens,
706 2643 815 2696 into
844 2648 897 2695 et
924 2640 1183 2695 adversus
1228 2638 1511 2694 saevientes
1553 2638 1728 2705 lupos,
1777 2653 2096 2693 mammona:

521 2735 756 2795 scilicet,
802 2747 865 2785 ac
914 2730 1169 2794 Caesaris,
1218 2744 1456 2801 ovesque
1495 2738 1710 2784 vastare
1764 2730 2047 2783 molientes
2078 2771 2092 2795 ,

520 2839 623 2894 pro
670 2823 914 2887 Christo,
963 2837 1168 2894 proque
1206 2822 1324 2891 ejus
1366 2819 1466 2895 ﬁde
1515 2830 1640 2874 ante
1692 2834 1910 2888 gregem
1943 2828 2094 2873 stans

522 2916 781 2986 pugnavit
814 2932 828 2970 :
867 2926 1026 2983 atque
1057 2914 1202 2969 omni
1236 2900 1459 2968 omnino
1493 2911 1785 2979 inquirenti
1835 2913 2094 2965 rationem

523 3018 738 3072 semper
776 3002 1013 3056 reddidit
1068 3004 1137 3058 de
1181 3017 1241 3055 ca
1301 3016 1420 3071 qua:
1466 3002 1515 3053 itt
1563 3001 1713 3055 nobis
1755 3010 1837 3055 est
1881 3014 2012 3069 spe,
2041 3010 2099 3052 ut

524 3093 641 3160 ipse
710 3092 899 3145 beatus
955 3090 1148 3148 Petrus
1191 3091 1469 3143 admonuit
1508 3090 1572 3143 ⁸⁷.
1618 3090 1699 3151 Et,
1751 3090 1889 3158 quod
1918 3090 2098 3142 Domi.

521 3196 629 3235 nus
692 3184 987 3236 secundent
1051 3181 1325 3237 hominem
1389 3180 1563 3235 oravit
1612 3182 1795 3234 dicens
1822 3196 1840 3233 :
1868 3181 2049 3234 Simon
2080 3219 2095 3240 ,
2128 3183 2168 3237 C

523 3274 703 3342 rogari
743 3290 837 3341 pro
894 3282 962 3339 te,
1000 3281 1056 3327 ut
1099 3289 1203 3326 non
1253 3271 1467 3336 deﬁciat
1508 3271 1639 3337 ﬁdes
1692 3283 1818 3335 tua;
1883 3282 1935 3325 et
1999 3273 2098 3325 ltoc

523 3366 577 3418 in
628 3365 772 3419 Petri
825 3364 1240 3419 successoribus
1288 3371 1560 3417 servatum
1613 3372 1721 3428 est,
1778 3361 1930 3427 cujus
1970 3363 2099 3415 ﬁdes

523 3456 578 3509 in
636 3456 767 3523 ipsis
811 3472 1088 3524 nunquam
1132 3454 1351 3508 defecit.
1383 3453 1675 3522 Oportebat
1722 3454 1865 3507 enim
1896 3454 2099 3506 oratio-

524 3561 643 3601 nem
689 3546 833 3600 illattt
892 3548 1025 3615 ipsis
1064 3548 1224 3601 rebus
1275 3559 1382 3597 non
1428 3560 1585 3615 posse
1627 3544 1881 3598 decidere
1919 3561 1930 3596 :
1990 3543 2098 3611 Ego

522 3637 682 3699 enim,
732 3635 930 3703 inquit,
984 3636 1246 3699 sciebam,
1300 3636 1423 3704 quia
1457 3648 1654 3700 semper
1701 3651 1779 3687 me
1824 3635 1976 3685 audis
2003 3634 2048 3663 ⁸⁸
2085 3673 2097 3693 ,

522 3736 578 3781 et
622 3727 834 3797 aliquos
868 3742 1081 3795 semper
1135 3726 1186 3778 in
1240 3735 1381 3779 terra
1449 3725 1499 3777 in
1530 3724 1669 3776 illius
1720 3725 1948 3776 veritate
1983 3737 2100 3774 ser—

522 3821 665 3884 vari,
728 3832 825 3886 pro
876 3817 1069 3885 quibus
1141 3817 1315 3868 oratio
1374 3812 1459 3866 illa
1501 3812 1617 3866 fusa
1651 3835 1661 3867 :
1698 3812 1853 3864 Serra
1918 3828 2002 3865 eos
2050 3813 2101 3865 in

524 3912 765 3974 ueritate,
821 3907 984 3960 Pater
1029 3915 1226 3967 sancte,
1268 3916 1321 3958 ut
1353 3904 1455 3957 sint
1498 3919 1679 3963 unum,
1728 3914 1943 3968 Coqua:
1996 3902 2103 3955 illic

525 4000 706 4053 addita
767 4005 899 4050 sunt
930 3996 1019 4061 3.9;
1085 3994 1364 4062 undique,
1412 4001 1483 4045 et
1548 3993 1721 4044 ventis
1794 3992 1911 4044 aliis
1970 3992 2102 4044 alias

525 4098 719 4143 contra
753 4086 1051 4138 Salvatoris
1085 4082 1373 4137 aediﬁcium
1414 4096 1472 4136 se
1503 4081 1854 4150 erigentibus,
1899 4081 2103 4134 electos

526 4178 647 4233 illos
689 4176 946 4230 infractos
976 4174 1241 4244 prmcipue
1282 4174 1332 4226 itt
1366 4184 1513 4241 petra
1545 4180 1692 4226 stare
1723 4189 1736 4237 ;
1770 4182 1821 4225 ct
1846 4174 1933 4239 qui
1968 4172 2104 4225 alios

529 4269 801 4324 servaturi
857 4277 1045 4328 erant,
1110 4274 1426 4334 tempestate
1491 4264 1754 4332 nudisque
1815 4264 2045 4334 jactatos
2086 4302 2101 4327 ,

528 4362 888 4429 ittlirutosqtte
945 4358 1222 4423 curaturi,
1281 4357 1424 4425 ipsos
1478 4356 1594 4409 illos
1639 4357 1865 4425 primum
1895 4355 1947 4406 itt
1993 4364 2104 4406 tnta

531 4451 811 4523 crepidine
861 4449 1103 4513 solidari,
1140 4462 1458 4518 semperque
1490 4461 1648 4503 ranos
1714 4455 1767 4501 ct
1824 4443 2105 4500 inviolatos

527 4559 670 4599 0550.

612 4634 767 4698 Quod
823 4634 874 4686 in
908 4632 1090 4697 Petro,
1142 4630 1366 4699 ejusque
1412 4628 1836 4691 successoribus,
1885 4628 2107 4696 ejusque

527 4724 755 4779 omnino
812 4722 1054 4776 Ecclesia
1101 4722 1413 4797 concurritr
1463 4719 1593 4771 Nam
1676 4734 1798 4771 cum
1854 4719 2107 4785 apostoli-

528 4828 717 4869 corum
767 4828 1144 4868 successerunt
1208 4825 1363 4866 nemo
1407 4810 1589 4873 fuerit,
1660 4825 1817 4878 quem
1873 4808 2102 4862 Satanas

532 4918 641 4957 non
695 4901 952 4956 cribrarit
996 4913 1056 4955 ut
1106 4899 1367 4962 triticum,
1410 4900 1619 4953 zizauia
1670 4914 1763 4952 sua
1823 4896 2095 4952 subsenti-

530 5008 695 5057 nans,
746 4980 955 5046 Petrus
986 5004 1260 5059 nunquam
1308 4991 1359 5043 itt
1391 4986 1962 5043 suis'suceessoribus
2008 4989 2103 5042 de-

533 5087 658 5149 fuit,
708 5087 800 5142 sed
838 5086 1002 5140 etiam
1054 5098 1152 5154 per
1201 5086 1322 5150 ltos,
1359 5084 1669 5138 deﬁcientes
1700 5096 1914 5151 qmtque
1955 5081 2107 5145 alios,

536 5175 689 5243 juxta
746 5174 983 5229 edictum
1032 5172 1400 5227 conﬁrmavit.
1899 5192 1906 5199 -

610 5266 796 5336 Neque
827 5268 970 5321 enim
1003 5252 1179 5320 solum
1230 5265 1295 5318 de
1348 5262 1751 5318 resurrectione
1785 5261 2107 5323 Salvatoris,

532 5359 578 5413 si
618 5360 738 5427 quis
772 5358 835 5410 ad
867 5359 966 5412 ltoc
1015 5358 1067 5410 id
1099 5360 1321 5411 verbum
1380 5356 1600 5419 trahat,
1651 5354 1854 5408 dictum
1916 5366 2105 5420 putare

538 5451 819 5517 debemus,
848 5449 990 5519 quod
1021 5448 1213 5505 Petrus
1238 5461 1533 5502 conversus
1558 5446 1752 5499 fratres
1784 5446 2109 5498 conﬁrmare

607 5649 655 5683 ⁸⁵
686 5649 881 5718 Ephes.
910 5663 982 5711 tv,
1017 5648 1102 5701 1⁸5.

541 5722 671 5788 ttt,i
710 5716 861 5788 seqq.
940 5720 983 5750 ’⁸⁸
1006 5718 1164 5773 Joan.
1198 5732 1277 5779 ιι,
1305 5716 1391 5769 iit.

1177 5646 1221 5678 ⁸⁵
1260 5646 1402 5699 Psai.
1448 5657 1616 5711 van,
1666 5642 1717 5696 ι.
1749 5642 1815 5695 1η
1850 5640 2096 5696 Ecclesiis
2144 5643 2428 5697 benedicite
2472 5641 2580 5694 Deo
2615 5639 2837 5693 Domino
2865 5642 2928 5694 de
2967 5644 3194 5711 fontibus
3231 5644 3422 5699 Israel.

1470 5716 1514 5745 ⁸³
1573 5709 1727 5766 Joau.
1789 5728 1917 5777 xvn,
1962 5715 2026 5766 l7
2061 5720 2213 5783 seqq.

2197 544 2286 598 illa
2318 545 2593 598 roboravit
2628 562 2643 596 :
2682 547 2773 598 sed
2801 546 2965 599 etiatn
2995 547 3060 600 de
3089 546 3250 599 Petro
3294 560 3391 615 per
3421 559 3760 604 successores

2196 654 2324 694 suos
2356 639 2586 693 aliorum
2620 640 2921 708 corrigente
2953 640 3343 693 infirmitatem.
3792 698 3803 711 ,

2270 730 2451 799 Neque
2483 733 2671 801 magis,
2712 746 2777 786 ne
2823 747 2917 801 per
2944 730 3285 801 negationem
3318 730 3465 785 Petri
3510 732 3761 789 deﬁceret

2195 823 2346 887 ﬁdes,
2369 824 2667 879 orationem
2694 822 2834 877 illam
2852 824 3023 878 fusam
3042 838 3163 879 esse
3188 823 3479 893 putandum
3502 831 3606 885 εει,
3624 824 3761 891 quod

2194 926 2247 969 et
2273 918 2443 983 ipsum
2472 930 2651 970 verum
2681 926 2782 979 est,
2808 933 2988 982 quam,
3014 932 3079 969 ne
3101 931 3334 987 unquam
3362 916 3616 969 Ecclesiae
3637 922 3777 969 con-‘

2197 1004 2383 1070 fessio,
2420 1020 2535 1073 quae
2565 1005 2665 1059 sibi
2707 1005 2919 1059 cmlitns
2961 1006 3194 1060 revelata
3227 1014 3307 1060 est
3341 1044 3357 1068 ,
3410 1005 3465 1059 in
3500 1006 3613 1059 suis
3644 998 3780 1079 ευρ-ξ

2196 1096 2508 1151 ccssoribus
2566 1096 2974 1163 ittlirmaretur,
3024 1110 3201 1165 neque
3258 1098 3493 1165 unquam
3545 1106 3761 1149 nutaret

2199 1188 2633 1244 fundamentum.
2668 1187 2980 1242 Orationem
3015 1190 3158 1242 enim
3199 1189 3370 1250 illam,
3416 1188 3467 1239 in
3514 1200 3577 1239 eo
3622 1187 3783 1257 quod:

2199 1294 2468 1348 nunquam
2522 1280 2665 1333 Petri
2726 1278 3003 1334 defectura
3056 1289 3200 1333 esset
3247 1279 3413 1339 ﬁdes.
3465 1279 3530 1331 ad
3575 1260 3783 1349 omnes!

2197 1385 2411 1441 quoque
2441 1372 2582 1435 illius
2614 1387 2965 1427 successores
2987 1372 3224 1427 efﬁcacia
3250 1372 3465 1427 virtutis
3488 1388 3545 1427 se
3572 1354 3784 1472 exten-g

2196 1461 2341 1515 disse
2373 1462 2814 1517 constantissime
2833 1462 3125 1531 putandum
3149 1470 3229 1522 est
3256 1478 3269 1515 :
3295 1477 3451 1532 quem
3482 1461 3783 1525 Dominus,’

2196 1565 2255 1609 ut
2286 1555 2473 1621 voluit,
2502 1555 2624 1608 aliis
2657 1553 2971 1622 prseterens,
3001 1568 3095 1620 per
3125 1553 3300 1622 ipsum
3326 1553 3621 1615 roboravit,
3645 1568 3768 1606 cre-

2196 1644 2431 1715 pidinem
2461 1660 2570 1699 suae
2598 1644 2855 1700 Ecclesiae
2885 1642 3581 1713 subjiciens,,pr2esensque
3614 1641 3757 1695 invi—

2198 1732 2427 1786 sibiliter
2480 1733 2530 1785 in
2581 1733 2812 1786 veritate
2855 1745 3071 1801 semper
3123 1732 3506 1795 conservavit,
3558 1730 3665 1783 imo
3713 1737 3769 1783 et

2124 1844 2169 1902 Β
2199 1837 2365 1892 usque
2391 1823 2442 1875 in
2477 1822 2633 1876 ﬁnem
2662 1822 2859 1892 juvans
2890 1821 3258 1876 conservabit.
3285 1821 3454 1874 Filius
3495 1822 3637 1874 enim
3671 1812 3774 1874 ns-

2199 1912 2357 1965 tninis
2409 1911 2464 1965 itt
2516 1922 2713 1966 terram
2767 1912 3010 1972 veniens,
3066 1912 3302 1965 inveniet
3365 1910 3545 1963 ﬁdem.
3594 1910 3771 1963 Aliter

2197 2003 2392 2073 quippe
2425 2004 2601 2058 inanis
2632 2012 2778 2059 esset
2810 2002 3077 2070 Ecclesia,
3107 2017 3266 2071 quam
3304 2003 3357 2056 in
3411 2013 3551 2056 terra
3583 2001 3771 2055 Domi-

2198 2110 2298 2149 nus
2331 2095 2538 2158 statuit,
2567 2095 2669 2150 nisi
2712 2109 2881 2164 usque
2929 2094 2994 2148 ad
3033 2092 3556 2149 consummationem
3588 2092 3773 2146 szeculi

2198 2186 2459 2239 servanda
2485 2201 2548 2240 ex
2577 2186 2828 2241 omnibus
2855 2193 3019 2250 esset,
3048 2185 3115 2239 de
3144 2198 3270 2253 qua,
3294 2192 3353 2237 ut
3375 2181 3773 2249 conservanda,

2198 2278 2445 2346 prazdixit
2482 2294 2496 2329 :
2526 2276 2682 2345 Ecce,
2717 2295 2810 2347 ego
2840 2278 3102 2332 vobiscum
3132 2293 3271 2341 sum,
3300 2276 3540 2329 omnibus
3561 2274 3770 2341 diebus,

2199 2382 2361 2433 usque
2393 2353 2463 2420 ad
2492 2371 2995 2422 consummationem
3025 2366 3207 2421 saeculi
3227 2367 3296 2419 ⁸ο.
3322 2365 3491 2433 Quam
3524 2365 3775 2435 profecto

2200 2458 2321 2512 ideo
2354 2462 2566 2515 c:rteris
2588 2475 2828 2529 praeesse
2866 2460 3070 2523 voluit,
3101 2466 3162 2513 ut
3190 2458 3331 2523 aliis,
3362 2458 3524 2514 veluti
3554 2458 3619 2511 de
3647 2472 3779 2525 spc-

2199 2550 2341 2615 cula,
2374 2550 2495 2617 jura
2524 2551 2753 2605 dictaret
2783 2567 2795 2603 :
2828 2566 2890 2604 ac
2920 2551 2987 2605 de
3038 2551 3194 2619 longe
3224 2564 3413 2604 omnes
3447 2550 3499 2602 in
3536 2563 3652 2603 eam
3687 2549 3780 2601 iu-

2200 2650 2435 2705 tnentes,
2469 2634 2672 2710 absque
2704 2641 3057 2709 ambiguitate
3092 2641 3231 2693 illius
3264 2640 3479 2693 decreta
3524 2640 3782 2705 suscipe-

2200 2742 2319 2785 rent
2352 2747 2366 2782 :
2396 2746 2642 2799 quamam
2675 2731 2746 2786 sit
2774 2731 3012 2784 Ecclesia
3045 2730 3333 2785 manifeste
3361 2730 3616 2790 scientes,
3641 2744 3775 2795 per-

2201 2838 2536 2890 suasutnqttc
2579 2823 2842 2879 habentes
2878 2838 2997 2878 eam
3045 2837 3259 2894 semper
3290 2837 3414 2878 vera
3457 2821 3779 2875 necessario

2199 2913 2483 2983 prosequi.

2269 3052 2472 3119 Nempe
2501 3050 2667 3111 enim,
2703 3057 2759 3101 ut
2808 3048 3013 3102 dictum
3060 3058 3164 3110 est,
3188 3046 3311 3099 aliis
3367 3044 3622 3099 Ecciesiis
3676 3058 3777 3097 ca-

2205 3144 2417 3197 tholicas
2446 3142 2569 3194 ﬁdei
2604 3140 2876 3193 contraria
2913 3122 3054 3207 saepe
3086 3137 3516 3206 prazlerentibus,
3546 3140 3680 3188 adeo
3715 3144 3779 3186 nt

2204 3252 2330 3289 vera
2358 3236 2677 3295 sentientes,
2714 3234 3019 3287 maledictis
3056 3234 3340 3301 pontisque
3375 3231 3710 3297 Sultjicerent
3761 3244 3778 3279 :

2198 3338 2253 3380 et
2280 3326 2546 3379 mendacii
2583 3326 2819 3386 litteras,
2852 3336 3042 3378 contra
3066 3324 3368 3387 veritatem,
3397 3323 3533 3374 alios
3555 3321 3782 3387 quidem

2198 3415 2467 3477 conﬁteri,
2496 3416 2633 3469 alios
2690 3429 2820 3467 vero
2859 3413 3024 3466 etiam
3078 3414 3318 3465 scribere
3366 3411 3781 3478 compellerettt.

2202 3490 2343 3561 Petri
2377 3522 2507 3561 vero
2539 3506 2780 3560 Ecclesia
2811 3544 2825 3566 ,
2861 3503 3101 3557 Romana
3138 3504 3368 3566 scilicet,
3410 3516 3683 3569 nunquam
3722 3502 3784 3552 in

2204 3594 2422 3662 aliquod
2457 3592 2762 3661 huiusmodi
2797 3593 3062 3646 lubricum
3093 3592 3376 3659 prolapsa;
3415 3592 3464 3641 in
3511 3590 3616 3643 illis
3644 3588 3785 3656 qui-

2204 3682 2326 3737 dem
2356 3682 2658 3736 Salvatoris
2681 3681 2950 3735 sententia
2976 3680 3195 3746 impleta
3228 3696 3329 3734 ttott
3356 3694 3466 3733 (:51:
3499 3678 3788 3732 Vobiscum

2204 3792 2343 3839 sum,
2377 3776 2627 3835 dicentis,
2666 3773 2902 3827 omnibus
2929 3772 3131 3834 diebus,
3163 3787 3323 3839 usque
3347 3770 3412 3821 ad
3443 3784 3789 3823 consumma-

2204 3868 2395 3920 tionem
2428 3866 2628 3933 swculi.
2656 3863 2821 3930 impie
2846 3864 2987 3916 enim
3012 3862 3368 3916 sentientibus
3392 3876 3659 3927 nunquam
3688 3860 3790 3912 iile

2205 3958 2390 4022 adest;
2427 3956 2883 4023 quemadmodum
2926 3970 3046 4007 cum
3092 3954 3204 4006 suis
3230 3964 3312 4005 cst
3340 3954 3538 4018 iugiter
3581 3951 3632 4001 itt
3670 3950 3788 4013 eis,

2206 4052 2399 4117 hisque
2426 4049 2570 4101 velut
2600 4047 2976 4103 instrumentis
3004 4057 3183 4110 utens,
3210 4055 3265 4099 et
3292 4045 3444 4112 quasi
3480 4042 3790 4109 inSpirans,

2205 4156 2268 4193 ac
2305 4155 2398 4206 per
2431 4139 2712 4192 veritatem
2757 4138 2879 4191 ﬁdei
2914 4153 2941 4190 a
2968 4136 3083 4191 suis
3117 4135 3488 4194 sacramentis,
3528 4144 3579 4184 et
3611 4132 3793 4197 spiri-

2208 4233 2300 4285 tali
2349 4232 2457 4284 vita
2507 4230 2575 4283 ad
2624 4230 2893 4283 caelestem
2928 4227 3158 4297 patriam
3195 4226 3552 4288 transferens,
3603 4223 3799 4275 utubi

2208 4325 2323 4392 ipse
2360 4331 2442 4376 est
2476 4330 2529 4375 et
2560 4321 2660 4388 ipsi
2693 4320 2821 4373 sint.

2278 4433 2334 4487 in
2368 4435 2469 4489 bac
2500 4448 2650 4496 vero,
2682 4431 2935 4500 quoniam
2985 4443 3259 4497 nunquam
3296 4442 3325 4481 a
3359 4427 3586 4481 veritate
3613 4426 3802 4479 aber-

2138 4503 2179 4558 θ
2214 4527 2373 4587 ravit,
2403 4524 2673 4577 sententia
2722 4523 2823 4576 ista
2858 4533 2911 4574 et
2956 4522 3242 4587 promissio
3311 4520 3543 4571 maxime
3576 4532 3806 4571 convc-

2214 4614 2318 4680 ttit,
2349 4624 2405 4668 ut
2437 4616 2562 4667 hinc
2592 4613 2752 4665 etiam
2788 4612 3133 4680 perspicuum
3166 4611 3254 4672 sit,
3289 4610 3427 4663 hanc
3455 4623 3579 4662 esse
3605 4590 3823 4660 Eccle?

2212 4707 2371 4769 siam,
2410 4721 2570 4773 quam
2608 4705 2659 4756 itt
2698 4702 2858 4758 Petro
2897 4704 3289 4757 mdilicaturum
3322 4702 3579 4756 Dominus
3606 4715 3663 4754 se
3695 4716 3813 4755 re-

2216 4798 2492 4867 promisit.

2274 4906 2550 4961 Przcterea
2579 4907 2717 4974 quod
2754 4906 2821 4958 ab
2854 4919 2919 4958 eo
2948 4906 3146 4958 dictum
3178 4914 3281 4970 est,
3323 4903 3464 4973 quod
3497 4901 3640 4956 inter
3668 4901 3819 4956 fra-

2205 5009 2320 5053 tres
2382 4996 2683 5053 differentia
2744 5000 2922 5068 aliqua
2983 5005 3208 5059 exorta,
3268 4998 3499 5063 priutunt
3553 4994 3803 5065 quidem

2209 5088 2389 5154 ipsum
2431 5085 2520 5151 qui
2555 5085 2713 5139 laesus
2748 5085 2839 5149 sit,
2872 5084 2935 5137 ad
2976 5098 3100 5137 eunt
3134 5084 3223 5151 qui
3275 5096 3334 5136 se
3371 5082 3592 5143 lmserit,
3624 5095 3820 5136 acce-

2212 5175 2341 5229 dere
2373 5182 2425 5229 et
2450 5190 2662 5242 rogare,
2696 5190 2814 5241 quas
2844 5175 2911 5227 ad
2942 5187 3127 5242 pacem
3161 5183 3310 5237 sunt,
3335 5172 3564 5235 debere;
3590 5172 3825 5229 deinde

2212 5267 2257 5321 si
2301 5267 2450 5321 illuttt
2494 5266 2850 5320 reconciliare
2901 5280 3006 5319 non
3058 5266 3252 5334 possit,
3286 5274 3341 5318 et
3400 5265 3560 5318 alium
3596 5278 3818 5321 secum

2212 5370 2526 5419 assumere;
2566 5355 2649 5408 sin
2703 5368 2881 5408 autent
2913 5370 3013 5408 nec
3038 5356 3117 5409 sic
3145 5356 3362 5424 quidem
3406 5354 3829 5409 recenciliarc~

2211 5453 2320 5510 tur,
2374 5443 2629 5498 Ecclesia:
2663 5445 2878 5499 tandem
2931 5444 3216 5511 nuntiare;
3263 5447 3370 5509 cui,
3410 5443 3515 5498 nisi
3552 5442 3829 5513 obediat,

3503 5646 3545 5676 ⁵⁷
3588 5646 3607 5700 l
3646 5646 3832 5705 Pclr.

2292 5714 2338 5745 ’θ’
2372 5712 2557 5767 Matth.
2585 5724 2779 5773 xxvnr,
2816 5710 2905 5766 20.
