3996 6222
308 360 428 426 249

1368 354 1772 418 ADVERSUS
1803 357 2120 421 GRAECOS
2144 359 2290 422 LIB.
2334 361 2430 424 IV.

3444 357 3589 435 250‘

306 479 369 523 ut
401 471 684 525 ethnicum
719 477 773 525 et
798 468 1146 541 publicanum
1178 466 1291 539 jam
1329 479 1449 523 esse
1488 466 1837 545 iudicandum
1860 482 1879 535 ;
1906 470 2265 540 Adictantes,
2303 472 2607 545 cuiusmodi
2659 482 2884 531 sanctus
2927 474 3197 533 Maximus
3249 479 3371 546 fuit,
3405 493 3462 538 et
3503 482 3555 541 al

304 560 414 615 hoc
452 554 539 615 est
566 559 839 614 inﬁdelem
879 566 933 614 et
961 559 1029 613 ab
1054 557 1297 615 Ecclesia
1325 557 1637 627 praecisum.
1675 572 1739 640 ea
1766 571 1885 627 quas

302 650 706 720 ιπειίἰςιῑιιιιιε.Δ
731 651 970 706 roborat.
1002 648 1385 719 Praesupponit
1427 647 1571 704 enim
1599 646 1880 717 Dominus,

343 690 667 706 ._....-........
731 690 970 706 ....,,,.-..
1004 690 1028 704 .
1052 690 1385 719 ..μουνννηη
1599 690 1880 717 ην........-,

305 690 611 795 ἓωιεείιιιι
661 690 938 795 deﬁnitam
999 754 1123 796 esse
1159 738 1395 807 aliquam
1450 753 1586 803 rem,
1641 746 1697 793 et
1743 736 1885 791 hanc

302 845 529 898 semper
551 845 824 894 veracem,
852 830 972 886 aliis
1003 845 1124 900 quae
1152 838 1277 885 sunt
1310 828 1465 885 utilia
1499 837 1551 883 et
1574 828 1883 884 necessaria

303 921 666 986 annuntiare,
704 929 871 991 atque
913 935 1097 991 agere.
1134 916 1322 990 Neque
1354 920 1499 975 enim
1528 918 1635 974 nisi
1669 933 1886 988 semper

300 1026 478 1066 verax
502 1022 651 1067 esset
694 1011 895 1077 futura,
939 1010 1249 1066 indeﬁniter
1273 1025 1369 1081 per
1391 1025 1552 1066 omne
1580 1018 1791 1079 tempus
1815 1008 1883 1064 ad

300 1102 451 1156 hanc
488 1102 677 1159 ﬁdeles
712 1103 975 1166 mitteret,
1005 1102 1073 1158 de
1103 1102 1264 1156 rebus
1287 1101 1554 1170 ambiguis
1586 1101 1885 1156 decernen-

299 1199 425 1246 tem
471 1192 1019 1264 audituros.’Neque
1070 1192 1116 1248 si
1171 1193 1511 1248 indeﬁnitum
1563 1191 1702 1261 ejus,
1741 1191 1887 1261 apud

296 1281 499 1338 ﬁdeles
522 1284 802 1338 delinitum
828 1294 993 1348 esset,
1017 1283 1160 1338 scire
1182 1292 1402 1352 possent
1423 1296 1530 1353 quo
1558 1297 1615 1338 se
1635 1280 1883 1338 conferre

293 1371 597 1436 deberent,
630 1374 714 1426 vel
752 1387 849 1428 sua
876 1373 1055 1427 omnia
1092 1374 1322 1438 referre,
1356 1381 1414 1426 ut
1446 1371 1884 1440 obtemperantes

295 1460 529 1530 quidem
576 1464 756 1518 securi
799 1462 912 1530 jam
944 1470 1000 1517 et
1028 1464 1125 1517 tuti
1156 1477 1277 1518 esse
1309 1470 1532 1533 possent
1573 1478 1589 1515 :
1641 1475 1747 1516 non
1792 1459 1888 1516 obt-

295 1561 681 1620 tctnperantes
708 1562 910 1616 autem,
940 1567 1060 1607 cum
1094 1552 1335 1608 ethnicis
1365 1567 1427 1607 se
1486 1560 1541 1607 et
1579 1549 1886 1622 infidelibus

224 1704 241 1722 ι
293 1650 385 1693 sta
398 1640 628 1695 tuendos
674 1642 898 1696 scirent.
1244 1644 1269 1671 '

376 1750 490 1804 Sed
531 1765 708 1821 neque
740 1740 919 1807 tamen
948 1751 1053 1808 nisi
1094 1766 1184 1819 ea,
1209 1753 1276 1809 ad
1308 1768 1473 1823 quam
1510 1752 1883 1820 mitterentur,

1988 560 2113 629 quis
2163 561 2239 617 illi
2289 563 2483 619 similis
2512 574 2599 620 est
2642 582 2659 619 :
2700 579 2808 621 non
2863 573 3045 624 tamen
3093 568 3187 636 ita,
3221 581 3281 626 ut
3330 573 3555 631 infinitis

1990 650 2296 719 agminibus
2330 653 2789 723 Christianorum,
2828 672 2928 728 pro
2960 663 3335 730 magnitudine
3369 666 3556 723 Eccle-
3644 677 3651 683 '

1989 741 2084 798 site
2130 752 2186 799 et
2222 744 2508 816 dignitate,
2546 748 2682 804 satis
2728 763 2850 805 esse
2888 761 3110 818 possent
3156 768 3171 806 :
3208 757 3459 824 quodque
3499 758 3553 811 in

1989 834 2093 902 eis,
2132 839 2287 908 quasi
2337 839 2393 892 in
2435 839 2674 899 obscuro
2703 850 2845 906 erat,
2884 842 2953 897 ad
3003 842 3161 898 ﬁdem
3200 859 3387 899 eorum
3433 862 3555 916 qua

1990 929 2340 995 dicerentur,
2388 932 2969 1015 omnibus‘sumceret
3014 952 3029 990 :
3073 938 3231 1005 quasi
3289 938 3388 1007 ipsi
3447 939 3555 996 Ec-

1990 1020 2168 1076 clesia
2207 1029 2371 1091 caput
2403 1031 2589 1078 essent
2623 1022 2763 1093 eius,
2809 1023 2879 1077 ad
2921 1039 3083 1094 quam
3120 1027 3436 1084 mittimur:
3464 1046 3557 1085 cu-

1987 1110 2186 1182 jusque
2242 1113 2644 1180 processioncm
2703 1113 2841 1172 ﬁnes
2897 1124 3058 1177 terra:
3086 1133 3213 1174 esse
3270 1119 3556 1178 Psalmista

1990 1202 2233 1259 deﬁnivit
2259 1205 2351 1259 ⁹¹.ι
2620 1254 2628 1259 .
3444 1236 3453 1241 μ
3544 1238 3547 1241 -

2066 1291 2195 1349 "rei:
2226 1310 2351 1349 cum
2378 1296 2455 1352 ita
2486 1311 2609 1353 esse
2633 1299 2942 1354 necessario
2972 1315 3288 1357 concessum
3316 1304 3406 1371 sit,
3436 1305 3555 1360 alite

1991 1383 2214 1452 quidem
2258 1386 2535 1454 Ecclesiae,
2568 1398 2627 1442 ut
2658 1389 2860 1444 dictum
2900 1402 3002 1455 est,
3035 1405 3065 1445 a
3102 1394 3327 1447 veritate
3359 1397 3558 1463 saepius

1990 1476 2149 1531 aliter
2181 1478 2316 1532 alias
2355 1478 2743 1535 aberraverunt
2772 1496 2789 1537 :
2827 1481 3045 1548 quando
3073 1483 3137 1536 de
3172 1484 3295 1537 ﬁdei
3329 1488 3557 1540 veritate

1990 1561 2124 1621 orbe
2163 1569 2276 1618 toto
2325 1562 2468 1618 inter
2516 1579 2577 1618 se
2616 1572 2724 1619 neu
2754 1567 3133 1632 conveniente,
3183 1568 3289 1623 illm
3326 1568 3463 1625 falsa
3503 1579 3559 1626 et

1990 1651 2311 1718 sentiebant,
2369 1662 2424 1709 et
2460 1655 2584 1710 aliis
2631 1657 2915 1711 sentienda
2950 1658 3342 1728 propereebaut,
3388 1662 3555 1733 quos-'

1992 1739 2139 1824 dam.
2160 1756 2292 1797 vero
2332 1744 2495 1798 etiam
2531 1746 2732 1801 invitos
2770 1748 2928 1801 fateri
2965 1749 3378 1817 COIIlpt‘Iiebiitti,
3412 1753 3555 1806 nulla

242 1813 253 1912 ,
291 1838 576 1906 Ecclesia,
609 1813 739 1895 dera
770 1840 997 1912 “semper
1035 1842 1104 1896 de
1134 1813 1385 1899 omnibus
1407 1842 1615 1899 dictare
1639 1856 1884 1912 prtesup-
1916 1819 1961 1876 Β
1985 1813 2173 1886 eam?“
2201 1841 2362 1904 esse?
2384 1833 2648 1902 ντοίθοιο,
2689 1837 2756 1890 ad
2795 1851 2963 1905 (illam
3005 1838 3286 1892 indeﬁnite
3316 1843 3558 1903 mittere-

240 1932 260 1968 ι
291 1942 610 1999 poneretur
630 1969 647 1994 ,
678 1929 818 1985 scire
850 1939 1105 2001 possent,
1125 1931 1342 2002 quando
1372 1931 1884 2000 renuere,,quando

290 2022 690 2091 obtemperare
728 2018 1012 2087 deberent,
1040 2036 1163 2076 cum
1206 2021 1299 2091 qui
1326 2021 1393 2075 ab
1424 2022 1655 2077 invicem
1700 2021 1888 2077 diﬁ‘er—

293 2119 456 2176 rcnt,
503 2126 662 2165 veras
704 2111 865 2164 ambo
914 2112 1161 2167 rationes
1211 2109 1461 2181 proferre
1490 2112 1816 2167 viderentur
1866 2128 1883 2168 :

292 2202 624 2256 communis
677 2214 811 2255 Vero
845 2198 1286 2256 Christianorum
1342 2202 1657 2267 multitudo,
1695 2203 1886 2258 simul-

295 2305 422 2361 que
480 2291 774 2346 inﬁrmitas
823 2290 1059 2345 humana
1109 2292 1421 2346 discernere
1479 2306 1585 2346 non
1635 2300 1882 2362 possent,

296 2382 670 2450 confusioque
705 2394 771 2435 ac
808 2395 988 2450 pugna
1044 2379 1435 2436 ecclesiasticis
1480 2381 1537 2435 in
1567 2381 1728 2437 rebus
1761 2387 1885 2452 pul-

298 2474 549 2528 lulatura
584 2473 864 2527 videretur
897 2491 912 2526 :
959 2472 1063 2528 nisi
1089 2472 1329 2542 subjecta
1360 2472 1625 2542 Ecclesia,
1660 2475 1885 2535 definite

297 2564 526 2633 singula
555 2562 890 2618 decerneret.
938 2562 1045 2617 Sed
1086 2568 1139 2617 et
1186 2564 1304 2619 sine
1341 2564 1498 2633 culpa
1530 2564 1753 2620 omnino
1797 2579 1886 2621 es-

298 2665 455 2715 sent,
506 2654 651 2707 omni
686 2652 898 2731 spiritui
934 2667 994 2707 se
1023 2653 1423 2722 permittentes,
1468 2655 1573 2711 nisi
1619 2665 1805 2725 aperta
1831 2664 1887 2712 et

301 2744 602 2799 manifesta
647 2742 891 2798 ﬁdelibus
932 2759 1079 2799 esset
1109 2746 1483 2801 ecclesiastica
1528 2749 1828 2804 auctoritas
1861 2768 1876 2804 :

305 2838 424 2892 Deo
444 2837 660 2906 quidem
696 2835 976 2905 possibilia
1020 2851 1049 2889 a
1077 2838 1291 2891 cunctis
1321 2838 1592 2907 exigente,
1628 2839 1735 2895 illis
1754 2855 1885 2895 vero

301 2928 546 2983 obscura
597 2943 700 2981 non
760 2929 1067 2983 valentibus
1105 2927 1427 2998 dignoscere
1471 2944 1485 2982 :
1544 2929 1659 2985 sive
1695 2947 1885 2987 omnes

303 3019 534 3073 omnino
576 3021 867 3088 oportebat
892 3018 1203 3073 divinarum
1244 3032 1427 3072 rerum
1471 3018 1757 3074 scientiam
1795 3021 1881 3089 ju-

303 3111 447 3180 giter
478 3112 704 3180 adeptos
753 3110 806 3164 in
841 3121 989 3164 tanta
1036 3109 1356 3179 confusione
1389 3124 1590 3179 rerum,
1639 3102 1693 3166 et
1733 3114 1881 3184 ipsos
1909 3146 1954 3207 ϐ

303 3201 580 3271 ambiguae
640 3200 763 3254 ﬁdei
823 3200 1102 3253 veritatem
1165 3201 1482 3270 dignoscere
1530 3217 1545 3255 :
1598 3210 1652 3256 at
1716 3203 1769 3257 id
1824 3204 1878 3257 in

305 3290 658 3345 multitudine
710 3290 1045 3357 contingere,
1082 3292 1346 3361 possibile
1403 3308 1510 3348 non
1544 3290 1667 3349 ‘est.
1706 3295 1883 3365 Atque

306 3384 457 3446 ideo,
487 3397 759 3450 nunquam
800 3383 901 3436 hoc
938 3383 1079 3437 Deus
1121 3385 1189 3437 ab
1218 3384 1468 3439 omnibus
1507 3386 1771 3456 exigeret.
1815 3388 1887 3443 Et

304 3475 363 3529 id
393 3477 526 3530 item
556 3474 698 3545 quod
739 3475 977 3530 dicitur:
1007 3474 1143 3532 Circi
1175 3492 1340 3530 cirros
1372 3489 1663 3545 sequentes
1693 3474 1887 3549 praui?

302 3567 468 3637 pitari
519 3555 931 3635 periclitantur,
962 3568 1163 3636 quique
1208 3567 1464 3644 Ecclesite
1497 3569 1880 3627 inobedicntcs

307 3668 456 3723 sunt,
495 3674 616 3712 cum
646 3659 881 3713 ethnicis
922 3674 1026 3712 una
1062 3659 1375 3728 ejici'untur,
1414 3659 1593 3713 locum
1642 3677 1749 3717 non
1784 3662 1880 3716 ha-

306 3753 482 3815 beret,
522 3751 569 3803 si
614 3750 911 3803 Ecclesium
957 3752 1296 3821 dignoscere,
1321 3752 1633 3823 bonumque
1670 3769 1703 3809 a
1738 3754 1879 3812 malo

248 3843 270 3862 '
305 3842 639 3906 discernere,
673 3840 928 3910 possibile
959 3856 1062 3893 non
1098 3828 1295 3896 esset.‘

376 3930 583 3997 Nempe
616 3942 667 3985 et
700 3931 752 3984 in
780 3931 901 3985 fidei
938 3931 1214 3999 Symbolo,
1243 3933 1381 3986 sicut
1423 3933 1530 3987 alia
1558 3935 1624 3988 ad
1652 3938 1876 3990 salutem

304 4020 618 4076 necesstria
668 4022 737 4075 ab
784 4022 882 4085 eis,
922 4031 981 4075 ut
1030 4024 1415 4089 confiteantur,
1466 4026 1743 4094 exigitur:
1780 4026 1877 4093 ita,

307 4123 358 4167 et
380 4129 544 4165 suam
578 4121 840 4179 sanctum,
878 4112 1212 4178 calkoficsm,
1243 4125 1295 4169 et
1321 4115 1665 4182 apostolicam
1697 4115 1881 4171 Eccle-

307 4206 441 4257 aiam
468 4204 736 4269 conﬁteri,
773 4204 1163 4273 requiruntur:
1210 4208 1276 4259 ad
1315 4221 1475 4274 quam
1517 4209 1584 4261 de
1623 4208 1879 4262 omnibus

306 4297 514 4350 scilicet
552 4296 896 4349 deﬁniturmn
923 4297 1259 4350 admittimur
1297 4314 1315 4351 τ
1353 4308 1407 4351 ει
1470 4299 1554 4352 cui
1597 4300 1881 4368 obtempe-

309 4397 528 4451 rantes,
589 4386 857 4441 molestiis
917 4396 972 4440 et
1028 4387 1302 4456 scrupulis
1363 4386 1516 4442 liberi
1574 4391 1872 4444 evadimus.

1987 1935 2133 1986 mur,
2172 1919 2443 1986 Ecclesia,
2476 1924 2543 1979 de
2567 1924 2837 1994 ambiguis
2864 1925 3103 1981 salubria
3129 1937 3180 1981 et
3227 1942 3373 1983 certa
3403 1933 3557 1985 audi-

1989 2013 2116 2064 turi.
2155 2010 2497 2067 Manifestum
2542 2013 2690 2067 enim
2739 2022 2843 2079 est,
2890 2015 3017 2083 quia
3061 2029 3157 2070 eos
3193 2018 3411 2086 quidem
3454 2020 3554 2085 qui

1989 2108 2116 2156 tunc
2147 2102 2198 2157 ei
2229 2104 2697 2165 contradixerunt.
2721 2113 2775 2159 et
2802 2119 2973 2170 usque
3003 2106 3072 2158 ad
3101 2107 3417 2175 sanguinem
3463 2109 3557 2162 adt

1986 2206 2176 2247 versus
2222 2193 2476 2259 haereses,
2521 2210 2657 2263 quas
2686 2195 2773 2250 illa
2829 2195 3068 2263 fovebat,
3118 2200 3362 2253 reluctati
3406 2211 3555 2266 sunt,

1987 2285 2223 2338 maxime
2256 2285 2461 2340 idcirco
2491 2287 2845 2351 admiramur,
2886 2289 2943 2341 in
2976 2296 3295 2359 tantumque
3339 2305 3368 2344 a
3403 2292 3557 2347 nobis

1985 2373 2159 2434 abest.
2192 2373 2436 2429 inﬁdeles
2471 2382 2526 2431 et
2572 2375 2823 2430 ethnicos
2860 2389 2979 2439 eos,
3017 2374 3161 2446 quod
3204 2376 3277 2429 illi
3317 2392 3422 2433 non
3453 2379 3556 2431 ob-

1987 2466 2433 2533 temperaverint,
2458 2474 2672 2535 putare,
2699 2480 2757 2521 ut
2785 2466 2950 2521 etiam
2978 2468 3162 2523 debito
3190 2469 3394 2523 honore
3416 2480 3556 2538 'pt‘o-n

1986 2569 2308 2626 sequamur,
2341 2565 2507 2624 atque
2547 2556 2707 2611 annis
2745 2556 2973 2628 singulis
3000 2557 3215 2613 illorum
3242 2560 3409 2614 festos
3436 2560 3556 2614 dies

1984 2640 2348 2710 celebremus,
2409 2642 2849 2713 mediatoresque
2901 2661 3001 2717 pro
3051 2648 3207 2705 nobis
3257 2652 3324 2705 ad
3387 2652 3555 2709 Deum

1985 2729 2354 2795 proferamus.
2894 2782 2901 2791 .

2055 2818 2121 2873 Et
2149 2832 2298 2877 certe
2341 2821 2646 2895 Nestorius,
2686 2838 2751 2883 ac
2783 2824 3157 2893 Pyrrhus,.et'
3182 2833 3362 2888 cwteri
3390 2832 3557 2889 Con-

1985 2912 2487 2986 stantinopolitanre
2545 2915 2696 2971 sedis
2762 2917 3061 2984 antistites,
3124 2921 3361 2977 heretici
3425 2932 3555 2982 tunc
3626 2970 3629 2971 ν

1987 3005 2265 3073 temporis,
2307 3020 2431 3061 cum
2477 3007 2625 3062 omni
2663 3022 2783 3077 qua:
2817 3012 2917 3064 sub
2949 3011 3082 3078 ipsis
3110 3021 3227 3067 erat
3280 3014 3584 3085 Eeciesia,-
3648 3032 3653 3038 ·

1986 3108 2106 3151 cum
2142 3104 2345 3159 essent,
2389 3112 2449 3152 se
2494 3097 2643 3167 ipsos
2684 3109 2863 3157 tamen
2900 3101 3199 3159 Ecclesiam
3234 3107 3380 3161 illam
3434 3124 3562 3165 esse

1985 3188 2323 3248 asserebant,
2352 3202 2515 3257 quam
2546 3191 2801 3246 omnibus
2850 3194 3181 3260 sequendam
3233 3212 3329 3265 per
3371 3200 3551 3254 ontnia

1984 3276 2324 3345 dictitabant,
2352 3294 2557 3349 eosque
2604 3283 2706 3338 sibi
2735 3283 2829 3351 qui
2868 3300 2974 3338 non
3002 3287 3458 3358 obtemperari-nt,
3494 3301 3554 3347 ut

1984 3367 2235 3432 ethnicos
2273 3378 2330 3424 ct
2368 3371 2687 3440 publicanos
2735 3376 3052 3446 puniebant.
3108 3380 3211 3446 Qui
3266 3396 3393 3451 vero
3447 3384 3551 3440 illis

1983 3459 2445 3531 obtemperavere,
2518 3481 2614 3521 eos
2666 3482 2766 3522 nos
2822 3470 3063 3535 perditos
3114 3473 3491 3532 existimamus
3533 3492 3559 3532 τ’

1982 3560 2301 3625 quantoque
2332 3555 2399 3607 ad
2454 3555 2787 3625 impietatem
2830 3558 2997 3615 .fnere
3043 3564 3345 3631 proniores,
3402 3568 3561 3623 tanto‘

1983 3645 2052 3705 ab
2084 3645 2331 3703 Ecclesia
2382 3648 2569 3714 majori
2613 3649 2882 3717 supplicio
2915 3650 3094 3706 allecti
3147 3667 3311 3721 suae,
3353 3667 3403 3711 et
3458 3659 3565 3727 qui'

1984 3737 2093 3795 illis
2132 3733 2547 3805 consenserunt,
2581 3745 2927 3801 anathemate
2954 3745 3167 3799 multati
3210 3756 3358 3802 sum.
3560 3752 3564 3756 “

2053 3830 2271 3887 Nullum
2304 3848 2430 3889 vero
2466 3835 2736 3899 novimus,
2773 3836 2887 3905 qui,
2911 3837 3101 3905 quovis
3135 3846 3391 3908 tempore,
3427 3857 3548 3895 cum

1981 3923 2047 3979 de
2075 3923 2181 3979 fide
2229 3924 2624 3992 disputaretur,
2671 3925 3231 3983 Romanaz'Ecclesiae
3278 3930 3553 3997 obtempe-

1980 4029 2128 4079 rans,
2176 4015 2408 4069 similem
2457 4017 2736 4085 exceperit
2775 4014 3201 4073 damnationem.
3258 4019 3371 4074 imo
3420 4022 3567 4078 vero
3626 4012 3627 4015 “

1981 4108 2159 4162 nullus
2187 4122 2288 4172 εει,
2323 4108 2414 4177 qui
2447 4117 2575 4163 tunc
2608 4109 2871 4163 adversus
2903 4110 3126 4178 quidem
3163 4112 3565 4171 Constantino-'

1979 4201 2274 4271 politanam
2312 4200 2611 4256 Eeclesiam
2649 4212 2835 4271 aperte
2870 4194 3173 4264 resisteret,
3207 4206 3334 4272 quin
3364 4216 3416 4260 et
3446 4206 3551 4260 lio-

1979 4307 2194 4349 tnanatn
2224 4291 2522 4347 Ecclesium
2566 4293 2889 4358 intueretur,
2926 4293 3176 4363 illiusque
3203 4297 3270 4349 de
3308 4296 3411 4351 ﬁde
3438 4297 3550 4365 σιιὶ-
3605 4281 3611 4287 ’

1980 4386 2221 4449 nionem,
2254 4397 2316 4438 ut
2355 4384 2599 4450 veritatis
2626 4396 2691 4439 ac
2720 4386 2938 4455 pietatis
2970 4401 3149 4453 exemi
3172 4386 3303 4447 lum,
3350 4387 3549 4453 quibus

310 4476 481 4542 Quam
514 4477 683 4532 etiam
714 4492 743 4529 a
780 4476 1032 4531 ﬁdelibus
1065 4477 1319 4532 omnibus
1355 4479 1601 4545 agnosci,
1648 4488 1724 4533 ut“
1751 4494 1875 4549 pos—
1908 4474 1951 4528 Β
1980 4474 2409 4540 contradiCebat,
2437 4485 2755 4542 opponeret,
2797 4490 3029 4543 eamque
3064 4484 3252 4529 contra
3294 4476 3546 4530 inimicos

312 4571 463 4624 sibile
502 4580 561 4624 et
601 4571 970 4624 necessarium
1007 4570 1262 4639 exigitur.
1322 4569 1386 4623 Et
1430 4570 1548 4625 sine
1598 4588 1703 4642 qua
1781 4587 1883 4628 nec

316 4661 545 4715 ﬁdelium
603 4660 917 4715 communio
963 4661 1148 4714 haberi
1202 4669 1400 4728 potest,
1439 4677 1537 4716 nec
1569 4677 1881 4717 sacramen-

318 4761 485 4803 torum
526 4752 734 4805 virtute
784 4749 991 4820 perfrui
1027 4751 1291 4816 valemus,
1329 4766 1428 4807 nec
1482 4765 1581 4823 per
1621 4752 1737 4822 ipsa
1788 4768 1880 4806 ca-

312 4841 405 4907 piti
460 4838 741 4904 Ecclesiae,
790 4838 933 4909 quod
979 4836 1232 4896 Christus
1284 4851 1389 4907 est,
1438 4844 1603 4897 uniri.
1656 4842 1773 4898 Non
1822 4843 1878 4897 in

314 4929 507 4995 verbis,
544 4930 641 4985 sed
689 4931 744 4985 in
794 4931 958 4986 rebus
986 4931 1241 4987 Ecclesiae
1274 4933 1480 4988 Christi
1527 4935 1716 5004 positas
1749 4945 1876 4990 sunt

316 5038 415 5077 τες.
963 5008 983 5022 θ

375 5117 658 5183 Quamvis,
684 5117 788 5173 etsi
821 5118 913 5188 qui
957 5118 1184 5174 ubilibet
1212 5131 1485 5174 terrarum
1516 5120 1737 5188 fuerint,
1782 5122 1872 5191 qui

316 5209 376 5261 de
403 5209 502 5263 ﬁde
538 5210 661 5264 aliis
698 5209 803 5263 alia
858 5209 1199 5273 dicentibus,
1236 5224 1365 5265 vera
1424 5210 1524 5280 ipsi
1575 5213 1876 5277 senserint,

316 5300 605 5357 laudabiles
635 5301 854 5381 quidem
885 5302 1064 5368 fuere,
1095 5317 1155 5358 se
1186 5304 1356 5373 ipsos,
1397 5312 1454 5357 ut
1484 5311 1691 5374 partem
1733 5301 1877 5357 refe-

316 5401 485 5446 rentes
531 5396 598 5447 ad
652 5393 971 5459 Eeclesiam,
1014 5404 1179 5464 atque
1218 5395 1344 5449 inde
1389 5395 1495 5450 sibi
1548 5396 1682 5465 ipsis
1732 5393 1880 5450 suﬁi-

314 5482 529 5553 cientes,
582 5486 662 5540 illi
711 5498 810 5557 per
838 5488 1022 5567 omnia
1066 5501 1188 5557 qua
1244 5488 1315 5543 ad
1370 5487 1530 5545 ﬁdem
1580 5486 1879 5556 pertinent,

315 5579 464 5643 uniti,
503 5590 557 5633 et
595 5580 719 5635 aliis
764 5578 981 5651 Quoque
1019 5580 1122 5637 hoc
1161 5581 1342 5646 modo,
1391 5593 1511 5649 quae
1548 5592 1676 5636 vera
1730 5585 1876 5646 sunt,

383 5755 424 5785 "
459 5754 601 5810 Psal.
646 5770 708 5821 tt,
750 5755 803 5813 8.

1978 4566 2183 4620 Sociam
2226 4563 2734 4631 auxiliatriccmqne
2785 4565 3087 4632 praeferret.
3132 4562 3198 4618 Et
3230 4580 3371 4617 nunc
3412 4572 3549 4633 (μιθ-

1974 4671 2121 4726 que,
2176 4670 2302 4708 cum
2355 4652 2766 4710 adversantium
2823 4654 3113 4710 obscurum
3181 4670 3374 4708 nomen
3434 4655 3545 4720 sit,

1975 4746 2338 4804 communiter
2377 4759 2439 4799 ac
2469 4740 2719 4815 privatim
2751 4744 2863 4812 illa,
2894 4755 2948 4820 et
2989 4744 3210 4811 colitur,
3238 4756 3291 4799 et
3324 4761 3549 4800 corona-

1976 4849 2066 4896 tur
2097 4856 2112 4895 :
2143 4849 2200 4894 ut
2229 4850 2285 4895 et
2328 4840 2455 4893 hinc
2488 4826 2851 4909 perstii‘cuum‘
2880 4839 2973 4900 sit,
3006 4838 3149 4891 hanc
3193 4852 3316 4892 esse
3368 4837 3548 4892 Eccle-

1981 4936 2142 5001 siam,
2166 4933 2280 4998 cui,
2313 4932 2408 5001 qui
2443 4944 2547 4985 non
2575 4931 2930 4999 obtemperat,
2958 4922 3250 4998 gentilibus
3288 4937 3343 4982 et
3372 4929 3545 4997 publi-

1983 5029 2134 5084 canis
2176 5023 2477 5081 Salvatoris
2526 5021 2796 5076 sententia
2850 5028 3295 5075 connumeratttr.
3337 5016 3543 5072 Princi-

1985 5119 2099 5189 pari
2144 5117 2363 5187 quidem
2414 5125 2465 5169 et
2499 5114 2632 5167 alias
2674 5111 2989 5174 Ecclesiasy
3019 5111 3103 5164 his
3132 5124 3254 5178 qua)
3299 5109 3369 5163 ad
3397 5112 3544 5178 ipsis

1982 5210 2271 5278 pertinent,
2304 5216 2357 5260 et
2404 5192 2505 5259 sub
2552 5203 2632 5259 eis
2663 5210 2811 5267 sunt,
2847 5201 3054 5279 hasque
3100 5212 3291 5252 secure
3327 5206 3379 5250 ct
3404 5197 3547 5266 judi-

1977 5315 2104 5357 care
2155 5297 2517 5366 et'dirigere,
2561 5309 2682 5347 cum
2732 5300 2945 5362 tempus
2989 5289 3176 5360 exigit,
3226 5289 3441 5357 quando
3477 5287 3545 5341 ad

1978 5408 2140 5447 unam
2208 5404 2400 5444 omnes
2458 5386 2792 5450 referuntur,
2848 5380 3215 5436 arbitrantium
3274 5387 3375 5434 est.
3436 5379 3545 5433 Sed

1979 5483 2082 5540 nisi
2109 5482 2371 5536 adversus
2404 5486 2569 5547 caput
2597 5476 2966 5538 obluctentur,
2997 5470 3257 5533 maxime,
3291 5484 3413 5523 cum
3439 5466 3544 5520 illis

1981 5572 2308 5636 diﬁerentia,
2339 5570 2403 5626 de
2449 5567 2570 5625 ﬁdei
2602 5565 2948 5624 confessione
2995 5562 3178 5620 fuerit.
3210 5559 3367 5617 Tunc
3400 5558 3541 5616 enim
