4020 6206
267 357 356 419 253

1279 350 1678 413 ADVERSUS
1711 349 2030 412 GR/ECOS
2064 350 2207 412 LIB.
2249 350 2355 412 IV.

3357 338 3463 403 ΞΜ

267 467 471 538 dignitas
494 463 821 519 habentibus
845 461 1123 530 provenit;
1150 462 1304 516 aliter
1332 463 1475 517 enim
1501 472 1554 517 et
1577 462 1666 531 qui
1699 462 1796 515 ista

1924 464 2383 535 um'pertinaciter
2402 458 2706 528 huiusmodi
2735 455 2943 511 veritati
2968 453 3232 508 indicere:
3251 449 3462 516 Quanta

265 560 445 620 dicunt,
484 569 613 608 suos
642 554 926 621 episcoitos
953 552 1160 615 tollent,
1209 552 1298 621 qui
1338 552 1641 605 nominibus
1667 552 1798 606 solis

264 648 584 719 participant,
639 645 799 699 rebus
851 643 1045 713 privati
1081 661 1096 701 :
1134 643 1404 711 simulque
1447 646 1514 697 ab
1560 643 1649 696 illo
1680 644 1797 711 (θρῖα

265 744 516 804 scnpatttm
549 732 829 799 consequi,
865 746 894 783 a
940 747 1046 799 quo
1079 742 1133 784 et
1175 732 1293 783 aliis
1322 731 1574 785 omnibus
1609 745 1795 784 sacer-

266 826 371 879 dotii
398 822 631 891 dignitas
675 832 779 884 est.
815 832 985 874 totum
1023 820 1267 888 profecto
1294 820 1451 873 valet.
1498 819 1704 874 Deinde
1742 828 1799 873 et

263 920 333 985 qui
362 916 605 969 videntur
635 913 847 967 thronis
875 912 1183 981 praesidere,
1222 926 1250 963 a
1281 910 1475 980 quibus
1509 912 1799 963 nominan-

263 1020 349 1071 tnr,
387 1005 703 1073 dignitatem
742 1002 877 1057 solis
924 1002 1233 1056 nominibus
1269 1002 1388 1054 sine
1438 1001 1600 1055 rebus
1645 1002 1803 1053 ador-

261 1107 385 1159 Itattl,
411 1109 532 1146 cum
575 1092 828 1147 civitates
861 1093 989 1160 ipsa:
1039 1101 1163 1145 ante
1204 1090 1494 1158 plurimum
1548 1089 1803 1156 temporis

258 1190 309 1238 ab
335 1184 636 1238 inﬁdelibus
658 1193 826 1251 captae
866 1197 930 1238 ac
966 1183 1065 1237 sub
1093 1183 1282 1252 iugum
1324 1181 1503 1235 missa:
1538 1190 1682 1234 sunt.
1725 1180 1800 1233 Ex

259 1294 343 1346 qun
400 1277 457 1328 fit
516 1285 578 1329 ut
643 1275 919 1344 imperitia
972 1274 1195 1338 sensim,
1252 1282 1307 1326 et
1360 1272 1693 1337 rusticitate,
1753 1278 1807 1324 et

256 1380 428 1422 Cetera
490 1380 703 1420 morum
759 1364 1108 1434 corruptione
1153 1371 1455 1425 crescente,
1487 1375 1552 1415 ne
1597 1361 1804 1430 simpli—

260 1464 459 1515 cissima
496 1459 712 1525 quidem
763 1456 886 1510 ﬁdei
920 1458 1056 1524 apud
1083 1454 1207 1510 illos
1236 1456 1541 1521 rudimenta
1577 1467 1806 1507 noscan-

257 1563 355 1614 tttr,
389 1549 713 1617 nomint-que
740 1546 938 1614 potius,
967 1560 1129 1614 qnam
1158 1558 1215 1598 re
1241 1543 1531 1599 Christiani
1564 1542 1634 1596 ibi
1671 1543 1807 1595 sint.

311 1642 359 1695 Si
396 1643 559 1708 igitur
586 1642 686 1694 bos
736 1639 937 1693 habere
975 1637 1271 1691 concordes
1305 1650 1559 1705 magnum
1603 1633 1802 1703 aliquid

256 1733 308 1784 ad
336 1734 661 1785 divisionem
689 1729 862 1793 valet;
892 1736 945 1782 et
978 1726 1289 1781 Occidentis
1323 1725 1566 1779 Ecclesia
1612 1724 1810 1778 nihilo-

1898 555 2094 611 divitta:
2123 550 2506 624 indignationis
2542 547 2974 623 animadversio?
3001 553 3202 612 quanta
3239 545 3462 595 damna-

1892 646 1969 709 tis
2002 646 2085 700 his
2112 645 2203 712 qui
2236 652 2490 698 auctores
2521 639 2772 695 falsitatis
2802 632 3231 706 praecesserunt?
3257 641 3461 699 quanta

1901 740 2029 799 item
2060 736 2413 805 sequentibus
2442 730 2719 786 inferenda
2752 729 2874 783 est?
2900 727 2989 796 qui
3019 737 3282 794 quantum
3311 722 3376 774 lin
3407 735 3466 776 se
3522 770 3523 773 η

1901 837 2007 892 est,
2059 840 2346 880 commune
2397 836 2595 892 corpus
2652 819 2913 874 Ecclesiae
2974 816 3239 875 dividunt,
3296 824 3466 877 seque

1902 919 2051 988 ipsos
2104 917 2285 970 lacera
2322 914 2579 969 Ecclesia:
2624 910 2863 965 membra
2899 906 3233 962 constituunt
3279 921 3293 956 :
3342 903 3464 955 Non

1902 1008 2074 1063 solum
2128 1007 2287 1066 enim,
2344 1005 2538 1073 inquit.
2572 1002 2662 1070 qui
2709 1000 2852 1053 mala
2906 994 3242 1068 faciunt,sed
3282 1002 3332 1047 et
3376 992 3466 1060 qui

1903 1100 2059 1153 malis
2110 1097 2461 1158 consentiunt,
2516 1092 2664 1164 digni
2716 1098 2840 1145 sunt
2890 1097 3053 1140 morte
3085 1088 3155 1141 ’³.
3210 1083 3344 1137 Nam
3400 1085 3467 1136 de

1906 1191 2076 1244 otioso
2125 1188 2276 1241 verbo
2325 1186 2589 1238 rationem
2640 1178 2899 1234 reddituri
2938 1189 3124 1230 sumus
3144 1172 3231 1226 “z
3267 1182 3322 1225 et
3351 1170 3466 1223 sine

1905 1281 2011 1352 [ide
2060 1278 2304 1347 possibile
2352 1292 2453 1329 non
2489 1284 2564 1329 est
2595 1273 2801 1341 placere
2855 1270 2984 1334 Deo,
3032 1258 3090 1320 ut
3138 1267 3211 1318 ait
3261 1263 3465 1316 Paulus

1906 1371 2180 1442 apostolus
2219 1370 2287 1423 ⁸⁸.
2339 1366 2405 1419 Et
2454 1382 2620 1419 cwcus
2670 1365 2715 1417 si
2762 1375 2957 1415 cis-cum
3002 1359 3182 1414 ducat,
3224 1352 3372 1405 ambo
3410 1351 3465 1402 in

1909 1440 2112 1531 foveam
2144 1458 2443 1521 cadunt";
2476 1464 2733 1524 quantum
2786 1453 2839 1504 in
2888 1444 3190 1517 huiusmodi
3229 1440 3469 1495 edacitate

1913 1550 2216 1623 periculum
2258 1548 2365 1602 illis
2400 1562 2521 1600 esse
2561 1543 2911 1599 arbitramur,
2955 1538 3043 1607 qui
3079 1544 3221 1589 tanta
3253 1532 3469 1586 levitate

1910 1630 2187 1705 feruntur;
2215 1654 2277 1694 ac
2313 1637 2548 1690 maxime
2578 1632 2813 1702 pratlatis
2845 1628 3117 1705 Ecclesia,
3161 1638 3291 1691 quos
3325 1622 3469 1691 vigi-

1914 1738 2028 1790 lare
2056 1747 2153 1803 pro
2193 1730 2315 1783 aliis
2345 1724 2542 1780 Paulus
2581 1721 2807 1781 monuit,
2856 1704 3041 1786 utpote
3076 1714 3336 1767 rationem
3372 1725 3469 1780 pro

258 1824 415 1875 minus
454 1828 674 1875 eosdem
729 1834 827 1889 pro
876 1833 935 1874 se
982 1818 1243 1886 proferet,
1295 1827 1462 1885 atque
1509 1831 1574 1872 eo
1616 1816 1807 1887 magis,
1842 1823 1882 1880 Β
1912 1827 2018 1883 mis
2067 1821 2372 1878 reddituros
2410 1816 2456 1848 '7
2498 1828 2512 1868 :
2548 1822 2601 1867 ct
2647 1826 2675 1863 τι
2709 1811 2922 1878 quibus,
2972 1806 3073 1860 nisi
3114 1804 3468 1874 vigilaverittt,

257 1930 343 1981 quo
376 1922 429 1966 ct
465 1912 720 1965 doctores
760 1925 946 1964 sacros
976 1924 1073 1979 pro
1110 1923 1167 1963 se
1200 1908 1444 1963 habent:
1485 1917 1539 1962 et
1574 1906 1675 1975 ipsi
1714 1922 1831 1975 [ιειχ

258 2019 320 2065 se,
354 2002 423 2055 de
454 2002 655 2069 quibus
703 2000 1008 2066 culpantur,
1040 1999 1302 2053 rationem
1362 1995 1526 2052 facile
1581 1997 1809 2050 reddere

165 2087 171 2093 ’
257 2101 467 2159 possunt
496 2109 511 2145 :
549 2092 805 2160 quocirca
850 2104 1006 2144 nemo
1039 2103 1151 2144 suae
1179 2088 1369 2143 salutis
1408 2089 1621 2151 avidus,
1646 2087 1809 2155 eliget

263 2200 353 2236 una
390 2199 513 2238 cum
562 2184 675 2236 suis
725 2180 916 2246 dividi,
966 2178 1162 2250 partim
1212 2178 1429 2248 quidem
1487 2192 1805 2249 persuasum

261 2274 471 2336 habens,
516 2270 771 2324 Ecclesiae
816 2284 911 2339 per
937 2269 1117 2323 omnia
1147 2267 1627 2337 obtemperandum
1663 2281 1807 2331 esse,

260 2375 303 2415 et
346 2364 438 2430 qui
476 2378 583 2415 non
620 2362 973 2429 obtemperet,
1004 2372 1128 2412 eum
1181 2358 1323 2412 inter
1368 2358 1618 2413 ethnicos
1647 2355 1812 2427 proii-

259 2456 536 2517 ciendum;
597 2452 795 2521 partim
860 2463 1007 2512 vero,
1063 2448 1463 2504 confessionem
1514 2447 1582 2502 de
1630 2448 1807 2503 sancti

263 2547 479 2613 Spiritus
519 2544 870 2613 processione
895 2556 960 2596 ex
1006 2539 1168 2595 Patre
1192 2548 1247 2594 et
1277 2539 1434 2603 Filio,
1472 2539 1716 2607 plurimis
1744 2554 1812 2594 ex

264 2638 385 2690 locis
410 2650 587 2689 veram
620 2647 765 2700 esse,
806 2640 862 2688 et
889 2630 1054 2687 saluti
1087 2629 1442 2687 necessariam
1469 2630 1811 2686 animadver-

265 2741 340 2782 ten
348 2743 389 2781 S.

327 2819 528 2884 Quibus
565 2817 837 2872 veraciter
860 2829 924 2871 ac
954 2814 1183 2871 firmiter
1218 2813 1499 2882 subjectis,
1541 2828 1813 2882 nunquam

268 2910 494 2978 profecto
528 2910 679 2964 circa
720 2908 995 2963 exteriora
1043 2907 1350 2962 turbabitur
1383 2906 1544 2974 huius
1571 2904 1815 2960 veritatis

267 3002 545 3055 studiosus.
589 2999 729 3053 Aliis
768 2998 982 3068 quidem
1013 3005 1232 3067 propter
1266 2996 1707 3052 consuetudinem
1746 2997 1813 3049 ab

1907 1918 2135 1974 aliorum
2188 1908 2430 1980 sanguis,
2472 1906 2625 1976 juxta
2674 1903 2968 1971 Scripturae
3006 1896 3347 1957 sententiam,
3381 1908 3442 1948 re

1908 2009 2157 2077 quiretur
2186 2001 2275 2063 ’2?

1981 2095 2351 2166 Recogitanda
2391 2093 2518 2147 item
2554 2096 2638 2144 est
2669 2085 2983 2141 Scribarum
3041 2077 3468 2157 Pharisaeorum~

1912 2457 2087 2512 vidua:
2124 2454 2246 2524 jure
2278 2453 2332 2505 in
2388 2458 2597 2504 tantum
2648 2455 2836 2501 contra
2894 2437 3125 2509 injurias
3171 2432 3469 2503 potentium

1912 2523 2171 2618 perstitit,
2218 2555 2277 2598 ut
2326 2552 2381 2596 et
2434 2542 2562 2595 sede
2601 2544 2655 2591 et
2712 2534 2931 2590 civitate
2980 2530 3270 2599 fugarctur,
3315 2523 3471 2593 quasi

1914 2617 2180 2710 quispiam
2234 2633 2459 2701 iniquus
2491 2638 2543 2684 et
2578 2626 2820 2697 perditus
2855 2638 2870 2678 :
2920 2618 3190 2690 quomodo
3223 2630 3329 2669 non
3374 2617 3485 2682 pro'

1912 2702 2054 2798 iure
2088 2722 2331 2780 veritatis
2382 2736 2446 2775 ac
2499 2717 2619 2772 ﬁdei
2678 2714 2857 2769 omnia
2909 2720 2962 2765 et
3014 2710 3194 2763 facere
3252 2711 3309 2759 et
3359 2702 3470 2772 pati

1917 2796 2162 2889 prompte
2194 2824 2247 2870 et
2274 2812 2529 2867 alacriter
2557 2804 2853 2863 convenit?
2896 2802 3030 2870 lino,
3066 2796 3334 2867 quomodo
3365 2809 3473 2848 non

1918 2885 2118 2965 imitari
2143 2906 2298 2960 decet
2317 2912 2571 2958 sanctum
2612 2894 2988 2956 Athanasium,
3017 2890 3106 2959 qui
3143 2903 3264 2943 cum
3291 2901 3389 2955 per
3418 2885 3472 2939 id

1918 2996 2180 3065 temporis
2223 2994 2437 3055 Oriens,
2485 2998 2647 3058 atque
2697 2974 2963 3042 Occid'cns
2992 2984 3054 3037 de
3082 2978 3393 3035 substantia:
3419 2983 3475 3029 et

268 3091 412 3144 initio
451 3087 766 3150 concessis;
816 3086 937 3139 aliis
984 3098 1109 3139 vero
1138 3085 1265 3138 item
1305 3081 1625 3143 immutatis,
1672 3080 1814 3134 sicut

1920 3104 2151 3160 persona!
2198 3087 2415 3141 nomine
2443 3081 2815 3144 contenderet,
2848 3077 3039 3143 hisque
3080 3070 3299 3142 syllabis
3342 3068 3477 3122 ﬁnes

271 3194 317 3237 et
356 3184 404 3236 iu
446 3182 655 3251 legibus
683 3178 935 3234 civilibus
972 3178 1255 3245 contingit,
1286 3176 1409 3229 ideo
1452 3174 1595 3242 quod
1624 3188 1820 3228 secun-

268 3275 388 3326 dum
418 3282 660 3340 tempora
691 3270 826 3322 alias
854 3268 1010 3323 aliter
1038 3266 1242 3335 aliquid
1271 3265 1500 3329 eluceat,
1534 3265 1676 3331 quod
1709 3265 1818 3317 rei-

275 3364 487 3433 publica
516 3360 791 3432 expediat.
825 3358 975 3415 Sicut
1000 3358 1166 3413 etiam
1197 3358 1389 3410 medici
1419 3356 1632 3410 vivendi
1656 3355 1822 3408 ratio-

278 3471 390 3510 nem
423 3454 554 3508 alias
581 3452 744 3506 aliam
770 3456 1037 3515 statuunt,
1070 3457 1128 3501 ut
1158 3447 1262 3502 illis
1284 3460 1372 3500 ars
1422 3460 1519 3513 pro
1555 3444 1819 3499 utentium

282 3544 491 3598 utilitate
540 3540 853 3597 dictaverit.
908 3537 1033 3592 llam
1082 3546 1263 3592 autem
1317 3536 1519 3591 nullam
1558 3534 1823 3589 inducunt

286 3634 391 3688 ﬁdei
426 3633 848 3702 corruptionem.
887 3626 1077 3682 Nullus
1126 3628 1269 3682 enim
1320 3641 1554 3695 unquam
1602 3634 1824 3694 propter

286 3725 531 3777 exteriora
559 3723 691 3786 ista,
716 3719 1122 3788 quomodolibet
1152 3732 1210 3772 se
1234 3717 1488 3780 habeant,
1515 3716 1629 3769 sive
1658 3715 1821 3769 etiam

288 3829 485 3887 pmpter
515 3795 962 3872 consuetudinem
1009 3813 1241 3882 aliquam
1288 3821 1349 3866 ut
1376 3810 1662 3866 haereticus
1692 3806 1825 3862 insi.

290 3911 497 3962 mutatus
527 3914 633 3961 est.
1442 3892 1445 3893 ν

344 4000 498 4067 Igitur
538 4015 663 4054 cum
697 3997 1021 4053 sententiam
1052 3996 1119 4050 de
1161 4003 1351 4049 sancto
1382 3992 1587 4061 Spiritu
1643 3990 1714 4044 ita
1761 4002 1824 4045 se

294 4089 487 4153 habere,
531 4100 591 4143 ut
621 4088 790 4143 sentit
831 4084 1194 4142 Oecidentalis
1249 4082 1514 4146 Ecclesia,
1578 4078 1825 4151 plurimis

296 4180 565 4234 rationibus
593 4188 876 4233 ostensum
903 4177 995 4239 sit,
1015 4175 1218 4245 iustum
1252 4172 1493 4241 profecto
1522 4185 1628 4225 non
1659 4179 1765 4233 est,
1793 4182 1823 4220 a

301 4272 446 4334 rapite
486 4270 643 4323 veluti
673 4268 991 4333 languente.
1033 4267 1178 4334 ipsos
1209 4264 1439 4333 primum
1483 4262 1626 4315 circa
1664 4258 1822 4313 ﬁdem

1922 3193 2078 3237 terra:
2106 3178 2287 3234 collidi
2321 3174 2780 3244 periclitarentur,
2813 3164 3044 3219 medium
3091 3176 3151 3216 se
3193 3157 3475 3227 ohiieiens,

1920 3281 2181 3337 utrosque
2219 3265 2470 3335 placavit,
2508 3259 2789 3327 indignum
2823 3261 3014 3323 putans
3062 3263 3155 3303 eos
3203 3246 3270 3300 de
3299 3245 3477 3298 nomi-

1921 3333 2438 3422 nibus-digladiari,
2474 3364 2593 3418 quae
2646 3344 2713 3399 ad
2764 3340 3006 3396 eamdem
3066 3333 3475 3405 intelligentiam

1919 3451 2121 3512 ferunt,
2147 3446 2249 3501 etsi
2281 3438 2722 3513 pronuntiatione
2746 3434 2964 3489 dilicrre
2992 3429 3298 3483 videantur.
3324 3425 3477 3490 Quod

1922 3539 1971 3594 si
2012 3546 2209 3606 praeter
2251 3532 2591 3588 dilectionem
2648 3525 2914 3579 tradidero
2960 3534 3149 3586 corpus
3183 3531 3379 3597 meum,
3422 3521 3482 3566 ut

1925 3594 2136 3691 ardeat,
2171 3626 2300 3679 nihil
2327 3620 2456 3676 mihi
2495 3615 2780 3689 prodest‘,
2817 3622 2871 3667 et
2898 3625 3016 3680 quae
3046 3608 3158 3663 illic
3197 3594 3263 3659 de
3303 3601 3484 3658 chari-

1928 3732 2039 3777 tate
2063 3719 2199 3774 dixit
2227 3711 2559 3784 Apostolus:
2591 3703 2872 3778 quomodo
2900 3708 3073 3756 tutum
3105 3711 3230 3752 esse
3263 3692 3481 3763 paterit,

1924 3812 2012 3867 his
2044 3812 2138 3881 qui
2174 3818 2204 3860 a
2239 3782 2672 3859 Christianorum
2698 3808 2862 3866 grege
2887 3804 2995 3845 non
3032 3787 3207 3844 solum
3239 3782 3486 3838 dividun-

1928 3914 2036 3968 tnr,
2063 3913 2247 3955 verum
2281 3904 2336 3950 et
2376 3894 2443 3947 de
2472 3891 2576 3945 fide
2613 3896 2801 3944 contra
2832 3895 3050 3938 omnem
3082 3877 3345 3933 rationem
3383 3872 3486 3927 itii-

1927 3991 2220 4048 micissime
2263 3986 2331 4040 ab
2367 3983 2450 4038 eis
2487 3977 2791 4037 dissident?

1999 4082 2262 4147 Utrinque
2286 4076 2464 4147 igitur,
2496 4086 2591 4137 pro
2618 4071 2867 4127 veritate,
2894 4077 3099 4135 proque
3128 4066 3311 4114 nostra
3345 4055 3486 4125 ipso-

1927 4190 2043 4231 rnnt
2071 4170 2378 4231 securitate,
2393 4168 2536 4220 circa
2555 4162 2607 4216 id
2633 4160 2775 4231 quod
2823 4156 3231 4225 expcdit,omne
3251 4148 3488 4203 studium

1925 4275 2244 4328 omnemque
2271 4255 2602 4325 diligentiam
2633 4251 2917 4305 ostendere
2950 4255 3173 4298 necesse
3195 4248 3278 4294 est
3310 4254 3324 4290 :
3360 4236 3489 4289 nihil

306 4369 596 4425 aegrotantes
638 4358 949 4428 praescindi,
993 4365 1155 4425 atque
1202 4354 1278 4407 ita
1321 4354 1388 4405 de
1430 4351 1679 4405 maximis
1710 4350 1827 4403 sine
1858 4324 2228 4409 Dinventioni
2275 4346 2386 4400 veri
2443 4340 2819 4413 praeferendo,
2874 4348 3047 4403 neque
3099 4332 3150 4385 id
3215 4324 3489 4397 patiemiO.

296 4451 479 4525 ratione
526 4450 848 4519 periclitari.
881 4446 1074 4501 Mirum
1126 4445 1271 4501 enim
1302 4453 1405 4506 est,
1438 4442 1482 4495 si
1530 4443 1652 4511 quis
1694 4440 1830 4495 adeo

315 4536 366 4585 sit
400 4540 578 4604 audax,
628 4547 686 4592 ut
721 4551 846 4590 cum
882 4544 1029 4589 tanta
1081 4534 1214 4597 sint,
1256 4546 1376 4601 quae
1422 4533 1489 4585 ad
1542 4532 1827 4585 utilitatem

315 4616 614 4707 compellunt,
660 4628 780 4694 ipse
816 4640 921 4679 non
954 4625 1132 4681 solum
1165 4623 1355 4686 dividi,
1397 4622 1493 4676 sed
1525 4631 1576 4674 et
1611 4620 1830 4689 Opinio-

315 4730 387 4768 ne;
411 4719 629 4771 maxime
655 4717 963 4772 contrarias
991 4714 1207 4777 tuendo,
1236 4713 1302 4768 de
1344 4728 1441 4767 sua
1486 4712 1664 4766 salute
1711 4723 1831 4780 spe-

316 4818 410 4859 rare
437 4814 644 4862 audeat.
693 4806 999 4861 Sulliciehat
1041 4804 1185 4859 enim
1219 4804 1286 4857 ad
1337 4801 1657 4872 periculum,
1705 4814 1834 4869 pro-

316 4905 411 4963 pter
452 4900 777 4967 superbiam,
832 4898 914 4951 vel
968 4896 1126 4950 aliam
1186 4893 1477 4964 quamlibet
1530 4889 1832 4958 huiusmodi

315 5000 496 5042 causam
525 4990 780 5045 Ecclesiae
810 5002 916 5041 non
949 4983 1404 5055 obtemperando,
1437 4982 1504 5035 ab
1540 4982 1652 5050 ipsa
1677 4994 1838 5049 sepa-

315 5077 447 5131 rari.
474 5079 542 5134 At
586 5094 741 5144 vero,
795 5079 859 5131 de
892 5076 1236 5145 processione
1280 5072 1455 5128 sancti
1496 5072 1731 5139 Spiritus
1768 5068 1837 5122 ah

315 5165 407 5233 ipsa
431 5170 815 5236 dissentiendo,
840 5177 1061 5238 propter
1090 5169 1229 5220 hanc
1257 5166 1489 5219 maxime
1516 5163 1835 5217 sententiam

314 5257 488 5325 dividi;
530 5276 690 5329 quam
724 5258 817 5327 qui
868 5265 1047 5326 negat,
1090 5268 1313 5309 necesse
1352 5263 1436 5309 est
1486 5262 1541 5307 ut
1584 5251 1837 5320 plurima,

314 5362 410 5415 qlia:
434 5352 493 5406 de
521 5353 626 5408 ﬁde
664 5365 929 5406 concessa
977 5357 1124 5411 sunt,
1159 5345 1323 5401 simul
1376 5353 1551 5413 neget,
1587 5354 1645 5398 ut
1674 5357 1837 5410 supe-

314 5438 408 5493 rius
435 5455 782 5498 monstratum
815 5452 919 5507 est,
954 5450 1007 5495 et
1049 5453 1142 5507 per
1173 5439 1315 5492 hanc
1362 5436 1682 5495 divisionem
1730 5433 1846 5487 bel-

372 5643 577 5699 "an.
616 5664 657 5705 ι.
694 5647 784 5699 52.

316 5643 657 5734 Μ”Ιξιιηιιιμ
860 5645 905 5676 ⁵⁵
938 5643 1123 5734 Matii}.
1159 5638 1369 5734 sibisi}.
1445 5640 1490 5670 ³³
1514 5637 1674 5723 Ηώς.
1715 5654 1786 5702 xr,
1812 5635 1866 5692 6.

317 5709 392 5764 ΞΟ.
462 5717 503 5746 ’³
569 5716 756 5769 Matth.
820 5730 978 5775 xxttt.
1036 5713 1117 5768 l3.

1201 5711 1267 5764 ιι
1302 5710 1425 5765 Cor.
1462 5725 1578 5769 xm.
1617 5710 1671 5763 5.

1934 4445 2076 4516 quod
2130 4437 2435 4515 multi,qui'
2477 4434 2745 4488 exteriora
2799 4424 3134 4481 incommoda
3191 4430 3247 4474 et
3297 4420 3491 4472 damna

1937 4514 2361 4607 pertimescunt,
2408 4514 2569 4591 atque
2604 4523 2745 4585 ideo,
2798 4526 2986 4571 contra
3042 4514 3267 4568 salutem
3316 4520 3489 4561 suam

1938 4600 2170 4683 scientes
2221 4633 2285 4674 ac
2329 4617 2616 4685 prudentes
2652 4618 2901 4679 pergunt,
2940 4600 3288 4657 stolidissime
3340 4607 3491 4652 sane,

1938 4713 2216 4770 vilissimis
2261 4711 2423 4763 rebus
2460 4712 2661 4758 tantam
2704 4714 2838 4761 rem,
2868 4697 3108 4762 adeoque
3138 4686 3493 4744 necessariam

1941 4803 2261 4872 prodentes,
2316 4795 2471 4861 quasi
2534 4793 2640 4845 Deo
2690 4788 2849 4842 etiam
2913 4784 3057 4837 vires
3108 4787 3318 4831 nostras
3365 4774 3494 4827 aﬁ‘e-

1941 4902 2168 4958 ctusque
2222 4882 2398 4938 cordis
2452 4882 2762 4948 ignorante;
2826 4871 2921 4927 sed
2978 4868 3118 4921 ultro
3174 4864 3348 4933 potius
3399 4875 3496 4914 nos

1943 4950 2272 5047 ingerendo,
2321 4982 2484 5040 atque
2538 4968 2604 5022 ad
2655 4965 2790 5020 alios
2830 4956 3252 5031 proﬁciscendo,
3290 4951 3335 5005 si
3370 4950 3495 5018 quid

1945 5072 2082 5123 forte
2113 5068 2178 5122 de
2208 5074 2358 5119 tanta
2392 5078 2446 5118 re
2467 5060 2744 5116 commode
2774 5052 3013 5124 proferre
3042 5048 3266 5119 possint.

2014 5158 2172 5214 Omni
2209 5158 2372 5225 igitur
2406 5150 2785 5219 anticipatione
2824 5143 2999 5204 liberi,
3036 5150 3197 5207 atque
3235 5136 3303 5188 ah
3349 5132 3497 5187 omni

1950 5249 2310 5305 contentionis
2359 5244 2487 5298 vitio
2544 5237 2754 5299 remoti,
2791 5235 3019 5301 fretique
3067 5230 3157 5281 Dei
3209 5225 3499 5292 adiutorio,

1953 5342 2086 5397 nihil
2115 5340 2429 5394 omittamus
2460 5332 2750 5399 diligentiae
2781 5347 2794 5382 :
2835 5327 3075 5391 iniquum
3134 5333 3265 5372 sane
3317 5316 3499 5370 existi-

1951 5444 2178 5498 mantes,
2208 5427 2423 5485 humani
2457 5424 2692 5493 quidem,
2742 5417 2870 5473 lucri
2918 5414 3109 5487 gratia,
3153 5412 3305 5478 longa
3334 5408 3501 5461 maris

1946 5636 1991 5667 ’θ
2015 5629 2203 5688 Matth.
2235 5646 2322 5694 xv,
2359 5629 2442 5684 14.
2518 5626 2561 5660 ⁹¹
2594 5622 2756 5678 lleltr.
2817 5635 2938 5686 χιιι,
2974 5618 3029 5670 7.
3104 5615 3149 5646 ’⁸
3186 5584 3378 5667 Eacch.
3415 5624 3500 5674 ιιι,
