3996 6222
454 376 459 381 υ
542 348 650 413 255

543 538 690 582 tanto
712 541 931 601 propter
955 532 1097 586 illam
1126 534 1357 588 conﬂato
1383 537 1544 603 bello,
1579 544 1852 608 prieterire
1880 560 1895 596 :
1926 559 2098 614 neque

541 619 705 682 hujus
755 621 1138 685 inventionem,
1175 624 1402 694 ejusque
1460 629 1689 691 lucrum,
1741 631 1992 698 plurimis
2042 644 2098 688 et

539 712 783 777 pecuniis
838 722 892 766 et
950 712 1226 768 laboribus
1278 733 1622 787 prmponere,
1684 725 1917 778 maxime
1974 714 2096 779 cum

538 807 757 867 propter
798 801 934 854 hanc
967 801 1071 855 vita
1108 804 1259 858 nobis
1289 815 1488 862 aeterna
1521 812 1822 878 proveniat,
1855 814 1947 881 qui
1976 814 2097 870 linis

534 902 620 943 eet
648 889 839 944 divinze
866 891 1009 946 circa
1058 894 1343 950 humanam
1376 907 1622 954 naturam
1658 901 2095 971 dispensationis.

535 980 987 1046 Quemadmodum
1012 985 1161 1038 enim.
1177 989 1269 1055 qui
1304 1004 1405 1043 non
1437 990 1619 1055 credit,
1660 993 1779 1063 jam
1821 994 2094 1061 judicatus

533 1073 666 1133 est',
710 1070 836 1124 hinc
880 1072 1024 1125 enim
1074 1074 1186 1142 jam
1239 1077 1603 1135 damnationis
1650 1081 1858 1137 initium
1888 1086 2093 1151 sumit,

532 1170 588 1215 et
637 1162 729 1229 qui
780 1161 1010 1228 ignorat,
1035 1165 1409 1233 ignorabitur’
1438 1185 1452 1222 :
1484 1168 1558 1223 ita
1610 1168 1707 1224 Dei
1751 1173 1806 1226 iit
1846 1174 1946 1228 hac
1984 1175 2093 1229 vita

531 1251 929 1319 contemplatio,
966 1252 1205 1307 futuram
1231 1258 1386 1311 nobis
1419 1258 1703 1326 pollicetur
1731 1277 1748 1325 ;
1783 1271 1837 1316 et
1860 1262 1946 1319 his
1973 1280 2093 1333 qua

534 1339 599 1394 de
634 1341 742 1394 Deo
776 1343 863 1395 hic
889 1346 1208 1408 creduntur,
1232 1356 1285 1400 et
1313 1355 1369 1401 ut
1398 1350 1650 1416 possibile
1672 1361 1773 1419 est,
1798 1358 2093 1423 apprehen-

530 1431 751 1494 duntur,
788 1434 1003 1486 carneis
1049 1437 1238 1491 solutis
1287 1439 1538 1507 nexibus,
1574 1445 1820 1499 veritatis
1850 1447 2092 1502 succedit

530 1520 892 1587 pulchritudo.
942 1522 1339 1592 IEnigmatibus
1410 1532 1626 1598 quidem
1679 1536 1934 1601 veritati;
1987 1538 2091 1591 fide

530 1621 659 1659 vero
696 1617 748 1662 et
782 1624 876 1677 spe
907 1626 1085 1665 rerum
1119 1616 1435 1672 substantiae
1488 1620 1834 1688 cedentibus,
1866 1626 2088 1694 speculo

529 1695 689 1765 hujus
718 1701 958 1766 corporis
986 1704 1182 1765 Soluto.

599 1786 675 1840 Ex
711 1790 901 1855 quibus
932 1792 1175 1859 profecto
1204 1804 1435 1860 constat,
1468 1808 1520 1854 et
1547 1814 1641 1855 eos
1662 1777 1874 1871 qui-hic
1902 1778 1954 1858 in
1980 1805 2084 1861 fide
2115 1777 2158 1833 Β

527 1876 805 1944 falluntur,
837 1896 1009 1951 neque
1056 1900 1234 1939 veram
1274 1888 1364 1943 Dei
1401 1892 1687 1947 scientiam
1735 1908 2081 1964 consequun-
2164 1900 2171 1907 ’

524 1977 633 2034 tur,
668 1984 734 2025 ne
784 1971 963 2026 futura
1003 1976 1216 2043 quidem
1270 1964 1357 2032 illa
1392 1984 1761 2048 speculatione
1791 1985 2077 2054 fruiturus,

524 2059 617 2113 sed
648 2060 900 2126 profanos
930 2062 1066 2125 fore,
1095 2072 1255 2132 atque
1282 2067 1336 2120 in
1376 2068 1607 2150 sinistra
1630 2081 1780 2147 parte
1810 2075 2081 2130 collocau-

523 2150 640 2202 dos.
678 2149 732 2202 Si
768 2150 930 2220 igitur
980 2153 1167 2209 beatus
1216 2154 1523 2222 Stephanus
1555 2161 1800 2232 (89)pro
1832 2165 2081 2221 Salvato-

523 2239 597 2293 ris
645 2240 895 2309 imagine,
930 2242 1250 2314 plurimique
1277 2262 1373 2315 per
1408 2250 1461 2303 id
1495 2254 1778 2322 temporis,
1810 2271 1978 2325 usque
2010 2259 2076 2313 ad

522 2337 747 2382 mortem
782 2335 1143 2388 constantiam
1193 2351 1343 2389 suam
1375 2339 1729 2397 ostenderunt
1763 2360 1778 2398 :
1807 2354 1862 2400 et
1906 2356 2075 2413 certe,

520 2432 642 2470 eum
680 2434 764 2473 res
799 2419 914 2489 ipsa
964 2437 1066 2477 non
1101 2423 1409 2481 immediate
1438 2428 1585 2485 circa
1633 2431 1789 2487 fidem
1821 2435 2079 2503 primam-

519 2523 625 2578 que
652 2510 1010 2581 theOIOgiam,
1060 2515 1152 2566 sed
1203 2515 1347 2570 circa
1407 2516 1827 2587 dispensationis
1884 2524 2077 2579 divinm

517 2610 914 2653 sacramentum
947 2611 1112 2668 esset,
1139 2617 1314 2675 neque
1339 2607 1520 2671 statim
1550 2608 1691 2662 circa
1728 2610 1851 2679 hoc,
1878 2613 2074 2681 injuria

517 2690 715 2756 quippe
746 2688 918 2743 solum
953 2692 1019 2743 ad
1054 2693 1442 2749 humanitatem
1472 2696 1809 2753 referebatur
1837 2700 2071 2768 Christi;

519 2778 692 2829 h0nor
721 2779 860 2830 enim
897 2778 1172 2849 imaginis,
1205 2781 1359 2852 juxta
1392 2800 1644 2854 magnum
1680 2788 1962 2854 Basilium,
2006 2793 2071 2846 ad

516 2868 839 2935 primitivum
886 2869 1111 2925 formam
1142 2883 1387 2943 penetrat
1429 2894 1441 2929 :
1485 2888 1674 2952 contra
1713 2888 1892 2936 tamen
1938 2884 2072 2937 ima-

515 2958 695 3026 ginum
737 2966 1513 3029 Oppugnatoresconstantiam
1540 2984 1710 3037 usque
1741 2972 1804 3025 ad
1844 2983 2067 3043 mortem

514 3048 888 3102 ostenderunt.
923 3051 1176 3117 Quaenam
1230 3057 1389 3109 modo
1439 3057 1711 3125 alacritas,

512 3139 681 3199 dium,
714 3143 854 3208 quod
887 3143 1074 3207 robur,
1099 3159 1194 3213 pro
1218 3147 1442 3202 veritate
1471 3152 1742 3218 proposita
1776 3154 1843 3209 de
1874 3167 2065 3211 sancte

512 3228 721 3294 Spiritu
744 3230 813 3283 ab
838 3231 917 3284 eis
962 3247 1059 3299 pro
1091 3236 1284 3289 merito
1311 3240 1521 3293 ostendi
1563 3251 1759 3311 potest,
1799 3245 1891 3315 qui
1921 3248 2065 3300 veri-

510 3321 637 3373 tatis
665 3331 933 3377 amatores
972 3333 1120 3391 sunt,
1169 3318 1587 3399 Securitatisque
1639 3348 1749 3388 suae
1775 3349 1840 3388 ae
1876 3336 2063 3393 salutis

509 3422 689 3461 curam
722 3422 933 3477 gerunt,
970 3426 1068 3481 pro
1099 3426 1200 3479 qua
1231 3417 1405 3471 omnis
1453 3422 1611 3484 ratio,
1659 3424 1834 3479 omnis
1861 3439 2061 3490 sermo,

509 3514 771 3569 omneque
810 3516 1208 3563 sacramentum
1244 3510 1439 3566 divina:
1482 3502 1902 3583 dispensationis
1941 3522 2061 3572 est?

580 3592 772 3659 llabes,
805 3611 924 3663 quae
967 3598 1031 3653 de
1061 3600 1404 3668 processione
1437 3606 1604 3659 sancti
1644 3604 1880 3674 Spiritus
1922 3610 2062 3677 peti-

508 3685 599 3747 sti,
656 3685 913 3751 prolixius
975 3688 1209 3756 quidem,
1273 3708 1433 3761 quam
1489 3695 1641 3763 initio
1701 3698 2056 3765 inStitueram,

506 3773 771 3838 exposita,
793 3776 886 3830 sed
917 3781 1245 3845 necessario,
1270 3792 1324 3834 ut
1350 3798 1491 3849 reor,
1523 3786 1634 3853 ipsa
1668 3789 1893 3843 materia
1922 3791 2061 3845 hanc

505 3863 869 3929 prolixitatem
921 3884 1265 3936 suggerente.
1297 3872 1353 3927 Si
1386 3889 1515 3943 ergo
1545 3876 1873 3932 suﬂicienter
1916 3881 2057 3935 dicta

503 3962 647 4014 sunt,
675 3970 899 4021 agamus
929 3955 1037 4011 Deo
1077 3962 1312 4028 gratias;
1346 3965 1426 4019 sin
1460 3981 1584 4020 vero
1608 3969 1787 4023 minus
1810 3986 1968 4039 quam
2003 3983 2058 4026 ut

501 4043 865 4096 studiosorum
909 4046 1183 4104 industria:
1223 4053 1376 4119 plene
1419 4058 1754 4124 satisfactum
1808 4061 1899 4127 sit,
1962 4077 2058 4115 no-

502 4139 673 4182 stram
710 4133 1100 4202 infirmitatem,
1129 4155 1232 4192 non
1270 4147 1508 4198 materiae
1548 4148 1713 4215 ipsius
1745 4152 2055 4206 Sententize'

499 4236 604 4288 que
640 4223 949 4290 dignitatem
986 4212 1036 4279 in
1065 4231 1218 4297 culpa
1251 4247 1369 4288 esse
1402 4236 1599 4290 sciant.
1634 4238 1725 4292 llla
1753 4245 1894 4297 enim
1930 4260 2051 4298 cum

498 4325 597 4377 per
650 4314 882 4381 seipsam
924 4331 1044 4369 vera
1098 4320 1210 4391 sit,
1256 4330 1561 4378 sant-torum
1616 4331 1776 4383 etiam
1830 4332 2047 4388 Patrum

496 4398 819 4457 testimoniis
856 4406 1347 4474 nititur..Quorum
1397 4431 1493 4470 nos
1530 4422 1855 4490 sententias,
1886 4436 2047 4494 atque

494 4490 559 4543 de
602 4492 701 4544 hac
744 4510 798 4547 re
830 4498 1160 4567 opinionem,
1193 4514 1247 4556 ut
1278 4506 1484 4579 petisti,
1528 4525 1883 4582 exponentes,
1916 4519 2047 4573 nihil

492 4594 520 4631 a
554 4580 703 4635 nobis
739 4585 869 4650 ipsis
896 4584 1119 4653 dixisse,
1172 4593 1262 4661 qui
1310 4607 1455 4650 recte
1505 4606 1859 4670 reputaverit,
1897 4608 2047 4664 inve—

492 4671 624 4724 niet.
660 4672 966 4741 Brcviorem
1005 4690 1181 4735 autem
1240 4684 1291 4737 in
1349 4672 1664 4757 exponendo
1697 4694 1882 4763 fuisse,
1915 4698 2041 4754 dum

488 4758 739 4812 celeriter
768 4763 991 4833 singulis
1025 4773 1179 4838 quasi
1210 4779 1651 4844 supervolitando
1704 4789 1932 4855 negotiis
1960 4807 2044 4846 mc

487 4851 745 4917 expedire
775 4859 949 4923 cupio,
980 4875 1153 4930 neque
1194 4870 1564 4925 necessarium
1600 4886 1729 4943 puto
1763 4879 2039 4937 immorari

484 4941 756 5008 omnibus,
793 4961 913 5000 cum
943 4951 1159 5016 plurimi
1189 4957 1351 5012 multa
1382 4962 1445 5014 de
1472 4963 1630 5021 ,hisce
1662 4968 2036 5038 disseruerint,

486 5030 677 5082 merito
705 5033 969 5103 quispiam
1008 5040 1225 5108 culpare
1249 5047 1437 5113 possit.
1466 5052 1551 5112 Ex,
1576 5053 1656 5108 his
1689 5065 1890 5125 tamen,
1920 5076 2039 5127 qua:

483 5117 624 5170 dicta
662 5133 808 5188 sunt,
843 5141 1099 5194 quorsum
1142 5136 1341 5206 veritas
1384 5145 1674 5209 propositae
1722 5151 2035 5215 quwstionis

484 5210 767 5276 respiciat,
822 5231 945 5271 cum
996 5224 1231 5287 maxime
1287 5234 1592 5289 necessaria
1641 5242 2033 5307 comprehensa

479 5296 610 5364 sint,
641 5304 888 5393 facillime
931 5302 1164 5385 conspici
1198 5325 1394 5389 poterit
1430 5341 1445 5380 ε
1480 5326 1525 5383 si
1558 5330 1735 5397 modo,
1766 5341 1823 5387 ut
1866 5335 2024 5392 initio

549 5453 570 5482 ’
604 5455 763 5509 Joan.
800 5475 875 5524 ttt,
912 5464 995 5519 i8.

1071 5469 1131 5542 ἈΙ
1184 5471 1309 5528 Cor.
1334 5490 1441 5542 xrv,
1501 5481 1590 5535 '58.

480 5535 555 5583 XI,
598 5526 649 5577 6.

726 5526 745 5556 ⁸
777 5527 950 5587 Galat.
976 5535 1017 5601 Ι,
1050 5539 1134 5604 10,
1464 5526 1590 5615 viti;
1654 5556 1706 5607 6.

1798 358 2191 422 MANUELIS
2215 365 2519 428 εΑιΕρίΕ

542 440 710 509 spatia
762 448 1090 497 mercatores
1120 445 1408 514 navigare,
1441 449 1717 505 veritatem
1744 461 1923 506 autem
1956 454 2100 519 ﬁdei,
2134 462 2174 516 Α

1666 5491 1688 5522 δ
1722 5486 1917 5555 Ephes.
1942 5505 2014 5554 tv,
2071 5492 2125 5544 5.

1786 5556 1827 5587 ⁸⁸
1849 5559 1969 5616 Act.
2001 5577 2052 5626 ν,
2077 5562 2165 5617 29.

3644 384 3737 445 256

2205 479 2334 541 dixi,
2395 488 2601 534 remoto
2641 484 3007 539 contentionis
3046 487 3247 550 studio,
3297 502 3417 557 qua":
3458 489 3590 543 dicta
3622 507 3735 549 sunt

2204 569 2396 635 legere,
2428 571 2632 625 intente
2664 573 2811 626 Velit.

2270 657 2527 712 Olitestor
2560 670 2739 716 autem
2795 671 2850 717 et
2880 678 3069 717 moueo
3097 678 3284 719 omnes
3312 667 3401 735 qui
3434 668 3531 721 ista
3564 671 3733 727 lectuli

2198 749 2326 808 sint,
2374 764 2439 802 ne
2477 749 2652 803 ferant
2699 756 2955 820 graviter,
2985 756 3028 811 si
3061 756 3301 824 ejusdem
3351 773 3530 812 secum
3563 764 3730 827 patria:

2198 845 2250 890 et
2289 839 2500 907 generis
2524 854 2644 895 cum
2681 843 2803 906 sim,
2833 843 3101 898 diversum
3132 847 3198 898 ab
3232 847 3337 902 illis
3378 849 3497 914 iter,
3529 853 3734 906 veritate

2195 929 2531 992 ostendente,
2567 944 2790 1001 pergere
2820 935 3100 988 voluerim.
3137 936 3398 1006 Optabam
3439 949 3602 1003 certo,
3646 945 3733 997 sub

2193 1032 2302 1071 uno
2338 1026 2552 1086 pastore
2592 1006 2756 1075 unum
2802 1024 2943 1077 ovile
2994 1040 3137 1090 esse,
3175 1042 3476 1097 omnesque
3530 1033 3732 1086 vinculo

2192 1108 2495 1163 dilectionis
2543 1112 2820 1180 astrictos,
2853 1124 2910 1167 tit
2945 1116 3017 1168 ait
3044 1102 3242 1172 Paulus
3272 1116 3314 1182 ⁸,
3347 1119 3487 1173 idem
3520 1124 3733 1188 sentire;

2192 1212 2367 1266 neque
2398 1212 2520 1253 esse
2568 1201 2884 1269 schismata,
2915 1206 3186 1262 scandalis
3228 1224 3388 1277 quant
3441 1211 3735 1279 longissime

2194 1287 2415 1355 fugatis.
2462 1288 2550 1344 Sic
2599 1293 2737 1345 enim
2787 1302 2840 1348 et
2890 1296 3003 1362 ipse
3049 1312 3168 1351 cum
3208 1301 3420 1354 creteris
3477 1302 3533 1354 in
3583 1319 3734 1356 unum

2193 1393 2389 1449 corpus
2442 1386 2772 1450 compactis.
2824 1394 2871 1439 et
2939 1404 3101 1441 unum
3174 1401 3335 1460 caput
3406 1394 3733 1459 habentibus,

2192 1475 2427 1526 maxima
2483 1476 2664 1543 quiete
2730 1480 3180 1547 tranquillissime
3240 1482 3452 1537 fruerer
3505 1502 3519 1537 :
3576 1500 3736 1552 neque

2190 1565 2347 1618 modo
2400 1565 2660 1633 profecto,
2708 1584 2825 1621 eum
2884 1572 3064 1624 doceri
3106 1574 3310 1639 malim,
3347 1583 3399 1627 et
3457 1590 3597 1642 opus
3644 1577 3735 1627 ha-

2186 1653 2363 1719 beam,
2389 1657 2622 1710 doctoris
2650 1658 2876 1712 oilicium
2914 1661 3041 1714 mihi
3075 1663 3290 1719 minime
3327 1666 3569 1719 omnium
3604 1680 3729 1721 con-

2188 1742 2411 1796 veniens
2440 1759 2731 1800 sumerem.

2254 1832 2333 1886 Ex
2382 1850 2487 1901 quo
2521 1836 2749 1891 fortasse
2780 1828 2883 1892 non
2917 1840 3166 1906 deerunt,
3220 1846 3309 1913 qni
3354 1862 3438 1901 me
3465 1848 3734 1915 iactantia:

2182 1932 2235 1975 et
2264 1924 2645 1978 omentationis
2675 1926 3029 1997 insimulent;
3078 1937 3331 2002 quoniam
3383 1953 3509 1992 vero
3541 1957 3736 1997 necesse

2180 2020 2275 2072 est,
2309 2021 2364 2065 ut
2412 2014 2623 2068 veniant
2675 2019 2927 2073 scandala
2971 2024 3029 2088 5;
3081 2034 3281 2091 oportet
3328 2028 3488 2091 enim,
3551 2030 3735 2099 inquit,

2179 2103 2396 2158 horresce
2425 2120 2556 2166 esse.
2590 2115 2648 2161 ut
2680 2110 2771 2177 qui
2801 2112 2851 2163 in
2901 2112 3042 2165 vobis
3071 2116 3275 2183 probati
3320 2121 3425 2172 sint
3476 2125 3737 2184 manifesti

2179 2196 2306 2261 ﬁant
2334 2197 2377 2259 ⁸,
2420 2197 2749 2268 vigilarcque
2781 2217 3218 2277 unumquemque
3265 2212 3487 2269 necesse
3520 2226 3639 2279 est,
3675 2230 3737 2269 ne

2177 2285 2425 2353 plurimis
2470 2289 2674 2357 passim
2720 2292 3136 2351 circumferetur
3180 2305 3482 2368 erroribus,
3510 2316 3568 2361 et
3622 2307 3736 2362 aliis

2178 2374 2282 2425 alia
2322 2374 2653 2439 dicentibus,
2698 2378 2812 2446 ipse
2842 2384 2966 2433 dum
2999 2386 3207 2451 nescit,
3245 2390 3460 2445 amittat
3504 2397 3682 2448 omnia
3720 2413 3733 2449 :

2176 2460 2299 2515 Sine
2332 2464 2438 2530 ﬁde
2481 2465 2616 2517 enint
2662 2467 2983 2535 impossibile
3019 2482 3092 2525 est
3123 2474 3329 2541 placere
3374 2480 3478 2533 Dea
3502 2482 3563 2546 ';
3616 2493 3739 2537 tunc

2176 2552 2417 2617 profecto
2471 2558 2785 2623 urgentibus
2851 2562 3138 2625 scandatis,
3196 2569 3492 2635 prudentire
3550 2573 3734 2639 fuerit,

2172 2641 2321 2694 omni
2354 2644 2613 2710 temporis
2644 2646 3230 2727 anticipatione,vomni
3271 2661 3513 2727 populari
3569 2664 3734 2718 fatui-

2174 2737 2281 2784 tate
2310 2733 2544 2798 omissis,
2584 2736 2757 2804 ipsam
2789 2739 2842 2792 in
2898 2744 3072 2812 seipsa
3123 2748 3409 2805 verborum
3445 2756 3727 2810 veritatem

2168 2820 2456 2890 inspicere,
2511 2818 2575 2880 et
2621 2827 2931 2898 diligentius
2981 2836 3350 2906 considerare,
3398 2843 3730 2919 Patrttmqttc

2170 2914 2370 2981 regulis
2417 2930 2510 2984 per
2560 2920 2735 2973 omnia
2806 2922 3091 2992 intentum,
3148 2944 3471 3002 quocunque
3531 2914 3729 2996 veritas

2168 3004 2402 3068 duxerit,
2444 3010 2615 3076 sequi.
2651 3010 2762 3068 Hoc
2800 3015 2940 3068 enim
2978 3018 3220 3084 plurimis
3250 3025 3432 3091 etiam,
3463 3031 3556 3097 qui
3599 3048 3733 3101 prm-

2391 3064 2399 3068 _
2521 3064 2535 3076 ,
2712 3064 2755 3068 ,,
3251 3064 3432 3091 ν.......,
3463 3064 3556 3097 ιι...
3620 3064 3731 3085 ...ι--

1760 3064 1900 3183 (Ιξιοά
1953 3075 2068 3183 είξν
2098 3092 2141 3153 C
2172 3100 2476 3159 cesserunt,
2506 3095 2758 3154 Ecclesia:
2780 3103 3071 3171 magistris,
3100 3110 3364 3176 prioribus
3397 3064 3731 3183 temporfihus

2167 3182 2423 3251 contigit;
2458 3186 2572 3254 qui,
2601 3198 2723 3242 cum
2749 3206 2891 3261 saepe
2919 3195 2997 3248 eis
3029 3199 3227 3254 veritas
3260 3202 3416 3258 aliter
3438 3221 3496 3260 se
3526 3208 3732 3265 habere

2167 3285 2325 3337 quam
2374 3279 2674 3335 communis
2717 3270 2858 3337 esset
2890 3287 3097 3354 opinio,
3132 3290 3242 3344 visa
3292 3292 3504 3361 fuisset,
3550 3300 3732 3367 ipsius

2168 3358 2262 3410 toti
2298 3361 2517 3429 flebant,
2549 3367 3051 3443 periclitantemque
3083 3381 3254 3436 modis
3283 3358 3532 3441 Omnibus
3560 3358 3733 3454 iuva-

2165 3448 2292 3503 bant
2342 3466 2403 3505 ac
2443 3456 2762 3523 discerptum
2796 3466 3166 3522 revocabant:
3211 3482 3263 3525 et
3312 3485 3731 3533 contemnentes

2164 3542 2363 3607 omnia,
2399 3543 2527 3611 igni,
2561 3548 2603 3601 si
2644 3564 2867 3607 necesse
2894 3567 3056 3620 esset,
3092 3574 3154 3613 ac
3184 3559 3347 3628 ferro,
3402 3568 3727 3625 dirissimis-

2163 3645 2266 3698 que
2302 3636 2576 3704 suppliciis
2618 3639 2817 3703 allecti,
2870 3649 3195 3713 Superabant
3236 3670 3250 3705 :
3299 3658 3439 3723 quod
3482 3671 3598 3712 erat
3637 3665 3724 3716 sui

2161 3721 2341 3791 cilicii,
2371 3725 2649 3794 impientes
2674 3736 3029 3804 posterisque,
3050 3746 3315 3806 quomodo
3345 3748 3723 3814 ltuitticemodi

2161 3816 2562 3880 emcrgentibus
2619 3822 2850 3885 casibus,
2913 3842 2972 3880 sc
3027 3844 3215 3897 gerere
3266 3835 3562 3901 deberent,
3636 3844 3723 3895 sui

2162 3903 2409 3968 exemplo
2436 3910 2868 3971 pra‘scribentes.
2904 3914 2958 3966 Si
3001 3918 3213 3982 quidem
3244 3921 3409 3990 igitur
3455 3930 3726 3993 possibile

2158 3998 2322 4055 esset,
2357 3990 2465 4045 Deo
2501 4009 2603 4046 una
2652 4006 2703 4049 ct
2734 3998 3043 4057 hominibus
3078 4006 3305 4073 placere,
3332 3990 3626 4078 optandum
3669 4021 3721 4069 ii

2159 4082 2398 4148 profecto
2422 4087 2588 4153 magis
2617 4090 2671 4141 et
2701 4094 3060 4157 expetendum
3090 4108 3255 4164 esset,
3295 4104 3577 4170 nullusque
3609 4110 3718 4161 sibi

2158 4170 2383 4225 alterunt
2426 4174 2476 4226 in
2529 4175 2628 4229 hac
2665 4192 2722 4230 re
2764 4181 3005 4247 praeferri
3042 4186 3218 4240 relict.
3271 4189 3531 4254 Qtioiiiam
3583 4212 3720 4250 vero

2156 4261 2361 4316 duobus
2401 4266 2659 4331 dominis,
2707 4268 2931 4325 invicem
2981 4278 3289 4341 contrariis,
3320 4285 3525 4337 servire
3589 4302 3719 4354 pns-

2155 4347 2309 4400 sibile
2341 4365 2440 4401 non
2473 4361 2554 4404 est
2589 4368 2603 4405 :
2651 4354 2712 4407 Si
2751 4359 2911 4423 enim,
2965 4362 3157 4431 inquit,
3198 4366 3493 4422 hominibus
3529 4379 3716 4441 place-

2151 4451 2278 4494 rem.
2313 4438 2504 4492 Christi
2559 4459 2733 4496 servus
2792 4463 2892 4500 non
2952 4456 3217 4518 essent“;
3266 4468 3365 4511 et:
3419 4461 3716 4518 Prudentia

2146 4530 2340 4591 carnis,
2371 4532 2585 4585 inimica
2611 4536 2687 4586 est
2715 4535 2871 4592 Deo.9
2904 4540 3123 4597 Obcdire
3153 4560 3349 4610 oportet
3378 4556 3540 4621 magis
3578 4556 3716 4619 Deo,

2142 4634 2300 4685 quam
2358 4620 2653 4679 hominibus
2687 4626 2764 4692 “;
2806 4634 3085 4697 .qumlque
3138 4647 3359 4693 sanctus
3412 4643 3706 4711 Maximus,

2142 4722 2263 4760 cum
2291 4724 2320 4762 a
2352 4710 2559 4766 civibus
2604 4717 2718 4771 suis
2755 4719 3160 4790 criminaretur,
3198 4732 3519 4796 pra-valente
3563 4739 3712 4803 apud

2140 4814 2235 4855 eos
2278 4800 2754 4863 Monotheletarum
2803 4812 3016 4881 heresi,
3050 4821 3309 4885 quoniam
3363 4824 3703 4881 Occidentali

2142 4889 2395 4946 Ecclesiae
2426 4898 2745 4964 applicatus,
2784 4904 2898 4957 suis
2934 4910 3363 4974 contradicebat,
3392 4919 3467 4967 ait
3497 4935 3510 4969 :
3546 4918 3706 4981 Quod

2138 4982 2335 5036 scilicet
2378 4995 2624 5064 utrosque
2664 4990 2942 5060 diligeret;
2979 4997 3099 5052 illos
3144 5004 3377 5070 quidem,
3414 5016 3469 5058 ut
3519 5012 3707 5062 ortho—
3746 5032 3749 5035 ·

2140 5073 2326 5137 domos,
2364 5074 2492 5129 istos
2521 5088 2717 5145 autem,
2749 5092 2805 5136 ut
2835 5087 3209 5157 Itomoglossos,
3244 5095 3293 5147 id
3324 5106 3405 5151 est
3451 5100 3697 5167 ejusdettt

2136 5179 2318 5217 secum
2355 5165 2586 5235 linguas;
2640 5170 2691 5225 id
2728 5189 2872 5229 nunc
2901 5191 3115 5247 quoque
3166 5184 3451 5240 dicendum
3481 5165 3549 5243 ad
3598 5206 3699 5247 eos

2139 5253 2231 5320 qui
2262 5256 2633 5315 criminantur.
2664 5261 2836 5319 Amici
2867 5269 3007 5321 enim
3036 5271 3133 5324 viri
3164 5274 3509 5332 existimandi
3542 5290 3694 5347 sunt,

2138 5343 2444 5400 amiciorem
2518 5364 2643 5406 vero
2679 5369 2898 5411 necesse
2938 5370 3020 5413 est
3084 5362 3334 5420 arbitrari
3388 5368 3691 5427 veritatem.

2200 5495 2437 5552 “Matth.
2497 5516 2651 5568 XVIII,
2698 5504 2728 5555 7
2830 5507 2849 5537 ⁶
2896 5508 2915 5562 l
2955 5508 3078 5564 Cor.
3130 5529 3202 5578 si,
3276 5516 3362 5581 {9,
3438 5518 3457 5549 "
3520 5519 3685 5574 llebr.

549 5666 655 5734 (89)
686 5668 740 5725 S.
777 5669 1076 5741 Stephanus
1100 5684 1279 5747 iunior
1302 5703 1502 5757 martyr
1563 5695 1661 5751 sub
1720 5699 2083 5765 Coprouvino.
2122 5706 2187 5761 ob
2214 5707 2585 5768 defensionem
2623 5714 2942 5775 itttauittttttt.
