4020 6206
226 268 231 272 ’
294 290 381 354 257
448 332 457 335 -
999 287 1097 348 DE
1138 287 1514 349 ESSENTIA
1548 289 1645 349 ET
1681 289 2188 366 OPERATIONE.
2216 288 2729 351 -PRAiFA'l‘IO.
3364 290 3473 358 εδδ
3548 321 3560 333 .

336 398 504 468 Neque
538 398 748 470 justum
796 411 915 455 esse
958 401 1286 470 putavimus,
1320 402 1434 455 sive
1484 400 1808 470 indulgendo
1843 410 1885 462 Α
1914 400 2294 471 dehilihusqne
2326 402 2699 471 deprehensis,
2738 402 3108 477 exhaustaque
3142 417 3208 459 ex
3259 405 3473 473 illorum

290 475 520 552 amicitiae,
569 491 685 545 sive
734 490 1085 559 quorumdam
1138 491 1319 561 jurgia
1372 492 1799 556 extimescenda,
1916 491 2111 545 annuis
2160 489 2280 544 falsi
2329 491 2603 560 Opinione,
2660 493 2713 546 id
2769 475 3144 558 lucraltuntur,
3177 502 3239 549 ut
3283 507 3476 553 contra

290 590 422 647 atque
468 578 721 648 utrinque
764 578 1019 633 humana:
1072 579 1312 649 passioni
1370 594 1562 634 manus
1615 580 1811 642 dando,
1917 583 2193 636 veritatem
2220 589 2364 636 stare
2394 582 2797 651 pertimescant.
2828 582 2922 638 Sin
2965 598 3098 637 vero
3118 596 3174 638 et
3206 586 3474 654 quispiam

288 671 496 726 veritatis
527 672 728 725 omissa
780 672 1014 734 ratione.
1056 680 1238 727 nostra
1282 672 1452 743 magis
1501 687 1659 740 quam
1696 687 1815 740 qua:
1918 672 2083 727 fuerit
2138 674 2461 743 intelligens,
2507 682 2599 727 aut
2655 658 2937 742 rcqttirens
2991 672 3180 738 Deum,
3232 674 3477 743 profecto

289 760 362 815 Dei
391 769 503 816 sunt
552 775 617 815 ac
652 761 900 836 proximi
957 762 1246 831 inspicere,
1294 773 1347 816 et
1393 761 1546 816 nobis
1583 761 1712 829 ipsis
1759 770 1815 815 et
1919 778 2093 834 neque
2125 765 2383 832 optimant
2423 764 2563 816 hanc
2611 767 2956 816 Imitationem
3005 764 3308 818 erubescet.
3338 762 3476 815 Nam

287 851 372 906 illis
398 868 451 904 ex
503 852 720 906 silentio
752 859 936 907 nostro
972 852 1289 906 detrimenta
1332 864 1665 918 comparare.
1708 850 1814 905 Sed
1912 856 2065 926 juxta
2100 856 2403 923 theologum
2428 853 2769 923 Gregorium,
2800 852 2919 906 Non
2954 855 3082 909 mali
3108 856 3348 920 mutatio,
3385 854 3476 909 sed

286 939 445 1009 panim
470 941 689 1007 quidem
722 942 968 997 timorem
1015 942 1130 1006 Dei,
1178 943 1279 997 etsi
1329 942 1472 996 dicttt
1504 942 1676 995 audax
1710 951 1814 1005 est,

1427 952 1472 995 lu
1504 942 1676 995 audax
1710 951 1814 1005 est,
1916 946 2045 999 mali
2082 946 2373 999 observatio
2406 944 2555 999 habet
2587 930 3014 1014 tttrpt'tudinentp

287 1043 388 1086 ante
411 1034 590 1088 oculos
630 1031 891 1089 habentes
912 1074 926 1099 ,
970 1037 1161 1106 partim
1194 1032 1343 1099 vero,
1376 1050 1495 1107 quae
1525 1036 1595 1091 sit
1631 1036 1815 1089 volun-
1987 1035 2055 1090 Ut
2088 1037 2246 1105 igitur
2278 1035 2382 1090 illis
2411 1042 2468 1099 et
2502 1035 2655 1089 nobis
2687 1051 2804 1091 non.
2854 1031 3073 1089 minima
3114 1039 3479 1093 emolumenta

288 1133 353 1177 tas
375 1125 472 1192 ejus
517 1125 657 1179 bona
691 1134 743 1179 et
773 1127 898 1180 bene
929 1127 1161 1196 placens,
1201 1144 1306 1182 non
1344 1129 1680 1196 ignorantes,
1729 1139 1816 1180 so—
1916 1127 2589 1198 qttmreremus,veritatem
2619 1127 2871 1180 omnibus
2898 1126 3247 1195 pertulimus,
3271 1129 3480 1196 ipsnmv

286 1213 462 1282 Iamque
493 1214 624 1269 inde
666 1215 879 1272 laudem
913 1227 1255 1285 expetentes,
1281 1218 1495 1271 etiamsi
1531 1215 1812 1285 premendi
1921 1210 2025 1289 quo
2051 1216 2308 1286 Spiritum
2340 1226 2584 1271 sanctum
2617 1219 2950 1281 invocantes,
2986 1219 3050 1272 de
3088 1219 3203 1285 ipso
3233 1219 3400 1286 loqui,
3428 1229 3476 1274 te

281 1305 509 1371 ³η8¹¹ε¹ῖῖε
544 1305 742 1371 εῖηιιιες
776 1309 953 1360 omnia
996 1308 1129 1363 nihil
1196 1308 1529 1370 οκῖειίίυπο.
1570 1307 1662 1360 50d
1709 1306 1817 1358 tﬁS-
1918 1320 2192 1374 monente,
2233 1309 2591 1375 suscepimus.
2627 1307 2740 1375 Non
2785 1309 3110 1362 dissimulari
3160 1311 3478 1363 annnntinre

282 1409 447 1461 ponere
480 1410 769 1450 sermones
801 1396 1332 1467 injudieio,proque
1364 1397 1471 1451 illis
1501 1411 1561 1452 ac
1586 1395 1815 1464 proximi
1917 1402 2060 1456 vobis
2091 1394 2290 1454 omnem
2340 1400 2606 1463 veritatem
2657 1408 2704 1465 et
2755 1399 3034 1451 consilium
3090 1398 3204 1450 Dei.
3260 1396 3476 1457 Utinam

282 1482 575 1548 dilectione:
594 1488 778 1539 omnia
829 1487 1136 1542 necessario
1188 1487 1493 1541 adhibenda
1532 1486 1809 1543 arbitrari.
1919 1507 2046 1547 vero
2079 1490 2147 1546 ad
2195 1506 2384 1546 eorum
2415 1480 2508 1559 qui
2560 1489 2748 1563 lecturi
2799 1497 2945 1554 sunt,
2994 1476 3279 1542 utilitatem
3328 1488 3482 1540 Inhor-

281 1573 568 1629 Audendum
613 1578 813 1644 quippe
857 1587 959 1639 est,
1009 1579 1169 1642 etiam
1206 1579 1554 1643 contristare,
1600 1578 1643 1631 si
1679 1591 1815 1645 opus

1918 1592 2100 1640 noster
2153 1584 2254 1638 iste
2309 1582 2576 1652 proﬁciat,
2623 1591 2679 1634 ιιι
2709 1589 2765 1634 et
2808 1582 2897 1649 qui
2940 1579 3188 1643 seminat,
3244 1578 3476 1632 fructum

283 1668 356 1723 sit.
383 1679 436 1720 ac
464 1666 655 1730 verbo,
687 1667 850 1720 veluti
886 1667 1050 1729 ferro,
1075 1670 1339 1740 turgentia
1369 1669 1592 1723 vulnera
1613 1668 1817 1748 rescin-
1848 1728 1886 1748 n
1920 1681 2105 1738 motat,
2157 1682 2210 1727 et
2239 1672 2329 1741 qui
2361 1680 2675 1739 congregat,
2720 1665 3019 1722 mercedem
3079 1666 3332 1735 accipiat,
3365 1681 3483 1717 om-

278 1756 401 1817 dere,
424 1765 585 1824 atque
617 1770 739 1812 cum
777 1757 1043 1813 charitate
1070 1772 1281 1813 curare.
1758 1736 1769 1748 ’
1846 1728 1886 1783 Β

326 1846 439 1911 Quo
467 1846 636 1912 facto,
661 1848 924 1903 eduobus
950 1849 1178 1903 alterum
1213 1849 1503 1920 continget.
1536 1848 1642 1903 Aut
1669 1848 1812 1904 enim
1923 1851 2030 1909 turi
2086 1850 2280 1920 gaudio
2313 1849 2521 1903 Domini
2571 1849 2767 1911 nostri,
2813 1847 2863 1900 in
2904 1847 3116 1899 laudent
3152 1853 3215 1905 et
3258 1843 3483 1923 gloriam

276 1937 543 2004 quietiores
573 1922 624 1992 et
658 1939 900 1993 mitiores
930 1939 995 1993 ad
1024 1941 1500 1995 contradicendum
1525 1939 1674 2006 lient,
1720 1949 1817 1994 aut
1923 1938 2203 1994 uttius‘Dei
2229 1937 2402 1993 Patris
2428 1947 2481 1993 et
2511 1937 2630 1992 Filii
2654 1947 2709 1993 et
2732 1936 2962 2006 Spiritus
2985 1933 3179 1997 sancti,
3205 1922 3400 1987 saneta:
3432 1943 3487 1985 et

280 2027 540 2084 contrariis
568 2067 585 2093 ,
641 2045 762 2100 quae
814 2029 1174 2099 objiciuntur,
1226 2030 1524 2086 rationibus
1586 2030 1816 2104 iulirntis
1924 2030 2097 2086 beatae
2128 2027 2432 2094 Trinitatis,
2458 2030 2722 2099 uniusque
2751 2038 2802 2083 et
2839 2042 2977 2083 verae
3011 2024 3254 2080 Deitatis.
3290 2024 3483 2077 Amen.

286 2231 3485 2275 m7:

3416 2251 3481 2265 ψ

935 2422 1906 2595 MANUELIS
2035 2390 2815 2576 CALEC/E

733 2768 739 2774 ι
1169 2788 1172 2792 λ
1698 2712 2044 2799 LIBER

708 2924 888 3036 DE
1021 2920 1708 3039 ESSENTIA
1811 2923 1991 3034 ET
2100 2892 3081 3059 OPERATIONE.

1186 3282 1581 3345 FRANCISCI
1635 3278 2077 3342 COMBEFISII
2137 3281 2574 3345 PRIEFATIO.

1338 3423 1590 3487 (Bibliotlt.
1614 3426 1722 3478 PP.
1760 3425 1962 3481 Auctor.
1992 3392 2112 3477 non.
2132 3430 2247 3475 tom.
2279 3424 2387 3488 ιι.)

331 3571 493 3641 ipsius
584 3570 851 3627 Manuelis
904 3569 1112 3627 Caleea:
1155 3583 1265 3636 res,
1309 3566 1546 3639 quantas
1604 3569 1822 3638 assequi
1852 3575 1896 3633 (ζ
1930 3567 2139 3633 Quanta
2163 3567 2394 3636 denique
2421 3582 2486 3623 ex
2535 3568 2921 3625 Palamitarum
2973 3572 3086 3642 ipsa
3129 3555 3334 3643 synodo
3380 3574 3494 3646 ipse

280 3660 439 3728 liceat,
522 3662 891 3719 vindicandas
954 3661 1279 3717 eharissimo
1337 3660 1710 3735 commilitoni
1763 3650 1827 3713 ac
1929 3659 2152 3716 Calecas
2187 3653 2456 3726 recenset,
2503 3661 2783 3731 solideque
2849 3663 3135 3731 confutet;
3184 3679 3245 3720 ac
3292 3668 3383 3735 qui
3441 3670 3494 3721 itt

279 3762 487 3823 utraque
510 3753 774 3826 palaestra
797 3753 1109 3824 (sanctioris
1155 3750 1612 3807 scilicetinstltuti
1644 3751 1829 3821 reique
1894 3752 2119 3805 ‘cadetn'
2150 3765 2313 3805 arena
2342 3754 2562 3806 strenue
2591 3752 2912 3811 dimicantes
2961 3769 3058 3825 pro
3112 3744 3338 3810 veritate
3383 3752 3509 3811 ste;

273 3843 556 3916 litterariae)
582 3845 752 3910 socio,
786 3846 876 3915 qui
909 3846 1237 3915 scriptorum
1283 3843 1490 3897 ordinis
1534 3841 1828 3896 bibliothe-
1932 3850 2136 3906 terunt,
2172 3841 2484 3897 Barlaamus
2539 3845 2856 3915 monachus,
2919 3847 3256 3917 Acindynus,
3320 3848 3496 3919 l‘tiplto

278 3949 378 3989 cant
414 3938 715 4013 elogiaque
787 3936 1036 4000 adornet,
1096 3934 1163 3990 li.
1212 3933 1273 4003 Ρ.
1330 3931 1534 3988 Iacobo
1623 3931 1827 3998 Quetil‘,
1928 3932 2406 3995 hieromonacltus,
2433 3933 2525 4005 qui
2558 3946 2610 3990 et
2638 3935 2940 3994 Demetrius
2990 3938 3287 4009 (Lydonius,
3334 3940 3495 3995 Joan-

276 4012 614 4097 hnjusipslus
643 4028 824 4096 operis
850 4041 914 4082 ac
943 4027 1242 4082 molitionis
1277 4026 1407 4080 mihi
1444 4024 1680 4079 maxime
1733 4032 1830 4078 att-
1931 4038 2027 4078 nes
2085 4025 2508 4095 Cyparissiotus,
2563 4028 2738 4093 dictus
2795 4028 3047 4100 Sapiens,
3116 4032 3272 4101 cujus
3322 4043 3497 4088 exstat

279 4119 418 4184 etori,
453 4120 613 4189 quasi
648 4120 922 4188 specimen
944 4118 1231 4188 quoddam,
1260 4117 1378 4186 ejus
1441 4116 1609 4185 ipsius
1668 4129 1828 4185 quam
1928 4117 2128 4185 grande
2158 4118 2406 4173 volumen
2435 4119 2955 4197 inCltristianissimi
2981 4126 3120 4196 regis
3150 4126 3499 4190 bibliotheca.

276 4207 446 4264 iisdem
470 4210 794 4265 auctoribus
822 4225 918 4264 sua
970 4210 1347 4264 lucubratione
1398 4207 1662 4261 allaturos
1724 4213 1828 4268 est,
1931 4209 2032 4261 hoc
2061 4210 2397 4275 argumento,
2434 4225 2631 4279 praeter
2661 4214 2747 4267 illa
2798 4231 2915 4283 qua:
2944 4217 3062 4288 ejus
3087 4217 3279 4274 Latine
3322 4222 3500 4275 solum

278 4294 419 4361 luris,
440 4298 731 4369 relinquo:
758 4300 874 4368 ipse
901 4302 967 4354 ad
995 4315 1127 4368 opus
1175 4301 1353 4370 ipsum
1405 4297 1636 4360 Calecae,
1689 4295 1831 4365 quod
1928 4299 2139 4369 vulgata
2162 4309 2316 4382 sunt,
2344 4313 2668 4374 exstantque
2689 4300 2885 4361 Graece
2904 4322 3069 4378 penes
3096 4309 3161 4365 R.
3193 4310 3251 4364 P.
3279 4310 3499 4368 Petrum

276 4401 333 4441 es
353 4388 513 4462 Regia
538 4381 874 4464 bibliotheca
905 4396 959 4446 in
995 4392 1245 4445 manibus
1275 4397 1378 4455 est,
1446 4389 1601 4458 plane
1650 4387 1830 4443 erudi-
1900 4386 2232 4447 ‘Possinium
2293 4381 2425 4448 S.J.
2482 4393 2690 4450 Romae.
2746 4396 2989 4452 Aliorum
3046 4401 3206 4455 etiam
3249 4403 3500 4471 qumdam

281 4484 474 4545 tum,ac
504 4496 614 4551 quo
642 4483 1083 4536 nocentissimum
1129 4479 1397 4549 sequioris
1422 4477 1644 4534 Graecia:
1679 4493 1826 4534 erro-
1931 4482 2098 4549 relert
2129 4481 2238 4537 Leo
2265 4484 2512 4549 Allatlus,
2548 4495 2656 4538 tum
2693 4486 2830 4541 libro
2864 4486 2942 4541 De
2982 4505 3237 4544 consensu
3297 4495 3497 4545 utrius-

282 4577 377 4619 retn
405 4569 728 4637 gravissime
756 4569 1019 4633 confutat,
1065 4570 1260 4641 stylunt
1315 4579 1590 4624 converto.
1630 4602 1631 4607 η
1778 4590 1781 4591 ν
1933 4589 2031 4644 que
2060 4572 2315 4627 Ecclesia:
2371 4558 2570 4629 Grates:
2628 4576 2834 4644 pariter
2881 4592 2956 4632 ac
2995 4578 3222 4646 Latinae,
3282 4593 3391 4637 tum
3454 4583 3493 4637 ll

340 4654 534 4728 Nempe
601 4659 809 4714 coaluit
899 4660 1043 4715 inter
1111 4659 1467 4729 simpliciores
1510 4659 1831 4724 monachos,
1902 4662 2077 4717 'tomo
2107 4661 2324 4717 erciaa
2347 4677 2459 4717 suae
2524 4665 2851 4732 orthodoxe,
2883 4677 2993 4722 tum
3020 4670 3236 4724 demum
3291 4670 3344 4725 itt
3396 4687 3494 4727 sua

282 4742 670 4817 disciplinarum
722 4750 904 4815 rudes,
932 4750 1101 4805 ‘velut
1145 4749 1450 4820 Theophili,
1522 4749 1830 4819 Epipltanii,
1932 4754 1997 4806 de
2024 4752 2649 4823 Symeonumscriptisa
2681 4770 2764 4808 tne
2806 4770 2975 4825 nuper
2993 4757 3206 4827 vulgata
3231 4758 3493 4824 Diutrt’ba,

280 4834 573 4909 Hieronymi
603 4841 966 4911 temporibus,
1019 4842 1692 4911 Anthropomorphitarum
1740 4857 1831 4895 er-
1862 4911 1896 4922 “
1933 4858 2051 4911 quae
2083 4828 2169 4896 Itie
2205 4840 2447 4911 repetere
2488 4842 2705 4914 longum
2760 4845 2920 4909 foret,
2967 4862 3031 4903 ac
3080 4859 3258 4904 actum
3311 4867 3491 4922 agere.

292 4939 392 4993 tor,
421 4930 537 4986 sive
566 4934 730 4987 etiam
756 4931 1220 4996 Massaliauorum,
1251 4934 1341 5001 qui
1366 4934 1447 4987 vel
1491 4932 1724 4986 humana
1743 4931 1828 4986 vel
1861 4911 1906 4968 Ῐ)
1933 4930 2049 4986 Non
2082 4929 2286 5002 pigebit
2329 4940 2509 4985 tamen
2541 4911 2763 4989 Joannis
2817 4935 3137 5002 patriarchae
3182 4911 3497 4995 Constanti-

280 5021 371 5075 alia
402 5026 646 5080 sensibili
677 5026 860 5096 specie
895 5024 1058 5079 Deum
1083 5038 1226 5089 esse,
1265 5039 1435 5092 eaque
1490 5023 1628 5079 viris
1667 5022 1832 5092 spiri-
1936 5021 2243 5092 nopolitani
2271 5020 2525 5089 Tomum,
2551 5023 2727 5090 ipsum
2792 5026 3117 5096 breviorem,
3167 5032 3495 5097 exscribere,

283 5115 469 5171 talibus
497 5117 552 5171 in
578 5119 831 5173 oratione
858 5131 916 5173 se
968 5119 1321 5185 conspicuum
1378 5117 1581 5178 facere,
1643 5114 1835 5169 existi-
1934 5129 2040 5182 quo
2071 5114 2118 5167 is
2152 5126 2499 5167 succrescens
2527 5111 2759 5170 Palama:
2787 5118 2979 5187 degma
3030 5121 3217 5188 elidit;
3247 5106 3309 5176 ac
3366 5139 3492 5176 num

280 5216 518 5272 marem;
553 5209 627 5264 sic
688 5208 851 5277 paulo
891 5209 1141 5277 aequiore
1189 5208 1627 5279 (Pztlteologorum
1673 5204 1835 5260 circi.
1935 5219 2000 5259 eo
2026 5203 2322 5273 respiciens
2359 5211 2542 5256 noster
2593 5202 2833 5267 Calecas,
2859 5204 2979 5273 ipso
3030 5208 3213 5277 operis
3269 5209 3348 5261 sui
3403 5224 3498 5263 ex-

282 5303 381 5365 ter)
422 5302 610 5362 :etate,’
651 5298 1042 5355 Palamitarum
1103 5299 1292 5353 insana
1349 5299 1512 5353 nlmis
1560 5293 1831 5360 deliratio,
1938 5295 2093 5351 ordio
2116 5293 2273 5349 aliter
2300 5309 2416 5351 eam
2449 5292 2766 5360 Ecclesiam,
2795 5295 2934 5352 haud
2980 5298 3049 5351 ita
3101 5299 3304 5368 pridem
3373 5315 3500 5355 scu-

279 5384 977 5463 distinguentiumdivinam
1016 5390 1269 5442 virtutem
1302 5388 1369 5442 ab
1395 5388 1512 5457 ejus
1553 5386 1826 5451 essentia;
1937 5385 2078 5460 sisse
2148 5384 2398 5463 dicit‘ac
2453 5382 2793 5449 decrevisse;
2866 5401 2965 5442 nec
3029 5404 3212 5444 veram
3273 5393 3502 5459 proinde

282 5474 528 5539 eumipsa
559 5477 737 5532 Deitas
766 5462 919 5531 'sil'et
959 5474 1223 5537 lncreata,
1274 5474 1490 5543 Deuqne
1544 5471 1830 5535 naturalTS,
1942 5477 2237 5532 Ecclesiam
2273 5491 2410 5541 esse,
2447 5492 2565 5546 quas
2616 5475 2697 5530 sic
2751 5478 2905 5533 Iidem
2968 5491 3156 5538 mutet.
3235 5482 3500 5538 Joannem
3574 5548 3577 5551 Α

280 5575 392 5623 qua!
417 5578 475 5615 se
507 5580 605 5619 una
634 5569 797 5622 rebus
852 5552 1221 5621 communicet
1264 5578 1339 5618 ac.
1384 5564 1653 5628 videatur,
1719 5563 1833 5632 ipsa
1940 5570 2113 5639 ipsum
2144 5567 2485 5637 proscribunt
2516 5567 2809 5633 Palantitae,
2875 5570 3042 5627 Tomo
3073 5574 3159 5627 illo
3196 5575 3308 5628 sub
3360 5575 3503 5630 Can-

286 5664 498 5714 pt'lltlus
570 5657 1062 5712 iucennuuuicabili
1137 5655 1371 5712 essentia
1442 5670 1502 5711 ac
1561 5655 1835 5739 invisibili.
1946 5671 2228 5743 l'JL‘ll’lellO,
2262 5674 2418 5728 quem
2470 5657 2693 5718 Calceus
2746 5676 2809 5719 ac
2843 5665 2995 5720 relati
3029 5666 3501 5737 alii‘impugnaut.

1921 1774 2127 1829 nosque
2157 1740 2318 1814 simul
2347 1758 2624 1813 cmlestem
2668 1755 3032 1825 ingrediantur
3060 1754 3311 1824 patriam,
3350 1751 3485 1803 frui-
3578 1740 3592 1750 ’
