4020 6206
494 311 599 375 259

1749 265 2147 364 MXNUELIS
2183 304 2487 365 eamea

3637 296 3743 361 260

496 427 588 481 Sic
620 439 748 495 ergo
783 422 977 478 habet:
1002 422 1104 474 Τὸν
1134 420 1401 489 Παλαμᾶν
1435 416 1532 471 καὶ
1560 418 1686 480 τοὺς
1712 420 2061 489 ὀμόρφρονας

2175 424 2398 471 lestalur
2434 414 2738 487 Cypariss.,
2772 413 2872 470 etsi
2911 414 2998 468 ille
3026 412 3252 469 Callisto
3282 426 3598 468 successore
3619 428 3745 481 pro-

494 519 684 586 αὐτοῦ,
717 523 805 573 καὶ
841 518 1017 571 πάντα
1044 517 1110 570 τὰ
1137 517 1310 585 ἀσεϐῆ
1342 516 1521 568 αὐτῶν
1544 516 1789 584 δόγματα
1813 554 1830 582 ,
1864 515 2064 569 οἰκειό-

496 628 654 681 τερον
683 611 739 663 δὲ
769 612 963 674 εἰπεῖν,
1009 608 1459 679 παραληρήματα
1490 647 1505 673 ,
1537 606 1663 669 τούς
1693 624 1751 659 τε
1784 605 2065 659 ἐκδικοῦν-

497 718 597 763 τας
632 701 727 752 καὶ
758 700 1206 768 ἐκλαμϐάνοντας
1232 699 1326 752 καὶ
1350 698 1742 767 ἐκδεχομένους
1767 698 1833 750 τὰ
1867 698 1924 749 ὲν
1984 697 2064 765 τῷ

498 792 664 863 Τόμῳ
696 792 837 846 κατά
866 792 965 861 τὴν
987 790 1169 844 αὐτῶν
1200 790 1482 860 ἐξήγησιν,
1540 789 1743 858 μᾶλλον
1796 789 1851 841 δὲ
1903 789 2066 858 φλυα-

509 884 653 954 ρίαν,
681 884 776 937 καὶ
812 884 871 936 οὗ
905 883 1026 937 κατ’
1067 883 1279 935 ἔννοιαν
1311 881 1593 950 θεοπρεπῆ
1631 880 1727 933 καὶ
1762 878 2061 949 ὀρθὸδοξον,

498 973 596 1028 καὶ
626 973 889 1036 καθὼς-οἱ
923 975 1024 1041 τῆς
1071 970 1400 1039 Ἐκκλησῑας
1453 970 1736 1039 φωστῆρες
1781 969 1876 1021 καὶ
1917 967 2067 1022 διδά·

499 1065 711 1130 σκαλοι,
748 1058 829 1125 οἷς
869 1063 963 1117 καὶ
1013 1064 1174 1132 ἡμεῖς
1207 1062 1464 1130 ἑπόμενοι
1492 1059 1585 1114 καὶ
1622 1056 2064 1124 ἀκολουθοῦντες,

500 1157 571 1209 τὰ
607 1156 718 1209 τῶν
746 1155 923 1222 ἀγῖων
954 1153 1095 1224 ρητὰ
1128 1151 1515 1223 ὲνεγράψαμεν
1541 1152 1598 1203 ὲν
1626 1150 1704 1220 τῷ
1732 1148 1921 1219 Τόμῳ,
1973 1148 2068 1199 καὶ

507 1247 715 1310 πάντας
736 1246 861 1309 τοὺς
889 1246 957 1299 δι’
987 1244 1119 1298 αὐτὸ
1150 1244 1330 1307 τοῦτο,
1362 1244 1530 1315 ἤγουν
1555 1242 1635 1295 ὅτι
1666 1240 1743 1312 μὴ
1769 1238 2069 1311 παραδεχὸ-

504 1337 644 1405 μεθα
666 1336 735 1388 τὰ
767 1336 988 1390 τοιαῦτα
1017 1335 1196 1387 αὐτῶν
1228 1333 1695 1404 παραληρήματα,
1727 1327 1803 1385 ὧν
1844 1331 1913 1385 τὰ
1965 1331 2065 1399 μὲν

500 1424 890 1492 ἀπεστάλησαν
922 1425 1055 1492 ἡμῖν
1088 1422 1219 1493 παρ’
1252 1422 1454 1490 αὐτῶν,
1481 1422 1549 1473 τὰ
1586 1421 1643 1474 δὲ
1674 1420 1769 1474 καὶ
1795 1419 1924 1491 παρ’
1948 1420 2065 1472 ἑτέ-

507 1533 614 1584 ρων
649 1514 1117 1583 ἁνεφανίσθησαν,
1149 1514 1525 1584 τολμήσαντας
1571 1511 1934 1573 ἀκανονίστως
1970 1511 2067 1563 καὶ

501 1607 746 1676 ἀκρίτως
777 1606 1052 1673 ἀποκᾶψαι
1081 1605 1140 1657 τὸ
1168 1604 1517 1674 μνημόσυνόν
1554 1621 1679 1673 μου,
1724 1601 1802 1670 τῷ
1838 1602 1943 1653 ἀπ’)
1968 1601 2067 1671 τῆς

507 1692 827 1764 ζωαρχικῆς
852 1695 949 1747 καὶ
974 1693 1135 1760 ἁγίας
1170 1692 1402 1763 Τριάδος
1434 1692 1618 1761 δεσμῷ
1654 1692 2065 1745 καθυποὸάλλοο

506 1801 630 1853 μεν,
676 1784 771 1836 καὶ
826 1784 904 1854 τῷ
957 1784 1262 1854 ἀναθέματι
1305 1784 1773 1855 παραπέμπομεν.
1828 1784 1892 1838 Ἡ
1927 1783 2063 1836 ὑπο-

503 1872 689 1944 γραφὴ
719 1889 734 1906 ⁸
784 1873 1037 1943 Ἰωάννης
1076 1872 1208 1940 ἐλέῳ
1260 1871 1395 1925 Θεοῦ
1425 1872 1857 1942 ἀρχιεπίσκοπος
1914 1869 2069 1924 Κων-

505 1963 1025 2030 σταντινουπόλεως,
1070 1964 1197 2026 νέας
1258 1962 1497 2033 Ῥώμης,
1544 1962 1640 2015 καὶ
1691 1961 2070 2031 οἱκουμενικδς

503 2054 864 2127 πατριάρχης.
896 2055 1175 2110 Palantam
1211 2055 1427 2124 ejusque
1479 2062 1785 2119 sectatores,
1816 2063 1863 2106 et
1895 2052 2070 2106 omnia

500 2148 713 2203 illorum
748 2149 907 2215 impia
934 2148 1211 2220 dogmata,
1241 2163 1331 2201 seu
1369 2148 1540 2200 verius
1597 2153 1956 2215 nugamenta;
1979 2160 2070 2198 nec

436 2261 451 2267 ί
503 2257 607 2293 non
632 2239 952 2310 defensores,
1019 2248 1068 2292 et
1127 2239 1217 2308 qui
1285 2237 1666 2306 astipulentur,
1720 2236 2072 2305 recipiuntqne

500 2346 617 2399 qua:
646 2332 699 2383 in
734 2327 894 2383 Tamo
927 2329 1205 2391 habentur,
1237 2328 1521 2381 secundum
1560 2342 1739 2380 eorum
1782 2326 2071 2394 expositio-

503 2436 641 2485 nem,
674 2420 779 2473 imo
803 2418 1273 2487 vaniloquentiam,
1318 2429 1363 2471 et
1392 2433 1493 2471 non
1525 2416 1806 2470 secundum
1838 2430 2070 2497 sensum,

504 2512 593 2581 qui
632 2510 793 2563 Deum
842 2508 1042 2572 deceat,
1111 2516 1162 2561 et
1213 2506 1559 2581 orthodoxam
1633 2514 1759 2559 etut
1815 2503 2065 2557 Ecclesia:

507 2602 711 2655 lumina
751 2613 795 2655 et
829 2600 1068 2671 magistri
1099 2582 1427 2653 tradiderunt
1451 2615 1469 2663 ;
1494 2613 1719 2668 quorum
1770 2613 1865 2650 nos
1919 2596 2074 2650 vesti-

506 2697 605 2761 giis
637 2694 935 2746 insistentes
991 2699 1040 2743 et
1095 2688 1379 2743 sententias
1436 2684 1720 2758 sequentes,
1766 2699 2070 2742 sanctorum

508 2787 652 2839 dicta
682 2785 735 2835 in
765 2782 927 2834 Tamo
961 2780 1268 2857 digessimus
1293 2794 1308 2845 ;
1338 2789 1646 2849 cunctosque
1676 2780 1821 2845 illos,
1868 2782 1959 2850 qui
2012 2786 2075 2838 ob

509 2893 626 2933 eam
659 2877 823 2943 ipsam
862 2888 985 2936 rem,
1024 2871 1163 2942 quod
1189 2887 1370 2926 eorum
1418 2881 1732 2941 nugamenta
1782 2887 1883 2925 non
1940 2876 2075 2929 reci-

510 2970 704 3036 pimus,
730 2981 847 3035 qua:
869 2965 1061 3031 partim
1079 2965 1177 3032 ipsi
1207 2963 1633 3028 transmiserunt,
1661 2965 1858 3030 partim
1911 2967 2071 3020 etiam

2168 507 2437 576 mulgatus
2496 518 2613 571 est;
2685 506 3061 575 Coccinusque
3118 514 3173 559 et
3224 502 3398 559 Nilus.
3482 503 3744 575 Quodque

2167 597 2499 654 Thaborium
2539 597 2721 652 lumen
2782 596 2995 652 illustre
3050 596 3355 665 exemplum
3415 594 3588 650 visum
3656 604 3743 651 est

2167 688 2469 752 Palamitis.
2506 689 2585 744 sic
2611 688 2879 743 distincta:
2925 688 3143 742 virtutis
3176 689 3243 741 ab
3284 687 3553 750 essentia,
3618 701 3740 755 qua:

2170 780 2303 851 ipsis
2334 780 2613 850 corporeis
2643 779 2815 836 oculis
2844 780 2953 834 visa
2980 780 3070 846 sit,
3100 788 3153 834 et
3202 778 3478 843 divinitas,
3530 778 3742 832 occulta

2168 871 2426 938 essentia,
2464 886 2636 942 eoque
2686 880 3004 942 argumento
3045 870 3314 940 duplicem
3370 871 3741 940 dogmaticum

2167 976 2473 1017 sermonem
2499 964 2668 1018 edidit
2692 963 2959 1028 Palamas,
2988 963 3141 1018 libuit
3183 964 3268 1017 hic
3318 973 3733 1032 repraesentare,

2166 1053 2325 1123 quasi
2357 1053 2422 1107 ad
2452 1055 2723 1123 specimen
2749 1054 3014 1108 doctrinae
3036 1068 3098 1108 ac
3119 1064 3280 1109 secta!
3300 1054 3399 1124 (a).
3441 1053 3619 1108 Nostri
3646 1054 3742 1110 Dei

2170 1146 2418 1201 effectum
2450 1146 2660 1201 ordinis
2682 1146 2978 1214 superioris
3011 1146 3270 1215 (speciem
3305 1146 3515 1201 scilicet
3542 1146 3743 1215 glorio-
3768 1203 3781 1225 ‘

2168 1252 2281 1293 sam
2310 1245 2362 1290 et
2394 1235 2572 1302 δόξαν,
2613 1239 2663 1292 in
2694 1254 2798 1308 qua
2828 1238 2972 1292 Deus
3004 1240 3174 1295 videri
3209 1248 3523 1303 censeatur,
3544 1240 3735 1294 intimo

2167 1328 2402 1398 quodam
2430 1326 2545 1394 ejus
2563 1328 3057 1405 prtesentitesensu
3090 1330 3379 1397 gustuque)
3407 1330 3740 1393 existimant,

2168 1420 2381 1490 qualem
2435 1418 2647 1473 mortali
2716 1418 3018 1489 prasertim
3068 1432 3319 1487 corpore.
3371 1419 3467 1476 Dei
3518 1436 3746 1491 munere

2169 1510 2407 1564 nancisci
2451 1509 2611 1565 licet:
2641 1524 2747 1563 non
2782 1517 2841 1564 ut
2868 1510 2959 1564 illa
2986 1509 3206 1566 claritas
3236 1522 3289 1567 et
3310 1512 3487 1582 fulgor
3520 1514 3593 1569 sit
3621 1514 3739 1587 ipsa

2170 1601 2261 1655 Dei
2294 1602 2534 1656 essentia
2566 1610 2619 1656 et
2650 1600 2907 1658 divinitas
2940 1601 3201 1668 incrcata,
3234 1606 3284 1657 in
3315 1618 3475 1672 quam
3520 1607 3745 1660 senten-

2172 1694 2299 1745 tiam
2321 1692 2509 1745 adduci
2528 1707 2585 1746 se
2602 1707 2793 1761 passus
2810 1702 2891 1748 est
2913 1692 3023 1748 Leo
3034 1692 3262 1749 Allatius
3282 1694 3374 1749 lib.
3403 1694 3478 1749 De
3494 1712 3749 1751 consensu

2171 1785 2441 1852 atriusque
2472 1782 2743 1851 Ecclesia,
2806 1787 2959 1855 cujus
2990 1794 3171 1862 tamen
3221 1787 3547 1843 incommodi
3593 1788 3749 1844 defu-

2170 1874 2560 1944 gicndicausa,
2619 1874 2898 1931 Palamilat
2947 1891 3097 1933 suam
3148 1879 3289 1934 hanc
3341 1878 3745 1934 distinctionem

2172 1966 2385 2021 virtutis
2424 1975 2479 2021 et
2511 1968 2765 2022 essentia:
2798 1969 3091 2023 commenti
3132 1979 3279 2037 sunt,
3326 1980 3383 2025 ut
3422 1978 3616 2026 auctor
3663 1980 3749 2027 est

2170 2065 2353 2112 noster
2379 2056 2622 2123 Calecas,
2664 2066 2719 2111 et
2768 2072 2835 2112 ne
2887 2056 3193 2113 Massaliani
3242 2059 3509 2124 audirent,
3575 2060 3747 2132 ipsam

2172 2145 2266 2201 Dei
2295 2146 2587 2201 essentiam
2620 2146 2791 2202 videri
2837 2146 3213 2203 existimantes
3232 2148 3284 2202 in
3309 2148 3509 2206 divinis
3534 2151 3750 2221 appari-

2172 2238 2435 2292 tionibus.

2244 2328 2447 2385 Praeter
2493 2327 2769 2384 Palamam
2797 2329 2938 2385 alius
2972 2330 3252 2402 theologus
3279 2341 3362 2388 est
3391 2333 3485 2389 illo
3535 2334 3742 2401 senior,

2173 2418 2403 2492 Symeon
2435 2420 2602 2474 abbas
2625 2421 2794 2475 sancti
2823 2419 3108 2477 Mamantis
3143 2423 3195 2477 in
3218 2420 3744 2491 Xerocerco,dictus

2173 2512 2287 2566 suis
2309 2511 2490 2580 iunior
2514 2511 2795 2582 theoiogns
2826 2529 2840 2565 :
2874 2512 3027 2582 cujus
3070 2512 3189 2568 Vita
3240 2513 3516 2569 fusissime
3541 2515 3749 2585 scripta

2173 2604 2359 2657 Niceta
2398 2603 2640 2657 Sthetato
2667 2612 2906 2669 auctore,
2940 2611 3115 2656 exstat
3145 2604 3197 2657 in
3245 2602 3367 2659 cod.
3413 2604 3560 2660 card.
3605 2605 3746 2659 Mal.

2174 2709 2320 2748 nunc
2340 2692 2511 2761 Regio
2538 2708 2551 2746 :
2586 2691 2771 2761 fuique
2801 2700 2996 2747 auctor
3024 2692 3364 2749 Henschenio
3395 2703 3449 2749 et
3474 2695 3749 2764 Papebroo

2174 2784 2297 2837 chio
2317 2780 2439 2837 SJ.
2455 2796 2521 2835 ne
2550 2780 2677 2835 Vitis
2696 2788 2996 2835 sanctorum
3015 2780 3070 2835 in
3089 2797 3187 2836 suo
3210 2780 3400 2836 Martio
3419 2782 3749 2849 insererent,

2174 2887 2277 2942 qua
2303 2872 2613 2940 suspicione
2648 2872 2879 2936 laborat,
2903 2882 2958 2927 et
3004 2879 3257 2943 tanquam
3320 2875 3367 2929 is
3407 2873 3568 2929 fuerit
3626 2872 3751 2929 fons

2176 2964 2353 3019 omnis
2378 2963 2634 3018 Pafamici
2668 2964 2895 3019 erroris.
2927 2961 3086 3017 Eram
3121 2974 3297 3021 tamen
3324 2966 3414 3021 hic
3444 2980 3748 3036 repraeseno

513 3062 739 3114 aliorum
764 3057 1018 3111 relatione
1041 3054 1393 3125 cognovimus,
1417 3061 1602 3107 contra
1620 3070 1843 3109 canones
1902 3055 2074 3110 nulla-
2100 3074 2143 3133 α
2180 3064 2410 3119 laturus,
2459 3056 2565 3111 nisi
2610 3056 2779 3111 moles
2808 3056 3122 3121 obsisteret,
3175 3056 3399 3127 ipseque
3441 3056 3750 3126 sumptibus

512 3170 612 3219 que
645 3152 770 3206 recti
803 3167 865 3205 ac
890 3149 1026 3219 wqui
1074 3149 1230 3211 libra,
1285 3147 1385 3201 mei
1432 3146 1737 3199 memoriam
1769 3147 2072 3202 exscindere

514 3240 630 3293 ausi
658 3248 799 3301 sunt,
855 3237 1075 3304 viri/ica:
1121 3243 1414 3304 mactatque
1456 3233 1728 3288 Trinitatis
1765 3236 2074 3305 subjicimus

516 3332 741 3401 rincnto,
776 3347 841 3383 ac
870 3330 1200 3383 anathemate
1227 3327 1464 3397 ferimus.
1498 3323 1873 3395 Subscriptio:
1905 3327 2076 3382 Joan-

518 3441 604 3476 nes
668 3422 758 3475 Dei
821 3420 1181 3473 misrricordia
1234 3417 1648 3489 archiepiscopus
1701 3416 2075 3473 Constantino-

513 3511 726 3579 poleos,
788 3527 931 3565 nova:
976 3508 1189 3572 Romae,
1254 3519 1301 3563 et
1362 3509 1703 3562 aecumenicus
1750 3508 2074 3575 patriarcha.

517 3602 716 3656 Eodem
745 3602 867 3656 fidei
916 3602 1051 3667 zelo,
1091 3600 1329 3668 lgnatius
1378 3600 1683 3670 patriarcha
1711 3600 2074 3657 Antiochenus

522 3710 713 3746 novam
750 3694 892 3748 illam
955 3692 1197 3747 lia-resilit
1262 3691 1581 3758 proscribit;
1632 3691 1784 3760 cujus
1823 3691 2073 3758 Tomtttn,

522 3781 663 3851 «ιιιοἨ
698 3784 858 3853 paulo
894 3782 1171 3853 prolixior,
1194 3781 1421 3835 Allatins
1448 3797 1550 3835 non
1597 3781 1787 3836 edidit.
1838 3781 2076 3838 Conten-

522 3874 650 3927 tioni
685 3874 859 3928 locum
908 3872 1054 3926 dedit
1103 3869 1416 3927 Barlaamns
1473 3869 1701 3924 Calaber
1756 3873 2072 3936 monachus,

518 3966 600 4018 vir
627 3966 895 4024 eruditus.
926 3962 1040 4031 qui,
1072 3973 1131 4017 ut
1183 3977 1245 4017 se
1276 3945 1695 4017 'monaeho‘rum
1756 3963 2050 4032 disciplina:

514 4057 759 4122 tradidit,
790 4070 977 4109 eorum
999 4068 1211 4109 errores
1236 4053 1437 4108 detexit
1467 4068 1529 4107 ac
1558 4053 1823 4122 traduxit;
1879 4056 2077 4126 quibus

524 4148 792 4212 Palamas.
824 4148 1256 4217 archiepiscopus
1284 4145 1799 4210 Thessalonicensis,
1851 4161 1909 4201 se
1957 4148 2075 4201 vin-

520 4239 693 4292 dicem
719 4248 773 4294 et
802 4246 1077 4293 auctorem
1102 4237 1353 4307 prtebuit.
1406 4235 1857 4306 Barlaamumque
1900 4237 2072 4306 ipsum

518 4331 806 4398 oppressit.
841 4331 1104 4385 Damnato
1150 4328 1291 4381 enim
1338 4327 1682 4394 procacitatis
1727 4327 1779 4381 in
1836 4330 2075 4382 sanctius

2178 3162 2408 3217 parcens
2462 3147 2833 3219 typographus
2894 3163 2959 3203 ac
3011 3147 3299 3217 bibliopola
3363 3148 3750 3204 intercederet.

2176 3238 2333 3295 Libet
2393 3239 2609 3294 interim
2667 3239 2785 3310 ejus
2829 3240 2916 3296 hic
2966 3246 3130 3310 atque
3182 3240 3439 3295 doctrina:
3489 3239 3751 3310 majorem

2180 3333 2452 3396 notitiam,
2495 3332 2687 3399 lector,
2717 3332 3172 3403 praehere,-quam
3210 3331 3301 3386 ulli
3327 3339 3569 3388 nostrum
3616 3333 3751 3388 hac-

2180 3433 2337 3479 tenus
2371 3424 2695 3479 habuerint:
2737 3424 3009 3495 specimen
3052 3436 3267 3492 quoque
3297 3436 3361 3477 ex
3403 3421 3584 3475 verbis
3631 3420 3750 3489 ejus

2178 3529 2470 3585 apponere,
2506 3515 2647 3571 unde
2680 3515 2763 3570 vel
2800 3513 2938 3570 tueri
2967 3523 3025 3568 ut
3069 3514 3427 3569 orthodoxam
3463 3513 3753 3581 virumque

2177 3607 2323 3678 pium
2345 3622 2409 3660 ac
2438 3606 2633 3660 eximie
2654 3605 2947 3675 spiritalem
2979 3604 3216 3675 proclive
3284 3603 3376 3668 sit,
3435 3602 3520 3658 vel
3578 3603 3747 3658 etiam

2178 3708 2235 3753 ut
2264 3698 2536 3752 hominem
2568 3697 2846 3752 seductum
2874 3709 2971 3750 nec
2986 3708 3133 3750 same
3158 3695 3354 3749 mentis
3381 3693 3744 3764 proscribere.

2168 3788 2404 3843 ‘Pontani
2430 3786 2739 3856 conjectura
2770 3786 2822 3861 in
2878 3785 2979 3840 viri
3028 3794 3209 3851 aetate,
3260 3798 3423 3841 causa
3487 3782 3746 3847 carceris,

2176 3880 2406 3949 ejusque
2439 3879 2558 3930 aliis
2581 3891 2687 3931 non
2723 3878 2857 3931 satis
2888 3875 3037 3941 felix,
3077 3876 3277 3946 quibus
3323 3875 3566 3944 quaedam
3602 3872 3750 3927 illius

2176 3970 2366 4025 Latine
2391 3968 2626 4038 vulgavit
2657 3984 2721 4021 ex
2753 3967 3030 4023 codicibus
3060 3966 3355 4021 Bavaricis.
3391 3964 3497 4021 Leo
3518 3964 3752 4020 Allatius

2177 4081 2242 4121 cx
2266 4064 2400 4120 Viue
2422 4078 2643 4119 auctore
2676 4061 2922 4118 Sthetato
2941 4062 3063 4131 (nos
3092 4060 3433 4115 Pectoratum
3460 4056 3745 4135 dicimus),

2178 4172 2338 4225 quem
2369 4142 2817 4225 liquctadvers‘us
2852 4153 3077 4207 Latinos
3102 4166 3226 4206 cum
3280 4148 3538 4205 Michaele
3580 4148 3755 4202 Ceru-

2185 4249 2324 4304 lario
2350 4249 2642 4318 plurimum
2673 4248 3001 4309 decertasse,
3034 4259 3096 4299 ac
3130 4240 3395 4297 Cerularii
3432 4250 3616 4310 partes
3661 4237 3754 4292 fo-

2184 4340 2346 4401 visse,
2378 4339 2497 4407 ejus
2530 4339 2754 4408 propius
2816 4345 3030 4391 aetatem
3077 4341 3301 4387 venatus
3351 4343 3471 4396 est;
3522 4345 3753 4385 causam

518 4420 820 4475 institutum
843 4420 1124 4474 Barlaamo
1161 4417 1448 4483 monacho,
1477 4433 1766 4488 suppressa
1821 4419 1889 4473 de
1947 4419 2071 4487 dog-

2184 4443 2361 4485 tamen
2389 4430 2646 4493 carceris,
2677 4430 2819 4498 quod
2866 4442 2990 4482 eum
3030 4431 3381 4479 monumenta
3426 4422 3753 4486 defecerint,

517 4522 660 4568 mate
686 4511 910 4583 quassuo
944 4522 1047 4576 est,
1082 4526 1148 4565 ne
1179 4508 1423 4565 Palamas
1456 4525 1631 4579 prava:
1672 4510 1783 4576 ipse
1815 4508 2075 4564 doctrinae

518 4619 583 4659 ac
633 4604 899 4659 haeretica
955 4603 1243 4657 damnatus
1288 4600 1482 4655 abiret.
1529 4600 1751 4656 Vidend.
1806 4599 2077 4666 Gregoras

518 4696 612 4750 lib.
656 4711 722 4761 tt;
750 4682 1040 4750 Cantacuz.
1068 4693 1163 4749 lib.
1187 4709 1225 4748 ιι
1252 4692 1605 4746 Historiarum
1632 4699 1687 4745 et
1722 4691 1774 4745 iu
1809 4688 2080 4747 Protendo

514 4804 731 4843 suarum
762 4790 1277 4848 Contra-lictiounm,
1301 4786 1557 4839 adversus
1579 4784 2071 4839 llicremouachum

513 4880 847 4937 Prochorum
877 4881 1202 4952 Cydonium,
1233 4877 1484 4933 Demetrii
1512 4876 1757 4941 fratrem,
1790 4877 1852 4931 de
1880 4877 2081 4930 lumine

516 4974 808 5028 Tltaborio.

484 5052 493 5056 ’
584 5063 675 5116 Sic
702 5062 885 5131 putida
934 5062 1043 5115 visa
1108 5061 1513 5115 suntnonnulla
1547 5058 1776 5112 Palama:
1832 5057 2079 5133 dogmata

518 5171 578 5208 ac
617 5163 963 5224 nugamenta,
998 5162 1055 5206 ut
1090 5167 1350 5221 sequaces
1377 5151 1719 5220 postmodum
1759 5149 1937 5203 conati
1969 5150 2082 5202 sint

518 5253 610 5297 aut
639 5244 779 5298 illius
813 5257 1008 5312 negare
1041 5251 1131 5295 aut
1180 5243 1500 5310 sublegere:
1563 5239 1719 5306 cujus
1764 5238 1838 5290 rei
1889 5247 2082 5305 praeter

519 5346 760 5390 nostrum
793 5334 1335 5403 Calecam,locuplex
1385 5333 1539 5387 testis
1590 5331 1748 5386 Joan.
1801 5327 2077 5400 Cypariss.

513 5428 607 5480 lib.
641 5444 676 5490 ι,
704 5443 752 5480 c.
778 5428 832 5487 ‘2.
865 5443 892 5479 a
922 5444 1007 5482 me
1043 5429 1356 5494 productus.
1396 5424 1524 5479 Post
1557 5421 1829 5476 Palamam
1857 5421 2079 5476 haeresis

516 5519 784 5572 antistites
826 5519 995 5584 fuere,
1050 5519 1310 5583 Isidorus,
1377 5532 1534 5589 quem
1596 5514 1752 5571 Tomi
1810 5523 2082 5567 auctorem

2184 4536 2285 4576 nec
2310 4521 2425 4590 ipse
2444 4519 2660 4588 assequi
2717 4520 2927 4588 potuit;
2960 4515 3339 4583 divinansque,
3372 4512 3606 4583 nigriora
3640 4510 3758 4565 for-

2185 4615 2327 4669 sitan
2392 4612 2603 4677 calculo
2657 4610 2760 4664 viri
2822 4609 3136 4663 memoriam
3223 4604 3449 4660 notavit.
3479 4602 3557 4657 Ex
3626 4601 3753 4657 Vita

2185 4706 2367 4775 itaque
2401 4705 2512 4759 hrcc
2571 4716 2780 4757 summa
2828 4700 3048 4754 habeto.

2256 4794 2379 4850 Fuit
2405 4794 2635 4863 Symeon
2668 4791 2958 4860 Paphlago,
2991 4790 3186 4859 Oppido
3219 4788 3404 4842 Galata
3440 4785 3542 4857 (sic
3576 4784 3753 4857 dicto)

2184 4884 2427 4953 ingenuis
2449 4883 2785 4953 parentibus,
2816 4881 3010 4935 Basilio
3047 4889 3102 4933 et
3142 4878 3538 4947 TheOphanone
3561 4887 3751 4940 natus,

2179 4974 2380 5030 Basilio
2436 4982 2492 5027 et
2563 4970 2923 5027 Constantino
2982 4968 3494 5039 Porphyrogenitis;
3547 4978 3752 5036 patruo

2182 5065 2237 5118 in
2278 5062 2399 5117 aula
2427 5072 2643 5131 pOIcnte
2684 5071 2789 5116 eta
2843 5076 2998 5116 sacro
3061 5060 3328 5123 cubiculo,
3377 5059 3491 5126 ipse
3532 5071 3754 5125 quoque

2180 5152 2756 5223 spatbarocubicularii
2787 5166 3012 5207 munere
3043 5152 3185 5206 inter
3212 5158 3488 5206 senatores
3509 5159 3749 5211 merens,

2185 5244 2285 5299 etsi
2323 5252 2482 5298 celate
2505 5243 2742 5311 juvenis,
2785 5254 2981 5313 patruo
3010 5242 3159 5297 brevi
3186 5243 3474 5303 exstincto,
3524 5237 3755 5308 Symeo-

2188 5336 2275 5388 nis
2300 5333 2526 5389 Studitte
2556 5334 2684 5390 dicti
2716 5332 3053 5390 Venerabilis
3090 5332 3316 5387 consilio
3362 5343 3526 5400 atque
3583 5341 3751 5397 opera

2189 5426 2366 5493 (quem
2395 5435 2653 5495 perpetuo
2709 5425 3023 5496 magistrum
3068 5439 3133 5478 ac
3196 5433 3405 5491 patrem
3446 5420 3753 5490 spiritalem

2188 5514 2390 5582 vocat),
2453 5515 2736 5571 servientis
2787 5515 2976 5569 habitu
3014 5515 3066 5579 in
3102 5512 3365 5569 Studiano
3416 5506 3755 5565 monasterio

590 5681 665 5739 (nl
705 5679 840 5733 Vide
886 5679 1025 5733 inter
1067 5678 1299 5733 Palama‘.
1334 5678 1583 5733 homilias
1617 5688 1753 5744 quas
1786 5674 1839 5727 in
1880 5668 2149 5743 superiori
2185 5684 2335 5724 tomo
2367 5673 2675 5727 recudimus
2725 5687 2791 5727 ex
2824 5671 3061 5727 editione
3101 5667 3399 5723 novissima
3438 5660 3759 5730 Hierosoly-

517 5751 746 5804 mitana.
807 5750 955 5804 Εηιτ.
