3996 6222
263 227 348 291 2a
979 231 1079 292 DE
1115 185 1484 293 ESSENTlA
1529 233 1624 293 ur
1660 206 2170 298 ornante-NE.
2215 208 2279 272 4-
2323 234 2748 298 ιδιιιιῑιτλτῐο.
3365 242 3476 306 252

262 350 482 406 tyrouem
515 337 714 405 induit,
746 337 955 408 subque
986 339 1078 394 illo
1137 341 1405 396 exercuit.
1443 342 1669 397 Eximite
1693 357 1814 395 sau-

1917 345 2070 416 ὁρᾷν,
2104 346 2198 400 καὶ
2228 345 2388 399 αὐτὸν
2413 345 2506 401 τδν
2539 349 2597 400 ὲν
2656 347 2768 410 τοῖς
2802 344 2994 416 δώροις
3029 345 3278 416 ἀοράτως
3335 367 3479 419 παρ-

255 429 444 482 ctitatis
469 429 582 498 ipsa
615 429 868 484 exordia:
907 430 972 486 lis
999 432 1392 486 monachorum
1417 433 1504 486 alii
1531 432 1811 497 delectati,

1917 438 2068 503 ὄντα,
2101 437 2364 506 γνωστῶς
2395 436 2700 506 κεκτῆσθαι
2729 439 2786 488 ἐν
2813 437 2877 505 τῇ
2929 434 3122 507 καρδίᾳ
3165 433 3353 500 αὐτοῦ,
3393 436 3483 489 ἵνα.

257 520 336 572 alii
364 518 577 572 oﬂ'ensi.
611 518 938 588 Praepositus
971 535 999 573 a
1032 523 1304 577 severiore
1331 523 1610 592 disciplina
1639 539 1812 578 οοιια-

1921 530 2058 598 μετὰ
2093 528 2406 600 παρρησίας
2427 527 2651 582 δύναται
2680 527 2778 591 τὰς
2807 529 3093 599 ἱκετηρίας
3122 527 3481 596 προσφέρειν,

256 619 333 663 tus
351 625 601 674 avocnre,
644 624 766 664 cum
796 624 900 664 non
922 622 1160 680 pareret,
1203 627 1236 668 e
1257 613 1588 667 monasterio
1638 613 1808 681 cjicit.

1918 618 2115 680 καὶιὼς
2143 619 2296 686 φίλος
2323 618 2464 686 φίλῳ
2493 617 2841 685 διαλέγεσθαι
2874 617 2951 687 τῷ
2998 617 3115 686 Θεῷ
3153 617 3248 670 καὶ
3285 617 3480 684 "arpi,

257 698 480 767 Symeon
513 699 838 755 Venerabilis
877 702 1114 756 Antonio
1159 703 1332 756 sancti
1402 702 1688 757 Mamautis
1757 703 1812 757 in

1919 712 2010 761 καὶ
2029 709 2410 779 άκατακρίτως
2432 707 2636 775 λέγειν,
2672 726 2690 759 ι
2720 708 2905 775 Πάτερ
2929 707 3107 777 ἡμῶν,
3129 709 3156 758 ὀ
3183 710 3239 759 ἐν
3262 709 3372 768 τοῖς
3391 707 3483 758 ού-

256 787 550 846 Xerocerco
601 793 892 862 praeposito
929 795 1292 855 commendat,
1347 794 1572 863 ejusque
1622 795 1675 848 in
1722 795 1814 849 illo

1922 800 2122 868 pavoi;,
2152 815 2170 848 ι
2198 797 2272 860 ὡς
2307 797 2398 849 τὸν
2429 796 2684 865 ἀληθινὸν
2712 797 2846 848 Θεὸν
2876 796 2973 848 καὶ⁷
3010 795 3170 862 φύσει
3200 796 3328 848 ὄντα
3355 795 3485 846 Υίὺν

255 893 428 934 curam
465 882 629 951 gerit,
663 883 963 938 mouastico
992 883 1177 938 habitu
1205 883 1400 948 induit,
1453 885 1816 939 sanctiorihus

1915 887 2012 940 τοῦ
2029 886 2188 950 Θεοῦ,
2214 887 2350 956 ἔχων
2378 887 2638 940 οἰκοῦντα
2670 889 2726 937 ἐν
2749 886 2952 956 ἐαυτῷ,
2978 886 3066 938 διὰ
3095 885 3189 938 τοῦ
3209 885 3483 948 οἰκοῦντος

258 969 594 1024 documentis
651 973 972 1025 communit.
1039 971 1136 1026 Hic
1186 973 1274 1026 llle
1313 974 1506 1027 divinis
1543 984 1816 1028 recreatur
1919 979 2075 1046 ἁγίου
2100 978 2413 1047 "vatius-ro;
2444 980 2501 1030 ὲν
2538 976 2751 1048 ὲαυτῷ⁶
2779 976 2980 1046 Swpius
3021 988 3260 1046 rogatus,
3313 977 3485 1044 qualis

255 1058 772 1123 visionibus,altiore
811 1062 1266 1129 contemplatione
1291 1064 1397 1117 Deo
1428 1063 1811 1132 coniungitur:
1917 1070 2097 1123 debeat
2120 1085 2233 1123 esse
2270 1074 2535 1130 sacerdos,
2563 1070 2648 1121 rix
2701 1074 2911 1122 tandem
2954 1079 3258 1139 compuncto
3307 1069 3486 1121 animo

257 1151 399 1205 cibus
417 1153 797 1220 quotidianus,
829 1155 860 1204 ὁ
879 1153 1143 1216 (omnem:
1173 1158 1338 1223 ἄρτος
1382 1154 1475 1207 καὶ
1506 1154 1564 1206 τὸ
1587 1149 1726 1221 αἷμα
1757 1153 1815 1206 τὸ

1916 1175 2118 1228 gemens
2150 1159 2461 1226 respondit:
2492 1157 2606 1210 Heu
2646 1160 2768 1212 me!
2825 1160 3018 1227 fratres
3046 1198 3062 1222 ,
3117 1160 3242 1229 quid
3294 1175 3376 1212 me
3426 1159 3488 1210 de

253 1241 426 1310 τίμιον
445 1241 542 1296 τοῦ
560 1243 796 1312 Χριστοῦ
829 1260 844 1274 ⁸
881 1246 1042 1298 Panis
1074 1245 1300 1313 uiuiﬁcus
1327 1254 1375 1298 et
1404 1245 1816 1314 Christipretio-
1918 1249 2211 1302 istiusmodi
2245 1250 2578 1317 interrogatis
2603 1249 2628 1301 .’
2655 1249 2753 1303 Res
2781 1261 2856 1303 est
2914 1250 3205 1311 tremenda,
3253 1249 3331 1303 re!
3374 1250 3490 1316 ipso

252 1347 338 1384 sas
361 1335 615 1402 sanguis;
643 1333 814 1388 herba
842 1344 890 1386 et
919 1336 1199 1404 legumina,
1244 1337 1434 1405 quibus
1463 1334 1588 1390 solis
1653 1337 1815 1389 vitam
1917 1341 2172 1410 cogitatu.
2233 1339 2372 1393 Sane
2431 1356 2524 1411 ego
2566 1340 2973 1410 haudquaquam
3016 1342 3206 1409 dignus
3245 1344 3490 1391 sacerdos

249 1425 574 1479 sustentabat
641 1427 868 1494 exceptis
912 1427 1089 1482 diebus
1129 1427 1442 1483 Dominicis.
1498 1429 1814 1482 Arctissima
1917 1447 2054 1492 sum,
2105 1430 2225 1483 dum
2252 1432 2390 1484 sacri
2436 1431 2666 1484 muneris
2719 1446 2780 1483 ac
2837 1429 3111 1500 dignitatis
3171 1429 3490 1482 tremendum

251 1517 504 1581 solitudo,
533 1517 795 1573 orali0uis
837 1519 964 1588 inge
1001 1520 1262 1583 studium,
1313 1519 1608 1589 Scriptura!
1631 1518 1815 1574 sedula
1925 1521 2207 1594 fastigium
2244 1530 2638 1588 reputo:certo
2695 1531 2869 1574 tamen
2923 1520 3138 1574 humilis
3199 1536 3292 1588 ego
3349 1519 3487 1582 novi,

255 1609 444 1673 lectio,
478 1624 543 1663 ac
570 1609 818 1664 Vitarum
844 1609 1257 1676 monachorum,
1283 1611 1372 1679 qui
1398 1611 1676 1679 superiore
1697 1624 1814 1663 t'evo
1848 1666 1888 1682 ,ε
1916 1613 2088 1682 qualis
2110 1613 2286 1665 debeat
2319 1627 2427 1666 esse
2448 1613 2710 1665 sacerdos.
2757 1611 2991 1665 Primum
3021 1613 3226 1681 quidem
3279 1617 3487 1674 castus,

244 1702 545 1756 sanctitate
580 1702 905 1757 claruisscut
931 1719 947 1763 :
1006 1700 1116 1756 diei
1172 1701 1349 1755 omnis
1404 1699 1816 1756 accuratissima
1847 1666 1889 1724 Β
1921 1719 2022 1756 non
2045 1700 2210 1755 solum
2241 1716 2476 1767 corpore,
2498 1717 2672 1754 rerum
2701 1701 2894 1764 potiori
2927 1700 3076 1769 longe
3101 1701 3305 1753 ratione
3326 1700 3490 1752 etiam

244 1791 613 1855 exercitatio,
668 1791 736 1845 ad
788 1805 996 1846 sacram
1074 1793 1512 1845 communionem
1568 1790 1805 1844 inaudita
1922 1793 2099 1845 animo
2136 1807 2198 1842 ac
2227 1801 2444 1842 mente:
2486 1806 2548 1841 ac
2581 1789 2827 1843 exteriori
2867 1789 3074 1858 quidem
3123 1787 3495 1855 compositione

244 1883 598 1953 praeparatio,
631 1883 840 1937 dierum
893 1880 1354 1951 Quadragesimae,
1395 1879 1635 1949 exceptis
1681 1878 1821 1935 Sab-
1923 1900 1985 1936 ac
2011 1882 2202 1945 indole,
2228 1881 2462 1946 Immitis,
2523 1881 2687 1932 animi
2721 1889 2894 1933 autem
2959 1895 3020 1932 ac
3068 1879 3311 1967 interiori
3353 1888 3494 1931 statu

244 1975 382 2029 bato
415 1984 466 2027 et
495 1973 798 2038 Dominica,
865 1973 1066 2028 inedia.
1921 1988 2177 2042 sensuque
2202 1981 2562 2037 compunctus.
2594 1970 2726 2024 Cum
2775 1987 2892 2024 vero
2932 1986 3100 2024 sacra:
3139 1970 3496 2046 menstegssi-

315 2065 588 2120 Defuncto
611 2065 865 2132 Antonio,
919 2069 1096 2121 sancti
1152 2064 1434 2120 “amantis
1487 2062 1824 2118 monasterio
1925 2067 2041 2126 stit,
2077 2072 2246 2116 mente
2285 2063 2493 2129 quitens
2529 2062 2804 2128 Deitatem,
2855 2078 3010 2118 sensu
3059 2048 3180 2116 vero
3229 2061 3494 2129 proposita

241 2155 553 2226 praeﬁcitur
583 2169 646 2209 ac
665 2155 922 2210 sacerdos
955 2155 1235 2209 ordinatur
1265 2169 1296 2208 a
1335 2152 1560 2207 Nicolao
1583 2151 1826 2222 Chryso-
1925 2158 2064 2210 dona
2099 2157 2330 2208 contueri
2359 2153 2526 2216 debet,
2566 2155 2836 2224 ipsumque
2884 2155 3246 2222 inaspectabili
3290 2154 3496 2206 ratione

245 2248 423 2314 berge
447 2246 751 2314 patriarcha
776 2262 792 2301 :
828 2233 1064 2314 spirltus
1093 2245 1289 2311 sancti,
1321 2243 1574 2299 immensi
1603 2243 1823 2298 luminis

1926 2250 1980 2303 in
2003 2248 2157 2300 donis
2185 2254 2512 2313 prtesentem,
2543 2248 2771 2301 scientia'
2797 2263 3008 2300 munere
3032 2247 3243 2313 altaque
3263 2256 3494 2298 contem-

243 2340 458 2409 specie,
488 2339 786 2393 descensus
847 2339 898 2391 in
933 2345 1095 2405 caput
1133 2336 1405 2391 ordinati:
1457 2335 1596 2391 visio
1655 2334 1826 2387 eidem
1926 2336 2152 2405 platione
2190 2336 2244 2388 in
2305 2333 2461 2387 corde
2508 2348 2602 2386 suo
2662 2335 2943 2398 possidere,
3013 2341 3070 2385 ut
3124 2349 3240 2386 eum
3302 2330 3498 2400 ﬁducia

247 2429 548 2484 familiaris
591 2430 735 2484 inter
779 2443 895 2482 rem
932 2443 1140 2482 sacram
1192 2442 1287 2496 per
1361 2441 1534 2481 annos
1590 2426 1826 2496 quatlr:t-
1927 2429 2080 2481 liceat
2115 2424 2525 2491 supplicationes
2551 2425 2763 2492 offerre,
2802 2441 2864 2476 ac
2896 2426 3031 2478 sicut
3085 2425 3285 2478 amicus
3327 2425 3502 2477 amico

223 2522 409 2592 -ginta
446 2503 572 2574 οσῖο
599 2521 682 2575 sui
713 2520 1030 2582 sacerdotii,
1071 2517 1258 2582 καθὼς
1289 2518 1451 2580 αὐτὸς
1505 2517 1641 2586 πρός
1685 2533 1799 2569 τινα

1928 2519 2187 2589 loquitur,
2241 2533 2359 2570 cum
2423 2516 2528 2570 Deo
2599 2532 2890 2570 sermonem
2951 2517 3205 2586 conferre,
3256 2501 3501 2588 ualloque

249 2613 328 2672 ὡς
364 2613 497 2681 περὶ
519 2610 682 2663 ἄλλου
709 2609 853 2672 τινος
887 2609 1074 2676 ἔλεγεν
1105 2610 1301 2663 ἑαυτὸν
1351 2607 1700 2680 ὑποκρύὸωνο
1734 2607 1827 2659 καὶ

1921 2611 2114 2680 judicii
2144 2626 2198 2664 re
2213 2620 2288 2661 itu
2312 2610 2503 2672 dicere,
2537 2629 2554 2660 ι
2586 2609 2745 2662 Pater
2782 2618 2978 2671 noster,
3004 2609 3092 2678 qui
3117 2625 3168 2662 es
3199 2610 3254 2662 in
3280 2610 3442 2670 caelis,
3476 2628 3493 2660 ι

251 2705 570 2773 γέγραπται
600 2702 662 2752 ἐν
695 2703 806 2762 τοῖς
846 2699 1011 2752 αὑτοῦ
1053 2700 1495 2776 Ἀττοφθέγμασι,
1522 2708 1576 2751 ut
1603 2700 1711 2766 ipse
1761 2697 1829 2750 ad

1931 2712 1987 2755 ut
2029 2703 2117 2768 qui
2138 2717 2312 2754 verum
2356 2700 2515 2753 Deum
2565 2709 2612 2754 et
2654 2709 2850 2752 natura
2925 2699 3017 2753 Dei
3066 2700 3286 2766 Filium,
3342 2701 3395 2755 in
3449 2717 3503 2755 se

254 2795 544 2864 quemdam
577 2800 834 2863 tanquam
889 2791 954 2845 de
979 2791 1085 2845 alio
1112 2791 1341 2860 quodam
1391 2793 1672 2853 narrabat,
1725 2789 1828 2843 δεῖ·
1928 2793 2270 2852 habitantem.
2299 2807 2391 2859 per
2417 2789 2645 2859 Spiritus
2696 2791 2749 2844 in
2837 2792 2952 2860 ipso
3027 2791 3311 2846 habitantis
3367 2809 3506 2862 prte-

253 2901 413 2950 psum
453 2883 715 2949 tantisper
749 2882 1017 2935 occultans
1041 2896 1060 2935 :
1083 2881 1404 2950 habeturque
1428 2879 1676 2947 scriptum
1699 2879 1833 2930 inter
1931 2884 2150 2938 sentiant
2177 2883 2388 2936 habeat.
2426 2883 2669 2936 Deterret
2697 2885 2840 2936 serio
2875 2885 2940 2935 nl)
2965 2883 3080 2953 ejus
3141 2884 3348 2937 ordinis
3378 2899 3502 2938 am-

251 2977 371 3045 eju
400 2971 873 3041 Apophthegmata-
901 2958 994 3025 Sic
1026 2970 1180 3026 Nilus
1209 2972 1275 3025 ad
1308 2971 1479 3038 ipsum
1505 2969 1831 3038 Chrysosto-
1858 3003 1900 3059 ο
1935 2977 2071 3040 bitu,
2115 2973 2358 3042 angelico
2404 2987 2540 3042 pene
2605 2973 2757 3026 vultu
2820 2975 2932 3038 ipse
2988 2975 3292 3040 celebrans,
3332 2983 3386 3028 et
3448 2975 3501 3028 in

253 3083 403 3119 suum
429 3067 625 3128 refert,
653 3065 793 3133 quod
825 3063 916 3117 ille
944 3062 1088 3117 velut
1128 3063 1196 3116 de
1233 3062 1338 3114 alio
1391 3060 1656 3131 loquitur,
1715 3073 1835 3112 cer-
1934 3082 2092 3138 quem
2119 3073 2361 3121 astantes
2389 3064 2474 3118 vix
2530 3073 2748 3134 possent
2808 3064 3066 3133 aspicere.
3136 3065 3256 3120 Visa
3310 3067 3506 3135 smpius

252 3167 418 3211 uente
448 3155 636 3208 locum
672 3154 858 3208 altaris
905 3154 1120 3222 plenum
1170 3153 1482 3209 coelestibus
1547 3150 1838 3205 Potestati-
1935 3157 2108 3213 nubes
2170 3155 2351 3211 lucida
2403 3163 2540 3223 qua!
2585 3163 2760 3210 totum
2831 3156 3106 3225 obtegeret
3157 3165 3386 3211 stantem
3449 3158 3504 3212 in

255 3251 354 3301 bas
395 3247 504 3300 sub
537 3245 712 3313 ipsum
748 3244 1003 3298 sacriﬁcii
1059 3254 1290 3314 tempus.
1343 3243 1513 3299 Porro
1562 3239 1836 3296 sensibilis
1937 3247 2167 3301 bcmate,

255 3342 340 3394 hic
374 3337 626 3407 Spiritus
661 3335 924 3391 adventus
977 3349 1042 3389 ac
1099 3336 1260 3401 visio,
1329 3334 1430 3388 etsi
1491 3347 1577 3387 res
1619 3330 1837 3385 insolita
2011 3335 2365 3390 Instauratum
2393 3335 2459 3389 ab
2490 3350 2556 3405 eo
2593 3332 2764 3390 sancti
2798 3333 3102 3402 Mamautis,
3128 3336 3214 3389 cui
3246 3343 3500 3405 praeerat,

255 3441 358 3491 est,
384 3431 752 3496 videaturque
775 3429 840 3483 ad
875 3427 1231 3482 Massalianos
1254 3426 1505 3480 nonnihil
1549 3423 1837 3485 inclinare,
1941 3428 2366 3494 monasterium;
2418 3437 2612 3482 auctus
2662 3427 2738 3482 illi
2777 3429 3162 3483 monachorum
3198 3444 3368 3497 μοις
3426 3429 3505 3482 νῇ-

255 3523 344 3588 qui
382 3521 464 3574 sic
507 3520 722 3575 divinas
741 3519 892 3586 quasi
923 3521 1079 3589 juges
1134 3519 1370 3574 visiones
1401 3521 1702 3585 iuuarent:
1732 3529 1838 3568 non
1941 3519 2093 3574 sione
2118 3518 2274 3572 nubis
2301 3518 2487 3572 lucidae
2517 3519 2622 3571 alta
2660 3520 2903 3588 quaedam
2926 3533 3186 3574 concessa
3217 3520 3504 3589 sapientia,

256 3610 457 3664 desunt
487 3621 668 3662 tamen
710 3609 872 3663 etiam
904 3609 1052 3662 inter
1097 3607 1400 3663 catholicos
1438 3605 1634 3661 similia
1655 3617 1834 3658 exem-

1943 3595 2416 3679 tloctusque'géva
2472 3610 2595 3663 τινὰ
2642 3610 2738 3663 καὶ
2788 3611 3152 3679 κεκρυμμένα
3209 3611 3505 3680 μυστήρια.

254 3699 342 3772 pla
377 3702 473 3754 :in
515 3699 715 3754 Basilio
758 3708 814 3755 et
862 3700 1256 3770 Chrysostomo
1301 3699 1514 3766 alioque
1567 3697 1832 3767 episcopo,

1942 3702 2298 3768 Quamobrem
2333 3717 2397 3757 ex
2431 3719 2495 3758 eo
2535 3712 2795 3770 tempore,
2834 3701 2936 3754 ούκ
2993 3696 3140 3770 εἶχεν
3187 3700 3344 3761 αὐτὸς
3380 3701 3505 3753 ἐαυ-

253 3794 416 3863 ευὶυε
454 3792 573 3860 iam
628 3807 734 3846 ηοιι
773 3793 1018 3846 οοειπΐίῑ
1083 3805 1303 3854 nomen.
1342 3789 1624 3858 Αῧτηιιοηθ
1670 3790 1845 3856 Ροηιί·
1942 3795 2056 3859 τὸν,
2079 3795 2194 3848 ἀλλ’
2225 3796 2258 3864 ή
2292 3794 2384 3848 τοῦ
2415 3794 2546 3848 Θεοῦ
2580 3795 2740 3864 χάρις
2778 3794 2898 3847 ὅλον
2939 3793 3103 3847 αὐτὸν
3138 3795 3272 3864 πρδς
3305 3794 3506 3865 ἑαυτὴν

257 3887 402 3939 tice:
435 3883 535 3953 qui
568 3897 756 3937 omnes
797 3882 1026 3938 ministri
1055 3882 1296 3946 lascivia,
1327 3881 1481 3936 solita
1513 3881 1614 3934 hac
1641 3879 1835 3933 visione

1945 3888 2320 3950 ἐπισπάσασα,
2350 3888 2451 3956 τὴν
2483 3889 2580 3958 μὲν
2606 3888 2855 3955 γλῶτταν
2889 3889 3055 3944 αὑτοῦ
3087 3890 3340 3958 κάλαμον
3384 3889 3506 3953 ὀξυ-

258 3978 454 4045 cisque
533 3974 784 4026 familiari
844 3973 1168 4041 quandoque
1230 3972 1426 4042 privati
1472 3971 1746 4040 leguntur,
1781 3983 1836 4023 ac

1944 3977 2177 4044 γράφου,
2213 3975 2309 4045 τὴν
2335 3974 2390 4028 δὲ
2419 3976 2660 4030 διάνοιαν
2687 3977 2871 4048 πηγὴν
2916 3979 3105 4048 σοφίας
3137 3978 3275 4031 Θεοῦ
3314 3980 3507 4047 ἀπειρ·

259 4068 440 4120 donec
477 4064 571 4116 illa
597 4064 697 4115 fuit
733 4064 990 4118 coercita.
1032 4062 1302 4116 Putabant
1349 4063 1449 4127 illi,
1503 4077 1608 4116 non
1663 4061 1837 4130 ipsum

1943 4067 2169 4132 γάσατο.
2204 4065 2303 4118 Διὰ
2332 4066 2489 4119 τοῦτο
2520 4067 2614 4119 καὶ
2637 4068 2858 4139 ἀμαθὴς
2883 4069 2958 4121 ὢν
2988 4069 3163 4140 πάντη
3201 4069 3310 4121 τῶν
3344 4070 3509 4138 θύρα-

257 4171 320 4209 se
358 4157 636 4224 Spiritum
686 4153 886 4219 videre,
939 4155 1080 4222 quod
1121 4151 1568 4207 Massaliauorum
1623 4149 1835 4206 hmresis

1946 4158 2037 4210 θεν
2069 4157 2425 4224 μαθημάτων,
2459 4157 2533 4220 ὡς
2563 4160 2590 4210 ὁ
2619 4161 2995 4230 ἡγαπημένος,
3050 4160 3342 4228 ὲθεολόγει,
3415 4162 3507 4214 καὶ

257 4249 358 4308 sit,
383 4247 484 4300 sed
522 4246 734 4313 signum
764 4244 1022 4299 sensibile
1050 4244 1167 4313 ejus
1202 4247 1522 4313 prtesentiae,
1576 4244 1692 4299 sive
1715 4241 1835 4296 illud

1944 4247 2014 4298 τά
2039 4239 2140 4316 τῆς
2169 4247 2447 4320 θεολογίας
2500 4249 2652 4312 ὅλαις
2687 4251 2807 4315 νυξὶ
2838 4252 3180 4306 άνετάττετο.
3221 4251 3352 4318 .lpse
3383 4254 3507 4305 'sei-

259 4340 470 4399 lumen,
511 4338 628 4390 sive
656 4336 930 4404 quodlibet
993 4335 1137 4389 aliud
1181 4336 1361 4390 dicere
1383 4349 1606 4389 necesse
1640 4343 1746 4390 est.
1868 4334 1912 4388 ῐ)
1941 4357 2088 4409 psum
2136 4357 2237 4394 non
2294 4342 2531 4409 habebat,
2597 4345 2686 4397 sed
2708 4344 2802 4398 Dei
2862 4345 3040 4415 gratia
3086 4346 3156 4398 ad
3211 4361 3267 4398 se
3344 4354 3508 4397 totum

243 4499 246 4502 ἢ
337 4426 720 4482 Sacerdotalis
773 4426 1012 4479 muneris
1075 4425 1656 4494 ingensexistimatio:
1691 4425 1830 4478 Πολο
1946 4433 2204 4498 trahente,
2247 4434 2431 4503 lingua
2462 4434 2670 4503 quidem
2717 4435 2952 4488 calamus
3023 4436 3208 4489 scribet
3272 4435 3512 4488 velociter

261 4521 423 4583 λὰχις
458 4516 821 4589 ἐρωτώμενος
850 4518 1004 4588 παρά
1030 4533 1216 4581 τινων,
1249 4519 1431 4580 ὁποῖος
1469 4513 1607 4571 εἶναι
1641 4517 1839 4586 ὀφείλει

1944 4525 2233 4588 scribentis,
2289 4541 2429 4578 mens
2461 4541 2604 4587 vero,
2673 4525 2791 4593 fons
2859 4524 2952 4578 Dei
3002 4526 3277 4591 sapientia:
3327 4524 3509 4591 e/fecta

261 4615 292 4665 ὁ
323 4612 538 4682 lapsi“,
573 4608 734 4679 μόλις
772 4609 910 4679 μετὰ
959 4607 1306 4672 κατανύξεως
1340 4609 1677 4680 ἀπεκρίνατο
1720 4609 1839 4662 στέ-

1942 4624 2077 4669 erat.
2110 4614 2318 4668 Idcirco
2354 4618 2533 4681 etiam,
2572 4617 2693 4670 licet
2721 4616 2951 4668 omnium
2985 4631 3200 4684 prorsus
3232 4630 3296 4668 ea:
3328 4614 3510 4668 swculi

260 4720 400 4765 νων,
428 4701 599 4769 Οῖμοι
623 4700 638 4753 ι
669 4699 923 4767 ἀδελφοίο
956 4700 1009 4751 τί
1040 4715 1108 4767 με
1135 4700 1264 4770 περὶ
1288 4700 1546 4754 τοιούτων
1567 4702 1838 4771 ὲρωτᾶτες

1945 4721 2043 4757 usu
2077 4705 2478 4772 disciplinarum
2510 4708 2691 4772 rudis,
2772 4708 2986 4774 perinde
3049 4723 3110 4759 ac
3155 4706 3372 4759 dilectus
3422 4705 3511 4757 ille

261 4793 382 4848 Καὶ
406 4792 474 4844 τὸ
505 4791 745 4860 πρᾶγμά
792 4791 907 4842 ἔστι
955 4790 1185 4858 φρικτὸν
1214 4793 1310 4845 καὶ
1338 4791 1650 4860 νοούμενον.
1702 4790 1839 4859 Ἐγὼ

1965 4796 2249 4863 liscipulus,
2284 4813 2402 4866 qua:
2445 4799 2632 4851 diuina:
2673 4799 2904 4852 scientiae
2958 4806 3102 4860 sunt,
3160 4796 3402 4861 edebat,
3431 4805 3543 4866 tos

256 4886 367 4950 μὲν
394 4883 583 4954 ἱερεὺς
599 4883 858 4952 οὐδαμῶς
888 4883 1006 4952 εἰμι
1031 4881 1200 4946 ἄξιος,
1229 4883 1291 4935 τὸ
1317 4883 1548 4952 φρικτὸν
1564 4883 1663 4953 τῆς
1693 4883 1834 4953 ἱερᾶς

1944 4897 2124 4956 tasque
2172 4895 2345 4941 noctes
2405 4886 2690 4958 theologica
2740 4889 3046 4941 instruebat.
3091 4885 3213 4941 “me
3244 4895 3510 4938 tantarum

253 4973 474 5026 ἐννοῶν
508 4973 666 5035 ἀξίας
686 4990 700 5004 ο
742 4973 882 5041 πλὴν
907 4973 1058 5042 ὅμως
1087 4973 1347 5042 ἀσφαλῶς
1377 4975 1405 5026 ὁ
1427 4974 1681 5038 ταπεινὸς
1701 4971 1831 5038 οἶδα1

1947 4977 2233 5049 Symeonis
2258 4977 2695 5033 lucubrationum
2725 4978 2898 5048 origo.
2966 4978 3101 5031 lliuc
3157 4975 3510 5037 Θεοδίδακτος

253 5063 522 5124 ποταπὸς
547 5062 758 5130 ὀφείλει
790 5057 929 5114 εἶναι
979 5063 1007 5112 ὁ
1038 5062 1237 5131 ἱερεύς.
1271 5061 1496 5133 Πρῶτον
1525 5063 1624 5133 μὲν
1656 5063 1831 5131 ἁγνὸς1

1947 5069 2496 5139 repente,magister
2579 5084 2642 5125 ac
2699 5071 2930 5138 scriptor
2992 5070 3223 5140 Symeon
3303 5067 3509 5121 evasit:

255 5153 325 5204 αὖ
347 5152 433 5220 τῷ
460 5151 683 5222 σώματι
720 5152 902 5221 μόνον,
934 5151 1071 5204 ἀλλὰ
1108 5152 1290 5222 πολλῷ
1334 5153 1535 5222 μᾶλλον
1564 5155 1659 5207 καὶ
1710 5155 1833 5224 αύτῖ

1945 5176 2251 5231 quanquam
2277 5161 2407 5216 nihil
2433 5171 2599 5227 vetat,
2631 5162 2713 5217 vel
2757 5163 2802 5218 si
2847 5178 2876 5216 a
2906 5155 3016 5215 D'co
3045 5161 3351 5215 dederimus
3376 5159 3513 5214 hanc

257 5245 335 5311 τῇ
363 5243 550 5312 ψυχῇ.
588 5243 663 5294 Ob
701 5243 864 5312 μόνον
900 5243 979 5308 δὲ,
1009 5243 1148 5296 ἀλλὰ
1197 5245 1295 5298 καὶ
1342 5245 1530 5316 πάσης
1573 5247 1835 5316 ἁμαρτίας

1948 5253 2236 5316 visionem,
2268 5267 2438 5323 eaque
2494 5251 2722 5307 effusam
2782 5253 3122 5318 sapientiam,
3193 5251 3388 5320 aliquid
3447 5265 3513 5304 ex

261 5334 588 5401 ἀμέτοχος·
635 5335 734 5387 καὶ
763 5334 841 5403 τῷ
902 5336 1002 5402 μὲν
1037 5334 1237 5398 ἔξωθεν
1284 5335 1408 5407 ἡθει
1437 5337 1732 5404 κταπεινὸς,
1771 5336 1839 5407 τῷ

1946 5345 2102 5415 genio
2126 5344 2296 5413 ipsum
2317 5342 2604 5407 addidisse,
2633 5343 2706 5396 uti
2734 5343 2846 5397 iere
2871 5343 2924 5395 in
2961 5339 3255 5403 Bernardo,
3306 5347 3513 5393 nostro-

257 5423 321 5474 δὲ
347 5424 580 5477 ἔνδοθεν
607 5425 1000 5495 καταστήματι
1051 5426 1543 5497 συντετριμμένος.
1576 5427 1746 5482 Ὅταν
1792 5428 1835 5481 δὲ

1947 5450 2054 5505 que
2088 5433 2330 5499 Alberto,
2359 5431 2437 5487 sic
2469 5433 2729 5488 divinitus
2756 5433 2928 5488 auctis
2973 5431 3224 5496 scicntia,
3283 5445 3510 5499 quorum

258 5515 333 5581 τῇ
375 5515 511 5583 ἱερᾷ
540 5514 792 5586 τραπέζῃ
823 5515 1178 5584 παρίσταται,
1200 5517 1403 5587 νοερῶς
1431 5518 1532 5588 μὲν
1569 5518 1668 5589 τὴν
1717 5518 1836 5572 Θεό·

1304 5517 1403 5585 σῶς
1431 5518 1532 5588 μὲν
1569 5518 1668 5589 τὴν
1717 5518 1849 5572 Θεό·
1950 5533 2126 5576 tamen
2179 5522 2358 5575 omnia
2404 5535 2506 5575 non
2569 5522 2882 5590 probantur.

261 5618 440 5669 tit-:1,
483 5605 756 5672 αἰσθητῶς
811 5606 867 5658 δὲ
933 5607 1002 5660 τὰ
1046 5607 1385 5678 προκείμενα
1430 5609 1580 5678 δῶρα
1641 5610 1839 5679 ὀφείλει

2019 5610 2155 5666 llinc
2186 5611 2384 5668 crebrae
2419 5609 2700 5682 Symeonis
2742 5617 2807 5672 ad
2861 5631 2990 5673 suos
3052 5617 3365 5673 CJU‘ClleSCS
3416 5629 3509 5670 seu
