4020 6206
524 292 632 353 2π3
1569 341 1614 363 ρ

1781 247 2176 349 MANUELIS
2215 289 2520 366 CALEegE
2646 308 2648 310 τ

3644 291 3748 353 ρει

521 420 842 474 parmneses,
885 405 1262 460 Studianorum
1324 405 1435 459 fere
1495 404 1876 458 monachorum
1931 406 2077 467 ritu;

2189 406 2599 473 ἐγκοπτὸμενος.
2653 407 2758 477 Τὴν
2791 407 3014 478 ἄπειρον
3063 407 3154 461 οῦν
3216 409 3506 479 συντριϐὴν
3552 410 3750 476 εἰδότες

518 510 676 567 atque
704 499 754 550 in
783 497 860 552 eis
908 498 1078 564 magni
1115 497 1409 561 praesertim
1435 493 1765 549 confessoris
1791 494 2076 558 Theodori,

518 602 622 654 quo
655 587 734 638 vel
768 585 993 639 maxime
1031 585 1266 636 antistite
1317 583 1555 651 duceqae
1596 585 1905 636 monasticte
1929 597 2082 636 exer-

518 677 804 736 citationis,
891 674 1120 746 Symeon
1181 674 1530 742 gloriabatur.
1599 673 1794 726 Eorum
1853 685 2079 742 pertaesa

521 767 922 835 monachorum,
985 767 1085 819 sub
1154 781 1218 820 eo
1276 766 1594 819 merentium
1657 781 1781 832 pars
1839 752 2078 835 (triginta

519 857 732 909 circiter
772 833 1041 924 monachi)
1073 857 1315 911 discissis
1363 857 1535 926 palliis
1582 873 1682 910 una
1720 858 1948 912 coitione
1996 861 2078 912 vix

519 966 621 1002 non
656 953 913 1004 violentas
944 952 1245 1020 injicientes
1276 968 1484 1019 manus,
1509 963 1804 1021 enectoqne
1843 963 2079 1021 pastore,

517 1041 753 1095 effractis
809 1043 1118 1095 monasterii
1207 1041 1438 1104 foribus,
1498 1042 1799 1096 tumnltnin
1855 1047 2083 1112 patriar-

517 1131 694 1182 cbiutn
728 1132 1054 1199 irrumpunt,
1118 1132 1365 1200 querelas
1398 1131 1696 1185 eﬂundunt.
1735 1135 1924 1187 Audita
1981 1135 2083 1204 Sy-

519 1222 721 1274 tnconis
747 1223 1133 1285 satisi‘acrioae,
1169 1224 1391 1290 ejusque.
1423 1225 1484 1275 ad
1522 1239 1649 1276 suos
1692 1225 1911 1291 probata
1984 1241 2081 1293 pa-

516 1313 725 1370 ra-ncsi.
768 1315 1001 1366 damnati
1027 1315 1212 1366 exsilio
1243 1330 1269 1366 a
1303 1315 1616 1382 patriarcha
1676 1316 1909 1383 protervi
1969 1331 2082 1368 mo.

517 1403 705 1463 naehi;
740 1406 931 1468 vixque
962 1404 1244 1473 Synteonis
1303 1419 1484 1473 rogatu
1532 1407 1778 1474 permissi
1821 1408 1890 1460 in
1950 1409 2083 1461 urbe

519 1508 756 1553 manere,
789 1495 1108 1546 monasterio
1145 1504 1322 1546 tamen
1355 1497 1582 1550 exclusi.
1617 1497 1846 1566 Symeon
1876 1499 1953 1552 sic
1982 1513 2078 1567 per

519 1583 703 1634 urbem
739 1583 1008 1649 diSpersos
1064 1584 1300 1651 singulos
1382 1586 1570 1638 adiens
1629 1585 1956 1651 demulcere,
2013 1587 2081 1640 ad

518 1685 680 1734 seque
747 1670 1038 1733 revocare,
1086 1674 1341 1740 brevique
1399 1685 1542 1727 tanta
1612 1676 1696 1728 illa
1759 1679 2083 1733 humanitate

2179 493 2271 545 τοῦ
2307 496 2630 561 ἐπισκόπου,
2667 498 2760 550 καὶ
2812 498 2910 566 τὴν
2940 498 2994 549 ὲν
3025 497 3206 550 πένθει
3249 499 3436 552 τούτου
3487 500 3745 569 διάνοιαν,

2179 584 2238 635 ού
2273 586 2429 651 μόνον
2453 585 2785 656 συγγνώμην
2816 591 3036 658 ταχεῖαν
3053 589 3128 660 τῷ
3154 589 3310 643 πάοει
3334 590 3584 658 διδοῦσιν,
3613 593 3750 649 ἀλλὰ

2179 677 2270 729 καὶ
2325 679 2547 748 μυρίαις
2599 679 2975 748 παρακλήσεσι
3019 679 3076 732 τὸ
3122 679 3426 744 κατὼδυνον
3485 698 3746 752 παρακα-

2179 768 2360 820 λοῦσιν
2383 771 2547 822 αὑτοῦ
2576 771 2673 839 τῆς
2717 770 2913 840 ψυχῆς.
2953 771 3112 823 Ἀλλὰ
3141 769 3216 840 τῷ
3254 773 3585 844 περικαρδίῳ
3615 791 3747 843 κρα-

2179 859 2436 927 τούμενος
2485 861 2831 922 ὀὲπίσκοπος
2883 862 3046 930 πόνῳ,
3089 863 3472 932 ἀπαράκλητος
3532 864 3745 934 ἔμενεν.

2191 948 2428 999 Ἐκεῖθεν
2452 944 2545 1000 οὖν
2591 947 2726 1016 πρὸς
2759 949 2857 1018 τὴν
2903 950 3316 1003 Κωνσταντίνου
3380 953 3742 1020 μεγαλόπολιν

2179 1040 2268 1090 τὸν
2299 1039 2524 1092 ἕλκοντα
2574 1041 2932 1109 ἀποστρέφει.
2983 1041 3129 1110 Πεζῆ
3186 1043 3482 1096 τοίνυνκαὶ
3538 1049 3745 1114 ταύτην

2181 1132 2549 1199 ποιησάμενπ
2582 1132 2678 1201 τὴν
2701 1134 2942 1201 πορείαν,
2995 1134 3403 1202 καταλαμϐάνει
3436 1137 3534 1203 τὴν
3592 1137 3744 1206 βασι-

2180 1218 2470 1272 λεύουσάνο
2495 1223 2590 1274 καὶ
2619 1225 2695 1285 είς
2727 1224 2824 1292 τὴν
2854 1226 3098 1292 μεγάλην
3155 1226 3249 1278 τοῦ
3303 1225 3436 1278 Θεοῦ
3492 1227 3745 1280 εἰσελθὼν

2195 1307 2547 1377 Ἐκκλησίαν,
2617 1311 3020 1382 ἐξομολογεῖται
3077 1315 3214 1382 μετὰ
3254 1307 3501 1384 δακρύων
3558 1317 3634 1386 τῷ
3684 1334 3741 1369 τε

2185 1399 2493 1472 πατριάρχῃ
2527 1401 2746 1464 καὶτοῖς
2775 1403 3091 1472 ἀρχιερεῦσι
3143 1405 3203 1456 τὸ
3244 1407 3462 1474 πτῶμα,
3517 1409 3609 1459 καὶ
3647 1409 3742 1460 σῦν

2181 1492 2256 1560 τῷ
2283 1492 2424 1560 λόγῳ
2456 1493 2513 1545 τὸ
2542 1496 2638 1562 τῆς
2676 1495 2976 1566 ὲπισκοπῆς
3025 1497 3240 1568 ἀξίωμα
3283 1501 3420 1568 μετὰ
3470 1500 3564 1569 τῆς
3612 1501 3741 1554 dini-

2185 1600 2319 1645 630);
2348 1585 2684 1638 ἀποτίθεται.
2743 1587 3032 1656 Episcopus
3075 1605 3196 1658 ergo
3250 1597 3394 1643 tanto
3440 1593 3615 1658 pedes,
3649 1595 3741 1646 via:

2183 1675 2257 1726 sit:
2286 1675 2471 1743 (ongw,
2506 1676 2718 1743 planctu
2741 1679 2983 1747 luctuque
3005 1683 3219 1732 decurso
3254 1682 3457 1744 itinere,
3491 1681 3741 1735 Romam-

519 1776 580 1811 ae
661 1760 941 1812 sedulitate
1006 1762 1072 1813 ad
1145 1763 1373 1814 ollieinm
1427 1764 1742 1831 caulemque
1802 1767 2082 1822 universos
2118 1759 2281 1834 Bque
2313 1769 2538 1830 veniens,
2573 1769 2811 1820 trahente
2847 1784 2908 1820 ex
2954 1781 3140 1822 eatena
3196 1770 3422 1836 {antu/0,
3493 1772 3739 1825 delictum

516 1851 681 1920 cogit.
713 1850 800 1900 Ἕν
831 1850 996 1918 ὀλίγῳ
1026 1853 1231 1913 πάντας
1263 1853 1566 1922 συνήγαγεν
1599 1856 1624 1904 ὁ
1659 1856 1857 1921 ποιμὴν
1896 1856 1923 1906 ὁ
1981 1874 2078 1908 κα-

513 1940 626 2003 λὸς,
663 1941 753 1993 καὶ
783 1940 879 2009 τὴν
909 1941 1042 1992 ἰδίαν
1068 1940 1219 2002 αὖθις
1251 1943 1419 2011 αὐλὴν
1467 1945 1574 2002 τοῖς
1604 1944 1826 2010 ἡμέροις
1857 1945 1948 1996 καὶ
1977 1944 2080 2014 πρὸ

516 2030 742 2100 βραχέος
766 2032 1084 2100 ἁγριωΟεῖσι
1139 2032 1430 2098 προϐάτοις
1478 2033 1751 2098 ἐγέμισεν.
1783 2033 1933 2086 Brevi
1955 2045 2082 2087 tent-

516 2138 636 2188 pore
696 2125 856 2173 bonus
921 2130 1100 2189 pastor
1151 2133 1364 2173 cunctos
1425 2127 1776 2190 congregavit,
1833 2141 2081 2192 suamque

518 2226 701 2263 rursus
738 2212 944 2263 caulam
968 2213 1254 2263 mansuetis
1317 2212 1490 2263 ovibus
1550 2215 1705 2279 paulo
1744 2224 1862 2266 ante
1907 2216 2080 2284 efferis

519 2303 770 2371 implevit.
809 2303 919 2356 lloc
958 2303 1298 2369 sequentium
1339 2303 1622 2371 Symeonis
1679 2297 1955 2357 turbarum
2018 2320 2083 2360 ac

518 2390 870 2440 tentatioauzn
936 2389 1318 2448 rudimentum,
1381 2403 1476 2440 nec
1557 2389 1738 2456 dispar
1789 2383 2078 2443 admodum

517 2493 676 2531 causa
707 2496 720 2542 ;
782 2479 1080 2546 improbata
1127 2479 1376 2531 nimirum
1415 2481 1530 2545 ejus
1566 2482 1647 2532 vel
1677 2481 1969 2544 disciplina:
2002 2481 2082 2535 vel

518 2570 774 2622 doctrina:
806 2569 1048 2637 quatdam
1087 2567 1284 2635 capita.
1319 2565 1452 2622 Vita:
1477 2579 1662 2623 auctor
1698 2586 1855 2623 unam
1907 2585 2080 2624 arces-

516 2661 589 2713 sit
655 2660 910 2729 Stephani
940 2659 1177 2728 Syncelli
1255 2658 1311 2712 in
1373 2673 1495 2712 cunt
1547 2661 1823 2728 invidiam;
1854 2662 1919 2714 de
1976 2677 2081 2731 quo

515 2760 698 2819 postea
711 2787 725 2803 .
1561 2819 1564 2822 Ι

587 2844 838 2912 ωδε-ἰριύί
866 2845 1147 2897 sanctitate
1175 2857 1237 2896 ae
1266 2844 1507 2897 meribus
1533 2843 1794 2908 celebres;
1824 2845 2082 2897 Arsenins

517 2936 630 3004 ipse
661 2935 949 3006 Paphlago,
975 2939 1275 3006 eunuchus,
1307 2951 1463 3006 quem
1497 2949 1550 2992 et
1585 2938 1832 2991 abdicata
1858 2937 2076 2990 deruunt

518 3026 856 3093 praefectura,
883 3030 962 3084 sui
989 3029 1104 3086 loco
1128 3039 1393 3101 pastorem
1417 3029 1600 3087 voluit.
1639 3027 1745 3082 Viri
1774 3029 2039 3080 institutio
2062 3043 2079 3093 ;

2187 1873 2337 1923 puptv
2377 1857 2669 1923 conﬁtetur,
2713 1857 2990 1927 Iioma’que
3031 1862 3322 1912 constitutis
3353 1862 3623 1926 episcopis,
3657 1864 3736 1914 la-

2188 1951 2372 2000 mentis
2403 1962 2450 2000 et
2476 1951 2677 2015 eiulatu
2723 1952 3018 2008 rrebrisque
3047 1953 3321 2020 gemitibus
3371 1953 3610 2004 intercisa
3658 1954 3744 2007 illi

2188 2039 2520 2106 confessionis
2548 2056 2683 2092 voce.
2720 2040 3033 2094 Immensum
3073 2042 3244 2110 itaque
3273 2043 3498 2111 episcopi
3546 2045 3744 2096 contri~

2189 2131 2380 2182 tionem
2414 2129 2666 2192 ridentes,
2705 2131 2946 2196 luctuque
2970 2149 3274 2200 oppressum
3335 2133 3588 2198 animum,
3644 2151 3739 2189 ne-

2187 2220 2308 2270 dum
2339 2221 2542 2271 veniam
2571 2221 2727 2272 citius
2769 2221 2956 2273 delicto
3003 2223 3296 2290 indulgent,
3350 2240 3525 2276 rerum
3583 2227 3742 2276 etiam

2186 2309 2298 2377 ejus
2335 2310 2496 2360 animi
2537 2308 2765 2361 dolorem
2807 2309 2971 2363 modis
2999 2311 3234 2363 omnibus
3260 2311 3500 2364 solantur
3524 2329 3583 2364 ac
3606 2313 3742 2363 deli-

2190 2403 2359 2453 niunt.
2401 2400 2498 2453 Ille
2523 2411 2692 2453 tamen
2724 2403 2962 2471 graviore
2992 2402 3163 2457 cordis
3191 2405 3371 2457 dolore
3397 2413 3562 2458 tentus
3589 2417 3746 2468 atque

2188 2494 2425 2552 obrutus,
2464 2508 2662 2544 omnem
2691 2493 2886 2558 respuit
2915 2493 3344 2547 consolationem.
3407 2493 3537 2546 Inde
3583 2496 3748 2562 igitur

2190 2600 2361 2636 versus
2397 2599 2635 2651 magnam
2660 2581 2992 2637 Constantini
3017 2583 3217 2647 urbem,
3246 2585 3535 2637 trahentem
3565 2587 3742 2638 vertit.

2197 2674 2409 2743 Hocque
2441 2679 2570 2727 adeo
2604 2676 2704 2727 iter
2767 2675 2918 2743 pedes
2952 2675 3248 2741 conﬁciens,
3298 2677 3348 2726 in
3411 2677 3585 2728 urbem
3639 2692 3746 2726 au-

2188 2780 2390 2835 gustam
2412 2769 2545 2819 venit
2565 2785 2582 2831 ;
2603 2768 2962 2836 ingressusque
2986 2765 3577 2832 MajorentEeclesiam,
3608 2767 3748 2824 oﬂ'u-

2190 2875 2276 2910 sus
2323 2858 2591 2926 lacrymis,
2631 2859 2877 2910 delictum
2909 2857 3226 2920 patriarcha:
3280 2853 3554 2921 Conﬁtetur
3599 2856 3750 2922 eique

2191 2949 2534 3001 assidentibus
2575 2948 2830 3026 episcopis
2860 2952 2878 3011 ;
2918 2948 3151 3014 interque
3174 2945 3348 3006 verba,
3379 2959 3495 2996 eum
3541 2953 3748 3005 catena,

2190 3036 2529 3104 episcopalem
2564 3036 2874 3105 dignitatem
2905 3033 3135 3102 depo’uit.
3179 3032 3390 3102 Insigne
3422 3032 3522 3086 hoc
3572 3033 3752 3101 patui-

518 3117 744 3174 fervoris
768 3123 1000 3190 coerelta
1033 3123 1195 3176 nimia
1218 3123 1334 3186 vis;
1358 3123 1628 3210 insbtuata
1659 3121 1910 3175 discretio
1935 3120 2084 3174 cibo-
2111 3107 2154 3171 C
2189 3128 2365 3182 temize
2395 3127 2725 3194 exemplllln,
2777 3126 3002 3196 ejusque
3050 3124 3364 3192 disciplinae,
3419 3140 3522 3192 qna
3551 3138 3609 3177 se
3645 3123 3749 3192 ipsi

487 3211 1120 3281 ~rnmqueindulgentia,
1149 3227 1269 3267 cum
1309 3211 1381 3266 ita
1418 3221 1607 3281 poscat
1636 3210 1928 3264 necessitas
1963 3222 2083 3263 cor-

517 3301 684 3369 poris.
723 3285 1044 3356 llierotheus
1077 3317 1142 3356 ex
1175 3301 1427 3371 episcopo
1460 3303 1776 3367 monachus,
1797 3297 2084 3370 Symeonls

518 3395 831 3463 discipulus.
891 3395 1147 3449 Abdicata
1182 3395 1337 3450 sedes
1371 3395 1705 3465 dignitasque
1738 3391 2080 3462 episcopalis,

521 3488 727 3555 nepotis
750 3501 814 3541 ex
835 3487 1128 3556 improviso
1182 3501 1419 3556 casuque
1454 3485 1765 3541 homicidio.
1791 3485 1948 3538 Adita
1977 3483 2086 3553 pri.

519 3593 664 3632 mum
697 3577 862 3632 Roma
899 3579 1227 3648 paenitentiae
1257 3593 1453 3642 causa;
1491 3587 1600 3630 tum
1631 3575 2086 3640 Constantinopo-

519 3672 584 3726 lis
627 3675 736 3741 ipsa
769 3685 904 3725 nova
941 3671 1128 3725 Roma.
1165 3669 1310 3726 Satis
1367 3671 1510 3723 enim
1559 3683 1655 3737 per
1716 3682 1779 3720 ea
1843 3676 2083 3733 tempora

521 3765 736 3832 utrique
790 3763 1043 3818 Ecclesiae
1073 3763 1445 3822 conveniebat,
1503 3759 1675 3826 sopito
1705 3755 1916 3810 interim
1951 3755 2088 3808 Pho-

520 3858 666 3908 tiana
700 3857 1008 3917 schismate,
1055 3853 1392 3921 necdumqne
1429 3848 1691 3903 Ceru’arii
1739 3846 2090 3899 turbulentis-

521 3947 640 3999 simi
672 3945 900 3999 hontinis
929 3946 1138 3998 artibus
1162 3958 1223 3996 ac
1253 3943 1440 3994 fraude
1469 3942 1786 3993 instaurate.
1817 3937 2087 3990 Hactenus

523 4037 688 4101 enim,
709 4036 935 4088 utetiam
956 4044 1144 4088 auctor
1163 4043 1244 4088 est
1262 4031 1484 4086 Michael
1502 4031 1704 4086 Psellus
1728 4033 1781 4082 in
1806 4029 2086 4093 Oratione,

523 4130 636 4190 ejus
673 4141 768 4192 pro
799 4123 984 4177 funere
1023 4121 1368 4188 Laudatoria,
1404 4113 1713 4175 decessores
1755 4119 1944 4174 mitius
1964 4133 2088 4172 cum

524 4215 732 4270 Latinis
759 4224 1001 4281 egerant,
1027 4229 1088 4266 ac
1117 4211 1230 4267 fere
1255 4212 1567 4281 ἀδιάφορον,
1600 4211 1858 4278 quidquid
1891 4211 2090 4264 alteru-

527 4309 592 4361 tri
619 4308 900 4370 sentirent,
933 4307 1139 4374 integra
1168 4305 1529 4359 Ecclesiarum
1563 4304 1961 4366 communione,
1991 4302 2089 4356 ha-

527 4401 757 4454 buerant
798 4416 809 4452 :
845 4397 985 4467 quod
1039 4397 1292 4450 nimirum
1343 4392 1587 4449 eamdem
1639 4404 1899 4461 utrosque
1934 4393 2090 4448 fidem

526 4490 647 4544 aliis
673 4489 902 4556 aliisque
934 4487 1113 4542 verbis
1141 4487 1381 4556 proﬁteri
1423 4485 1729 4540 sentiebant
1756 4526 1770 4550 ,
1822 4486 1922 4540 etsi
1972 4501 2084 4540 non

525 4585 747 4639 deerant
779 4581 870 4650 qui
916 4579 1134 4634 Latinos
1163 4579 1418 4632 rodercnt
1464 4576 1781 4645 errorisque
1809 4575 2091 4630 insimula-

528 4684 647 4730 rent
667 4691 730 4728 ae
755 4673 1114 4730 traducerent.
1147 4669 1235 4724 Sic
1283 4683 1412 4738 ergo
1460 4679 1648 4722 auctor
1675 4669 1740 4720 de
1777 4669 2036 4737 episcopo
2064 4709 2079 4732 ,

526 4783 686 4838 quem
715 4766 852 4818 πάνυ
877 4765 1099 4833 θεοφιλῆ
1127 4763 1218 4816 τὸν
1240 4763 1460 4832 τρόπον,
1478 4761 1573 4814 καὶ
1595 4760 1682 4813 τὸν
1705 4759 1816 4829 βίον
1845 4759 1982 4828 μετὰ
2001 4760 2094 4812 τοῦ

531 4856 690 4922 λόγου
721 4853 958 4921 καθαρὸν
1015 4853 1108 4905 καὶ
1139 4852 1421 4922 ἐνάρετον·
1484 4849 1713 4904 moribus
1769 4849 2096 4917 religiosissi-

531 4965 694 5010 mum,
724 4949 930 5014 vitaque
955 4963 1070 4999 cum
1098 4935 1338 4998 doc-trina
1369 4960 1429 4996 ac
1452 4943 1654 5012 eloquio
1675 4942 1877 4996 clarum
1902 4942 2098 4995 studio-

528 5055 766 5106 sumque,
801 5039 1011 5089 dixerat
1043 5053 1056 5102 ;
1089 5050 1246 5104 quem
1297 5043 1350 5088 et
1377 5034 1444 5087 ab
1481 5031 1770 5086 homicidio
1822 5031 1905 5084 vix
1959 5045 1989 5084 a
2039 5045 2100 5085 se

534 5131 690 5182 avelli
724 5127 840 5196 ejus
864 5142 1056 5193 passus
1079 5135 1218 5179 esset
1245 5124 1441 5188 clerus,
1467 5123 1544 5176 sic
1569 5123 1658 5175 ille
1682 5123 1844 5189 digne
1863 5121 2100 5190 pastoris

533 5232 714 5288 partes
755 5217 1010 5283 implebat
1043 5212 1400 5284 εΔιαδραμὼν
1443 5205 1537 5263 οὖν
1569 5211 1657 5262 τὸν
1692 5209 1940 5262 τοσοῦτον
1977 5209 2100 5278 δρόο

533 5329 634 5380 μον
665 5311 800 5377 πεζῆ
824 5310 917 5374 τῆς
946 5307 1159 5376 μακρᾶς
1190 5304 1400 5372 ἐκείνης
1427 5302 1547 5355 ὁδοῦ
1575 5303 1601 5353 ὁ
1629 5301 1926 5363 ἐπίσκοπος
1953 5301 2100 5378 μετεὶιχ

536 5401 780 5452 κοπετών
808 5401 899 5452 καὶ
923 5397 1195 5466 δακρύων,
1234 5395 1329 5446 καὶ
1350 5394 1446 5462 τὴν
1477 5390 1697 5460 Ῥώμην
1753 5389 2100 5454 καταλαὸὼν,

537 5492 641 5544 ὑπὸ
663 5491 753 5542 τοῦ
779 5490 962 5541 δούλου
1008 5491 1064 5539 ὲν
1127 5486 1309 5540 ἁλύσει
1354 5485 1661 5554 ἑλκόμενος,
1697 5481 2102 5550 ἐξομολογεϊται

535 5584 596 5634 τὸ
641 5581 806 5648 πῶμα
836 5580 912 5648 τῷ
950 5580 1146 5648 πάππα
1176 5579 1398 5638 καὶτοῖς
1425 5578 1480 5628 ἐν
1521 5574 1709 5644 Ῥώμῃ
1756 5572 2098 5643 ἀρχιερεῦσι,

536 5675 751 5731 οοήνοις
781 5676 874 5727 καὶ
907 5675 1171 5734 οἰμωγαῖς
1203 5672 1299 5735 τὴν
1326 5668 1510 5735 φωνὴν
1535 5668 1630 5735 τῆς
1662 5667 2100 5735 ἑξομολογὴσεως

2183 3218 2353 3274 Graeci
2393 3219 2702 3273 sacerdotes
2730 3219 2998 3283 abdicant,
3033 3219 3119 3270 ubi
3145 3217 3342 3285 aliquid
3367 3256 3380 3272 .
3409 3216 3567 3270 etiam
3621 3228 3753 3268 casu

2185 3318 2277 3362 aut
2306 3307 2632 3377 ignorantia,
2661 3308 2712 3360 in
2733 3321 2968 3361 canones
2996 3305 3342 3372 deliquerint.
3371 3301 3576 3358 Novum
3608 3317 3751 3370 quo-

2185 3409 2288 3465 que
2315 3409 2412 3465 pro
2435 3409 2494 3448 ea
2513 3404 2688 3462 (etate,
2713 3395 3066 3450 observantiae
3089 3409 3214 3465 erga
3235 3393 3521 3447 Ecelesiam
3551 3393 3722 3445 Roma
3752 3432 3754 3435 .

2185 3501 2309 3538 nam
2343 3485 2571 3555 ejusque
2607 3486 2921 3549 antistitem,
2956 3484 3207 3539 Ecclesia:
3234 3483 3432 3538 Cratere
3459 3484 3755 3556 documen-

2187 3586 2316 3630 tum.
2343 3574 2420 3629 Illi
2454 3575 2594 3629 facta
2612 3575 2903 3642 confessio,
2935 3575 3002 3629 ab
3031 3590 3094 3629 eo
3118 3588 3373 3630 concessa
3397 3573 3752 3642 indulgentia,

2187 3669 2492 3738 oblataqne,
2530 3667 2836 3730 utvidetur,
2871 3668 3015 3722 sedis
3043 3667 3298 3737 dignitas,
3323 3665 3375 3718 ni
3413 3665 3526 3735 ipse
3558 3671 3756 3732 sponte

2187 3772 2308 3812 sese
2363 3757 2620 3811 abdicare
2667 3754 2968 3820 maluisset,
3025 3770 3090 3809 ac
3147 3755 3270 3809 vita:
3301 3754 3562 3821 reliquum
3611 3754 3755 3807 inter

2191 3847 2486 3901 monachos
2520 3846 2858 3916 poenitentia:
2886 3845 3159 3900 laboribus
3176 3844 3474 3899 subducere
3501 3858 3515 3894 :
3545 3839 3756 3893 delecto

2191 3936 2244 3990 in
2285 3953 2402 3991 eam
2437 3953 2548 3991 rem
2599 3936 2867 4006 Symeone
2895 3937 3055 3998 duce,
3089 3935 3190 3991 sub
3219 3949 3328 4003 quo
3359 3935 3520 3986 etiam
3549 3930 3753 3985 eximia

2189 4027 2266 4082 illi
2321 4029 2466 4082 edita
2513 4020 3115 4095 sanctitatis'exempla.
3172 4023 3277 4079 Sed
3303 4024 3371 4079 ad
3427 4023 3753 4093 Symeonem

2191 4119 2492 4174 revocanda
2526 4118 2722 4173 oratio.

2260 4211 2546 4265 Annuente
2585 4209 2775 4279 Sergio
2805 4211 3133 4279 patriarcha,
3174 4210 3505 4280 prafecturte
3527 4221 3660 4260 onus
3702 4221 3758 4260 tn

2192 4302 2475 4356 Arseninm
2527 4302 2722 4368 reiicit.
2751 4301 3080 4356 Documenta
3133 4302 3207 4356 illi
3262 4303 3461 4370 pariter
3502 4301 3763 4368 gregique

2193 4389 2406 4456 egregia
2441 4388 2658 4442 tradita.
2683 4387 2761 4442 Ex
2791 4389 2896 4442 illis
2921 4388 3220 4456 disciplinae
3237 4399 3398 4458 caput
3418 4403 3520 4441 non
3554 4387 3761 4455 pigebit

2196 4478 2469 4533 ascribere
2511 4495 2525 4543 ;
2567 4479 2708 4548 quod
2741 4479 2936 4548 ipsum,
2986 4494 3086 4535 nec
3119 4479 3276 4547 longe
3335 4478 3552 4533 remmis
3581 4478 3764 4534 verbis

2193 4567 2423 4624 habetur
2454 4579 2590 4624 orat.
2620 4569 2710 4634 26,
2744 4585 2808 4623 ex
2833 4569 2991 4624 editis
3019 4586 3046 4623 a
3072 4571 3316 4626 Pont‘ano
3350 4582 3366 4622 :
3395 4570 3485 4638 Μὴ
3515 4571 3569 4622 ἐν
3591 4585 3766 4638 προσ-

2195 4661 2409 4731 ποιήσει
2431 4659 2737 4731 πραότητος
2761 4660 2849 4713 διὰ
2869 4660 3086 4714 ἔπαινον
3110 4662 3216 4713 τῶν
3237 4660 3536 4729 ἀνθρώπων
3563 4660 3764 4727 μικροῦ

2197 4752 2519 4822 πράγματος
2548 4753 2631 4820 ἐφ’
2670 4751 2826 4819 ὕϐρει
2891 4754 3178 4822 γινομένου
3260 4753 3356 4806 τοῦ
3409 4752 3766 4820 εὐαγγελικοῦ

2199 4843 2338 4913 βίου,
2371 4846 2464 4897 καὶ
2497 4845 2592 4912 τῆς
2624 4845 2728 4897 τῶν
2760 4846 3007 4914 μοναχῶν
3038 4845 3444 4911 καταστάσεως,
3485 4859 3769 4912 καταφρο-

2151 4950 2165 4958 ‘
2197 4937 2383 5004 νήσεις
2407 4951 2422 4966 ο
2451 4935 2583 4988 ἀλλὰ
2616 4935 2706 4988 τὸν
2735 4936 2823 4988 σὸν
2861 4936 3194 5006 μιμούμενος
3224 4937 3455 5005 Χριστὸν
3482 4935 3576 4988 καὶ
3598 4935 3762 5001 Θεὸν,

2200 5029 2600 5098 ἐμϐριμμένος,
2627 5029 2722 5081 καὶ
2753 5029 2945 5081 ἑαυτὸν
2970 5029 3194 5089 ἀπαθῶς
3219 5029 3585 5097 ἐκταράσσων,
3618 5027 3770 5078 ἐκδί-

2200 5137 2361 5186 κησιν
2411 5121 2562 5173 ποιοῦ
2617 5120 2725 5174 τῶν
2776 5122 3001 5174 ἐντολῶν
3022 5123 3113 5175 τοῦ
3168 5121 3326 5177 Θεοῦ.
3357 5121 3533 5172 Ἔστω
3560 5135 3640 5173 σοι
3671 5120 3772 5173 ἐπὶ

2201 5211 2417 5266 πάντων
2456 5215 2548 5267 καὶ
2574 5214 2666 5267 ἐπὶ
2691 5217 2754 5284 τῇ
2780 5213 3067 5279 ἐξεστάσει
3093 5215 3198 5267 τῶν
3230 5212 3506 5282 λογισμῶν
3531 5213 3769 5266 ἑκάστου

2202 5305 2474 5372 ἀκρίϐεια,
2522 5305 2594 5366 ὡς
2625 5306 2690 5359 ἂν
2716 5306 2913 5375 εἰδείης
2934 5307 3076 5366 τίνες
3132 5307 3230 5375 μὲν
3290 5306 3468 5358 αὑτῶν
3546 5305 3764 5359 δέονται

2204 5397 2296 5463 τῆς
2346 5397 2451 5450 τῶν
2490 5396 2795 5467 εὐχομένων
2840 5399 2932 5449 καὶ
2969 5396 3367 5452 κοινωνούντων
3425 5396 3762 5462 συστάσεως,

2208 5487 2350 5551 τίνες
2381 5489 2437 5541 δὲ
2467 5488 2801 5558 ἁφορισμοῦ,
2827 5489 2920 5541 καὶ
2949 5490 3042 5558 τῆς
3073 5489 3209 5558 μετὰ
3227 5487 3333 5542 τῶν
3362 5485 3772 5557 μετανοούντων

2206 5581 2432 5644 τάξεως·
2465 5582 2550 5634 ἵνα
2609 5581 2683 5652 μὴ
2743 5579 2840 5651 τὴν
2899 5580 3228 5650 Ἐκκλησίαν
3282 5579 3416 5634 Θεοῦ
3470 5580 3590 5634 ἀντὶ
3638 5579 3775 5634 ναοῦ

2206 5673 2360 5737 ἁγίου
2422 5673 2680 5741 σπήλαιον
2727 5673 3013 5744 linat-imi)
3057 5673 3326 5743 πορνεῖον,
3375 5676 3433 5726 ὲν
3483 5670 3680 5740 γνώσει
3739 5673 3776 5742 ἦ
