3996 6222
538 241 644 302 267

1809 244 2202 306 MANUELlS
2240 245 2543 307 CALEC/E

3684 260 3776 328 268

536 362 748 418 uirtutis
775 362 951 427 titulo,
978 360 1123 415 illius
1150 359 1426 415 simulacri
1485 376 1546 413 ac
1598 360 1841 429 imaginis
1906 362 2116 431 depicta
2145 362 2193 421 Α
2227 374 2375 417 retur
2400 362 2637 418 olliccrc.
2664 360 2834 417 Nolim
2857 378 2954 435 ego
2974 365 3053 421 sic
3084 366 3235 437 nigro
3258 367 3431 420 virum
3456 365 3627 437 lapide
3646 372 3779 430 dam-

536 457 787 511 historia.
830 452 1103 509 Hactenus
1135 452 1367 524 Symcon
1432 467 1495 507 ex
1531 453 1743 522 privata
1800 454 2127 509 revelatione

536 567 599 607 ac
634 550 880 615 scientia,
920 547 1223 617 plusculum
1246 546 1381 601 forte
1403 545 1504 601 sibi
1533 546 1831 607 indulsisse
1859 547 2124 614 videatur,

537 654 594 699 ut
637 652 947 700 sanctorum
983 640 1168 708 plenos
1239 638 1473 693 honores
1531 636 1677 693 Patri
1743 654 1842 693 suo
1896 641 2122 708 spiritali

536 734 790 788 deterret.
831 730 1122 786 Laudamia
1150 729 1366 797 quidem
1430 728 1515 782 illa
1554 729 1854 783 (economia
1901 743 1965 782 ac
1999 743 2126 783 con-

518 826 639 881 I'silii
676 826 835 891 ratio,
861 832 919 877 ut
948 838 1043 878 eos
1069 821 1378 883 laudemus,
1413 834 1549 890 quos
1577 820 1734 874 nobis
1760 820 1989 889 aliisque
2017 823 2125 877 vir-

538 918 666 972 tutis
690 917 941 985 palaestra
964 916 1234 969 antistites
1259 914 1507 969 volumus
1529 928 1591 967 ac
1608 914 1771 969 duces
1802 922 2122 984 :prrcstant-

534 1028 639 1081 que
661 1010 877 1081 egregie
909 1009 1137 1064 Romani
1171 1007 1485 1077 pontiﬁces,
1520 1006 1808 1062 vindicatis
1863 1009 2119 1063 ordinum

536 1104 913 1172 religiosorum
948 1098 1488 1169 institutoribus,qui
1511 1097 1771 1152 clariores
1794 1099 1845 1151 in
1879 1096 2116 1153 Ecclesia

534 1197 822 1261 habentur,
887 1194 931 1249 si
967 1194 1059 1264 qui
1108 1192 1415 1248 sanctitatis
1479 1191 1644 1244 radiis
1676 1190 1947 1245 fulserunt
1974 1207 1988 1255 ;
2018 1204 2119 1245 nec

530 1289 795 1343 Romanis
830 1288 1095 1341 duntaxat
1141 1284 1294 1339 fastis
1346 1283 1621 1352 ascriptis,
1673 1284 1767 1337 sed
1795 1290 1850 1336 et
1887 1282 2115 1336 solemni

531 1381 726 1441 cilicio,
765 1380 961 1433 nedum
1010 1378 1151 1447 apud
1183 1390 1331 1440 suos,
1359 1376 1452 1430 sed
1486 1384 1538 1430 et
1568 1385 1678 1429 toto
1706 1376 1839 1428 orbe
1872 1374 2116 1427 l‘lomauo

532 1491 592 1526 ac
616 1470 855 1526 Ecclesia
884 1468 1101 1533 Latina,
1120 1466 1355 1522 donatis.
1383 1465 1438 1520 ld
1462 1476 1636 1520 tamen
1661 1476 1718 1520 ut
1748 1467 1849 1521 rite
1875 1465 1985 1530 ﬁat,
2015 1480 2115 1520 nec

531 1564 783 1619 civilibus
809 1561 1095 1622 duntaxat,
1133 1559 1225 1613 sed
1246 1557 1508 1621 ctsacris,
1529 1556 1741 1625 publice
1762 1556 1953 1609 saltem
1982 1570 2114 1610 con-

532 1665 816 1711 secrentur
854 1652 1173 1714 honoribus,
1203 1649 1509 1703 necessaria
1529 1648 1851 1717 episcolialis
1876 1647 2112 1715 cognitio

2232 468 2297 505 na
2314 466 2391 507 re.
2416 450 2618 507 Przetcr
2640 454 2863 524 Scylitz.
2887 467 2936 509 et
2961 456 3120 511 Cedr.
3158 459 3269 528 ipse
3298 458 3782 526 Sthetatus,claris-
3870 502 3873 503 ν

2227 542 2349 596 simi
2418 544 2673 605 nominis,
2742 560 2915 613 eoque
2963 547 3161 600 nedum
3221 549 3563 616 patriarchae,
3620 554 3704 607 sed
3733 564 3780 609 et

2228 634 2541 702 imperatori
2598 635 3008 701 charissimam,
3044 654 3361 708 magnaeque
3399 642 3537 710 apud
3567 657 3655 696 eos
3697 660 3779 700 au-

2224 727 2514 789 ctoritatis,
2545 744 2671 782 eum
2709 729 3259 791 scribit,lacil|imum
3286 731 3498 785 Scilicet
3526 734 3779 791 solvendis

2224 819 2534 886 quibusque
2560 818 2737 873 dubiis
2770 833 2832 871 ac
2866 809 3276 887 qnzcstionibus,
3317 819 3459 888 λόγῳ
3483 821 3571 872 καὶ
3603 822 3782 888 γνώσει

2222 908 2331 960 τῶν
2361 907 2570 961 πολλῶν
2600 908 2890 978 διαφέρωνο
2915 908 3091 980 Longe
3137 910 3290 981 vulgo
3345 912 3648 980 pra'cellens
3688 914 3782 967 elo-

2220 1002 2431 1069 quentia
2450 1017 2511 1053 ac
2544 1000 2784 1055 scientia.
2808 1001 3067 1067 Legafum
3084 1003 3149 1056 ad
3170 1000 3411 1056 Sclerum
3433 1005 3549 1057 urbi
3568 1006 3676 1073 jam
3693 1004 3785 1058 itu-

2224 1094 2518 1149 minentcm
2542 1135 2557 1160 ,
2589 1108 2804 1164 sna‘que
2828 1095 3126 1165 tyrannidis
3171 1105 3429 1150 terrorem
3466 1097 3541 1150 illi
3568 1098 3790 1153 intereu-

2220 1193 2349 1249 tem,
2370 1198 2400 1237 a
2427 1183 2626 1240 Basilio
2658 1194 2711 1239 et
2732 1186 3086 1242 Constantino
3115 1187 3365 1250 missum,
3407 1203 3515 1257 qua
3546 1190 3791 1244 suadendi

2224 1275 2294 1338 vi,
2327 1277 2703 1348 sapientiaque
2731 1293 2794 1331 ac
2841 1279 3037 1332 virtute
3068 1281 3378 1348 przcstabat,
3408 1280 3605 1336 docent
3648 1284 3790 1337 relati

2221 1365 2444 1437 Scylilz.
2478 1378 2532 1423 et
2583 1368 2745 1424 Cedr.
2792 1371 2880 1422 Ἐν
2924 1372 3033 1440 ὅσῳ
3083 1371 3139 1424 δὲ
3186 1370 3359 1424 ταῦτα
3411 1373 3736 1443 ἐπράττετο,
3766 1378 3792 1426 ὁ

2220 1459 2514 1530 σύγκελλος
2544 1464 2821 1532 Στέφανος
2867 1466 2959 1516 καὶ
2991 1463 3087 1535 τῆς
3116 1464 3490 1535 Νικομηδείας
3518 1467 3794 1538 πρόεδρος,

2216 1554 2355 1624 ἀνὴρ
2386 1554 2696 1625 ἐλλόγιμος,
2732 1558 2823 1609 καὶ
2860 1557 2953 1608 sui.
2988 1557 3152 1627 σοιρξςι⁴
3177 1560 3269 1610 καὶ
3290 1560 3461 1629 ἀρετῇ
3489 1558 3792 1631 διαὸόητος,

2217 1647 2312 1698 καὶ
2366 1646 2544 1699 πειθοῖ
2594 1647 2831 1716 μαλάξαι
2882 1648 3067 1713 ἱκανὸς
3115 1648 3344 1720 γνώμην
3408 1652 3656 1721 σκληρὰν
3710 1654 3797 1708 καὶ

532 1756 636 1811 est,
651 1760 711 1799 ac
730 1743 994 1810 probatio;
1016 1756 1176 1811 quam
1205 1738 1571 1807 intpotcntiori
1588 1738 1702 1791 zelo
1724 1754 1825 1791 non
1840 1748 2116 1805 exspecta-

2221 1738 2533 1802 dtiOJooo-z,
2568 1740 2814 1811 πρέσϐυς
2858 1743 2937 1804 εἰς
2969 1741 3059 1795 τὸν
3093 1742 3340 1814 Σκληρὺν
3384 1743 3797 1811 ἀποστέλλεται,

532 1840 606 1894 vit
638 1837 898 1909 Symeon,
923 1836 1022 1899 etsi
1061 1852 1120 1890 ea
1172 1841 1355 1888 secuta
1396 1839 1497 1887 est.
1537 1830 1731 1886 Subdit
1775 1829 1917 1884 enim
1957 1828 2118 1884 Sthe-

535 1940 692 1983 tatus.

606 2024 846 2075 Ἤκουσε
906 2021 1072 2073 ταῦτα
1126 2022 1217 2073 καὶ
1263 2022 1289 2072 ὀ
1342 2018 1563 2091 Σέργιος
1593 2026 1934 2096 πατριάρχης
1964 2024 2117 2092 “aut

533 2116 1035 2185 μεταπεμψάμενος
1064 2114 1154 2167 τὸν
1226 2114 1403 2183 ἅγιον,
1441 2115 1775 2169 πυνθάνεται
1811 2119 1938 2185 περὶ
2006 2117 2115 2170 τῶν

530 2208 906 2262 ἀκουσθέντων
939 2208 1107 2277 αὐτῷ.
1162 2207 1249 2268 Ὠς
1302 2208 1358 2259 δὲ
1392 2209 1517 2278 περὶ
1582 2209 1802 2261 πάντων
1866 2209 2112 2261 ἀνεδίδαέ

532 2304 619 2366 ξεν
652 2302 811 2353 αὑτὸν
861 2302 886 2351 ὁ
925 2302 1221 2368 μακάριος,
1259 2300 1355 2351 καὶ
1402 2300 1551 2361 ὅπως
1606 2300 1668 2351 ἐκ
1705 2299 1857 2362 Oeta;
1893 2301 2112 2352 ἁποκα-
2153 2363 2156 2365 Α

530 2397 741 2463 ὶύψεως
781 2394 986 2448 ἄνωθεν
1015 2393 1402 2461 ὲμπνευσθεὶς,
1435 2392 1561 2455 τοὺς
1591 2391 1795 2460 ὕμνους
1835 2393 1910 2461 τῷ
1940 2394 2112 2461 Harp!

531 2490 850 2554 ἁνετάξατο,
884 2487 978 2539 καὶ
1012 2486 1097 2537 τὸν
1130 2485 1241 2553 βίον
1287 2484 1457 2537 αὐτοῦ
1505 2486 1907 2553 συνεγράψατο.
1953 2487 2115 2547 Ζητεῖ

529 2582 703 2634 ταῦτα
734 2578 984 2643 διελθεῖν,
1017 2578 1111 2630 καὶ
1135 2577 1317 2639 αὐτοῖς
1354 2578 1598 2645 ἐντυχεῖν
1655 2579 1766 2638 τοῖς
1801 2576 1893 2627 ὑπ’
1944 2576 2110 2629 αὐτοῦ

530 2675 960 2742 γεγραμμένοις.
989 2668 1185 2722 Λαϐὼν
1214 2666 1307 2723 οὖν
1360 2671 1453 2721 ἐπὶ
1514 2671 1707 2739 χεῖρας
1761 2672 1851 2721 ταὶ
1891 2669 2112 2737 βίϐλους

528 2770 555 2819 ὁ
585 2763 1065 2834 πατριάρχης,κοιὶ
1093 2762 1315 2815 ἃπασαν
1369 2763 1465 2830 τὴν
1521 2763 1910 2833 πραγματείαν
1959 2762 2112 2830 φιλο-

531 2859 708 2919 πόνως
741 2855 990 2917 διελθὼν,
1018 2854 1239 2923 ἠγάσθη
1273 2853 1365 2905 ἐπὶ
1390 2853 1464 2922 τῷ
1484 2854 1788 2922 πράγματι,
1823 2855 1916 2907 καὶ
1940 2854 2111 2908 πολλὰ

531 2948 995 3017 προσεπαινέσας,
1027 2944 1119 2995 καὶ
1150 2945 1210 2995 τὸ
1243 2944 1463 3014 βέϐαιον
1520 2944 1620 3013 τῆς
1644 2944 1809 2998 αὐτοῦ
1870 2943 2110 3007 πίστεως

529 3037 903 3108 ὲγκωμιάσας,
929 3038 1219 3098 ἀπέλυσεν,
1244 3035 1683 3105 ὑπομιμνήσκειν
1706 3036 1857 3106 αὺτῷ
1880 3052 2112 3106 προτρε-
2138 3077 2179 3108 ρ

527 3131 770 3199 ψάμενος
792 3128 934 3181 κατά
956 3128 1045 3180 τὴν
1066 3125 1254 3195 καιρὸν
1280 3126 1376 3194 τῆς
1401 3124 1494 3177 τοῦ
1521 3127 1731 3194 Πατρὸς
1756 3128 2002 3195 μνήμης,
2035 3125 2111 3188 ὡς

530 3223 595 3274 ἂν
614 3223 705 3273 καὶ
726 3221 790 3273 αὐ
802 3221 883 3280 τὸς
903 3218 1109 3288 κτλροῦς
1134 3219 1225 3269 καὶ
1252 3218 1399 3288 μύρα
1420 3218 1658 3287 παρέχῃ,
1678 3218 1770 3270 καὶ
1794 3218 2113 3286 ἀφοσιοῦται

529 3313 626 3382 τὴν
670 3314 858 3381 τιμήν.
906 3311 1115 3363 Audiuit
1164 3310 1274 3361 ha'c
1291 3318 1339 3361 et
1378 3308 1723 3377 patriarcha;
1762 3308 2116 3376 accersitoque

529 3416 732 3469 sancto,
750 3420 811 3456 ex
832 3404 921 3456 illo
945 3413 1297 3470 percontatur,
1318 3402 1381 3455 dc
1412 3402 1489 3455 his
1527 3417 1643 3471 qua:
1663 3401 1928 3456 audierat.
1958 3399 2116 3455 Docet

533 3502 619 3551 ille
660 3498 893 3549 omnium
950 3494 1525 3563 rationem,divinaque
1564 3494 1766 3561 pridem
1804 3493 2116 3548 reuelatione

531 3599 685 3658 atque
711 3589 908 3657 afﬂatu,
931 3587 1136 3639 cantica
1155 3584 1529 3653 composuisse,
1569 3600 1628 3637 ac
1656 3583 1975 3638 uitamillius
1994 3601 2117 3638 con-

531 3682 816 3742 scripsisse.
843 3676 1495 3745 Qmm'itpatriurchaha'c
1530 3691 1856 3746 percurrere,
1899 3676 2115 3745 ipsaque

531 3779 595 3829 ab
615 3794 671 3829 eo
695 3776 884 3843 scripta
905 3774 1175 3842 pellegere.
1211 3771 1444 3838 Sumptis
1469 3771 1641 3839 itaque
1664 3771 1714 3823 in
1735 3786 1919 3824 manus
1943 3770 2113 3834 libris,

530 3869 825 3935 cunctisque
867 3867 1140 3931 diligenter
1186 3863 1418 3930 pellectis
1446 3879 1508 3915 ac
1548 3861 1788 3925 evolutis,
1823 3878 1876 3915 re
1906 3863 2115 3932 gavisus

528 3971 627 4022 est,
665 3960 945 4023 multisque
1011 3956 1255 4007 laudibus
1308 3955 1618 4017 cuinulans;
1661 3952 1970 4022 ﬁrmamque
2002 3954 2116 4022 ejus

531 4055 682 4119 [idem
707 4048 982 4119 magniﬁce
1005 4047 1393 4109 commendans,
1421 4045 1645 4110 dimisit,
1668 4061 1878 4098 monens
1921 4046 2113 4113 ipsum,

534 4143 838 4211 iubeasque,
873 4150 923 4191 ut
956 4141 1199 4204 temporis
1258 4154 1359 4206 quo
1389 4132 1721 4189 celebranda'
1747 4135 1877 4203 foret
1936 4134 2117 4190 Patris

532 4236 780 4289 memoria
817 4238 1088 4286 certiorem
1139 4231 1349 4299 faceret,
1382 4238 1437 4281 ut
1467 4239 1513 4281 et
1549 4229 1655 4297 ipse
1687 4244 1858 4282 cereos
1886 4245 2119 4299 unguen-

532 4346 687 4395 mque
746 4326 1027 4394 conferret,
1095 4340 1154 4376 ac
1206 4334 1386 4375 sancto
1446 4324 1695 4375 honorent
1776 4323 2115 4391 impenderet.

2220 1831 2272 1883 εἰ
2300 1849 2382 1883 πω
2420 1830 2621 1901 δυνηθῇ
2651 1834 2834 1885 πεῖσαι
2874 1833 3064 1887 τοῦτον
3094 1834 3394 1889 ἀποθέσθαι
3427 1837 3493 1889 τὰ
3519 1837 3684 1891 ὅπλα.
3711 1837 3802 1893 In-

2220 1922 2373 1977 terim
2401 1922 2699 1992 Stephanus
2754 1923 3055 1995 Syucellus,
3112 1926 3441 1983 Nicomediae
3462 1930 3693 1997 prwsul,
3723 1933 3800 1986 uir

2217 2018 2461 2071 eruditus
2491 2027 2539 2072 et
2563 2018 2832 2087 eloquens,
2862 2020 3231 2092 sapientiaque
3279 2039 3341 2076 ac
3368 2024 3557 2078 uirtute
3602 2025 3797 2089 clarus,

2218 2111 2510 2180 durumque
2530 2113 2766 2165 animum
2819 2128 2883 2165 ac
2931 2113 3247 2167 indomitum
3292 2118 3476 2170 suadae
3497 2118 3545 2171 vi
3566 2117 3801 2172 emollire

2217 2203 2457 2267 idoneus,
2486 2202 2693 2274 legatus
2724 2206 2793 2258 ad
2835 2204 3075 2260 Sclerum
3103 2207 3355 2273 mittitur,
3394 2226 3515 2262 num
3563 2211 3708 2278 forte
3734 2213 3800 2265 ad

2217 2310 2367 2346 arma
2394 2295 2635 2364 ponenda
2661 2296 2825 2350 verbis
2851 2312 3031 2368 cogere
3058 2301 3247 2368 possit.
3276 2300 3505 2356 Miratur
3547 2301 3617 2359 P.
3641 2303 3799 2360 Goar.
3874 2328 3875 2331 η

2214 2386 2370 2443 Notis
2404 2392 2518 2446 suis
2542 2393 2607 2444 ad
2637 2391 2802 2446 Cedr.
2836 2393 3108 2463 quomodo
3155 2395 3432 2465 syncellus
3467 2395 3804 2464 Stephanus,

2216 2480 2370 2546 quasi
2434 2479 2761 2548 patriarchze
2808 2481 3215 2549 concellanens,
3287 2482 3472 2551 illique
3525 2483 3803 2549 assiduus,

2214 2570 2305 2639 qui
2336 2567 2662 2625 Nicomedia:
2691 2572 2886 2641 pracsul
2915 2581 3079 2636 esset,
3114 2573 3299 2643 ibique
3333 2590 3430 2644 pro
3460 2574 3630 2630 olIicii
3684 2590 3805 2629 tuu-

2215 2674 2366 2725 uera,
2428 2662 2611 2729 potius
2670 2678 2834 2733 quam
2872 2663 3345 2737 Constantinopoli
3389 2668 3439 2721 in
3479 2667 3806 2737 patriarcha:

2211 2753 2446 2817 aedibus,
2495 2753 2661 2808 vitam
2716 2765 2939 2824 ageret;
2982 2772 3083 2811 nec
3123 2758 3447 2827 patriarcha:
3494 2774 3806 2825 successor,

2212 2848 2358 2915 quod
2395 2847 2508 2902 iere
2533 2848 2899 2919 syncellorum
2936 2849 3243 2917 videbatur,
3277 2851 3594 2923 designatus
3640 2863 3807 2909 esset.

2212 2935 2488 2995 Potuisset
2540 2939 2826 2995 Sthetatus
2860 2942 2905 2995 si
2929 2941 3050 3011 ejus
3076 2944 3231 3011 copia
3266 2942 3479 3011 fuisset,
3516 2944 3660 3002 lucis
3700 2946 3805 3000 ali-

2214 3029 2343 3098 quid
2362 3030 2579 3087 all‘erre.
2618 3031 2783 3088 Docet
2818 3034 2996 3103 itaque
3014 3048 3164 3100 eum,
3193 3033 3446 3091 abdicato
3482 3040 3806 3109 episcopatu

2217 3124 2297 3179 sic
2329 3125 2544 3179 assidue
2567 3134 2843 3180 versatum
2872 3140 2993 3180 cum
3026 3128 3355 3194 patriarcha,
3392 3143 3456 3182 ac
3490 3142 3618 3184 vere
3671 3145 3805 3201 syn-

2216 3215 2338 3270 celli
2368 3225 2547 3286 partes
2576 3216 2854 3287 implesse,
2891 3232 2994 3274 non
3030 3218 3149 3272 solo
3199 3218 3358 3274 titulo
3392 3227 3555 3290 atque
3586 3223 3810 3277 nomine

2217 3320 2469 3364 ornatum
2502 3309 2674 3366 fuisse
2703 3326 2720 3376 ;
2751 3309 2864 3366 sive
2889 3310 3024 3366 alias
3075 3310 3320 3366 inhiabat
3346 3314 3461 3368 sedi
3521 3312 3810 3371 Constano

2220 3401 2611 3471 tinopolitante,
2662 3416 2836 3473 eoque
2905 3417 3130 3459 munere
3186 3403 3288 3458 sibi
3320 3404 3388 3458 ad
3425 3419 3545 3460 eam
3572 3407 3808 3477 gradum

2219 3494 2445 3563 parabat
2488 3509 2503 3547 :
2539 3508 2703 3562 quam
2735 3508 2801 3549 ne
2829 3503 3238 3563 assequeretur,
3272 3495 3325 3551 in
3356 3512 3521 3552 causa
3561 3514 3694 3555 esse
3715 3515 3812 3569 ρο-

2220 3582 2686 3657 ιυὶιιοηςοβοιέἰί
2722 3596 2853 3640 artas
2894 3600 2958 3641 ac
2981 3589 3138 3642 sedes
3167 3604 3435 3644 annorum
3464 3594 3687 3661 viginti,
3726 3595 3812 3647 in-

2219 3688 2299 3734 tra
2329 3695 2466 3750 quos
2499 3680 2635 3735 nihil
2666 3690 2808 3734 vetat
2832 3679 3166 3744 Stephanum
3201 3684 3454 3738 humanis
3474 3687 3815 3752 excessisse,

2218 3781 2269 3826 et
2304 3773 2392 3827 tibi
2432 3781 2597 3827 totam
2662 3772 2715 3827 in
2779 3770 3106 3841 Symeonem
3146 3772 3390 3829 fabulam
3424 3775 3664 3840 luserat,
3710 3794 3812 3846 pt‘t‘

2217 3866 2373 3934 cujus
2408 3865 2491 3919 vel
2532 3879 2764 3920 mortem
2829 3864 2911 3919 vel
2946 3864 3411 3933 ingravescentem
3439 3878 3687 3932 aetatem,
3718 3872 3816 3925 ille

2220 3956 2563 4025 postmodum
2612 3972 2746 4025 pace
2789 3957 2996 4027 potitus
3054 3958 3147 4020 sit,
3199 3956 3481 4029 libereque
3510 3959 3666 4016 Patri
3707 3979 3815 4017 suo

2219 4049 2471 4118 spiritali,
2493 4047 2745 4118 Symeoni
2771 4051 3083 4117 venerabili,
3100 4052 3372 4107 solemnes
3403 4068 3615 4108 annuos
3638 4054 3824 4111 hoino-

2222 4158 2309 4198 res
2332 4144 2684 4214 persolverit;
2719 4147 2834 4200 sive
2861 4145 2992 4198 nihil
3036 4159 3154 4202 eam
3191 4146 3373 4200 sedem
3407 4146 3661 4200 ambiens
3713 4148 3823 4217 (ut

2222 4252 2327 4291 non
2379 4245 2496 4292 erat
2548 4247 2697 4293 certa
2759 4237 2935 4292 ullbve
2978 4237 3100 4305 jure
3135 4239 3339 4292 saucita
3373 4252 3437 4291 ac
3488 4240 3820 4294 net-exsatia

2221 4328 2657 4399 syncellorumjin
2684 4345 2803 4384 eam
2837 4331 3021 4384 sedem
3039 4330 3341 4397 successio)
3368 4329 3819 4385 velututiliorcm

537 4425 656 4476 Visa
712 4424 846 4484 lucc,
907 4435 1005 4487 pro
1060 4417 1313 4471 Ecclesiae
1365 4415 1969 4485 tintistantinopolitanae
2008 4418 2114 4471 ritu
2150 4420 2192 4474 D
2225 4421 2383 4476 rebus
2414 4420 2799 4476 ecclesiasticis
2834 4430 3134 4476 navaturus
3164 4437 3408 4491 operam,
3439 4422 3518 4477 sic
3548 4438 3576 4476 a
3610 4425 3816 4479 cousi-

500 4515 803 4579 -s‘ulliclens
866 4510 1150 4582 Symeonis
1219 4507 1491 4571 Studitte,
1559 4508 1687 4562 dicti
1736 4505 2108 4574 Venerabilis,

533 4606 826 4660 vitulicatio
863 4643 879 4669 ,
919 4612 973 4657 ct
1025 4609 1081 4654 ut
1119 4600 1295 4654 sancti
1352 4600 1509 4653 titulo
1563 4599 1809 4668 publicos
1866 4600 1919 4655 in
1980 4602 2112 4656 urbe

532 4702 549 4768 (
588 4710 678 4750 aut
708 4708 854 4750 certe
890 4697 939 4747 in
968 4693 1141 4747 sancti
1204 4692 1485 4746 llatnantis
1531 4692 1902 4762 monasterio)
1937 4692 2112 4747 hono-

535 4806 619 4843 res
677 4790 917 4841 haberet.
985 4786 1147 4852 Inque
1209 4785 1347 4837 hunc
1411 4784 1627 4837 modum
1690 4799 1862 4841 annos
1918 4787 2113 4843 sexde-

530 4884 633 4935 cim
693 4882 809 4949 ejus
861 4878 1065 4932 cultum
1110 4877 1373 4930 illibatum
1430 4890 1831 4945 perseverasse,
1869 4878 2113 4933 celebra-

531 4986 691 5041 taque
748 4968 1012 5040 frequenti
1070 4966 1319 5037 religioso
1361 4978 1630 5021 conventu
1682 4970 1967 5036 solemnia,
2018 4987 2114 5024 au-

530 5078 648 5120 ctor
666 5064 970 5119 Sthetatus:
995 5064 1165 5115 donec
1207 5058 1513 5128 Stephanus
1540 5060 1779 5114 Alexina:
1801 5077 1866 5116 ex
1910 5074 2115 5116 metro-

2218 4511 2306 4567 liis
2344 4512 2689 4580 patriarchae,
2724 4513 2774 4565 in
2799 4510 3027 4583 regenda
3063 4513 3313 4567 universa
3354 4513 3598 4581 dioecesi,
3630 4530 3815 4583 quam

2216 4604 2262 4658 si
2298 4619 2462 4659 unam
2501 4604 2738 4673 aliquam
2783 4606 3057 4660 civitatein
3114 4606 3197 4660 vel
3225 4606 3396 4675 ipsam
3449 4609 3819 4678 metropolim

2216 4695 2501 4766 episcopus
2548 4706 2799 4766 regeret;
2852 4697 2930 4752 vel
2954 4697 3069 4766 ipse
3124 4710 3337 4768 sponte,
3387 4700 3468 4753 vel
3532 4702 3828 4757 invitante

2217 4787 2543 4856 patriarcha,
2575 4789 2691 4843 sive
2721 4788 2883 4844 etiam
2918 4790 3358 4859 imperatoribus,
3394 4806 3493 4861 pro
3537 4793 3664 4860 ejus
3702 4811 3821 4851 no-

2220 4879 2379 4935 minis
2410 4880 2743 4946 celebritatc,
2770 4895 2831 4935 ca
2870 4882 3078 4946 relicta,
3113 4881 3578 4953 ConstantinOpoli
3641 4890 3828 4957 quasi

2217 4972 2544 5040 patriarcha:
2587 4989 2854 5038 assessor,
2913 4975 3094 5045 illique
3129 4976 3351 5030 intimus
3384 4992 3449 5032 ac
3483 4977 3827 5045 familiaris,

2217 5064 2542 5120 consederit.
2572 5065 2688 5131 Quo
2717 5066 2828 5121 fere
2856 5068 3035 5134 modo,
3064 5068 3204 5137 apud
3234 5066 3479 5135 Latinos,
3512 5069 3686 5123 etiam
3720 5087 3827 5125 ar-

531 5159 693 5227 polita
756 5153 1157 5211 Nicomediensi
1194 5192 1208 5215 ,
1244 5151 1417 5220 Sergii
1480 5152 1804 5219 patriarcha:
1896 5157 2113 5224 syncel-

531 5255 634 5315 lus,
685 5266 749 5304 eo
798 5248 1019 5303 nomine
1077 5247 1244 5315 cmpit
1296 5245 1569 5313 exagitare
1608 5284 1623 5309 ,
1665 5244 1824 5315 inque
1885 5247 2115 5317 Symeo-

532 5360 599 5399 ne
657 5340 948 5396 venerabili
1012 5341 1256 5407 quaedam
1333 5336 1759 5405 reprehendere,
1826 5339 2112 5410 ipsumque

530 5434 758 5506 proinde
798 5435 913 5502 ejus
936 5432 1246 5500 religiosum
1294 5430 1522 5496 cultum,
1551 5428 1630 5484 sic
1673 5434 1967 5499 praesertim
2001 5444 2111 5488 tota

531 5530 669 5582 urbe
695 5524 1014 5588 solemnem,
1050 5524 1376 5592 improbare.
1398 5522 1592 5577 Totum
1623 5524 1899 5581 Sthctatus
1947 5528 2113 5581 ascri-

530 5618 611 5676 hit
634 5615 868 5681 invidiae,
905 5630 968 5669 ac
996 5615 1138 5683 quod
1193 5615 1480 5684 utriusque
1524 5614 1811 5683 Symconis
1842 5617 2108 5670 sanctitas

531 5724 594 5764 ac
626 5706 875 5775 scientia,
908 5705 1054 5760 illius
1079 5704 1233 5760 latum
1270 5705 1511 5760 scicntia:
1543 5720 1605 5759 ac
1636 5707 1939 5762 sanctitatis
1969 5709 2109 5762 vide-

2216 5158 2546 5227 chiepiscopi
2586 5158 2640 5212 in
2673 5158 2975 5214 cardinales
3014 5168 3217 5215 sanctae
3248 5158 3506 5216 Romanae
3533 5160 3832 5220 Ecclesia:

2218 5251 2560 5321 presbyteros
2593 5251 2792 5321 passim
2823 5262 3183 5321 cooptantur;
3208 5261 3507 5321 vacantque
3530 5252 3659 5322 ipso
3683 5257 3832 5324 jure

2217 5339 2293 5393 sic
2352 5349 2753 5405 assutnptorum
2785 5341 2963 5407 sedes,
3019 5347 3161 5408 quod
3200 5357 3304 5395 non
3330 5345 3465 5396 satis
3497 5348 3838 5403 conveniat

2217 5434 2435 5501 utrique
2469 5436 2681 5488 muneri
2712 5434 2765 5489 in
2796 5450 2903 5489 uno
2925 5435 3178 5489 homine:
3218 5445 3275 5489 ut
3309 5438 3430 5503 quis
3460 5436 3686 5491 scilicet
3717 5442 3839 5494 ad-

2216 5526 2395 5580 dictus
2426 5525 2495 5578 sit
2529 5525 2785 5581 Romana:
2819 5528 2981 5581 curiae
3022 5529 3252 5595 ejusque
3275 5529 3425 5583 urbis
3454 5528 3621 5591 clero,
3660 5539 3733 5585 et
3766 5544 3840 5589 ut

2158 5686 2167 5694 .
2216 5618 2489 5684 pontiﬁcis
2541 5630 2725 5689 partes
2774 5620 2963 5676 sedulo
2998 5630 3349 5688 exsequatur,
3374 5622 3427 5674 in
3457 5618 3721 5676 Ecclesia
3762 5642 3842 5682 ac

2216 5709 2410 5781 plebe,
2462 5712 2546 5767 cui
2599 5712 2885 5783 praefectus
2930 5714 3217 5784 episcopus
3269 5725 3354 5772 eSt
3384 5732 3399 5782 ;
3431 5714 3568 5785 juris
3601 5722 3841 5778 tamen
