3996 6222
298 245 400 312 269

1039 240 1137 304 DE
1179 236 1550 304 ESSENTIA
1589 243 1682 302 ET
1724 236 2235 306 OPERATIONE.
2273 243 2789 307 —PR£FATIO.

3430 245 3538 309 270

299 360 530 422 ﬁctione,
559 355 788 425 ejusque
811 355 957 410 velut
995 356 1181 410 fraude
1216 356 1474 424 quadam,
1506 354 1710 409 aedem
1734 355 1861 415 illis.
1891 356 1941 416 Α
1970 357 2153 413 tudine
2199 358 2266 411 ad
2321 358 2441 427 ejus
2493 358 2788 426 quotannis
2833 356 3115 414 solemnia.
3143 356 3391 413 Derivala
3428 360 3542 412 ha-c

298 468 356 508 ac
379 451 706 522 quandoque
756 447 989 517 majores
1012 447 1170 501 sedes
1197 446 1691 511 commendantur;
1731 454 1785 499 et
1815 446 1860 498 si

296 560 394 598 non
425 544 626 597 desunt
689 539 778 607 qui
831 548 1068 606 utroque
1117 553 1338 593 munere
1383 538 1642 605 praeclare
1670 532 1861 598 functi,

295 646 400 690 tum
427 647 725 701 purpuram
756 640 1045 695 ornarunt,
1072 639 1188 682 tum
1216 637 1274 683 et
1304 630 1474 697 magis
1497 626 1715 694 infulas,
1742 644 1865 684 sano

296 728 390 781 etis
425 721 678 777 maribus
721 721 1022 786 composito
1048 734 1211 791 grege
1247 720 1578 790 peenliarins
1628 722 1863 784 credito,

296 814 534 883 nihilque
558 816 653 869 illo
698 813 996 864 secundum
1038 813 1229 875 Dentri,
1249 812 1359 865 sive
1381 827 1673 881 purpuram
1692 813 1865 872 dicas,

294 910 402 965 sive
419 909 554 977 quid
579 907 723 959 aliud
746 905 999 959 humana:
1039 903 1343 971 dignitatis,
1367 902 1641 971 antiquius
1663 903 1857 955 haben.

296 1011 391 1066 tes,
420 1002 659 1067 ejusque
687 1012 818 1051 cura
847 995 1132 1064 pervigiles
1161 995 1323 1056 ;veri
1350 992 1555 1049 scilicet
1595 994 1865 1056 l'astnrrs,

291 1092 609 1159 Christique
628 1087 1055 1158 Ἀρχιποῐμενος
1072 1086 1295 1154 vestigia
1334 1085 1521 1139 sedulo
1540 1094 1865 1155 prementes,

291 1184 642 1246 decorarunt;
666 1182 719 1234 in
737 1180 935 1250 quibus
956 1178 1033 1233 sol
1053 1179 1269 1245 quidam
1290 1176 1487 1231 effulsit
1503 1176 1869 1246 Carnlnsllor-

295 1288 527 1326 renitens
553 1288 569 1335 ;
596 1272 769 1325 secuti
806 1270 988 1335 plures
1017 1268 1214 1320 eximio
1253 1266 1520 1335 exemplo,
1546 1265 1872 1321 Francisi-us

289 1359 1049 1427 Saurvlisinsllurdigzilensis,
1086 1370 1242 1409 meus
1269 1355 1382 1425 ipse
1424 1355 1766 1424 metropolita
1796 1355 1873 1407 ri-

287 1465 463 1525 taque
487 1453 763 1523 regularis
782 1460 1023 1506 assertor
1038 1461 1093 1505 et
1119 1450 1310 1506 vindex
1336 1450 1388 1503 in
1409 1449 1738 1504 sanctissimi
1766 1448 1875 1503 Ro-

285 1548 414 1601 san'i
440 1545 530 1601 FF
541 1587 556 1599 .
576 1546 998 1599 Praedicatorum
1019 1542 1395 1612 Burdigalensi
1413 1544 1742 1610 coenobian
1770 1560 1875 1614 quo

282 1649 331 1693 et
364 1652 572 1691 nomen
601 1637 861 1691 sanctiori
885 1635 1141 1690 instituto
1172 1634 1193 1702 (
1218 1643 1408 1689 sancto
1435 1650 1559 1690 vere
1580 1647 1730 1698 tunc,
1764 1651 1877 1688 mo-

281 1731 463 1796 doque
494 1726 778 1792 SOtIalillO)
816 1725 937 1778 dedi
973 1742 988 1788 ;
1016 1724 1354 1780 Galaminius
1383 1734 1588 1788 noster,
1645 1724 1867 1794 alique.

347 1815 676 1883 Stephanus
722 1827 872 1882 ergo,
925 1814 1019 1865 τὸν
1056 1812 1156 1881 τῆς
1189 1811 1497 1883 ἐπισκοπῆς
1529 1812 1870 1883 παραιτησά-

278 1925 450 1976 μενος
471 1907 697 1977 θρόνον,
729 1905 895 1972 συνῆν
919 1906 1006 1957 ἀεὶ
1033 1903 1112 1974 τῷ
1136 1906 1478 1979 πατριάρχῃ,
1503 1906 1597 1959 καὶ
1625 1906 1870 1976 μεγάλην

271 1999 519 2067 ἐφέρετο
580 1998 736 2066 παρὰ
763 1999 897 2050 πᾶσι
952 1998 1048 2066 τὴν
1082 2000 1275 2068 φήμην
1311 2001 1408 2066 τῆς
1444 1998 1721 2065 γνώσεως.
1773 1996 1873 2050 Re-

268 2093 513 2159 pudiata
536 2094 665 2145 sede
699 2090 1009 2159 episcopali,
1042 2106 1159 2143 cum
1185 2090 1491 2158 patriarcha
1521 2106 1723 2157 semper
1754 2106 1871 2143 ver-

270 2186 541 2245 cabatur,
577 2199 869 2253 magnaque
892 2183 1033 2250 apud
1062 2198 1243 2236 omnes
1263 2184 1499 2237 scientia:
1517 2183 1873 2237 mstimarione

267 2288 423 2331 erat.
473 2275 665 2330 Potuit
700 2290 830 2344 ergo
875 2277 962 2328 vir
1013 2275 1260 2330 eruditus
1298 2286 1611 2342 suspeetum
1647 2275 1869 2341 habere,

270 2369 429 2436 quod
455 2369 624 2420 Imb!)
676 2366 977 2436 Symeones
1017 2366 1117 2420 viri
1156 2366 1411 2420 illitterati
1440 2381 1504 2420 ex
1554 2365 1668 2421 solo
1714 2369 1870 2437 quasi

272 2456 470 2511 allato
496 2459 569 2510 de
601 2454 713 2509 Deo
747 2455 1054 2523 divinisque
1083 2462 1231 2507 tanta
1284 2453 1670 2522 loquebantur;
1703 2455 1874 2524 quod-

274 2564 391 2615 que
440 2548 604 2612 alter,
650 2545 882 2601 alterius
906 2546 1018 2615 jam
1049 2541 1293 2600 defuncti
1321 2545 1635 2599 memoriam
1685 2560 1873 2600 consev

272 2653 476 2703 etans,
509 2638 579 2691 ad
608 2637 731 2707 ejus
754 2636 1013 2692 solemnia
1062 2646 1231 2690 totam
1278 2634 1394 2690 fere
1430 2647 1643 2706 cogeret
1677 2637 1871 2691 civita-

274 2742 391 2787 ιω
418 2747 438 2794 ;
467 2742 519 2784 ut
547 2731 664 2798 jam
700 2744 887 2799 magna
921 2730 1120 2783 civium
1148 2745 1295 2799 pars,
1334 2729 1469 2783 nihil
1504 2729 1604 2783 nisi
1626 2742 1872 2785 Sanctum

275 2823 579 2887 haberent,
605 2821 751 2890 quod
773 2820 877 2874 illis
903 2820 1217 2876 auctoribus
1247 2821 1602 2889 accepissent.
1628 2818 1872 2875 Primum

278 2912 474 2982 itaque
502 2911 588 2965 illi
616 2916 825 2964 tentata
867 2905 1154 2980 Symeouis
1203 2909 1273 2965 de
1306 2909 1416 2963 Deo
1441 2911 1723 2965 doctrina:
1759 2920 1871 2965 tum

1963 447 2153 501 eadem
2172 450 2238 501 ad
2271 448 2487 503 diversa
2520 446 2623 500 alia
2674 448 2941 502 r-mriohia.
2968 446 3119 501 Nulla
3152 450 3408 519 deinceps
3436 450 3540 519 Sy-

1967 540 2143 593 meoni
2173 549 2357 596 creata
2385 534 2659 592 molestia.
2688 537 2997 593 Exstinctus
3019 540 3168 594 brevi
3205 549 3326 607 post
3381 540 3543 594 resti-

1966 636 2140 681 tutum
2188 626 2513 699 Symeonem
2553 630 2859 698 patriarcha
2890 627 3139 700 Sergius,
3168 631 3325 698 eique
3348 630 3546 685 subro-

1967 726 2121 787 gntus
2174 708 2511 781 Eiisthatius,
2561 718 2716 785 cujus
2761 734 2922 773 omne
2945 729 3156 786 tempus
3188 720 3433 776 videatur
3465 724 3543 773 vi~

1970 811 2114 863 uisse
2134 807 2392 879 Symeon,
2412 819 2465 863 et
2483 810 2548 862 ad
2577 810 2747 879 ipsum
2774 806 2969 873 Alexii,
3001 808 3094 879 qui
3125 808 3301 864 fuerat
3322 808 3543 864 Studia-

1970 913 2072 952 uus
2130 898 2448 962 monachus,
2501 899 2832 966 pervenisse.
2884 894 3217 969 Stephanus,
3274 900 3359 954 vel
3397 900 3538 967 ipse,

1968 1003 2077 1057 quo
2103 996 2348 1057 tempore
2381 986 2630 1059 Sergius,
2662 990 2803 1044 diem
2848 990 3068 1055 obierit,
3097 988 3181 1046 vel
3215 1005 3280 1046 eo
3304 991 3540 1056 sublato,

1971 1080 2188 1134 animos
2221 1081 2509 1149 posuerit;
2562 1081 2687 1135 aliis
2714 1080 2845 1147 ojam
2894 1082 3231 1149 patriarchis
3284 1082 3544 1153 Symenni

1970 1173 2327 1240 :cquioribus,
2393 1172 2728 1244 majorisque
2758 1187 2868 1243 prae
2901 1173 3100 1244 Sergio
3126 1174 3421 1243 ﬁrmitatis,
3453 1177 3543 1248 qui

1974 1267 2196 1333 probata
2231 1263 2515 1336 Symeonis
2546 1267 2775 1321 instituti
2810 1267 3021 1323 ratione
3054 1269 3279 1325 colendo
3329 1270 3544 1327 Patrem

1973 1372 2151 1415 suum,
2181 1372 2286 1409 non
2320 1356 2504 1437 debuit
2534 1357 2864 1410 ohtundente
2887 1355 3162 1428 Syncello,
3205 1373 3379 1428 eaque
3408 1356 3548 1414 duu-

1977 1458 2128 1501 taxat
2157 1449 2385 1511 ratione,
2418 1464 2481 1504 ac
2513 1449 2616 1503 nisi
2653 1461 2801 1504 certo
2842 1450 3177 1520 deprehenso
3206 1467 3419 1507 errasse
3440 1449 3547 1507 sibi

1978 1538 2275 1605 Calculum,
2345 1556 2445 1594 nec
2474 1555 2596 1595 eum
2639 1548 2908 1604 sanctum,
2968 1540 3062 1597 sed
3092 1542 3173 1597 vel
3210 1543 3548 1613 hypocritam

1979 1631 2059 1683 vel
2118 1629 2433 1684 luereticum
2485 1644 2628 1696 esse,
2694 1645 2723 1684 a
2773 1632 3082 1686 constantia
3138 1633 3365 1687 resilire.
3424 1628 3550 1687 llarc

1976 1736 2189 1776 summa
2225 1719 2362 1774 Vitae
2420 1720 2731 1791 Symeonis,
2764 1736 2886 1791 qua:
2915 1722 3073 1793 longe
3104 1723 3268 1777 multa
3302 1723 3551 1792 impleret

1975 1814 2121 1867 l‘olia.
2158 1813 2234 1867 Ex
2282 1828 2344 1868 ea
2380 1814 2624 1880 planum,
2652 1829 2814 1884 quam
2846 1829 2956 1868 non
2987 1817 3040 1868 in
3070 1816 3305 1870 obscuro
3328 1830 3549 1871 manse-

1976 1908 2088 1960 rint
2124 1922 2213 1961 res
2241 1904 2382 1975 ejus,
2418 1916 2539 1975 post
2567 1907 2730 1961 breve
2770 1906 2938 1975 ipsius
2974 1904 3229 1962 exsilium
3284 1916 3339 1962 et
3367 1922 3551 1962 carce-

1973 2013 2108 2063 rem,
2134 2012 2232 2052 nec
2258 1997 2410 2067 quasi
2441 1993 2713 2052 oblivione
2764 1996 2883 2066 ejus
2921 1998 3130 2067 sepulta
3165 1997 3401 2062 cantica,
3436 2013 3551 2053 sere

1973 2103 2286 2157 mollesque,
2315 2102 2379 2143 ac
2409 2086 2613 2156 scripta
2638 2088 2742 2141 alia
2769 2104 2786 2153 ;
2818 2096 2875 2142 ut
2903 2088 3007 2142 sibi
3041 2089 3190 2143 visus
3208 2089 3381 2143 fuerat
3411 2089 3551 2143 divi-

1973 2195 2107 2235 nare
2150 2176 2261 2233 Leo
2317 2178 2568 2239 Allatius,
2628 2179 2768 2246 quod
2816 2194 2942 2234 eum
2996 2176 3296 2235 defecerint
3366 2189 3549 2237 vetera

1974 2279 2344 2327 monumenta.
2400 2264 2567 2342 Egre
2617 2266 2756 2336 fero,
2792 2278 2853 2326 ut
2884 2282 3092 2326 tantum
3128 2272 3301 2326 virum
3335 2286 3431 2341 pro
3455 2274 3549 2326 ad-

1974 2364 2230 2419 versariis
2257 2374 2407 2417 stare
2467 2363 2779 2426 admittam,
2807 2364 2889 2417 vel
2925 2363 3308 2418 Palamitarum
3342 2363 3550 2419 fontem

1974 2471 2119 2520 esse,
2161 2454 2265 2509 nisi
2292 2454 2396 2509 hoc
2457 2454 2656 2517 solum,
2688 2456 2832 2524 quod
2866 2452 2941 2509 illi
2963 2456 3269 2524 simplicius
3305 2456 3355 2511 ei
3384 2457 3551 2522 dieta,

1976 2546 2253 2615 nimiaque
2282 2542 2553 2612 emphasi,
2581 2544 2648 2599 de
2690 2544 2781 2600 Dei
2816 2546 3016 2599 nni‘one
3048 2561 3113 2600 ac
3139 2546 3369 2607 visione.
3406 2544 3555 2615 ejus-

1973 2650 2084 2708 que
2102 2636 2222 2691 luce
2253 2651 2316 2690 ac
2342 2636 2646 2697 divinitate,
2678 2636 2729 2691 in
2761 2651 2913 2690 suam
2935 2634 3041 2692 nisi
3065 2647 3196 2693 sunt
3228 2637 3555 2706 detorquere

1977 2721 2306 2780 sententiam
2334 2740 2353 2791 ;
2387 2724 2460 2779 uti
2488 2735 2543 2778 et
2572 2725 2662 2779 illo
2702 2729 3069 2794 superiorum,
3133 2726 3400 2797 Dionysii.
3448 2726 3554 2778 l3..-

1977 2817 2105 2882 silii,
2134 2815 2297 2885 Greg.
2328 2816 2523 2889 Chrys.
2557 2815 2773 2870 Maximi
2802 2833 2819 2869 :
2853 2818 3052 2887 vixque
3092 2817 3236 2872 ullus
3273 2829 3554 2883 occurrat,

1977 2922 2168 2964 eorum
2201 2909 2294 2979 qui
2321 2908 2607 2979 mysticam
2645 2914 2810 2977 atque
2838 2907 3040 2964 amoris
3077 2907 3403 2978 theologiam
3432 2924 3557 2978 pru-

277 3001 651 3058 enllicitatum
690 3000 867 3054 Patris
893 3000 985 3055 ille
1042 2999 1240 3063 honor,
1274 3016 1471 3053 annum
1507 3016 1671 3054 uirum
1707 3013 1873 3071 atque
1899 3020 1945 3082 ο
1983 3002 2204 3073 pensius
2251 3000 2544 3064 tradidere,
2602 3000 2688 3054 cui
2743 3015 2850 3054 non
2888 3000 3123 3068 proclive
3184 3002 3258 3055 sit
3307 3003 3556 3056 eamdem

280 3094 550 3160 alterum,
600 3092 913 3159 patriarcha
948 3105 1013 3144 ac
1034 3091 1309 3160 episcopis
1342 3106 1485 3162 ξρετε
1520 3094 1871 3147 assentienti-

284 3189 410 3250 bus,
442 3196 510 3239 ut
539 3186 889 3247 damnarent,
909 3184 1054 3253 quod
1078 3182 1187 3250 jam
1212 3172 1338 3238 ante
1363 3184 1464 3252 ipsi
1483 3185 1872 3256 approbaraut.

285 3277 503 3344 Raptus
560 3273 784 3327 tandem
833 3274 888 3326 in
939 3271 1226 3327 concilium
1257 3274 1564 3327 eonomine
1618 3273 1874 3345 Symeun,

289 3370 522 3437 ipsaque
566 3364 750 3419 Patris
797 3365 972 3434 imago
1001 3365 1141 3418 divis
1171 3365 1474 3422 honoribus
1506 3378 1823 3421 consecrata
1854 3384 1869 3422 :

288 3461 411 3531 eius
437 3460 495 3513 in
523 3475 596 3514 eo
629 3458 889 3513 ventilata
933 3472 1094 3511 causa
1129 3468 1228 3523 ;et
1282 3457 1437 3527 longa
1476 3459 1757 3529 Symeonis
1786 3476 1877 3513 sa-

294 3553 565 3615 tislactio,
588 3563 691 3619 pro
721 3563 781 3604 se
801 3548 1149 3618 acimagine:
1179 3548 1333 3618 juxta
1366 3563 1432 3602 ex
1457 3547 1544 3601 illa
1566 3548 1730 3601 ohlini
1773 3564 1877 3602 vox

304 3646 362 3697 '0
397 3642 675 3709 'AI‘IUZ;
713 3641 925 3696 abolitae
966 3650 1022 3696 et
1054 3654 1245 3695 omnes
1294 3640 1412 3694 aliae
1433 3639 1570 3709 ejus,
1616 3641 1669 3693 in
1702 3640 1879 3694 sancti

296 3734 617 3798 latitantis,
650 3734 937 3801 imagines.
969 3731 1152 3785 Altera
1196 3741 1382 3785 coacta
1412 3731 1623 3803 synodo
1651 3747 1667 3795 ;
1696 3731 1881 3799 jussus

298 3829 537 3900 Symeon
571 3836 666 3881 aut
699 3842 727 3880 a
756 3824 935 3881 l‘atris
971 3825 1077 3879 illis
1109 3824 1358 3879 laudibus
1385 3838 1627 3887 cessare,
1650 3834 1741 3877 aut
1773 3838 1883 3879 cre-

295 3922 458 3976 nobio
491 3938 510 3983 ;
538 3919 793 3987 urbeque
834 3917 1123 3979 excedere.
1174 3914 1385 3969 Nolenti
1415 3915 1633 3978 cedere,
1668 3917 1879 3968 decreta

292 4014 567 4085 synodire
594 4010 775 4065 exsilii
803 4025 984 4077 pinna.
1012 4011 1333 4080 Deportatus
1368 4007 1435 4061 ad
1480 4007 1878 4078 Chrysopolim,

290 4107 345 4159 in
368 4103 705 4174 oppidulum
735 4102 878 4170 quod
899 4100 1292 4153 Palusiatarum
1324 4106 1539 4151 vocant.
1581 4097 1783 4151 Nactus
1812 4097 1881 4148 ihi

286 4197 607 4253 oratorium
638 4206 777 4262 pene
791 4192 1031 4246 dirutum
1057 4200 1217 4258 atque
1237 4190 1532 4253 desertum,
1583 4189 1634 4240 iu
1665 4203 1733 4243 eo
1761 4204 1882 4242 cum

285 4286 576 4355 disdpulo
608 4283 880 4338 considet.
901 4282 946 4334 Δ
971 4281 1363 4350 Christophoro
1390 4280 1648 4333 senatorii
1675 4280 1885 4333 ordinis

1987 3109 2154 3165 prope
2181 3109 2246 3148 ac
2275 3093 2530 3164 Symeoui
2574 3093 2775 3147 inferre
2801 3091 3150 3148 calumniam.
3178 3091 3273 3147 Sic
3294 3101 3351 3146 et
3370 3091 3558 3147 Thau-

1986 3187 2098 3241 lero
2128 3196 2314 3242 nostro
2343 3185 2444 3239 visi
2472 3184 2648 3255 aliqui
2713 3184 3020 3247 detrahere,
3057 3199 3215 3252 quem
3245 3183 3559 3240 Ludovicus

1986 3279 2196 3333 Blosius
2228 3279 2309 3331 vir
2336 3276 2586 3331 eruditus
2607 3292 2669 3330 ac
2695 3277 2839 3347 pius.
2866 3277 2968 3330 rite
2986 3276 3248 3331 vindicat.
3274 3273 3557 3341 Visioilla,

1984 3375 2197 3442 aliaque
2220 3372 2337 3440 ejus
2367 3373 2600 3441 generis,
2631 3382 2823 3441 gustus
2854 3371 3073 3440 quidam
3109 3380 3197 3425 est
3226 3377 3559 3441 exspectata:

1988 3465 2288 3527 felicitatis,
2313 3463 2583 3532 altiorque
2612 3462 2914 3532 praesentiae
2949 3463 3089 3518 Deus
3137 3462 3369 3533 ejusque
3398 3463 3559 3517 unio-

1990 3555 2075 3610 nis
2101 3555 2154 3609 in
2177 3552 2453 3623 perlectis,
2469 3567 2865 3622 sensus,qnarn
2887 3554 3121 3623 Symeon
3151 3552 3205 3607 iu
3226 3553 3307 3609 eis
3331 3537 3553 3623 negare.

1989 3644 2260 3713 lnrrreseos
2309 3649 2503 3707 notat;
2564 3656 2663 3697 nec
2716 3642 2855 3696 forte
2914 3642 3062 3696 aliud
3101 3643 3152 3696 in
3196 3657 3285 3706 eo,
3333 3642 3562 3713 ejusque

1991 3737 2152 3791 Patre
2199 3732 2452 3802 spiritali,
2516 3730 2786 3804 Symeoue
2853 3732 3181 3798 Venerabili,
3252 3733 3563 3805 Stephanus

1994 3825 2436 3893 reprehendebat.
2477 3822 2632 3878 Libet
2675 3840 2742 3879 ex
2773 3825 2890 3892 ejus
2915 3825 3066 3879 Orat.
3093 3842 3108 3878 :
3140 3825 3273 3896 Περὶ
3308 3825 3566 3899 γνώσεῳς

1992 3915 2275 3986 ἀληθινῆς,
2316 3916 2471 3983 cujus
2499 3915 2617 3969 init.
2642 3916 2753 3968 Καὶ
2779 3915 2874 3968 νῦν
2898 3906 3165 3987 concipio;
3198 3916 3362 3972 καλὸν
3390 3918 3566 3972 εἰπεῖν

1995 4011 2107 4064 lra-c
2136 4011 2467 4064 exscribere.
2499 4009 2575 4061 To
2611 4009 2956 4081 μορφοῦσθαι
2983 4012 3042 4063 ὲν
3096 4013 3228 4082 ἡμῖν
3257 4012 3349 4066 τὸν
3397 4014 3567 4077 ὅντως

1992 4102 2122 4155 ὄντα
2153 4100 2377 4165 Θεδν,τὶ
2412 4102 2584 4165 ἐστιν,
2608 4103 2657 4154 ei
2685 4102 2762 4171 μὴ
2803 4102 2864 4154 τὸ
2896 4103 3046 4173 ἡμᾶς
3089 4104 3288 4168 αὐτοὺς
3346 4103 3569 4172 πάντως

1998 4195 2315 4262 μεταποιεῖν
2368 4210 2427 4244 τε
2486 4193 2579 4245 καὶ
2622 4194 2989 4248 ἀναπλάττειν
3034 4196 3130 4248 καὶ
3178 4199 3259 4259 εἰς
3311 4197 3411 4269 τὴν
3466 4200 3568 4267 τῆς

2001 4284 2255 4353 θεότητος
2284 4285 2469 4339 εἰκόνι
2506 4272 2944 4357 μεταῖιορφοῦνς
3005 4283 3118 4340 οἷον
3163 4289 3414 4359 ἔγνωμεν
3456 4291 3567 4360 ἄρα

290 4382 437 4444 vim,
470 4377 640 4444 cujus
663 4376 1021 4444 possessimris
1035 4385 1173 4438 erat,
1199 4375 1373 4442 ipsum
1411 4375 1554 4428 dono
1587 4375 1877 4435 obtinet,ea

1998 4378 2257 4445 γεγονότα
2286 4377 2379 4429 καὶ
2411 4378 2501 4429 τὸν
2531 4376 2688 4442 ἅγιον
2725 4375 3020 4447 Συμεώνην
3052 4380 3144 4433 τὸν
3187 4380 3432 4450 Εὑλαϐῆ,
3475 4383 3567 4435 τὸν

280 4473 653 4534 coaxatione,
689 4467 811 4523 utsi
842 4471 981 4523 Deus
1015 4468 1195 4521 mitius
1235 4468 1334 4536 ip-i
1361 4468 1592 4530 dederit,
1622 4478 1892 4519 mouaste-

288 4568 439 4620 riam
467 4566 528 4617 in
558 4578 624 4616 eo
655 4572 919 4615 exstruat.
948 4561 1051 4614 Per
1081 4576 1223 4621 eum,
1249 4560 1491 4626 aliosque
1508 4559 1623 4625 ejus
1650 4557 1891 4626 discipu-

286 4660 383 4711 los
413 4655 628 4711 drlatzc
654 4652 894 4718 querehe
913 4652 979 4703 ad
1021 4652 1409 4718 patriarrham.
1446 4649 1754 4702 “evocatus
1778 4649 1893 4717 ipse

286 4752 353 4806 in
380 4748 628 4809 urbem;
655 4753 855 4797 tentata
889 4742 1608 4816 rursrts‘constanlia,oblati
1638 4743 1891 4805 honores,

286 4838 716 4908 mroptlitica
770 4835 948 4900 sedes,
983 4834 1151 4888 nobili
1211 4835 1392 4904 aliqua
1440 4834 1679 4899 civitate,
1733 4833 1893 4885 modo

282 4935 588 5001 tantisper
618 4927 1020 4983 contentionem
1048 4925 1616 4994 remitteret..Cunctis
1645 4925 1892 4991 immoto,

285 5027 447 5082 facta
485 5020 713 5074 licentia
743 5018 952 5073 colendi
1006 5018 1222 5071 Patrem
1274 5026 1331 5070 ut
1370 5016 1585 5070 libuerit
1632 5031 1695 5071 ac
1730 5018 1811 5070 vel
1841 5017 1893 5070 in

286 5119 466 5179 urbe,
501 5114 802 5184 prioreque
833 5108 1082 5164 emnohio
1104 5109 1351 5178 degendi,
1380 5108 1461 5162 vel
1492 5109 1543 5161 in
1581 5122 1718 5161 nova
1758 5109 1892 5163 soli-

291 5207 525 5261 Indiae.
568 5200 783 5255 Deleeta
809 5199 1043 5254 solitudo
1075 5215 1091 5263 ;
1121 5198 1263 5251 inea
1292 5204 1514 5251 coactus
1544 5211 1714 5251 novus
1742 5210 1894 5266 grex,

291 5304 660 5354 minantum
695 5294 923 5361 egregiis
953 5291 1159 5347 {edibus
1181 5291 1359 5343 nobile
1387 5289 1724 5351 cmnobium,
1757 5305 1896 5343 cun.

290 5394 411 5447 clis
446 5391 526 5443 ad
563 5393 690 5441 vita:
719 5386 969 5441 ascetica:
1016 5382 1340 5439 necessariis
1365 5384 1844 5439 satisinsuuetum
1880 5397 1895 5447 ;

296 5495 529 5544 sancta:
551 5480 773 5533 Marius:
797 5486 1009 5531 vocant.
1036 5476 1092 5530 In
1118 5490 1182 5530 eo
1224 5485 1381 5528 aucta
1417 5474 1703 5545 bymeonis
1723 5474 1899 5528 Vene-

303 5573 509 5628 rabilis
543 5568 733 5638 religio
762 5573 817 5621 et
849 5566 1046 5632 cultus,
1074 5563 1381 5620 conﬂuente
1407 5580 1470 5620 ex
1503 5567 1613 5634 ipsa
1637 5566 1768 5618 urbe
1789 5564 1899 5617 Au-

308 5673 509 5735 ευςιτι,
559 5669 782 5727 totaque
808 5657 1028 5721 vicinia,
1090 5657 1372 5710 innumera
1402 5654 1678 5709 hominum
1717 5653 1901 5709 multi-

1993 4473 2053 4522 ὲν
2083 4473 2147 4539 τῇ
2198 4473 2337 4541 μονῇ
2385 4469 2482 4524 τοῦ
2546 4470 2802 4524 Στουδξου
2865 4472 3235 4543 ἀσκήσαντα·
3294 4478 3361 4545 τῇ
3398 4477 3567 4546 πείρᾳ

1994 4562 2132 4631 αὐτῇ
2184 4562 2250 4614 τὰ
2312 4561 2441 4631 περὶ
2493 4560 2659 4614 αὐτοῦ
2702 4561 3114 4632 βεδαιωθέντες.
3155 4564 3234 4635 Τῇ
3281 4564 3389 4639 γὰρ
3437 4567 3571 4620 ἀπο-

1995 4652 2224 4718 καλύψει
2248 4651 2344 4704 τοῦ
2397 4655 2456 4704 ὲν
2503 4652 2651 4722 αὑτῷ
2722 4654 3059 4722 Πνεῦματος,
3122 4655 3222 4727 τὴν
3260 4658 3341 4719 εἰς
3406 4658 3570 4730 αὑτὸν

1998 4743 2181 4798 πῖστιν
2264 4744 2813 4812 ἐπισφραγίσαντες,
2889 4747 3296 4817 ἀναντιρῤἠτως
3363 4748 3570 4817 ταύτην

1995 4835 2355 4907 φυλάττομεν.
2427 4836 2645 4889 Μᾶλλον
2710 4835 2802 4901 δὲ,
2872 4839 2935 4890 ἐκ
2986 4838 3081 4892 τοῦ
3132 4840 3296 4893 αὑτοῦ
3351 4843 3524 4909 φωτὸς
3553 4884 3568 4904 ,

1993 4928 2071 4990 ὡς
2120 4928 2185 4980 ὲκ
2210 4926 2496 4997 λαμπάδος
2543 4927 2722 4994 τινος,
2784 4928 2872 4982 τὸν
2930 4930 3028 4997 τῆς
3061 4929 3239 5000 ψυχῆς
3291 4931 3449 5001 ἡμῶν
3481 4931 3574 4983 λύ-

1994 5036 2124 5089 χνον
2158 5017 2519 5090 μεταδοτικῶς
2543 5019 2867 5089 ἀνάψαντες,
2896 5020 3158 5075 ἄσϐεστον
3180 5022 3569 5093 διατηροῦμεν,

1994 5111 2119 5172 ταῖς
2169 5108 2379 5163 ἐκείνου
2438 5109 2625 5179 εὐχαῖς
2655 5110 2748 5162 καὶ
2774 5111 3095 5179 πρεσῦεέαις
3152 5111 3573 5182 φρουρούμενοι.

2015 5198 2156 5264 Quid
2186 5208 2261 5253 est
2298 5200 2522 5269 formari
2544 5202 2598 5254 in
2621 5202 2791 5266 nobis,
2814 5214 2953 5265 eum,
2982 5203 3072 5271 qui
3089 5214 3164 5256 est
3203 5218 3340 5268 vere,
3374 5203 3533 5257 Deum
3551 5221 3573 5270 ς

1999 5292 2105 5345 nisi
2136 5307 2227 5345 nos
2252 5293 2394 5362 ipsos
2425 5294 2637 5346 omnino
2691 5302 3071 5360 transmittare,
3106 5304 3156 5348 et
3188 5295 3240 5348 in
3282 5295 3573 5367 imaginem

1998 5383 2292 5437 divinitatis
2322 5400 2431 5437 sua
2479 5387 2906 5453 transformare?
2943 5385 3162 5450 Qualem
3200 5388 3375 5456 utique
3403 5389 3571 5443 etiam

2000 5478 2224 5530 erexisse
2268 5468 2510 5528 iuvimus
2565 5487 2802 5529 sanctum
2856 5467 3147 5536 Simeonem
3186 5475 3571 5537 Venerabilem.

2000 5569 2168 5637 quiin
2201 5569 2516 5620 monasterio
2554 5565 2731 5621 δικάἱὶ
2752 5570 2985 5621 exercuit
3014 5588 3032 5634 ;
3064 5571 3173 5636 ipso
3214 5572 3466 5638 periculo,
3498 5573 3575 5625 rei

2001 5658 2114 5726 ejus
2148 5664 2285 5709 certe
2313 5657 2553 5708 ualidum
2578 5659 2768 5726 adepti.
2807 5657 2986 5712 Diviui
3012 5661 3146 5713 enim
3180 5662 3231 5714 in
3253 5678 3311 5714 eo
3342 5662 3576 5720 Spirims
