4020 6206
264 397 369 463 277

1013 403 1111 464 DE
1153 402 1525 464 ESSENTIA
1565 401 1659 461 ET
1697 399 2212 460 OPERATI‘ONE.
2251 423 2317 435 ’-
2362 403 2779 465 PRIEFATIO.

3420 408 3526 469 278

265 516 462 582 aliinil,
491 531 559 572 ex
598 516 800 590 Cyrillo
817 505 1002 573 doceri
1031 535 1045 574 :
1077 520 1324 586 Φυσικήν
1360 535 1543 586 φαμεν
1590 515 1846 585 γενέσθαι

2029 512 2246 568 Possem
2292 515 2394 569 alia
2452 515 2686 579 afferre,
2744 527 2801 571 ut
2855 519 2996 588 quod
3051 519 3212 576 habet
3263 519 3432 576 Serm.
3466 527 3534 580 de

264 612 362 682 τὴν
389 609 616 675 ἕνωσιν,
644 610 763 664 ἀλλ’
805 611 866 664 ἐκ
893 610 989 664 δύο
1018 610 1366 689 πραγμάτων
1390 609 1685 679 ἀνομοῖων,
1713 607 1848 660 Θεό-

265 703 428 775 τητός
459 721 520 756 τε
548 702 648 756 καὶ
677 701 1124 773 ἀνθρωπότητος,
1160 700 1249 754 τὸν
1279 701 1376 753 ἕνα
1417 701 1674 768 γενέσθαι
1717 701 1850 768 Χρι-

269 795 388 849 στὸν
421 795 520 848 καὶ
566 795 697 846 Υἱὺν
719 793 813 847 καὶ
846 793 1048 864 Κύριον
1076 791 1565 863 διαϐεϐαιούμεθα.
1605 789 1851 844 Natura-

267 886 361 939 lem
410 885 637 938 dicimus
693 884 891 952 [actam
945 901 1056 939 esse
1118 887 1405 948 unionem,
1471 883 1560 937 sed
1587 899 1652 936 ea;
1709 883 1844 936 dua-

269 977 355 1028 bus
411 977 564 1029 rebus
587 975 935 1030 dissimilibus
964 1016 978 1040 ,
1013 975 1218 1030 Deitate
1269 977 1465 1029 scilicet
1521 986 1566 1029 et
1605 974 1849 1028 humani.

270 1078 391 1131 tate,
427 1085 594 1121 unum
624 1069 824 1136 factum
851 1085 963 1122 esse
995 1067 1266 1124 Christum
1293 1078 1340 1122 et
1384 1066 1591 1122 Filium
1659 1077 1709 1122 et
1742 1067 1848 1120 Do-

268 1162 466 1214 minum
503 1163 850 1231 apii-mantus.
878 1160 1120 1224 Duabus.
1158 1161 1408 1232 inquam,
1472 1160 1634 1216 rebus
1687 1160 1852 1215 dissi-

271 1253 507 1320 milibus,
533 1271 656 1325 quae
674 1265 728 1308 et
747 1253 1041 1309 dissimiles
1067 1255 1244 1321 reipsa
1269 1268 1332 1308 ac
1360 1253 1602 1310 essentia
1621 1267 1746 1314 sua,
1781 1251 1849 1306 ab

271 1349 468 1400 unione
502 1353 754 1400 maneant
785 1362 799 1409 ;
833 1346 908 1400 uti
946 1360 1006 1400 se
1056 1360 1143 1400 res
1174 1345 1334 1401 habet
1365 1347 1418 1400 in
1441 1345 1548 1400 illis
1579 1344 1851 1414 exemplis

271 1436 463 1506 quibus
485 1437 662 1491 sancti
691 1436 944 1491 unionem
991 1438 1107 1493 sive
1149 1425 1568 1508 hy'postaticam,
1596 1437 1710 1492 sive
1729 1450 1850 1506 quas

278 1540 369 1592 per
394 1526 633 1596 gratiam
665 1535 748 1582 est
783 1527 802 1597 (
836 1527 1038 1583 amoris
1063 1528 1277 1584 scilicet
1302 1537 1358 1584 et
1380 1528 1693 1595 cbaritatis,
1727 1527 1848 1582 sive

273 1618 426 1673 etiam
449 1617 678 1673 visionis
704 1633 766 1673 ac
801 1619 1130 1688 cognitionis
1160 1618 1179 1690 )
1215 1620 1512 1690 explicant.

338 1705 567 1760 Videtur
593 1705 709 1774 ipse
733 1706 968 1778 Cyrillns
998 1707 1254 1780 Symeoni
1291 1709 1571 1778 praeivisse
1616 1707 1712 1764 lib.
1749 1723 1847 1774 Ix,

275 1797 329 1850 in
350 1795 509 1852 Joan.
545 1812 738 1852 versus
779 1799 973 1866 linem,
1003 1799 1094 1854 ubi
1135 1799 1202 1854 de
1245 1800 1417 1867 prima
1454 1799 1735 1854 creatione
1769 1799 1850 1854 lo-

276 1906 468 1961 quens.
499 1907 603 1961 qua
632 1893 695 1948 ad
727 1894 815 1950 Dei
851 1897 1140 1968 imaginem
1171 1881 1336 1951 liomo
1366 1897 1621 1952 conditus
1651 1907 1758 1964 est,
1793 1905 1851 1952 et

276 1983 340 2037 sd
387 2001 552 2053 quam
610 2002 705 2058 per
745 1985 1022 2044 Christum
1068 1989 1470 2057 rel‘ormamur;
1517 1989 1737 2046 exclusa
1790 2003 1852 2044 ea

277 2077 552 2147 opinione,
604 2094 726 2150 quae
766 2081 1097 2146 spiraculum
1145 2095 1176 2136 a
1221 2079 1334 2137 Deo
1376 2081 1580 2136 homini
1616 2079 1857 2135 insuma-

279 2178 408 2231 lum,
465 2172 708 2226 animum
759 2172 1078 2227 rationalem
1125 2171 1381 2242 exponit;
1425 2173 1540 2242 ipse
1589 2173 1854 2243 Spiritum

274 2271 518 2315 sanctum
565 2261 976 2332 interpretatur,
1016 2265 1162 2318 velut
1207 2265 1550 2336 signaculum
1599 2265 1856 2334 perfectae

270 2356 378 2426 jam
404 2371 469 2410 ex
500 2356 681 2410 anima
712 2365 767 2410 et
805 2371 1033 2425 corpore
1077 2358 1330 2412 humana:
1365 2367 1612 2425 naturas,
1663 2373 1693 2412 a
1747 2357 1858 2413 Deo

277 2447 640 2516 impressum;
679 2465 786 2518 quo
812 2449 891 2503 sic
920 2451 1080 2504 homo
1108 2450 1251 2505 Deus
1281 2465 1419 2506 unus
1450 2451 1599 2506 θέσει
1631 2452 1706 2507 sit
1733 2487 1749 2514 ,
1792 2465 1858 2505 ac

279 2536 332 2594 in
362 2539 538 2594 tribus
571 2554 698 2594 vere
738 2541 1008 2594 exsistens
1044 2557 1058 2594 :
1091 2541 1336 2611 Μέτοχον
1376 2541 1541 2596 αὐτὸν
1576 2542 1676 2612 τῆς
1721 2543 1859 2606 ιδίας

281 2631 493 2699 φύσεως
564 2632 823 2684 ἀποτελεῖ
882 2633 1035 2695 Θεός.
1117 2633 1453 2706 Ἑνεφύσησε
1510 2637 1618 2705 γὰρ
1668 2637 1752 2698 εἰς
1798 2637 1863 2688 τὸ

280 2723 578 2794 πρόσωπον
613 2723 780 2776 αὑτοῦ
806 2725 975 2794 πνοὴν
1005 2721 1174 2794 ζωῆς,
1203 2725 1350 2780 τοῦτ’
1372 2726 1512 2792 ἔστι,
1539 2727 1602 2780 τὸ
1637 2726 1868 2796 Πνεῦμα

279 2815 370 2867 τοῦ
394 2815 554 2868 Υἱοῦ.
591 2817 697 2869 Καὶ
729 2817 840 2887 γάρ
863 2821 1010 2870 ἐστιν
1036 2819 1222 2882 αὐτοῖς
1247 2821 1278 2889 ἠ
1307 2818 1422 2890 ζωὴ
1460 2819 1598 2888 μετὰ
1623 2819 1858 2890 Πατρὸς,

284 2907 525 2976 συνέχων
584 2908 666 2969 ei;
714 2910 774 2963 τὸ
815 2904 957 2964 εἶναι
1010 2911 1076 2964 τὰ
1126 2913 1324 2966 πάντα.
1368 2911 1619 2966 Κινεῖται
1653 2911 1761 2982 γὰρ
1804 2913 1864 2965 ὲν

280 3000 431 3070 αὐτῷ
458 3018 518 3054 τε
554 3001 648 3054 καὶ
690 3001 780 3073 ζῇ,
805 3003 872 3056 τὰ
909 3003 1056 3073 ζωῆς
1093 3002 1344 3058 δεκτικά.
1395 3003 1715 3070 Participem
1743 3021 1860 3059 eum

280 3090 421 3148 Deus
455 3094 688 3148 reddidit
720 3111 832 3150 suat
859 3109 1086 3150 naturte.
1130 3114 1149 3149 ι
1189 3095 1479 3166 lusu/flavit
1513 3099 1654 3151 enim
1689 3098 1741 3151 in
1781 3097 1862 3162 {a-

280 3186 413 3240 ciem
443 3188 561 3256 ejus
586 3187 906 3255 spiraculum
935 3189 1080 3253 vitte,
1115 3206 1133 3240 ι
1175 3189 1271 3243 hoc
1295 3200 1395 3250 est,
1432 3187 1689 3259 Spiritum
1717 3187 1865 3244 Filii.

1972 3182 2260 3251 ὁμοούσιον
2307 3183 2473 3236 αὑτοῦ
2518 3186 2618 3252 τῆς
2669 3185 2936 3254 Θεότητος
2991 3185 3256 3254 Πνεῦμα,

284 3274 404 3345 Ipse
437 3279 576 3332 enim
617 3280 723 3333 vita
755 3287 835 3334 est
860 3297 977 3335 cum
1014 3279 1174 3336 Patre
1209 3323 1226 3348 ,
1261 3283 1316 3336 in
1345 3298 1456 3337 esse
1485 3285 1662 3337 omnia
1693 3283 1864 3338 conti-

286 3385 436 3422 nens.
485 3368 552 3422 In
597 3385 658 3422 eo
703 3371 892 3439 quippe
941 3383 1215 3426 morentur
1264 3383 1313 3426 et
1363 3375 1559 3439 vivunt,
1604 3389 1722 3438 qute
1750 3375 1873 3429 uitta

284 3459 510 3524 capacia
579 3468 722 3512 sunt.
784 3458 1032 3529 Aliisque
1079 3460 1132 3515 in
1184 3477 1306 3517 eam
1367 3477 1480 3518 rem
1522 3463 1868 3533 interjectis,

296 3547 386 3610 Ὠς
416 3549 517 3601 οὐκ
550 3547 638 3612 ἂν,
668 3545 844 3618 οἶμαι,
875 3551 956 3615 τὶς
1008 3551 1072 3606 εὖ
1119 3551 1332 3622 φρονῶν
1365 3553 1425 3605 τὸ
1479 3553 1543 3604 ἐκ
1589 3550 1689 3621 τῆς
1721 3549 1871 3612 Θείας

283 3639 478 3701 οὐσίας
524 3641 790 3710 προελθὸν
835 3645 1142 3716 ἐμφύσημα
1188 3641 1366 3714 ψυχὴν
1414 3640 1582 3696 οἴοιτο
1616 3641 1871 3710 γενέσθαι

282 3729 367 3798 τῷ
396 3729 521 3801 ζὼῳ
543 3749 557 3762 ·
592 3731 904 3801 ψυχωθὲντι
953 3733 1009 3787 δὲ
1042 3733 1268 3804 μᾶλλον,
1317 3733 1411 3786 καὶ
1445 3731 1581 3802 πρὸς
1633 3731 1871 3796 ἰδιότητα

283 3819 389 3889 τῆς
424 3821 640 3884 τελεεας
679 3821 895 3891 φύσεως
933 3823 999 3876 δι’
1029 3825 1230 3892 ἀμφοῖν
1261 3823 1571 3892 ἀφιγμένῳ,
1603 3821 1779 3891 ψυχῆς
1805 3819 1870 3889 δὴ

284 3911 432 3979 λέγω
477 3914 575 3966 καὶ
631 3913 928 3982 σώματος,
973 3913 1226 3986 καθάπερ
1275 3913 1400 3967 τινὰ
1435 3912 1707 3985 σςραγῖδα
1771 3911 1872 3980 τῆς

287 4000 489 4054 ἑαυτοῦ
522 4002 743 4072 φύσεως
792 4001 1055 4074 ὲνέπηξεν
1085 4003 1113 4054 ὁ
1147 4001 1513 4072 Δημιουργὸς,
1551 4002 1611 4053 τὸ
1648 3999 1871 4069 Πνεῦμα

287 4094 344 4144 τὸ
395 4093 595 4160 ἅγιονο
651 4093 800 4147 τοῦτ’
831 4093 947 4147 ἐστι
994 4095 1092 4166 τὴν
1152 4095 1321 4166 πνοὴν
1371 4095 1471 4162 τῆς
1516 4091 1682 4162 ζωῆς,
1707 4093 1775 4145 δι’
1803 4088 1872 4164 ἧς

288 4185 429 4255 πρὸς
463 4183 522 4237 τὸ
557 4184 871 4255 ἀρχέτυπον
899 4185 1252 4240 διεπλάττετο
1291 4186 1508 4250 κάλλος·
1554 4184 1873 4238 ἀπετελεῐτο

290 4274 346 4327 δὲ
411 4276 540 4330 κατ’
601 4278 790 4352 εικόνα
841 4277 934 4332 τοῦ
971 4279 1283 4343 κτίσαντος
1324 4280 1462 4347 πρὸς
1515 4281 1700 4331 πᾶσαν
1730 4277 1874 4332 ἰδέαν

295 4368 518 4436 ἀρετῆς,
575 4369 809 4440 δυνάμει
849 4368 948 4424 τοῦ
996 4371 1394 4435 ὲνοικισθέντος
1451 4372 1601 4442 αὐτῷ
1642 4371 1874 4441 διακραο

292 4462 557 4531 τοὺμενος
594 4462 935 4532 Πνεύματος.
985 4462 1260 4518 Neminem
1292 4481 1437 4517 sante
1474 4465 1658 4518 mentis
1684 4465 1872 4519 existi-

1955 608 2388 676 pnevaricatione
2423 609 2572 674 Adte,
2602 611 2689 664 ubi
2722 622 2776 666 et
2803 612 2933 664 illud
2967 611 3242 676 οὐσιωδῶς
3277 618 3533 673 recurrit.

1959 699 2224 768 Ἐκστηθι
2258 701 2316 751 τὸ
2346 700 2576 769 φρικτὸν
2605 701 2821 755 ἀκούων
2849 703 2943 755 τοῦ
2971 705 3294 774 μυστηρίου,
3329 709 3536 763 καὶτὸν

1953 791 2108 857 λόγον
2162 792 2352 844 πιστὸν
2397 791 2527 847 ὄντα
2565 795 2702 863 μετὰ
2738 795 2920 864 πάσης
2955 796 3212 860 ὑπόδεξαι
3261 798 3538 868 πληροφο-

1958 883 2075 949 ρίας
2117 884 2210 936 καὶ
2273 872 2550 946 πίστεωςί
2588 887 3051 956 Συλλαμϐἁνομεν
3083 885 3175 941 οὖν
3207 890 3370 941 αὑτὸν
3411 893 3536 958 οὐχὶ

1956 974 2307 1042 σωματικῶς,
2360 975 2435 1037 ὡς
2487 976 2520 1044 ἡ
2581 977 2852 1046 Παρθένος
2904 981 2995 1032 καὶ
3051 980 3314 1043 Θεοτόκος
3371 983 3535 1035 αὐτὰν

1959 1065 2278 1127 συνέλαὸεν,
2331 1067 2468 1119 ἀλλὰ
2518 1070 2908 1135 πνευματικῶς
2969 1071 3089 1138 μὲν,
3140 1075 3416 1136 οὑσιωδῶς
3452 1077 3534 1128 δέ’

1955 1157 2048 1211 καὶ
2095 1157 2293 1228 ἔχομεν
2342 1158 2505 1211 αὐτὸν
2539 1161 2764 1224 ἐκεῖνον,
2796 1160 2854 1212 ὃν
2885 1163 2976 1214 καὶ
3010 1166 3041 1231 ἡ
3084 1165 3222 1232 ἁγνὴ
3257 1167 3536 1236 Παρθένος

1955 1249 2269 1311 συνέλασεν,
2313 1253 2371 1303 ὲν
2404 1253 2522 1314 ταῖς
2564 1253 2816 1320 καρδίαις
2855 1255 3034 1322 ἡμῶν,
3093 1257 3278 1321 καθὼς
3317 1263 3344 1312 ὁ
3394 1259 3534 1320 θεῖος

1952 1338 2164 1404 Παῦλός
2196 1358 2361 1410 φησιν
2389 1358 2402 1372 ·
2445 1360 2463 1393 s
2521 1342 2581 1395 Ὀ
2612 1343 2742 1405 Θεὸς
2771 1345 2798 1396 ὁ
2832 1346 3005 1397 εἰπὼν
3033 1348 3096 1399 ὲκ
3144 1351 3371 1411 σκότους
3416 1351 3534 1416 φῶς

1953 1434 2184 1504 λάμψαι,
2224 1435 2388 1497 αὐτὸς
2440 1434 2684 1505 ἔλαμψεν
2736 1439 2794 1489 ἐν
2826 1439 2958 1504 ξταίς
2993 1439 3244 1508 καρδίαις
3293 1443 3470 1509 ἡμῶν.
3511 1462 3529 1492 s

1953 1521 2079 1579 Οἷον
2111 1526 2308 1589 εἰπεῖν,
2345 1527 2466 1579 ἀντὶ
2492 1525 2612 1587 τοῦ.
2652 1527 2825 1590 Αὐτὸς
2852 1528 2974 1589 ὅλος
3008 1529 3284 1593 οὐσιωδῶς
3312 1532 3536 1598 γέγονεν

1952 1617 2198 1687 ὲν-ήμῖν.
2243 1616 2557 1686 Obstupesce
2582 1621 2910 1672 tremendum
2948 1623 3166 1674 audiens
3203 1626 3533 1692 mysterium,

1951 1726 2013 1764 ac
2035 1725 2348 1773 sermonem,
2381 1712 2470 1776 qui
2495 1711 2668 1778 ﬁdelis
2702 1712 2793 1777 sit,
2822 1714 2962 1766 omni
2988 1716 3299 1767 certitudine
3333 1733 3393 1768 ac
3434 1717 3537 1784 [ide

1951 1803 2173 1871 suscipe.
2211 1801 2375 1855 Illum
2419 1803 2595 1872 itaque
2627 1805 2966 1872 concipimus,
3015 1822 3115 1858 non
3159 1807 3533 1872 corporaliter,

1952 1901 2392 1968 quemadmodum
2433 1901 2587 1971 Virgo
2616 1919 2676 1954 ac
2725 1903 2952 1970 Deipara
3002 1919 3118 1956 eum
3156 1905 3413 1971 concepit,
3447 1905 3538 1957 sed

1953 1991 2268 2060 spiritaliter
2295 1994 2526 2061 quidem,
2567 2009 2744 2046 verum
2782 1994 3167 2057 essentialiter;
3206 1995 3542 2062 eumdemque

1953 2085 2120 2152 ipsum
2154 2085 2402 2138 habemus
2442 2083 2613 2153 (quem
2643 2093 2693 2137 et
2738 2083 2892 2152 Virgo
2945 2084 3244 2137 castissima
3283 2083 3539 2151 concepit)

1955 2177 2010 2229 in
2052 2176 2249 2229 nostris
2275 2174 2547 2238 cordibus,
2595 2176 2673 2226 uti
2713 2174 2894 2227 beatus
2939 2173 3138 2227 Paulus
3185 2174 3305 2228 ait:
3347 2193 3365 2224 ι
3404 2174 3540 2226 Deus

1956 2269 2046 2336 qui
2071 2267 2208 2320 dixit
2239 2267 2554 2329 deJenebris
2589 2265 2762 2318 lumen
2792 2265 3150 2333 splendescere
3174 2302 3189 2327 ,
3227 2266 3334 2334 ipse
3362 2264 3546 2318 illuxit

1957 2361 2014 2413 in
2040 2359 2286 2413 cordibus
2318 2359 2550 2420 nostris;
2591 2375 2610 2407 ι
2641 2372 2736 2424 pro
2769 2373 2830 2410 eo
2871 2373 2931 2409 ac
2957 2357 3152 2410 diceret
3183 2373 3202 2410 .'
3235 2355 3353 2424 Ipse
3403 2367 3542 2410 totus

1959 2451 2315 2505 essentialiter
2344 2451 2397 2503 in
2432 2450 2579 2503 nobis
2608 2457 2850 2503 versatus
2881 2459 2977 2501 est.
3017 2448 3182 2517 Ergo,
3213 2449 3325 2502 vult
3357 2463 3544 2502 essen-

1960 2541 2088 2596 tiale
2119 2540 2227 2594 Deo
2255 2541 2307 2594 in
2339 2541 2496 2596 nobis
2527 2539 2688 2595 esse?
2721 2537 3039 2609 NugaeNult
3073 2550 3224 2594 certe
3249 2539 3422 2608 ipsum
3461 2556 3545 2593 re-

1962 2647 2086 2686 vera
2120 2631 2286 2686 Deum
2317 2646 2437 2686 esse
2468 2632 2520 2686 in
2552 2632 2707 2686 nobis
2733 2631 2996 2701 peculiari
3033 2632 3338 2701 prmsentim
3363 2633 3544 2694 modo,

1962 2723 2098 2778 nihil
2132 2734 2441 2793 separatum
2476 2737 2506 2776 a
2538 2721 2654 2777 suis
2684 2722 2878 2783 donis,
2919 2721 3149 2792 qnon
3183 2733 3373 2778 auctor
3422 2737 3503 2777 est
3531 2764 3544 2782 .

1963 2825 2127 2886 snpra
2161 2830 2324 2870 omne
2354 2817 2592 2870 debitum
2628 2824 2858 2871 natura.
2897 2817 3162 2886 Sequitur
3198 2817 3325 2870 Ὀτι
3363 2817 3419 2868 δὲ
3452 2819 3547 2870 καὶ

1962 2909 2126 2976 ἡμεῖς
2187 2906 2249 2960 τὺ
2310 2906 2576 2962 ἄπεκτον
2637 2908 2751 2978 πῦρ
2810 2910 2908 2976 τῆς
2963 2909 3229 2979 Θεὸτητος
3285 2909 3547 2973 ὡσαύτως

1963 2997 2230 3068 δεχόμεθα
2260 3040 2274 3063 ,
2335 2999 2568 3053 ἄκουσον
2616 3001 2710 3054 τοῦ
2759 3001 2964 3070 Κυρίου
3015 3000 3263 3068 λέγοντος
3292 3019 3306 3034 ο
3356 3021 3373 3054 ι
3433 3003 3550 3073 Πῦρ

1963 3085 2126 3161 ἦλθον
2169 3089 2353 3160 βαλεῖν
2406 3091 2498 3143 ἐπὶ
2549 3091 2649 3160 τῆς
2703 3092 2828 3159 γῆς.
2886 3095 3046 3147 Πυτσν
3094 3094 3220 3147 ἄλλο
3271 3095 3319 3146 εἰ
3363 3095 3435 3162 μὴ
3492 3094 3554 3144 τὸ

3317 3186 3438 3256 μεθ’
3493 3179 3555 3240 οὗ

1974 3272 2391 3343 συνεισέρχεται
2439 3272 2534 3326 καὶ
2563 3272 2954 3342 συνθεωρεῖται
2998 3275 3098 3326 σὺν
3144 3273 3219 3340 τῷ
3255 3275 3428 3342 Πατρὶ
3458 3275 3556 3326 καὶ

1973 3363 2163 3426 αὐτὸς,
2203 3365 2300 3418 καὶ
2343 3364 2490 3416 ἔνδον
2521 3363 2682 3434 ἡμῶν
2730 3365 2974 3430 γίνεται;
3022 3365 3175 3430 Quod
3229 3376 3403 3418 autent
3461 3382 3555 3417 nos

1971 3453 2132 3508 etiam
2172 3453 2558 3518 importabilcm
2590 3452 2812 3506 Deitatis
2838 3455 3008 3522 ignem
3029 3453 3398 3519 suscipiamus.
3429 3455 3557 3507 audi

1975 3545 2260 3599 Dominum
2285 3547 2566 3608 dicentem,
2597 3544 2806 3615 «Ignem
2845 3548 2956 3600 veni
2994 3546 3199 3598 mittere
3223 3548 3275 3598 in
3303 3557 3551 3598 terramn

1977 3637 2142 3703 Quem
2176 3638 2384 3704 ignem,
2425 3638 2527 3690 nisi
2559 3635 2822 3705 Spiritum
2871 3637 3148 3690 Divinitati
3196 3655 3304 3691 suae
3341 3641 3561 3690 consub-

1972 3728 2300 3795 stantialem,
2334 3745 2452 3782 cum
2483 3744 2584 3799 quo
2621 3745 2726 3784 una
2757 3746 2873 3784 cum
2911 3733 3070 3784 Patre
3102 3731 3213 3795 ipse
3240 3747 3440 3798 quoque
3481 3732 3562 3783 in.

1973 3820 2209 3891 greditur
2232 3831 2279 3875 et
2314 3821 2645 3892 intelligitur,
2669 3839 2730 3875 ac
2761 3824 2814 3875 in
2843 3823 2988 3875 nobis
3013 3834 3250 3876 versatur
3269 3825 3293 3875 ξ)
3319 3824 3557 3876 Μυιίιωι-

1975 3929 2082 3983 que
2114 3913 2402 3983 specialem
2445 3916 2800 3985 sequentibus
2832 3917 3090 3984 exliIicaI,
3121 3917 3208 3983 qui
3238 3928 3321 3970 νει
3355 3917 3565 3969 Εειι·1ι·ι.

1977 4005 2147 4060 ristia:
2187 4007 2564 4073 perceptione,
2610 4021 2714 4074 qua
2755 4004 3002 4060 extensio
3037 4015 3140 4070 est,
3168 4005 3301 4073 'cjns
3329 4006 3469 4076 quod
3509 4010 3560 4061 in

1978 4094 2147 4150 Maria
2176 4105 2459 4163 peractum
2487 4097 2803 4165 mysterium
2838 4106 2953 4160 est;
2986 4106 3038 4150 et
3070 4112 3173 4164 qua
3203 4097 3320 4164 ejus
3343 4113 3559 4152 carnem

1979 4190 2389 4250 mandunt-antes,
2412 4187 2531 4238 ὅλον
2553 4187 2643 4238 τὶν
2672 4185 3028 4255 σαρκωοέντα
3059 4186 3192 4239 Θεὸν
3230 4189 3324 4240 καὶ
3354 4189 3557 4256 Κύριον

1977 4277 2136 4347 ἡμῶν
2163 4275 2370 4347 Ἰησοῦν
2401 4277 2657 4347 Χριστὸν,
2700 4279 2788 4329 τὶν
2825 4279 2943 4330 Γὶὺν
2990 4278 3154 4330 αὑτὸν
3185 4277 3278 4330 τοῦ
3303 4277 3438 4330 Θεοῦ
3471 4282 3564 4330 καὶ
3632 4283 3634 4285 ’

1979 4369 2108 4422 Υἱὺν
2131 4368 2230 4436 τῆς
2257 4369 2536 4438 Παρθένου
2574 4371 2667 4421 καὶ
2697 4370 3042 4439 παναμώμου
3076 4372 3297 4440 Μαρῖας
3317 4411 3330 4432 ,
3377 4371 3466 4422 τὸν
3507 4374 3565 4425 ἐν

1980 4461 2136 4530 δεξιᾴ
2156 4460 2468 4530 καθήμενον
2485 4459 2576 4512 τοῦ
2598 4460 2730 4512 Θεοῦ
2754 4462 2847 4514 καὶ
2872 4462 3107 4530 Πατρδς,
3135 4465 3189 4512 ἐν
3211 4463 3339 4529 ἡμῖν
3370 4462 3568 4529 ἔχομεν

297 4565 563 4607 maturum
601 4571 834 4622 unquam
873 4555 1124 4618 arbitror,
1162 4555 1394 4624 afﬂatum
1437 4571 1500 4610 ea:
1531 4557 1710 4610 divina
1749 4558 1865 4609 sub-

1988 4556 2131 4608 κατὰ
2169 4555 2230 4608 τὸ
2267 4555 2357 4606 ὑπ’
2409 4553 2574 4606 αὐτοῦ
2628 4554 2922 4622 εἰρημένον
2950 4567 2962 4580 ·
3005 4572 3022 4602 ι
3090 4552 3148 4603 Ὀ
3196 4551 3424 4621 τρώγων
3463 4570 3566 4619 μου

297 4650 492 4700 stantia
523 4647 910 4715 procedentem,
939 4647 1160 4701 animali
1200 4648 1431 4700 animam
1465 4649 1762 4705 exstitisse:
1788 4648 1879 4701 sed

297 4739 531 4790 animato
558 4740 760 4806 potius,
802 4750 848 4791 et
879 4739 948 4790 ad
981 4741 1355 4806 praprietatem
1403 4751 1608 4793 naturte
1636 4740 1880 4809 perfecta:

299 4844 361 4881 ex
393 4829 572 4881 anima
617 4839 666 4882 et
718 4847 934 4890 corpore
958 4833 1198 4893 deducto.
1237 4842 1442 4886 natura:
1473 4847 1584 4885 sum
1611 4833 1769 4885 veluti
1802 4831 1875 4883 si-

297 4924 579 4991 gnacu’um
608 4921 911 4976 Creatorem
945 4925 1288 4992 impressisse,
1325 4923 1577 4993 Spiritum
1611 4934 1880 4983 sanctum.

299 5014 353 5064 id
385 5026 486 5072 est,
522 5015 849 5080 spiraculum
882 5017 1034 5080 vitw;
1066 5032 1156 5075 per
1191 5017 1331 5086 quod
1366 5018 1434 5070 ad
1473 5017 1740 5085 archetypi
1767 5016 1883 5084 pul-

299 5107 650 5160 chritudinem
683 5106 1029 5176 (armaretur.
1071 5122 1120 5163 et
1163 5111 1232 5163 ad
1270 5109 1535 5166 Creatoris
1565 5111 1843 5180 imaginem
1865 5150 1879 5172 ,

301 5203 367 5250 ad
394 5217 548 5253 omne
573 5202 789 5255 virtutis
829 5217 993 5270 genus
1018 5241 1032 5264 ,
1067 5202 1253 5256 inserti
1299 5203 1346 5256 ei
1374 5200 1606 5271 Spiritus
1636 5202 1790 5272 inque
1824 5217 1884 5254 eo

303 5288 489 5357 locati,
513 5293 704 5345 uirtute
729 5301 1113 5358 conservatum,
1133 5292 1487 5361 perﬁceretur.
1510 5293 1724 5346 Amissa
1749 5293 1883 5356 lucc,

302 5397 398 5450 per
450 5381 764 5439 facultatem
813 5384 1030 5438 arbitrii
1064 5384 1206 5455 (quae
1245 5385 1357 5453 ipsa
1410 5384 1464 5438 in
1520 5387 1759 5449 nomine,
1811 5385 1886 5438 ait

301 5473 556 5542 Cyrinus,
595 5477 844 5546 quaedam
875 5475 1129 5546 imaginis
1161 5476 1336 5546 portio
1359 5478 1463 5546 est)
1495 5484 1552 5528 ut
1584 5477 1636 5529 in
1671 5474 1890 5530 Christo

303 5569 516 5623 unione
542 5569 727 5624 itidem
759 5569 1063 5625 divinitatis
1097 5584 1219 5624 cum
1251 5570 1485 5623 humana
1524 5578 1715 5624 natura
1743 5611 1758 5635 ,
1803 5584 1889 5622 re-

304 5667 505 5727 parata
537 5661 664 5728 sint,
700 5669 754 5717 et
783 5676 878 5730 per
902 5676 1024 5717 eum
1055 5661 1278 5732 ipsoque
1303 5659 1597 5716 Mediatore
1623 5661 1675 5716 in
1710 5661 1890 5727 nobis;

307 5749 453 5804 idem
516 5753 758 5822 pluribus
802 5753 1190 5825 prosequitur:
1225 5753 1320 5809 sed
1373 5753 1488 5810 haec
1549 5752 1706 5809 nobis
1746 5752 1892 5807 sum-

308 5842 485 5897 ciant.

1981 4647 2080 4716 τὴν
2123 4649 2322 4716 σάρκα,
2353 4666 2370 4698 ι
2411 4663 2462 4698 κ.
2499 4663 2549 4697 τ.
2585 4648 2646 4696 ἑο
2686 4643 2876 4696 Totum
2928 4645 3258 4694 incarnatum
3307 4640 3472 4694 Deum
3519 4655 3566 4694 et

1986 4741 2270 4794 Dominum
2315 4746 2552 4790 nostrum
2601 4735 2782 4790 Jesum
2823 4734 3122 4794 Christum,
3158 4735 3394 4787 eumdem
3425 4734 3520 4786 Dei
3547 4773 3564 4795 ,

1998 4828 2321 4896 Virginisque
2352 4843 2412 4879 ac
2443 4825 2917 4880 intemeratissimaz
2947 4824 3138 4879 Maritv
3191 4823 3414 4888 Filium,
3448 4842 3565 4878 cum

1984 4923 2073 4991 qui
2103 4918 2243 4973 sedet
2273 4920 2326 4972 in
2355 4919 2569 4972 dextera
2597 4917 2694 4972 Dei
2725 4927 2774 4972 et
2801 4916 3003 4982 Patris,
3035 4919 3089 4970 in
3123 4917 3270 4970 nobis
3296 4917 3565 4980 habemus,

1978 5017 2140 5084 juxta
2171 5031 2232 5068 ac
2264 5014 2462 5067 dictum
2493 5013 2557 5068 ab
2608 5012 2701 5066 illo
2731 5022 2828 5068 est.
2895 5033 2912 5064 ι
2947 5013 3052 5080 Qui
3083 5013 3362 5066 manducat
3398 5029 3566 5065 meant

1985 5121 2249 5172 carnem,s
2279 5116 2376 5159 etc.
2424 5105 2553 5171 Quae
2596 5105 2758 5158 verba
2813 5103 2938 5158 alibi
2992 5103 3072 5158 sic
3119 5101 3460 5172 exponitzln
3493 5120 3570 5154 nte

1990 5207 2182 5255 manet,
2227 5198 2286 5249 ὲν
2325 5199 2392 5266 τῇ
2423 5198 2528 5268 ἐμῇ
2565 5197 2712 5270 δόξῃ,
2742 5198 2800 5249 ὲν
2827 5196 2906 5265 τῷ
2929 5197 3048 5264 ἐμῷ
3075 5197 3236 5266 φωτὶ,
3271 5197 3328 5248 ἐν
3351 5197 3416 5266 τῇ
3457 5197 3568 5264 ἐμῇ

1989 5290 2248 5360 Θεότητι·
2279 5287 2343 5342 1η
2378 5306 2491 5343 mea
2523 5291 2790 5353 claritate,
2837 5290 2891 5343 in
2941 5305 3053 5342 meo
3092 5289 3311 5352 lumine,
3355 5288 3412 5340 in
3452 5303 3569 5344 mea

1996 5379 2232 5444 Deitate;
2257 5394 2378 5448 qua:
2409 5376 2708 5447 suntdigne
2736 5376 3272 5440 communicantium,
3303 5385 3355 5432 et
3381 5392 3569 5432 eorum

1992 5471 2083 5539 qui
2119 5470 2297 5524 divino
2329 5469 2418 5529 illo
2449 5469 2572 5523 cibo
2606 5483 2730 5524 vere
2759 5480 2936 5524 mente
2974 5469 3307 5524 reﬁciantur.

2066 5561 2303 5616 Nimium
2339 5563 2614 5630 est,quod
2647 5560 2718 5614 ita
2748 5561 3166 5626 revelationem,
3205 5561 3473 5624 notitiam,
3505 5561 3575 5614 il-

1997 5655 2398 5718 lustrationem,
2432 5667 2496 5706 ac
2526 5668 2646 5722 qum
2671 5651 2932 5721 ejusmodi
2967 5663 3093 5709 sunt
3125 5656 3406 5724 plZPtilCal,
3442 5665 3572 5708 utet

1997 5748 2199 5803 donum
2234 5745 2420 5816 gratia:
2440 5785 2456 5809 ,
2486 5747 2628 5815 quod
2660 5747 2946 5804 habentem
2980 5747 3163 5814 lateat,
3198 5747 3444 5803 videatur
3472 5761 3571 5802 ex.-

2001 5842 2237 5907 cludcrc,
2279 5849 2592 5910 certamque
2619 5843 2840 5898 omnino
2870 5841 3229 5899 inhabitantis
3262 5840 3356 5896 Dei
3386 5837 3572 5908 cogni-
