3996 6222
428 312 549 378 Si!)

1717 332 2114 396 MANUELIS
2153 336 2241 397 CA
2254 339 2462 398 LECAZ

3600 341 3706 406 280

438 435 638 489 tionem
677 435 949 492 invehere.
985 437 1138 492 llaud
1189 438 1406 508 quidem
1455 439 1830 521 inﬁciandurq,
1882 446 2015 500 viris
2048 454 2089 508 Α
2119 463 2223 518 que
2260 447 2398 503 forte
2434 450 2572 503 alter
2601 447 2758 502 alteri
2780 447 3015 520 Symcon
3041 460 3094 506 et
3124 451 3412 520 Synccllus
3437 466 3706 521 opposue-

434 526 695 597 perl‘ectis
729 543 791 581 ex
824 529 1129 583 divinorum
1161 529 1214 582 in
1251 532 1330 586 eis
1379 547 1545 589 sensu
1593 549 1656 589 ac
1695 507 1888 607 gnsin,
1929 538 2014 590 in-

436 629 652 688 gentem
704 621 992 690 quamdam
1044 623 1174 676 oriri
1211 626 1642 693 persuasionem,
1691 631 1832 698 quod
1879 630 2012 698 justi
2047 643 2060 650 '

435 713 564 773 sint,
601 726 666 764 ac
699 727 822 766 vere
855 712 964 767 sint
999 714 1254 784 templum
1291 715 1423 782 Dei,
1473 716 1696 788 ejusque
1726 735 1847 775 esse
1881 737 2015 786 quos

439 805 715 867 patiuntur
746 803 959 858 divinos
993 805 1214 860 ardores
1252 822 1314 862 ac
1344 809 1735 865 illustratioues
1760 830 1773 866 :
1803 813 2013 866 seclusa

435 901 613 944 tamen
646 893 995 956 rere-latione,
1023 911 1180 964 quam
1217 908 1272 953 et
1299 899 1388 954 Dei
1419 916 1542 956 esse
1574 911 1725 956 certo
1752 906 1876 970 quis
1911 921 2011 957 no-

432 981 592 1044 verit,
624 996 784 1036 nemo
814 999 872 1037 se
891 983 1097 1052 justum
1130 987 1208 1040 sic
1231 989 1456 1042 omnino
1474 990 1792 1043 existimare
1817 1000 2011 1060 potest,

432 1081 492 1126 ut
528 1088 633 1125 non
665 1074 732 1128 sit
772 1074 1005 1130 formido
1035 1079 1215 1145 aliqua
1242 1081 1496 1148 oppositi,
1527 1089 1585 1136 ut
1617 1097 1836 1138 necesse
1870 1085 1938 1136 sit
1962 1095 2014 1138 et

431 1165 504 1217 illi
535 1165 715 1220 dicere
745 1183 867 1221 cum
902 1171 1162 1238 Apostolo
1192 1188 1206 1226 :
1242 1173 1396 1226 Nihil
1426 1175 1554 1228 mihi
1584 1177 1825 1230 conscius
1856 1194 2011 1243 sum,

430 1255 525 1308 sed
551 1272 655 1310 non
679 1258 732 1311 in
765 1259 862 1312 ltoe
889 1261 1222 1329 justi/iratus
1253 1280 1394 1320 sunt.
1422 1266 1480 1317 in
1505 1273 1625 1319 actu
1652 1275 1829 1322 tamen
1859 1283 2016 1322 exer-

431 1349 561 1412 cite,
602 1358 658 1400 ιιι
695 1351 1009 1416 loquuntur,
1047 1356 1124 1407 sic
1175 1354 1485 1410 afﬁciuntur
1510 1398 1524 1420 ,
1559 1367 1617 1411 ut
1645 1375 1810 1413 unum
1845 1360 2011 1414 Deum

430 1444 694 1510 cogitent,
730 1459 829 1498 nec
883 1446 950 1499 ab
983 1461 1047 1501 eo
1093 1448 1317 1516 ejusque
1349 1465 1531 1504 amore
1563 1465 1622 1504 se
1663 1467 1899 1518 unquam
1933 1454 2015 1508 di-

429 1533 553 1586 velli
578 1548 733 1602 posse
755 1545 963 1602 putent.
994 1536 1164 1602 Quem
1201 1537 1452 1593 aB’ecmm
1486 1544 1750 1610 expressit
1783 1523 2009 1606 Paulus,

431 1636 552 1687 cum
587 1625 659 1677 ait
682 1641 694 1677 :
720 1625 847 1689 Quis
876 1644 969 1682 nos
1000 1631 1265 1695 separabit
1291 1650 1324 1685 (ι
1366 1631 1624 1688 clraritate
1649 1634 1744 1688 Dei
1767 1636 1791 1688 ι
1812 1635 2018 1703 Sicque

433 1729 565 1772 sane
609 1715 954 1785 intelligenda
1001 1719 1088 1772 illa
1131 1719 1454 1790 Symeonis‘,
1493 1741 1614 1793 quae
1643 1726 1766 1794 plus
1806 1728 2010 1796 aliquid

2125 541 2258 594 rint.
2297 541 2451 605 Quod
2489 539 2651 595 refert
2692 541 2929 611 Symcon
2966 541 3224 596 Eustratii
3270 542 3550 610 martyris,
3594 545 3700 598 vir-

2121 643 2234 686 tute
2262 632 2574 695 clarissimi,
2610 633 2943 716 esemplom,
2978 650 3090 688 rem
3131 651 3240 688 non
3276 633 3533 699 conﬁcit;
3565 636 3704 704 quod

2094 724 2328 778 scilicet
2359 725 2549 780 dixerit
2581 742 2593 778 :
2622 724 2736 777 Νῦν
2792 725 2961 794 ἔγνων
2993 727 3074 778 ’ὁτι
3130 727 3255 789 ναὸς
3278 724 3414 778 Θεοῦ
3453 727 3594 796 εἰμι,
3614 728 3706 780 καὶ

2116 813 2176 864 τὸ
2208 815 2429 883 Πνεῦμα
2455 815 2621 868 αὐτοῦ
2652 818 2794 868 οἰκεῖ
2815 818 2870 867 ἐν
2904 816 3046 886 ἐμοί.
3077 816 3420 886 ᾶἌπὸστ-ητε
3441 818 3534 870 ἀπ’
3567 816 3702 887 ἐμοῦ

2117 904 2321 968 πάντες
2334 906 2382 958 οἱ
2396 906 2628 976 ἐργάται
2647 907 2739 975 τῆς
2754 907 3008 976 ἀνομίας.
3040 926 3058 958 ι
3080 907 3221 978 Πρὸς
3238 909 3293 962 δὲ
3309 912 3398 962 τὸν
3415 909 3705 972 δικάζοντα

2117 995 2406 1065 τύραννον,
2455 997 2519 1050 Εἰ
2570 1015 2652 1050 σοι.
2710 995 2776 1048 τὰ
2817 996 3152 1067 αἰσθητήρια
3208 998 3321 1051 τῶν
3375 999 3591 1068 φρενῶν
3633 999 3708 1069 μὴ

2119 1083 2407 1153 ἠλλοίωτο,
2441 1086 2538 1138 καὶ
2587 1087 2664 1156 τῷ
2713 1088 2822 1138 τῶν
2874 1087 3067 1140 παθῶν
3101 1090 3388 1158 φυράματι
3424 1089 3498 1158 μὴ
3542 1107 3707 1142 κατε-

2123 1176 2400 1228 σκεύαστο
2460 1176 2596 1246 πρὸς
2644 1178 2704 1230 τὸ
2762 1178 2964 1246 γειῖδες
3019 1180 3230 1250 ἡψυχὴ
3266 1198 3387 1242 σου,
3419 1179 3599 1244 ἔδειξα
3646 1183 3712 1234 ἄν

2118 1283 2200 1319 σοι
2228 1266 2319 1318 τὸν
2363 1266 2813 1336 Ἐσταυρωμένον
2874 1268 3086 1333 τοῦτον,
3119 1269 3352 1339 Σωτῆρα
3381 1272 3475 1321 καὶ
3501 1271 3711 1340 λυτρω-

2115 1359 2214 1429 τὴν
2239 1361 2333 1413 καὶ
2363 1361 2664 1430 εὐεργέτην
2698 1363 3063 1430 τυγχάνοντα.
3117 1360 3275 1414 Nunc
3300 1363 3537 1431 cognovi,
3568 1363 3708 1430 quod

2121 1451 2366 1518 templum
2417 1451 2511 1504 Dei
2550 1467 2689 1514 sum,
2741 1463 2786 1504 et
2833 1450 3060 1517 Spiritus
3105 1453 3219 1518 ejus
3269 1453 3469 1504 ltabitat
3518 1453 3569 1504 in
3612 1469 3710 1505 me.

2121 1562 2138 1594 ι
2188 1542 2449 1597 Discedite
2483 1561 2512 1595 a
2548 1560 2649 1606 me,
2687 1561 2866 1597 omnes
2891 1545 3122 1612 operarii
3155 1546 3480 1612 iniquitatis.
3514 1564 3532 1594 ι
3562 1543 3620 1594 Et
3647 1545 3713 1597 ad

2120 1633 2423 1704 Tyrannum
2452 1633 2688 1703 judicent
2723 1649 2740 1688 :
2775 1633 2898 1688 Nisi
2929 1637 3022 1688 tibi
3057 1652 3238 1689 sensus
3272 1638 3454 1688 mentis
3479 1635 3703 1688 evariati

2117 1737 2309 1788 essent,
2358 1727 2669 1796 animusque
2703 1727 2955 1781 vitiorum
2989 1727 3214 1782 colluvie
3239 1739 3284 1782 et
3322 1730 3610 1796 a/[ectuunt
3650 1730 3704 1782 in

432 1808 707 1876 emphasis
740 1809 938 1862 habere
987 1812 1259 1866 videntur.
1298 1812 1452 1868 Facit
1481 1825 1534 1868 et
1585 1817 1715 1870 illud
1766 1819 2011 1886 ejusdem
2047 1791 2086 1846 Β
2123 1831 2380 1874 terrenum
2411 1818 2646 1873 habitum
2685 1821 2983 1884 transisset,
3017 1824 3358 1874 ostendissent
3393 1822 3572 1887 utique
3603 1821 3702 1872 tibi

431 1899 671 1965 Apostoli
700 1919 712 1957 :
744 1899 846 1954 Vos
873 1903 1010 1969 ipsos
1033 1905 1272 1971 probate,
1295 1907 1340 1958 si
1365 1908 1492 1961 estis
1519 1908 1574 1961 in
1608 1909 1730 1975 ﬁde,
1778 1911 1834 1963 in
1882 1912 2020 1964 dile-

364 2060 385 2073 L
432 1991 619 2055 ctione.
648 1993 727 2045 Ad
757 2007 874 2046 eam
902 1994 1272 2063 probationem
1309 2008 1574 2064 spectant,
1600 2016 1719 2070 qnze
1752 2017 1918 2056 serm.
1954 2001 2022 2058 de

371 2095 376 2100 ·
433 2081 650 2142 Indicio.
695 2084 773 2139 sic
817 2085 1022 2140 habet:
1091 2107 1110 2140 ι
1147 2089 1417 2153 Ἕκαστος
1454 2091 1614 2161 ἡμῶν
1658 2094 1850 2146 ἑαυτὸν
1889 2093 2018 2146 θεα-

436 2175 642 2236 σάσθω,
676 2178 725 2229 εἰ
754 2178 846 2230 τὸν
891 2178 1024 2231 Θεδν
1052 2182 1228 2248 Λόγον
1259 2183 1482 2237 ἐλθόντα
1524 2185 1737 2249 ἔλασεν,
1771 2187 1803 2248 ἦ
1829 2187 2020 2240 τέκνον

435 2265 570 2318 Θεοῦ
610 2271 908 2335 ὲγένετο,εἰ
948 2272 1048 2323 οὐκ
1094 2272 1153 2335 ἐξ
1181 2274 1412 2342 αἵματος
1463 2275 1556 2328 καὶ
1594 2277 1797 2344 σαρκὸς
1831 2278 2015 2346 μόνον,

435 2357 570 2413 ἀλλὰ
591 2359 684 2410 καὶ
714 2360 778 2412 ἐκ
802 2359 938 2412 Θεοῦ
969 2362 1281 2430 γεγένηται,
1307 2364 1355 2415 ei
1387 2363 1530 2430 ἔγνω
1556 2366 1649 2416 τον
1667 2366 2020 2436 σαρκωθέντα

435 2451 607 2516 Λόγον
644 2453 1005 2521 σκηνὼσαντα
1036 2456 1094 2506 ὲν
1127 2456 1300 2526 αὐτῷ,
1323 2457 1418 2510 καὶ
1444 2458 1492 2508 εξ
1513 2458 1779 2512 ἐθεάσατο
1811 2458 1908 2530 τὴν
1931 2460 2019 2511 δό-

438 2545 536 2609 ξαν
567 2544 754 2608 αὑτοῦ,
779 2546 933 2611 δΰξπν
956 2548 1031 2610 ὼς
1063 2548 1406 2616 Μονογενοῦς
1443 2549 1604 2621 napi}
1621 2552 1853 2620 Πατρός.
1891 2549 2022 2604 Ἰδοὺ

436 2635 627 2702 γέγονε
658 2637 1006 2707 Χριστιανὸς,
1037 2640 1132 2691 καὶ
1159 2639 1599 2710 ἀναγεννηθέντα
1643 2640 1836 2695 ἑαυτὸν
1872 2641 2022 2694 ἐθεά-

439 2745 471 2787 σ
485 2745 592 2793 no,
615 2730 705 2781 καὶ
725 2731 818 2783 τὸν
836 2715 1173 2801 γεῆήσαντα
1190 2732 1350 2784 αὑτὸν
1371 2733 1593 2802 Πατέρα
1620 2732 1934 2799 ἐγνώρισεν,
1959 2734 2022 2785 οὐ

437 2821 584 2890 ὶιεγῳ
618 2824 802 2890 μόνον,
833 2824 952 2876 ἀλλ’
997 2824 1148 2896 ἔργῳ
1177 2825 1395 2894 χάριτος
1434 2827 1528 2877 καὶ
1575 2825 1851 2895 ἀληθείας.
1900 2826 2024 2894 Ἐμ-

440 2913 719 2981 μένωμεν,
737 2914 974 2984 ἀδελφοὶ.
991 2918 1052 2984 ἐν
1069 2915 1240 2986 τούτῳ
1257 2917 1336 2986 τῷ
1355 2917 1603 2986 ἐσόπτρῳ
1623 2916 1718 2985 τῆς
1743 2915 2022 2986 ἀληθείας,

439 3006 533 3057 καὶ
560 3005 890 3075 ἁποστῶμεν
915 3010 1009 3076 τῆς
1045 3007 1316 3078 βλαϐερᾶς
1343 3008 1440 3061 καὶ
1468 3006 1830 3078 αἱρεσιὼδους
1874 3009 2023 3062 διδαο

2121 1913 2258 1966 Ιιιιιιε
2293 1912 2628 1980 crucifixum,
2659 1913 2748 1984 qui
2770 1912 3018 1966 Salvator
3044 1923 3089 1964 et
3119 1916 3412 1978 redemptor
3431 1930 3497 1965 ac
3515 1912 3709 1980 beneﬁ-

2123 2021 2214 2059 cus
2243 2007 2328 2059 sit.
2353 2003 2468 2058 Non
2493 2006 2638 2058 enim
2661 2006 2926 2075 sequitur,
2958 2007 3099 2074 quod
3129 2007 3199 2058 ita
3235 2005 3468 2075 Symenn
3493 2004 3698 2056 infert:

2123 2093 2276 2160 Εἶδες
2314 2097 2430 2160 πῶς
2465 2099 2496 2167 ἡ
2551 2097 2736 2160 πίστις
2771 2099 2878 2150 τῶν
2916 2098 3094 2166 ἔργων
3144 2098 3267 2166 δῖχα
3318 2099 3490 2166 νεκρᾶ
3544 2099 3706 2162 ὲστις

2125 2187 2240 2254 Πρὸ
2303 2187 2415 2255 γὰρ
2453 2185 2551 2239 τοῦ
2593 2185 2861 2238 εἰσελθεῖν
2919 2187 2999 2246 εἰς
3057 2185 3183 2248 τοὺς
3242 2184 3336 2236 τοῦ
3398 2183 3711 2254 μαρτυρίου

2124 2278 2341 2345 ἀγῶνας
2387 2279 2479 2330 τὸν
2528 2279 2705 2344 ἆγιον,
2739 2277 2933 2345 ἐπειδὴ
2967 2277 3066 2345 τὴν
3119 2275 3307 2326 πίστιν
3343 2274 3514 2343 μόνην
3539 2269 3714 2342 εἶχεν,

2124 2373 2226 2424 οὐκ
2255 2367 2370 2440 εἶχε
2420 2370 2481 2423 τὸ
2535 2370 2761 2437 Πνεῦμα
2802 2368 2864 2420 τὸ
2915 2369 3070 2434 ἅγιον
3115 2368 3173 2418 ἐν
3209 2366 3380 2436 αὐτῷ’
3411 2365 3498 2417 ὅτε
3543 2366 3597 2423 δὲ
3649 2367 3719 2417 ἐκ

2124 2464 2236 2516 τῶν
2263 2462 2445 2534 ἔργων
2474 2462 2581 2533 τὴν
2618 2461 2806 2514 πίστιν
2839 2459 3031 2525 ἔδειξε,
3064 2459 3184 2512 τότε
3221 2459 3313 2510 καὶ
3345 2458 3473 2510 ναὸν
3521 2456 3720 2510 ἑαυτὸν

2127 2555 2263 2610 Θεοῦ
2289 2555 2528 2624 ἐπέγνω,
2564 2555 2659 2607 καὶ
2687 2552 2748 2605 τὸ
2783 2551 3013 2621 Πνεῦμα
3048 2550 3216 2604 αὑτοῦ
3241 2551 3301 2602 τὸ
3340 2549 3500 2614 ἅγιον
3528 2546 3721 2600 οἰκοῦν

2125 2649 2185 2703 ὲν
2231 2647 2414 2715 ἑαυτῷ
2451 2645 2771 2714 γνωπικῶς
2801 2647 2917 2706 τοῖς¹
2963 2646 3168 2712 νοεροῖς
3203 2641 3503 2711 ὀφθαλμοῖς
3547 2639 3712 2692 ἐθεά-

2126 2758 2277 2796 σατο.
2311 2739 2453 2794 Vides
2477 2739 2734 2808 quomodo
2762 2736 2892 2802 ﬁdes
2924 2737 3035 2788 sine
3073 2733 3313 2803 operibus
3353 2741 3556 2784 mortua
3580 2739 3655 2782 est
3692 2730 3724 2784 .’

2123 2832 2441 2899 Priusquam
2467 2830 2605 2883 enim
2636 2836 2852 2881 sanctus
2887 2826 3129 2894 martyrii
3158 2824 3455 2876 certamina
3483 2822 3709 2882 subiret,

2127 2924 2266 2993 quod
2283 2921 2449 2975 solam
2481 2920 2635 2988 ﬁdem
2667 2921 2900 2981 haberet,
2927 2934 3030 2970 non
3054 2917 3275 2970 habebat
3301 2915 3353 2966 in
3378 2931 3432 2967 se
3459 2913 3726 2982 Spiritum

2125 3025 2388 3069 sanctum.
2423 3011 2527 3066 Ubi
2548 3021 2726 3064 autem
2754 3026 2818 3063 ex
2850 3009 3091 3076 operibus
3120 3007 3276 3075 ﬁdem
3307 3005 3558 3062 ostendit,
3593 3014 3727 3057 tunc

441 3095 669 3158 σκαλίας
727 3100 818 3149 καὶ
875 3099 1133 3160 ἀπονοίας
1181 3099 1290 3150 τῶν
1345 3099 1610 3166 λεγόντων
1679 3101 1754 3170 μὴ
1809 3101 2024 3153 ἀποκα-

2130 3116 2175 3159 et
2215 3122 2270 3159 se
2307 3105 2400 3158 Dei
2445 3103 2696 3173 templum
2742 3119 2856 3156 esse
2901 3101 3141 3169 agnovit.
3188 3100 3401 3166 eiusque
3447 3096 3717 3163 Spiritum

441 3187 742 3241 λύπτεσϐαι
777 3191 870 3241 νῦν
915 3191 976 3242 ὲν
1019 3192 1153 3262 ἡμῖν
1200 3193 1311 3252 τοῖς
1348 3195 1560 3253 πιστοῖς
1602 3192 1698 3263 τὴν
1732 3193 1892 3256 δόξαν
1924 3194 2022 3260 τῆς

445 3280 716 3351 Θεότητος
769 3282 865 3335 τοῦ
928 3283 1139 3352 Κυρέου
1183 3282 1359 3351 Ἰησοῦ
1419 3283 1509 3335 διὰ
1565 3284 1663 3352 τῆς
1724 3284 1818 3336 τοῦ
1865 3283 2024 3350 ἁγίου

444 3374 770 3442 ΙΙνεύματος
794 3374 1027 3442 δωρεᾶς.
1059 3374 1122 3426 Ἡ
1151 3375 1262 3444 γὰρ
1284 3375 1462 3443 δωρεὰ
1494 3377 1553 3427 ἐν
1580 3379 1648 3444 τῇ
1680 3376 2025 3444 ἀποκαλύψει

442 3465 679 3519 διηίοταιο
739 3467 832 3519 καὶ
863 3467 898 3536 ἡ
947 3465 1294 3535 ἀτωκάλυψις
1328 3466 1416 3519 διὰ
1468 3467 1567 3536 τῆς
1612 3467 1820 3536 δωρεᾶς
1869 3469 2022 3535 ὲνερσ

442 3560 622 3627 γεῖται
649 3573 662 3588 ·
695 3557 924 3628 Quisque
947 3568 1183 3625 uestrum
1211 3559 1408 3623 videat,
1435 3575 1559 3610 num
1595 3558 1761 3612 Deum
1798 3557 2023 3627 Verbum

443 3653 727 3705 venientem
761 3654 1066 3719 susceperit,
1094 3666 1216 3724 nam
1247 3649 1340 3703 Dei
1372 3648 1544 3704 Filius
1571 3652 1785 3719 effectus
1815 3651 1884 3704 sit
1907 3667 1929 3714 ;
1957 3666 2026 3702 an

444 3761 550 3816 non
611 3759 675 3796 ex
728 3745 983 3811 sanguine
1022 3744 1193 3796 solum
1241 3752 1287 3797 et
1344 3759 1542 3807 carne,
1594 3744 1684 3796 sed
1717 3753 1763 3795 et
1809 3757 1874 3794 ex
1921 3741 2030 3795 Deo

447 3847 604 3890 natus
633 3835 742 3900 sit;
781 3851 900 3888 num
948 3834 1172 3888 Verbum
1203 3837 1543 3896 incantatam
1577 3835 1633 3887 in
1680 3850 1738 3888 se
1777 3834 2029 3888 habitans

447 3930 768 3996 cognoverit,
800 3935 847 3980 et
875 3927 1100 3996 gloriam
1140 3926 1278 3993 ejus,
1310 3925 1539 3995 gloriam
1565 3926 1719 3995 quasi
1767 3925 2031 3995 Unigeniti

450 4037 484 4091 ᾳ
512 4020 678 4074 Patre
707 4019 889 4073 uiderit
911 4019 937 4073 ἲ
967 4023 1102 4072 Ecce
1130 4017 1467 4092 Christianus
1491 4022 1675 4086 evasit,
1704 4034 1863 4087 seque
1887 4034 2029 4088 rege-

450 4123 692 4165 neratum
729 4111 898 4187 uidit,
945 4119 1125 4180 etquo
1172 4121 1327 4162 natus
1375 4118 1473 4173 est,
1518 4109 1733 4163 Patrem
1768 4111 2030 4178 cognovit,

451 4219 556 4260 non
583 4203 732 4270 verbo
758 4203 949 4266 solum,
971 4202 1064 4278 sed
1089 4218 1241 4270 opere
1267 4201 1459 4270 gratia:
1482 4210 1526 4253 et
1552 4201 1810 4254 veritatis.
1843 4199 2033 4254 Perse-

450 4312 702 4369 seremus,
735 4295 948 4365 fratres,
979 4296 1034 4347 in
1075 4294 1312 4348 veritatis
1346 4293 1443 4346 hoc
1476 4291 1707 4368 speculo,
1731 4301 1780 4345 et
1807 4309 1841 4345 a
1872 4292 2028 4357 noxia

450 4404 515 4440 ac
535 4387 780 4442 lueretica
802 4387 1044 4460 doctrina
1068 4386 1430 4456 sententiaque
1461 4399 1639 4439 eorum
1668 4383 2031 4446 abscedamus,

2125 3205 2366 3252 sanctum
2399 3196 2456 3249 in
2490 3211 2545 3250 se
2569 3196 2834 3258 habitare,
2867 3193 3133 3262 sapienter
3168 3193 3352 3243 mentis
3389 3189 3552 3242 oculis
3585 3205 3724 3239 con-

2122 3291 2313 3360 spexit.
2358 3288 2514 3344 Unde
2547 3287 2690 3341 enim
2731 3287 2810 3338 ιίι·
2849 3286 2936 3337 ἐπ’
2970 3285 3143 3354 ἀρετῇ
3180 3280 3524 3351 περιϐόητος,
3556 3279 3726 3332 Citrio

2125 3382 2300 3435 stiana
2341 3377 2550 3432 scilicet
2587 3376 2783 3430 virtute
2817 3375 3151 3443 conspicuus
3176 3413 3189 3436 ,
3220 3373 3334 3427 sola
3370 3371 3494 3433 fide,
3542 3387 3727 3440 eaque

2127 3472 2263 3526 adeo
2312 3480 2522 3524 mortua
2581 3467 2886 3538 praeditus?
2933 3465 3047 3519 lino
3102 3465 3291 3518 habuit
3347 3473 3400 3517 et
3451 3461 3729 3530 Spiritum

2127 3571 2379 3618 sanctum
2417 3569 2470 3615 et
2500 3560 2726 3622 donum,
2757 3559 2849 3612 sed
2885 3559 3028 3610 inter
3051 3554 3347 3609 certamina
3393 3554 3559 3621 magis
3599 3553 3710 3605 ha—

2128 3653 2244 3707 buit
2277 3663 2332 3706 et
2357 3649 2596 3722 agnovit,
2623 3649 2702 3703 uti
2731 3647 3092 3717 Augustinus,
3125 3646 3176 3699 in
3207 3643 3364 3699 Joan.
3393 3645 3457 3698 de
3483 3643 3731 3715 promis-

2129 3745 2278 3800 sione
2317 3743 2554 3814 Spiritus
2579 3741 2845 3811 apostnlis
2877 3737 3042 3802 facta,
3077 3737 3322 3804 exponit.

2201 3834 2354 3890 Unus
2384 3834 2538 3887 locus
2569 3841 2675 3897 est,
2720 3847 2880 3901 quem
2915 3829 3081 3884 refert
3113 3828 3220 3883 Leo
3246 3828 3477 3882 Allitius
3506 3843 3570 3881 es
3603 3825 3718 3896 Sy.

2133 3927 2344 3983 meonis
2395 3925 2658 3980 Sermone
2714 3924 2750 3979 5
2798 3924 2864 3977 de
2903 3922 3160 3978 Oratione
3214 3937 3308 3977 seu
3360 3921 3727 3984 Attentione,

2133 4035 2293 4090 quem
2335 4018 2498 4072 etiam
2541 4016 3069 4088 Niphoilionachus
3125 4015 3388 4069 adversus
3441 4013 3729 4067 Palamam

2135 4106 2311 4180 urget,
2340 4110 2430 4179 qui
2464 4125 2563 4164 nec
2615 4117 2970 4178 apparentem
3025 4106 3376 4170 medicinam,
3431 4118 3737 4160 sensumve

2137 4205 2306 4260 ullum
2339 4204 2714 4266 commodum,
2749 4203 3001 4256 videatur
3030 4200 3296 4270 recipere.
3327 4198 3446 4253 Non
3485 4197 3735 4252 occurrit

2137 4297 2271 4352 mihi
2303 4295 2392 4351 ille
2428 4295 2622 4351 Sermo
2651 4296 2702 4350 in
2737 4295 2872 4350 Cod.
2911 4295 2966 4349 Ε.
3001 4293 3162 4350 Card.
3196 4291 3395 4346 Mazar.
3432 4305 3496 4345 ac
3523 4303 3624 4346 nec
3668 4289 3733 4344 in

2140 4387 2250 4462 illis
2282 4403 2405 4462 quge
2433 4387 2713 4443 Pontanus
2745 4387 2912 4442 latine
2942 4385 3132 4441 edidit.
3163 4384 3324 4440 Certe
3374 4384 3419 4439 si
3477 4384 3548 4438 ita
3586 4383 3739 4436 scri-

449 4480 540 4546 qui
563 4480 766 4544 dicunt,
793 4496 895 4533 non
925 4477 1142 4533 revelari
1180 4493 1317 4532 nunc
1339 4476 1488 4550 nobis
1515 4475 1786 4548 ﬁdelibus,
1813 4475 2027 4545 Domini
2063 4473 2106 4528 ι)
2134 4481 2241 4551 psit
2284 4479 2557 4551 Symeon,
2593 4495 2697 4535 non
2731 4480 2916 4534 divino
2945 4477 3190 4548 Spiritu,
3223 4476 3319 4532 sed
3363 4491 3484 4540 suo,
3520 4475 3740 4542 illoque

450 4571 578 4648 desit
613 4572 836 4626 Deitatis
871 4572 1189 4637 claritatem,
1227 4587 1319 4640 per
1355 4571 1551 4624 donum
1581 4569 1754 4624 sancti
1777 4566 2032 4636 Spiritus.

453 4665 658 4740 Donum
696 4667 836 4718 enim
884 4665 938 4718 in
975 4663 1290 4739 reuelatione
1329 4664 1524 4728 datur“,
1571 4671 1621 4718 et
1664 4661 1910 4717 revelatio
1941 4651 2034 4716 seu

451 4757 832 4826 manifestatio,
884 4771 976 4833 per
1025 4759 1217 4811 donum
1263 4765 1569 4827 praestatur.
1616 4753 1878 4809 Videntur
1923 4754 2038 4807 haec

452 4849 615 4919 paulo
641 4849 879 4915 duriora,
929 4849 1030 4903 nisi
1079 4849 1453 4919 intiltigantur
1486 4848 1551 4900 de
1598 4861 1762 4901 sensu
1803 4846 2036 4915 quodam

451 4925 516 5010 sic
542 4950 698 5012 gustu
729 4939 785 4995 in
818 4939 1086 5008 fidelibus,
1117 4940 1418 5012 prtesertim
1447 4938 1786 5008 sapientibus
1820 4946 1874 4991 et
1906 4952 2036 5007 per-

452 5033 634 5098 fectis,
672 5047 809 5103 quos
839 5032 1013 5088 Graeci
1043 5034 1379 5102 γνωστικοὺς
1430 5040 1652 5086 vocant.
1703 5030 2038 5100 Quandoque

450 5126 615 5180 etiam
672 5127 726 5180 in
779 5125 1168 5198 incipientibus
1207 5135 1260 5180 et
1303 5125 1695 5197 paenitentibus
1728 5123 1780 5176 in
1818 5121 2037 5179 fervore

453 5217 642 5282 animi,
673 5231 809 5286 quos
842 5217 1027 5290 uidere
1056 5217 1294 5272 divinum
1329 5199 1508 5271 lumen
1541 5215 1614 5269 ait
1651 5215 1909 5285 Symeon,
1939 5215 2034 5269 sed

453 5323 562 5362 non
603 5307 853 5377 adipisci,
879 5307 1027 5380 quod
1066 5309 1355 5363 ulteriores
1383 5306 1714 5379 pinnitcntize
1744 5305 1957 5368 labores
1982 5317 2035 5361 et

455 5383 780 5473 certamina,
815 5399 1136 5456 detrectent.
1195 5398 1309 5456 Nec
1361 5403 1564 5475 absque
1609 5413 1795 5453 errore
1851 5383 2038 5466 negari

375 5519 387 5526 -
459 5499 655 5561 p0test.
682 5489 834 5557 Quod
867 5501 1046 5545 autem
1078 5507 1290 5564 omnes,
1329 5493 1380 5546 in
1416 5491 1615 5561 quibus
1649 5490 1822 5560 gratia
1857 5504 2043 5561 scere-1

453 5568 572 5648 tius
609 5590 901 5651 operatur;
937 5599 1034 5638 nec
1061 5594 1149 5638 est
1177 5583 1268 5639 illa
1303 5583 1564 5640 revelatid
1590 5599 1684 5640 seu
1727 5582 2042 5637 manifesta-

454 5677 560 5740 tio,
595 5673 736 5743 quod
763 5672 995 5744 Symeon
1036 5676 1250 5731 videtur
1283 5677 1524 5748 exigere,
1557 5685 1824 5732 mortuam
1874 5675 2036 5730 fidem

455 5767 721 5854 habeant,
751 5767 958 5854 hocque
985 5768 1072 5825 ille
1104 5767 1252 5855 velit,
1288 5770 1512 5862 majoris
1538 5769 1742 5826 erroris
1771 5768 1859 5826 sit.
1890 5767 2037 5823 llaec-

2138 4582 2384 4638 errante,
2413 4570 2656 4645 scripsit.
2701 4569 2792 4625 Sic
2825 4581 3009 4624 autem
3058 4568 3367 4636 scripsisse;
3397 4579 3452 4620 et
3479 4568 3532 4621 in
3562 4567 3742 4619 disci-

2136 4663 2292 4735 pulos
2321 4664 2587 4732 sparsisse
2604 4678 2725 4733 qua:
2748 4661 3052 4716 Mcssaliani
3083 4671 3135 4717 et
3161 4659 3614 4735 Omphalopsyrhi
3635 4659 3741 4712 in-

2140 4767 2223 4812 ter
2263 4771 2466 4827 paucos
2496 4757 2757 4810 duntaxat
2792 4754 3068 4824 magisque
3099 4751 3284 4807 fideles
3317 4753 3682 4806 mussitahant
3712 4791 3733 4810 .

2139 4858 2192 4904 et
2222 4848 2279 4902 in
2309 4847 2419 4903 illis
2454 4848 2708 4909 damnata
2743 4853 2902 4899 erant
2927 4885 2941 4910 ,
2979 4859 3087 4898 non
3123 4843 3282 4898 facile
3323 4843 3454 4896 mihi
3494 4856 3744 4912 persua-

2140 4939 2334 5005 deam;
2369 4939 2510 5009 quod
2555 4937 2612 4992 in
2661 4937 2783 4992 aliis
2830 4936 2968 4992 locis
3020 4936 3155 4990 nihil
3191 4934 3456 5005 ejusmodi
3503 4934 3744 4994 habeat.

2141 5031 2322 5101 Exigit
2351 5033 2439 5087 ille
2472 5031 2717 5102 quidem,
2767 5039 2825 5084 ut
2868 5038 2922 5084 et
2970 5029 3169 5098 reliqui
3214 5025 3450 5098 mystici,
3485 5024 3549 5078 ad
3582 5025 3750 5078 reci-

2141 5123 2395 5192 piendum
2421 5123 2660 5180 divinum
2708 5121 2909 5186 lumen,
2938 5120 3177 5190 aliquam
3209 5119 3262 5171 in
3310 5117 3468 5172 nobis
3513 5129 3744 5185 praepa-

2145 5216 2450 5280 rationem;
2483 5216 2771 5285 puritatem
2817 5211 3021 5273 cordis,
3055 5210 3468 5270 contritionem,
3502 5204 3748 5260 humili-

2145 5287 2349 5378 tatem;
2381 5298 2597 5359 omnem
2629 5304 2866 5374 denique
2903 5301 3196 5361 ἀπάθειαν,
3236 5309 3373 5354 etut
3415 5298 3573 5352 homo
3601 5310 3749 5349 seu-

2144 5398 2294 5464 sibus
2324 5397 2553 5451 excedat
2582 5398 2773 5465 eisque
2811 5395 3092 5459 moriatur,
3133 5407 3254 5459 quas
3286 5399 3413 5446 sunt
3446 5387 3602 5458 quasi
3640 5401 3754 5440 re-

2147 5504 2392 5553 movens,
2422 5490 2561 5556 quod
2596 5487 2835 5547 amatum
2872 5485 3112 5539 divinum
3143 5483 3427 5554 prohibeat
3456 5497 3469 5534 :
3506 5478 3595 5549 qui
3627 5493 3758 5558 tunc:

2148 5583 2262 5650 ipse
2290 5580 2371 5634 his
2399 5578 2708 5634 necessario
2738 5592 2924 5633 comes
2956 5577 3025 5632 sit
3054 5618 3068 5641 ,
3101 5577 3192 5630 sed
3228 5583 3385 5645 prout
3415 5570 3613 5627 sederit
3638 5569 3754 5622 di-

2148 5674 2285 5742 vinae
2317 5671 2607 5738 voluntati,
2639 5687 2704 5726 ac
2737 5685 2795 5726 se
2841 5668 3086 5740 Sponsus
3133 5668 3454 5737 dignabitur
3503 5677 3754 5734 sponsa:

2149 5765 2515 5821 manifestare.
2552 5761 2604 5818 In
2642 5779 2745 5835 qua
2786 5765 2899 5832 ipsa
2936 5777 2989 5816 re
3034 5760 3340 5817 necessaria
3387 5759 3457 5814 sit
3488 5751 3758 5811 maxima
