4020 6206
468 397 580 462 283
1728 396 2129 458 MANUELIS
2169 395 2479 456 CALECIE

3617 395 3725 460 284

467 510 692 578 (quippe
716 505 954 561 auctoris
984 519 1088 560 non
1113 504 1336 561 omnino
1367 502 1593 576 laudati)
1620 520 1725 560 non
1752 506 2046 560 admodum
2079 512 2122 569 Α
2152 505 2251 569 dit,
2285 508 2483 573 crnibus
2512 518 2571 559 se
2597 511 2884 575 patronum
2921 504 3235 563 Cerularius
3266 507 3532 577 praeberet
3557 546 3573 569 .
3607 508 3735 562 hinc

465 606 756 667 premeret.
800 595 1081 649 Potuerint
1130 597 1333 661 aemuli,
1385 611 1523 665 quos
1572 604 1755 651 tantos
1813 596 2044 668 Symeon
2156 597 2480 665 gravissime
2515 611 2799 654 arcessens
2827 597 3186 664 Chaldaismi,
3218 608 3275 653 ut
3307 608 3507 663 vocat;
3538 614 3733 669 supcr-

465 702 660 757 passus
690 694 793 751 est,
829 686 934 741 hoc
969 686 1041 739 illi
1081 686 1357 755 aﬁingere,
1402 696 1460 741 ut
1507 696 1589 743 est
1644 686 1827 750 facile,
1879 702 2043 740 unum
2154 690 2394 744 stitionis
2424 689 2631 743 scilicet
2662 690 2949 759 spirituum
2976 699 3030 745 et
3058 690 3358 745 animorum
3382 730 3397 753 ,
3423 705 3564 760 qua,
3597 692 3734 744 alia-

470 779 707 845 aliquem
737 778 1003 846 ejusmodi
1039 786 1352 845 tractatum,
1380 779 1463 833 vel
1495 793 1798 833 sermonem
1828 779 1912 831 vel
1934 778 2048 847 epi-
2154 793 2257 848 que
2286 777 2339 831 in
2371 791 2493 830 eum
2523 778 2667 835 dicta
2696 782 3014 849 scriptaque
3041 820 3056 845 ,
3097 795 3196 836 nec
3228 781 3515 849 injucunda
3550 782 3691 835 lectu
3718 823 3733 846 ,

465 871 680 933 stolam,
709 885 813 924 non
848 879 1008 923 tanta:
1040 869 1198 924 molis
1228 878 1320 924 aut
1357 871 1655 935 industriae,
1689 871 1769 925 vel
1809 870 1928 941 ejus
1966 871 2046 923 in-
2153 887 2256 929 nec
2288 877 2498 931 inutilia
2539 874 2653 926 fore
2695 888 2874 941 spero,
2912 873 2962 926 in
2991 871 3259 943 vulgando
3289 888 3317 927 a
3356 888 3437 926 me
3488 872 3738 926 Historiis

465 963 698 1017 {amandi
757 978 915 1017 causa
947 1001 963 1027 ,
1010 963 1091 1017 vel
1142 964 1422 1032 captanda:
1472 964 1831 1029 auctoritatis,
1885 964 2045 1019 alteri
2152 964 2466 1037 Byzantina:
2517 974 2836 1035 exspectato
2895 974 3087 1029 tomo,
3136 979 3242 1031 quo
3296 967 3412 1017 suis
3456 965 3736 1017 colorihus

466 1056 715 1108 subdere.
744 1053 881 1107 llinc
908 1055 1189 1108 innumera
1220 1054 1307 1108 illa
1332 1056 1791 1124 ἐπιγραφομένων
1812 1068 1967 1119 seges
1991 1062 2044 1107 et
2154 1059 2369 1128 egregie
2391 1058 2590 1127 depicti
2615 1066 2775 1123 atque
2794 1056 3035 1122 expressi
3062 1055 3386 1124 prodantur,
3413 1056 3502 1125 qui
3528 1056 3733 1110 Graecis

466 1146 934 1215 ψευδεπιγράφων
992 1148 1132 1215 apud
1190 1146 1406 1201 Graecos
1459 1148 1659 1214 pariter
1702 1156 1757 1202 et
1797 1147 2043 1202 Latinos.
2152 1147 2467 1203 sellismatis
2497 1157 2747 1201 auctores
2777 1145 3075 1211 exstitere;
3108 1147 3437 1213 nequissima
3479 1161 3606 1199 vere
3638 1158 3733 1199 ea.

469 1234 698 1288 Michael
748 1233 980 1297 Psellus,
1027 1245 1165 1289 orat.
1217 1250 1313 1287 sua
1359 1236 1423 1286 ad
1469 1235 1729 1303 synodum
1784 1233 1842 1286 in
1881 1247 2045 1287 causa
2152 1239 2264 1308 pita
2292 1278 2307 1300 ,
2345 1250 2397 1293 et
2426 1240 2515 1308 qui
2570 1246 2730 1291 tanta:
2763 1236 2937 1307 gentis
2968 1246 3022 1291 et
3071 1236 3324 1290 Ecclesia
3356 1236 3474 1289 lal:e
3503 1254 3564 1289 ae
3596 1239 3731 1290 em.

470 1327 759 1391 Ceru'arii,
794 1326 921 1380 sede
946 1325 1085 1395 Ρυίδί
1115 1325 1362 1381 εὲσυιτπῖ
1394 1334 1675 1393 Ροιεειεδιθ,
1702 1339 1765 1378 ac
1796 1325 2044 1392 synodali
2155 1329 2378 1398 στασίᾳ,
2402 1330 2499 1383 ulti
2523 1328 2651 1389 sint.
2682 1342 2816 1394 quas
2846 1326 3168 1381 videbantur
3191 1327 3420 1393 injurias
3440 1327 3542 1395 ipsi
3575 1343 3733 1383 acet--

470 1420 782 1487 cognitione
832 1416 1169 1481 damnandi,
1206 1432 1369 1487 quam
1408 1416 1503 1470 ille
1535 1417 1936 1471 damnationem
1981 1431 2045 1470 ac
2152 1418 2315 1487 pisse.
2345 1417 2466 1471 llaec
2501 1418 2786 1479 hactenus,
2811 1416 2959 1485 justo
2985 1414 3127 1468 forte
3157 1414 3729 1482 napasznxu’mpw,

469 1506 865 1575 depositionem
918 1508 1065 1561 serio
1104 1516 1357 1575 urgeret;
1394 1509 1508 1562 visa
1559 1510 1671 1573 illa,
1712 1509 1909 1578 quibus
1942 1508 2046 1562 ali-

470 1600 600 1665 quid
633 1614 737 1653 non
774 1600 907 1652 satis
934 1597 1295 1653 Christianam
1323 1601 1522 1653 decens
1555 1600 1914 1665 honestatem,
1945 1616 2043 1653 ex-

472 1704 576 1758 que
636 1690 726 1744 Dei
781 1700 834 1743 et
891 1699 1204 1745 sanctorum
1255 1691 1579 1755 rationibus,
1632 1691 2043 1757 immisceatur;

472 1779 738 1834 diab‘ica
767 1790 1074 1835 commenta
1101 1795 1221 1837 esse
1253 1783 1483 1852 probat;
1511 1782 1816 1851 cujusmodi
1858 1791 2045 1837 osten-

2155 1510 2209 1561 in
2250 1508 2446 1578 quibus
2493 1507 2625 1576 ipsis
2672 1508 2893 1561 meliora
2946 1517 3220 1575 eaSpecto,
3270 1507 3315 1559 si
3363 1506 3485 1573 quis
3536 1506 3730 1558 docere

2154 1601 2389 1664 haheat,
2441 1614 2505 1653 ac
2552 1599 2633 1653 vel
2684 1600 3261 1669 Symeonemccrtius
3291 1596 3593 1659 vindicare,
3646 1595 3731 1649 vel

2152 1691 2314 1746 etiam
2377 1706 2527 1745 reum
2583 1690 2797 1753 facere,
2848 1698 3096 1759 superest
3150 1704 3321 1758 pauca
3383 1689 3628 1757 quaedam
3676 1686 3730 1741 iu

2154 1783 2325 1852 ipsam
2355 1781 2563 1837 Calecm
2603 1781 3035 1836 lucubrationem
3072 1795 3136 1835 ex
3172 1794 3323 1836 more
3375 1780 3658 1835 adnotare.

1666 2146 1804 2203 ΤΟΥ
1834 2147 2237 2203 ΣΟΦΩΤΔΤΟΥ
2265 2148 2531 2203 ΚΥΡῘΟΥ

1086 2321 1925 2460 ΜΑΝΟΥΗΛ
2001 2324 2349 2457 ΤΟΥ
2425 2317 3119 2453 ΚΑΛΕΚΑ

2028 2553 2186 2604 ΠΕΡΙ

1440 2710 1837 2803 ΟΥΣΙΑΣ
1912 2714 2108 2798 ΚΑΙ
2194 2715 2337 2799 EN
2344 2712 2800 2800 ΕΡΓΕΙΑΣ

1723 3050 2301 3115 SAPIENTISSIMI
2350 3049 2518 3114 VIR!

1197 3234 2172 3397 MANUELIS
2235 3230 3024 3391 CALECXE

1717 3524 1971 3573 0RDINIS
2022 3524 2527 3572 PREDICATOBUM

1056 3688 1207 3777 DE
1385 3686 1947 3779 ESSENTIA
2066 3688 2215 3777 ET
2357 3684 3184 3779 OPERATIONE.
3341 3681 3373 3722 ⁵

1195 3878 1265 3941 F.
1300 3877 1637 3939 Francisco
1671 3874 2059 3954 Combeﬁsio,
2093 3876 2368 3958 ejusdem
2398 3876 2683 3949 Ordinis,
2719 3878 3080 3957 interprete.

569 4199 628 4254 ld
661 4200 820 4256 nobis
846 4201 932 4256 hic
960 4200 1083 4268 loci,
1107 4199 1262 4271 quasi
1297 4201 1739 4271 defungentibus.
1778 4204 1902 4261 finis
1933 4220 2062 4275 pro—

2239 4202 2448 4266 Σκοπὸς
2493 4202 3000 4274 αὐτοσχεδιάζουσιν
3045 4199 3303 4277 ἑνταᾷθα,
3344 4200 3447 4274 τὴν
3489 4200 3755 4274 περὶτοῦ

501 4294 712 4361 positus
743 4301 936 4355 est,jut
960 4292 1122 4347 latam
1149 4309 1179 4348 a
1211 4293 1417 4365 synodo
1447 4295 1517 4350 de
1584 4296 1767 4351 divina
1829 4298 2062 4351 essentia

2174 4295 2483 4367 ζητήματος
2514 4297 2613 4364 τῆς
2659 4296 2805 4355 θείας
2837 4295 3055 4359 οὐσίας
3100 4295 3195 4348 καὶ
3238 4294 3388 4358 θείας
3440 4296 3761 4365 ἐνεργείας

497 4384 791 4452 divinaque
819 4383 1142 4451 operatione.
1175 4384 1349 4454 deque
1369 4384 1477 4440 illis
1504 4394 1647 4441 mota
1700 4390 2001 4457 quaestione
2046 4429 2062 4455 ,

499 4478 846 4539 sententiam,
892 4476 1107 4532 clarius
1164 4488 1475 4533 retexamus
1515 4493 1670 4547 μιυο
1726 4479 1955 4546 scilicet,
2034 4481 2067 4535 ii

500 4568 591 4635 qui
632 4568 1027 4621 annulationem
1050 4569 1264 4638 quidem
1287 4569 1506 4634 habent,
1524 4573 1617 4626 sed
1644 4587 1746 4626 non
1771 4574 2067 4627 secundum

500 4660 779 4712 scicnt'am
808 4660 849 4725 ¹,
869 4659 1185 4714 erudiantur
1206 4662 1270 4714 ad
1300 4661 1535 4731 legitime
1564 4664 1897 4727 certandum.
1930 4665 2072 4719 unde

500 4752 600 4803 sihi
632 4758 684 4802 et
714 4765 967 4804 coronam
1024 4751 1338 4819 acquirant;
1370 4752 1461 4822 qui
1516 4761 1693 4807 autem
1721 4770 1785 4807 ex
1820 4754 2073 4824 simplici-

503 4849 609 4893 tate
640 4839 907 4909 iguorant,
941 4840 1269 4909 doceantur;
1307 4858 1452 4909 nam,
1501 4852 1558 4896 ut
1608 4855 1796 4899 auctor
1826 4854 1910 4901 est
1941 4848 2075 4899 divi-

502 4944 600 4982 nus
620 4930 935 4996 Apostolus:
959 4932 1061 4997 Qui
1089 4934 1317 5001 ignorat,
1340 4934 1742 5003 ignorabitur”;
1774 4935 1919 5007 iique
1938 4926 2073 4991 adeo

504 5020 688 5086 etiam,
718 5023 808 5091 qui
860 5023 1097 5089 prmlive
1125 5062 1140 5087 ,
1172 5038 1267 5078 seu
1320 5028 1499 5092 potius
1529 5035 1734 5082 temere
1794 5043 1858 5082 ac
1916 5029 2075 5081 mali-

505 5126 607 5177 gne
642 5112 775 5167 alios
811 5113 1240 5178 calumniantur,
1277 5116 1468 5184 eisque
1493 5117 1784 5171 detrahunt
1809 5156 1826 5182 ,
1852 5118 2073 5187 injusti-

2171 4390 2321 4457 παρὰ
2350 4388 2449 4456 τῆς
2504 4387 2723 4441 συνόδου
2771 4387 3195 4458 προενεχοεῖσαν
3230 4386 3526 4454 ἀπόφασιν,
3582 4388 3765 4454 σαφέ-

2173 4496 2364 4550 στερον
2417 4478 2715 4548 ὲξυφάναι·
2766 4479 2839 4541 ὡς
2882 4478 2969 4543 ἂν,
3021 4479 3071 4532 οἱ
3124 4478 3224 4547 μὲν
3275 4478 3461 4547 ζῆλον,
3516 4478 3576 4530 οὐ
3625 4478 3763 4530 κατ’

2173 4569 2469 4636 ἐπίγνωσιν
2493 4568 2548 4621 δὲ
2578 4570 2816 4637 ἔχοντες,
2868 4568 3236 4621 παιδευθῶσιν
3268 4568 3629 4636 ἀγωνίζεσθαι
3660 4586 3766 4621 νο-

2178 4659 2381 4729 μίμως,
2413 4658 2472 4723 ἑξ
2496 4652 2559 4712 οὗ
2600 4662 2692 4711 καὶ
2738 4659 2768 4710 ὁ
2815 4659 3115 4727 στέφανοςο
3145 4658 3201 4711 οἳ
3240 4677 3300 4711 τε
3346 4658 3403 4724 ἐξ
3447 4658 3768 4728 ἁπλότητος

2175 4749 2519 4815 ἀγνοοῦντες,
2560 4750 2809 4818 μάθωσιν
2838 4765 2851 4779 ο
2886 4750 3010 4801 ἐπεὶ
3033 4750 3172 4801 κατὰ
3198 4749 3289 4802 τὸν
3318 4750 3458 4801 θεῖον
3497 4748 3772 4801 Ἀπὸστο-

2173 4840 2287 4904 λον,
2331 4842 2392 4893 '0
2422 4838 2654 4908 ἀγνοῶν
2706 4840 3147 4908 ἀγνοηθιῖσεται
3172 4854 3185 4869 '
3213 4842 3309 4893 καὶ
3335 4840 3399 4911 δὴ
3430 4839 3523 4892 καὶ
3548 4839 3596 4891 οἱ
3623 4842 3775 4904 τοὺς

2176 4931 2367 4994 ἄλλους
2401 4935 2727 5001 προχείρως,
2757 4932 2789 5002 ἢ
2844 4932 3044 5001 μᾶλλον
3071 4930 3280 4999 ἀλόγως
3315 4932 3410 4985 καὶ
3454 4930 3771 4999 κακοήθως

2179 5027 2639 5095 συκοφαντοῦντες
2686 5026 2780 5079 καὶ
2837 5023 3221 5086 mamma;
3275 5023 3605 5091 ἐλεγχθῶσιν
3637 5022 3776 5074 ἀδι-

2178 5116 2421 5180 κοῦντες.
2451 5118 2552 5170 Ἦν
2575 5117 2709 5188 δῆτα
2759 5117 3035 5185 ἀπόφασιν
3074 5117 3169 5182 ὅλη
3221 5116 3440 5179 σύνοδος
3484 5114 3777 5185 βασιλέως

507 5216 591 5259 ha:
614 5214 929 5276 arguantur.
974 5204 1121 5262 Hanc
1156 5206 1415 5262 nimirum
1446 5210 1795 5272 sententiam,
1825 5211 2062 5265 universa

2179 5211 2679 5281 προκαθεξομένου,
2727 5210 2991 5274 πολλάκις
3049 5208 3404 5271 συνελθοῦσα,
3471 5209 3780 5276 ἀποφηνας

506 5298 767 5365 synodus,
822 5297 1145 5365 praesidente
1233 5299 1577 5367 imperatore,
1640 5301 1834 5370 sepius
1880 5315 2062 5355 coiive-

2183 5304 2319 5369 μένη
2382 5306 2476 5356 καὶ
2531 5303 3001 5373 συγγραψαμένη,
3050 5302 3125 5365 ὡς
3178 5301 3385 5371 στήλην
3445 5298 3783 5369 ὀρθοδοξίας

509 5388 686 5453 nieus,
712 5386 823 5452 ipsa
858 5387 1203 5456 promulgatis
1233 5397 1395 5456 atque
1430 5389 1799 5454 conscribens,
1822 5398 2056 5459 tauquan

2181 5393 2347 5463 ἑαυτῇ
2380 5390 2679 5460 προῦθηκε.
2709 5395 2819 5455 τοῖς
2854 5410 2913 5445 τε
2967 5393 3147 5455 ἄλλοις
3181 5390 3435 5459 κατέχειν
3467 5389 3636 5456 αὐτὴν
3681 5389 3783 5453 ὡς

412 5490 415 5491 ⁷
511 5483 673 5529 rectm.
739 5475 859 5529 tidei
921 5478 1227 5532 columnam
1287 5479 1389 5534 sibi
1450 5481 1871 5549 proposuit,ac
1934 5483 2062 5536 vcliu

2182 5484 2307 5553 ὅρον
2340 5483 2621 5547 εὐσεϐείας
2646 5484 3000 5556 παραδέδωκε
3022 5498 3037 5512 °
3072 5484 3168 5537 καὶ
3203 5483 3267 5551 δὴ
3294 5482 3389 5535 καὶ
3429 5480 3615 5545 Τόμον
3646 5481 3784 5535 τοῦ

511 5566 724 5638 pietatis
766 5567 1025 5637 regulam,
1076 5570 1298 5639 reliquis
1350 5571 1637 5625 tenendam
1696 5572 2062 5636 tradidit;net

2187 5538 2439 5642 ἀαλαμᾶ
2480 5538 2683 5642 ταύτην
2727 5538 3159 5643 ἐπονομάζεσθαι
3218 5538 3531 5641 δίωρίσατο.
3582 5566 3788 5624 Τοῦτο

512 5673 619 5713 non
645 5660 860 5713 Tomum
895 5657 1135 5718 Palatina:
1161 5662 1541 5732 appellandam
1578 5667 1778 5720 sanxit.
1810 5662 1866 5717 Id
1903 5665 2062 5721 cnim«

2194 5664 2373 5735 μέντοι
2421 5662 2696 5735 γνώριμον
2744 5665 2864 5729 ταῖς
2912 5662 3173 5727 διανοίαις
3216 5662 3327 5716 τῶν
3389 5660 3458 5714 τὰ
3510 5658 3787 5728 παρόντα.

588 5819 604 5852 ι
634 5814 796 5875 Rom.
832 5832 884 5886 χ,
922 5813 974 5869 l.
1052 5814 1072 5845 ’
1098 5811 1116 5869 l
1146 5794 1275 5870 Cor.
1312 5830 1424 5879 xiv,
1458 5815 1547 5871 58.
