4020 6206
250 406 355 466 33')

1282 405 1380 465 DE
1426 404 1797 465 ESSEN'TIA
1843 404 1940 464 ET
1972 402 2489 469 ΟΡΕΒᾹΤΙΟΝΕ.

3399 404 3512 473 236

247 517 727 584 ἀναγνωσομένων
782 514 1219 584 προῦποκεὶσθω,
1260 517 1335 579 ὡς
1379 512 1447 585 ἦν
1480 516 1694 588 καιρὸς,
1737 517 1824 570 ὅτε

1955 526 2059 572 'et'o
2114 532 2301 572 eorum
2333 520 2421 587 qui
2454 517 2552 571 ista
2603 514 2793 571 lecturi
2824 522 2969 580 sunt,
3024 520 3147 570 ante
3169 515 3353 571 omnia
3392 520 3509 571 ani—

248 612 279 678 ἡ
320 608 625 675 Ἐκκλησία
656 607 795 677 αὕτη
830 609 929 671 τῆς
968 608 1298 677 ἀποφάσεως
1327 609 1533 679 ταύτης
1558 609 1824 679 πρότερον

248 702 445 772 ἑτέραν
480 702 732 753 ἐναντίαν
766 700 1027 771 ἐξήνεγκε
1052 719 1063 733 ·
1114 703 1211 754 καὶ
1249 701 1619 773 μαρτυροῦσιν
1644 702 1692 753 oi
1738 700 1831 752 καί

250 795 344 845 νῦν
374 795 456 846 ἐτι
490 793 692 857 ζῶντες
721 795 787 863 τῇ
832 794 1038 863 συνόδῳ
1077 791 1200 846 τότε
1246 792 1706 863 παραγενόμενοι,
1736 789 1831 842 καὶ

252 887 307 936 αἱ
338 885 615 955 προὸάσαι
672 886 949 939 συνοδικαὶ
979 885 1209 955 πράξεις
1263 886 1356 936 ἐπὶ
1404 881 1634 944 τούτοις.
1675 880 1830 950 βασι-

255 974 506 1037 λεύοντος
552 974 918 1042 Ἀνδρονίκου,
948 978 1043 1028 καὶ
1070 975 1138 1027 τά
1164 972 1526 1043 ἱστορούμενα
1560 971 1687 1039 περὶ
1709 967 1832 1021 τού-

253 1084 393 1119 των⁸
426 1067 561 1119 ὥστ’
592 1066 896 1135 ἀμφίϐολον
934 1061 1075 1120 εῖναι
1109 1068 1314 1134 ποτέρα
1358 1064 1468 1118 τῶν
1502 1064 1833 1131 ἀποφάσεων

254 1160 458 1213 τούτων
482 1160 717 1230 τάληθὲς
753 1160 872 1229 μεθ’
903 1158 1105 1228 ἑαυτῆς
1138 1158 1250 1228 ἔχει
1278 1174 1292 1188 ⁸
1325 1159 1425 1227 τὴν
1454 1158 1565 1226 γὰρ
1600 1154 1832 1225 ἀντίφα-

258 1271 338 1305 σιν
372 1254 447 1323 μὴ
477 1252 745 1307 δύνασθαι
770 1252 1178 1322 συναληθεύειν,
1202 1253 1299 1305 καὶ
1329 1252 1411 1303 ὅτι
1438 1249 1701 1304 ἀδύνατον
1733 1249 1833 1316 τὴν

252 1343 559 1413 λεγομένην
588 1347 683 1398 καὶ
730 1344 1132 1414 πιστευομένην
1164 1341 1460 1412 καθολικὴν
1503 1339 1834 1410 Ἐκκλησίαν

253 1438 423 1505 αὐτὴν
457 1432 626 1500 εἶναι,
656 1436 758 1507 τὴν
792 1437 921 1507 περὶ
951 1436 1060 1489 τῶν
1101 1436 1284 1490 αὐτῶν
1331 1437 1427 1502 τῆς
1462 1433 1697 1494 πίστεως
1737 1448 1833 1483 κε-

257 1530 501 1599 φαλαίων
547 1531 644 1581 νῦν
699 1529 797 1597 μὲν
827 1528 1025 1594 οὕτως,
1062 1527 1160 1580 νῦν
1189 1528 1235 1579 δ’
1267 1527 1491 1587 ἐκείνως
1537 1524 1836 1577 τάναντιὼ-

255 1639 393 1674 τατα
462 1620 760 1689 κρίνουσαν
835 1621 932 1673 καὶ
1001 1619 1333 1689 κρατοῦσαν,
1395 1616 1491 1669 xui.
1547 1616 1836 1685 παρρησίᾳ

256 1717 547 1783 γράμμασι
578 1715 674 1766 καὶ
722 1712 1043 1784 πράγμασιν
1093 1714 1557 1783 ἀποφαινομένην.
1610 1713 1698 1763 Δεῖ
1727 1709 1837 1781 γάρ

257 1805 353 1874 τὴν
399 1804 694 1875 καθολικὴν
746 1805 1073 1875 Ἐκκλησίαν
1102 1804 1391 1874 ἀληθεύειν
1420 1805 1538 1860 ἀεί·
1574 1804 1696 1856 ἐπεὶ
1741 1805 1833 1855 καὶ

257 1898 348 1950 τὸν
378 1897 765 1969 παρακούοντα
793 1897 999 1968 ταύτης
1035 1897 1247 1951 ἐθνικὸν
1273 1899 1367 1949 καὶ
1397 1896 1637 1966 τελώνην
1670 1896 1698 1947 ὁ
1726 1894 1837 1948 Κύ-

260 2006 377 2059 ριος
415 1986 554 2043 εἶναι
582 1988 897 2058 διωρίσατο.

333 2083 449 2133 Ἵνα
486 2081 668 2136 τοίνυν
698 2082 844 2135 κατά
869 2080 1071 2135 σκοπὸν
1101 2081 1421 2153 ἀρξάμενοι,
1454 2081 1550 2152 τὴν
1584 2085 1711 2151 περὶ
1742 2081 1837 2135 τοῦ

262 2173 573 2243 ζητήματος
606 2176 706 2243 τῆς
732 2174 882 2236 θείας
912 2174 1104 2237 οὐσίας
1140 2175 1235 2227 καὶ
1265 2174 1545 2243 ἐνεργείας
1577 2174 1673 2225 νῦν
1704 2190 1842 2241 κραο

264 2262 465 2315 τοῦσαν
515 2264 796 2333 ἀπόφασιν
844 2265 1220 2332 ἐξυφάνωμεν,
1273 2266 1367 2318 καὶ
1417 2265 1620 2333 ταύτην
1671 2265 1841 2333 αὐτὴν

266 2354 353 2421 ἐφ’
384 2357 585 2425 ἑαυτῆς
632 2357 782 2419 ὅπως
835 2356 950 2425 ἔχει
980 2356 1297 2427 θεωρῶμεν,
1348 2356 1549 2410 εἰδέναι
1609 2356 1840 2426 χρὴοότι

266 2445 345 2514 τῷ
384 2448 601 2517 ῥηθέντι
645 2448 812 2518 Τόμῳ
840 2448 938 2514 τῆς
970 2448 1191 2501 συνόδου
1227 2447 1288 2512 ἓξ
1316 2448 1586 2516 κεφάλαια
1625 2451 1718 2501 καὶ
1740 2448 1841 2518 ζη-

267 2538 489 2607 τήματα
533 2542 629 2593 καὶ
669 2541 1115 2611 συμπεράσματα
1165 2540 1452 2611 πρόκειται
1502 2540 1694 2605 δεῖξαι,
1749 2540 1844 2592 καὶ

271 2632 400 2698 περὶ
432 2629 634 2685 τούτων
668 2633 900 2687 καθόλου
947 2631 1402 2705 πραγματεύεται
1425 2646 1441 2664 ⁸
1477 2627 1552 2686 ὧν
1600 2633 1841 2701 πρῶτον,

270 2723 355 2775 ὅτι
388 2723 536 2777 ἐστιν
564 2726 655 2778 ἐπὶ
685 2726 823 2780 Θεοῦ
856 2726 1128 2797 διάκρισις
1167 2726 1355 2790 οὐσίας
1396 2725 1491 2779 καὶ
1518 2728 1802 2795 ἐνεργείας
1827 2742 1881 2768 ⁸⁸

268 2812 517 2884 δεύτερον
546 2818 628 2869 ὅτι
660 2816 921 2887 ἐνέργεια
954 2817 1091 2887 αὕτη
1124 2817 1275 2870 ἐστὶν
1314 2817 1568 2879 άκτιστος
1592 2834 1607 2847 ⁸
1637 2817 1843 2885 τρίτον,

268 2905 413 2974 ὁτιδὴ
466 2907 736 2977 διάκρισις
771 2907 909 2980 αὕτη
942 2910 1037 2963 καλ⁸
1078 2911 1111 2979 ἡ
1141 2908 1377 2978 διαφορά
1426 2909 1483 2962 ἐν
1511 2908 1588 2979 τῷ
1634 2909 1753 2977 Θεῴ
1783 2910 1845 2963 οὐ

270 3001 417 3051 ποιεῖ
444 3000 695 3056 σύνθεσιν
729 3004 787 3054 ἐν
818 3001 967 3072 αὐτῷ
990 3018 1004 3034 ⁸
1038 3003 1099 3056 τὸ
1150 3004 1430 3072 τέταρτον,
1462 3004 1541 3055 ὅτι
1575 3004 1637 3055 τὸ
1677 3002 1849 3071 ὖνομα

271 3090 371 3158 τῆς
422 3092 686 3157 Θεότητος
716 3093 816 3146 οὐκ
847 3096 940 3146 ἐπὶ
984 3094 1087 3163 τῆς
1137 3096 1323 3157 ούσίας
1370 3093 1533 3163 μόνον
1568 3095 1660 3148 τοῦ
1710 3092 1848 3147 Θεοῦ

1934 610 2038 663 mis
2078 618 2248 662 ratum
2280 619 2400 662 esto
2428 623 2493 662 ac
2522 607 2903 672 constitutum,
2938 606 3107 662 fuisse
3156 616 3366 677 tempus
3383 624 3507 663 cum

1934 700 2048 755 haec
2073 700 2331 762 Ecclesia,
2396 700 2721 753 sententiam
2786 698 2947 752 aliam
3002 698 3130 753 huic
3179 700 3510 754 contrariam

1932 802 2055 845 ante
2082 792 2286 853 edidit;
2325 805 2389 844 ac
2423 798 2712 855 testantur,
2735 790 2826 859 qui
2854 790 3022 844 etiam
3058 805 3183 843 num
3248 793 3513 858 supersti-

1936 897 2034 947 tes,
2061 886 2264 956 synodo
2294 886 2363 939 illi
2393 884 2778 948 interfuerunt,
2811 885 3085 954 Actusque
3121 884 3219 952 ipsi
3244 898 3308 937 eo
3333 885 3382 935 in
3414 900 3506 937 ne-

1934 980 2078 1047 gorio
2105 978 2406 1045 synodales,
2440 978 2754 1031 Andronico
2800 977 3128 1045 imperatore
3154 1016 3169 1041 ,
3204 976 3367 1028 habiti
3400 992 3415 1033 ;
3449 989 3513 1027 ac

1934 1070 2163 1139 denique
2186 1085 2304 1137 qua:
2341 1070 2405 1122 de
2434 1070 2539 1122 illis
2564 1076 2835 1136 gestorum
2874 1066 3238 1120 monumentis
3265 1067 3511 1119 conscri-

1935 1170 2024 1231 pta
2059 1169 2181 1213 suut
2218 1176 2233 1214 :
2263 1159 2516 1228 quocirca
2546 1159 2764 1213 dubium
2799 1166 2904 1224 est,
2935 1166 3052 1211 utra
3070 1157 3262 1210 barum
3290 1165 3513 1209 senteno

1937 1252 2132 1304 tiarum
2167 1251 2398 1305 veritate
2422 1251 2647 1304 nitatur.
2683 1248 2877 1317 Liquet
2902 1250 3046 1303 enim
3076 1247 3188 1302 fieri
3216 1261 3321 1300 non
3353 1261 3514 1313 posse

1937 1351 1995 1396 ut
2021 1342 2310 1397 aliirmatio
2339 1351 2392 1397 et
2423 1343 2638 1411 negatio
2674 1340 2836 1395 simul
2875 1355 3014 1394 vera:
3063 1340 3195 1403 sint,
3229 1338 3311 1391 vel
3339 1348 3394 1390 ut
3426 1338 3514 1389 illa

1937 1433 2145 1487 dicatur
2167 1442 2327 1501 atque
2367 1433 2622 1487 credatur
2683 1431 2921 1486 Ecclesia
2967 1428 3255 1493 catholica,
3291 1442 3411 1496 quae
3449 1426 3519 1481 de

1937 1526 2125 1579 iisdem
2157 1526 2275 1578 ﬁdei
2300 1525 2550 1592 capitulis
2575 1523 2733 1578 modo
2759 1522 2863 1587 sic,
2908 1534 3067 1575 mouo
3103 1520 3262 1573 aliter
3294 1558 3309 1583 ,
3345 1508 3521 1572 maii-

1939 1630 2025 1670 me
2058 1617 2333 1669 contraria
2372 1618 2648 1680 decernat,
2694 1619 2981 1681 teneatque
3010 1620 3066 1665 et
3097 1610 3272 1679 palam
3301 1606 3523 1675 scriptis

1939 1707 2205 1776 laetisque
2253 1704 2760 1781 euuntiet.Neccsse
2822 1712 2905 1757 est
2961 1705 3127 1766 enim,
3164 1708 3222 1754 ut
3277 1698 3518 1753 Ecclesia

1940 1799 2207 1855 catholica
2252 1812 2440 1852 verum
2478 1810 2689 1866 semper
2718 1796 2901 1860 dicat;
2932 1809 3053 1848 nam
3079 1801 3131 1845 et
3162 1790 3253 1862 qui
3271 1805 3389 1844 eam
3413 1802 3523 1842 non

1943 1892 2202 1953 audierit,
2236 1890 2512 1945 ethnicum
2548 1897 2602 1944 et
2649 1886 2999 1958 publicanum
3063 1885 3204 1952 fore,
3261 1880 3523 1936 Dominus

1942 1980 2193 2037 statuit’.

2012 2071 2081 2127 Ut
2110 2073 2278 2142 igitur
2330 2080 2481 2126 certa
2513 2070 2579 2124 ad
2631 2070 2904 2125 destinata
2962 2068 3177 2123 ratione
3220 2066 3521 2129 ordientes,

1942 2167 2058 2236 ejus
2085 2181 2204 2235 qua:
2234 2178 2375 2219 nunc
2406 2164 2634 2228 obtinet,
2670 2163 2737 2216 de
2779 2162 2958 2216 divina
2980 2159 3215 2214 essentia
3241 2173 3304 2213 ac
3335 2170 3528 2225 opera-

1944 2261 2108 2321 ti0ue,
2139 2258 2455 2327 quaestionis
2501 2256 2829 2311 sententiam
2898 2264 3231 2317 reteramus,
3277 2251 3525 2319 hancque

1944 2349 2116 2420 ipsam
2143 2350 2199 2404 in
2225 2352 2423 2420 seipsa,
2460 2347 2757 2418 cuiusmodi
2797 2346 2889 2411 sit,
2926 2354 3303 2405 contueamur,
3337 2341 3528 2394 obser-

1945 2442 2176 2497 vandum
2204 2452 2286 2498 est
2313 2458 2330 2509 ;
2363 2441 2439 2496 illi
2460 2456 2621 2510 quem
2642 2438 2753 2493 dixi
2785 2477 2800 2503 ,
2835 2435 3028 2509 synodi
3074 2432 3270 2496 Tomo,
3299 2446 3395 2488 sex
3423 2444 3526 2484 ca-

1947 2541 2055 2609 pita
2100 2553 2164 2592 ac
2206 2539 2537 2606 quaestiones
2612 2531 3127 2598 conclusionesque,
3188 2524 3525 2581 ostendenda

1947 2630 2217 2701 proposita
2249 2643 2392 2691 esse,
2425 2627 2599 2684 dcoue
2622 2623 2729 2677 illis
2765 2621 3067 2675 uuiversim
3103 2625 3362 2672 tractare.
3399 2615 3526 2667 Pri-

1948 2739 2093 2777 mum
2120 2732 2223 2787 est,
2256 2736 2376 2776 esse
2407 2722 2459 2773 itt
2477 2719 2591 2773 Deo
2608 2716 3007 2772 distinctionem
3039 2710 3293 2767 essentia:
3313 2720 3367 2763 et
3388 2721 3523 2776 ope-

1951 2816 2196 2870 r.uiouis.
2222 2814 2487 2875 Alterum,
2515 2811 2655 2865 hanc
2669 2806 3034 2877 operationem
3055 2804 3349 2857 increatam
3387 2814 3529 2853 esse.

1948 2908 2213 2973 Tertium,
2235 2905 2616 2961 discretionem
2657 2903 2794 2955 hanc
2814 2913 2877 2952 ac
2895 2895 3297 2952 distinctionem
3334 2893 3389 2946 in
3417 2891 3531 2944 Deo

1951 3018 2056 3057 non
2087 3003 2267 3057 lacere
2298 3002 2349 3056 in
2383 3017 2448 3056 eo
2474 3000 2941 3061 compositionem.
2970 2993 3258 3059 Quartum,
3303 2986 3531 3042 Deitatis

1951 3109 2148 3150 nomen
2181 3108 2288 3148 non
2333 3092 2508 3147 solum
2541 3090 2642 3144 dici
2668 3090 2733 3142 de
2762 3087 2853 3140 Dei
2875 3083 3134 3147 essentia,
3155 3094 3343 3134 verum
3364 3077 3529 3130 etiam

271 3184 511 3249 λέγεται,
545 3184 682 3237 ἀλλὰ
726 3187 822 3238 καὶ
866 3186 959 3239 ἐπὶ
991 3188 1091 3256 τῆς
1133 3188 1282 3251 θείας
1326 3188 1607 3257 ἐνεργείας
1637 3187 1806 3242 αὑτοῦ
1829 3203 1845 3219 ⁸

1955 3186 2017 3241 de
2054 3186 2233 3240 divina
2265 3183 2599 3251 operatione.
2624 3179 2905 3244 Quintum,
2948 3172 3039 3227 Dei
3073 3167 3535 3227 essentiamillius

273 3277 547 3342 πέμπτον,
576 3277 656 3330 ὅτι
687 3278 717 3346 ἠ
753 3278 909 3331 οὐσία
931 3278 1027 3332 τοῦ
1058 3278 1192 3332 Θεοῦ
1224 3280 1549 3351 ὑπέρκειται
1581 3282 1678 3350 τῆς
1702 3282 1851 3351 ἐνερ-

273 3370 425 3435 γείας
455 3368 619 3421 αὐτοῦ
644 3385 660 3401 ⁸
694 3370 879 3435 ἕκτον,
924 3372 1006 3424 ὅτι
1039 3374 1066 3426 ὁ
1094 3372 1226 3435 Θεὸς
1271 3373 1330 3426 ού
1368 3374 1655 3443 μετέχεται
1709 3374 1851 3426 κατά

272 3460 373 3527 τὴν
401 3461 589 3514 οὐσίαν
613 3462 804 3529 αὑτοῦ,
838 3464 973 3519 ἀλλὰ
1009 3468 1150 3519 κατὰ
1179 3468 1281 3535 τὴν
1309 3468 1614 3537 ἐνέργειαν.
1660 3468 1754 3520 Ἐκ
1786 3469 1849 3536 δὴ

272 3553 385 3605 τῶν
416 3554 673 3608 τοιούτων
706 3556 1061 3627 ζητημάτων,
1095 3559 1130 3611 ἀ
1158 3561 1247 3611 καὶ
1278 3560 1689 3630 φιλοτιμότερον
1720 3563 1855 3615 ἀπο-

275 3643 639 3709 δεικνύουσιν,
684 3648 760 3711 ὼς
808 3650 1031 3715 οἴονται,
1066 3653 1239 3720 ἡτῶν
1287 3653 1494 3722 ἀνδρῶν
1521 3652 1725 3706 τούτων
1766 3653 1856 3705 πί-

278 3752 400 3797 στις
433 3737 680 3805 φαίνεται
706 3756 719 3770 ⁸
740 3741 892 3809 ὅμως
913 3742 968 3794 δὲ
1000 3744 1092 3794 καὶ
1122 3745 1178 3810 ἐξ
1210 3741 1284 3797 ὧν
1319 3743 1560 3814 λέγουσι,
1591 3745 1854 3815 σαφέστε-

282 3845 380 3897 ρον
414 3830 598 3888 αὐτοῖς
639 3832 848 3901 ῥήμασι
890 3833 1232 3903 δειχθήσεται
1261 3854 1273 3865 ⁸
1309 3838 1383 3900 ὡς
1416 3838 1483 3891 ἂν
1526 3840 1553 3892 ὁ
1577 3839 1688 3891 τῶν
1717 3858 1854 3910 προ-

274 3922 544 3975 τεθέντων
602 3924 805 3987 σκοπὸς
833 3925 1213 3997 λαμπρότερον
1242 3929 1487 4000 ἀναφανῇ
1515 3972 1529 3993 ,
1591 3932 1683 3984 καὶ
1738 3934 1855 3999 ἅμα

279 4017 475 4086 μηδεὶς
528 4018 729 4083 αὐτοὺς
773 4021 1226 4101 συκοφαντεῖσθαι
1273 4022 1721 4092 ἢδιαὸάλλεσθαι
1769 4044 1854 4078 νο-

276 4108 438 4178 μὲσῃ.

353 4200 594 4267 Φανερὸν
631 4201 734 4270 μὲν
767 4202 860 4255 οὖν
888 4202 951 4256 ἐκ
982 4205 1083 4273 τῆς
1118 4205 1176 4257 ἐν
1214 4204 1293 4275 τῷ
1333 4205 1497 4276 Τόμῳ
1525 4207 1857 4277 ἀποφάσεως

278 4292 372 4343 ὅτι
394 4294 457 4344 οὐ
492 4295 618 4361 περὶ
640 4294 738 4363 τῆς
760 4295 1088 4365 διακρίσεως
1114 4295 1331 4365 ἐκείνης
1360 4298 1705 4370 προτιθέασι,
1736 4299 1858 4352 καθ’

278 4386 353 4456 ἢν
385 4388 413 4438 ὁ
442 4381 523 4447 εἷς
555 4388 687 4455 Θεὸς
717 4387 1043 4456 ἀφθέγκτως
1072 4391 1193 4453 ταῖς
1227 4390 1559 4447 ὑποστάσεσι
1591 4391 1862 4459 διακρίνε-

277 4494 416 4532 1.1:-
467 4480 717 4532 τουτέστι
774 4481 915 4532 κατὰ
951 4482 1048 4543 τὰς
1082 4484 1233 4551 τρεῖς
1273 4482 1600 4545 ὑποστάσεις
1646 4483 1741 4538 καὶ
1792 4485 1859 4538 τὰ

1959 3276 2260 3348 operationi
2296 3275 2534 3329 eminere
2558 3285 2620 3323 ac
2640 3268 2973 3337 superiorem
2996 3278 3139 3317 esse.
3157 3260 3403 3317 Sextum,
3430 3271 3534 3307 non

1959 3369 2271 3443 participari
2306 3368 2469 3420 Deum
2500 3364 2710 3418 ratione
2732 3357 3004 3419 essentize,
3036 3355 3127 3407 sed
3160 3352 3372 3407 ratione
3400 3362 3534 3415 ope-

1963 3465 2207 3521 rationis.
2248 3462 2324 3515 Ex
2384 3456 2646 3529 ejusmodi
2709 3468 2841 3508 sane
2876 3445 3287 3519 quaestionibus,
3314 3457 3452 3512 quas
3478 3448 3537 3493 et

1962 3557 2313 3617 luculentins,
2353 3562 2410 3605 ut
2438 3551 2538 3605 sibi
2575 3549 2848 3608 videntur,
2874 3543 3166 3597 ostendunt
3194 3552 3257 3591 ac
3285 3536 3533 3604 probant,

1962 3662 2206 3719 quaenam
2238 3646 2306 3699 sit
2323 3645 2551 3697 istorum
2578 3638 2854 3693 hominum
2876 3632 3009 3687 fides
3034 3638 3199 3700 patet;
3225 3639 3534 3695 quanquam

1962 3739 2124 3795 etiam
2153 3752 2217 3791 ex
2251 3737 2331 3790 his
2364 3749 2484 3805 quae
2513 3731 2719 3793 dicunt,
2755 3724 2888 3797 ipsis
2921 3736 3107 3778 eorum
3149 3719 3350 3781 verbis,
3383 3730 3413 3769 a
3443 3728 3539 3767 uo-

1964 3834 2046 3886 bis
2076 3828 2481 3887 monstrandum
2513 3830 2599 3879 est
2636 3834 2794 3895 ;Iquo
2843 3815 3123 3873 nimirum,
3169 3824 3357 3864 eorum
3417 3818 3538 3871 qua:

1964 3920 2239 3993 proposita
2263 3926 2408 3979 sunt,
2442 3925 2639 3981 scopus
2689 3908 2888 3965 clarius
2939 3906 3054 3975 ipse
3112 3901 3405 3959 eluccscat,
3439 3906 3540 3993 nec

1965 3984 2251 4089 quisquam
2288 4026 2381 4082 per
2401 4005 2729 4065 calumniam
2758 4000 2958 4071 aliquid
2978 3998 3057 4054 eis
3087 4012 3119 4050 a
3168 3992 3324 4049 nobis
3372 3984 3537 4059 obiici

1970 4112 2290 4167 arbitretur.

2039 4203 2232 4273 Liquet
2249 4206 2525 4263 autem,“
2537 4208 2600 4249 ea
2619 4205 2739 4263 quae
2757 4192 2808 4245 in
2823 4187 2995 4243 Tomo
3013 4177 3540 4250 habetur,sententia

1969 4313 2077 4353 non
2114 4291 2463 4363 proposuisse
2497 4301 2611 4349 eos,
2635 4285 2700 4339 de
2741 4282 2828 4336 illa
2858 4279 3231 4338 distinctione,
3270 4287 3377 4344 qua
3401 4286 3543 4326 unus

1968 4390 2138 4452 Deus,
2164 4385 2325 4440 nullis
2360 4379 2539 4436 verbis
2576 4374 2881 4447 explicabili
2902 4372 3131 4432 ratione,
3164 4364 3544 4438 hypostasihus

1972 4478 2300 4537 discernitur
2328 4473 2534 4540 ;tribus
2586 4469 2797 4523 scilicet
2854 4460 3225 4519 subsistentiis
3272 4472 3336 4513 ac
3372 4455 3546 4509 tribus

283 4570 416 4637 τρια
464 4571 731 4639 πρόσωπα
751 4587 767 4602 ⁸
820 4570 911 4623 τοῦ
944 4547 1157 4641 Πατρδς
1194 4573 1288 4625 καὶ
1343 4574 1435 4625 τοῦ
1468 4573 1596 4626 Υξοῦ
1624 4576 1734 4627 πκαὶ
1763 4574 1849 4626 τοῦ

1966 4570 2237 4644 personis,
2274 4565 2452 4621 Patris
2496 4571 2551 4615 et
2604 4559 2725 4613 Filii
2755 4566 2809 4611 et
2847 4558 3084 4624 Spiritus
3142 4549 3316 4605 sancti
3354 4563 3370 4610 ;
3412 4547 3542 4644 quin

284 4660 449 4725 ἁγίου
491 4661 841 4731 ηνεύματος⁸
886 4663 1085 4731 μᾶλλον
1113 4664 1190 4728 δὲ,
1223 4663 1314 4717 τὸν
1360 4665 1580 4735 Πατέρα
1611 4666 1864 4720 καὶΥίδν

284 4758 386 4807 καὶ
411 4756 471 4807 τὸ
502 4756 654 4821 ἅγιον
688 4755 937 4827 Πνεῦμα,
975 4759 1202 4829 ἐπείπερ
1233 4760 1265 4829 ἡ
1301 4758 1400 4827 μὲν
1435 4758 1565 4827 ἁγία
1607 4759 1777 4827 Τριάς
1804 4760 1864 4812 ἐν

280 4849 405 4900 ἐστι
434 4851 664 4917 πρᾶγμα
709 4851 737 4902 ὅ
765 4850 821 4901 τί
854 4852 985 4903 ποτέ
1024 4852 1139 4904 ἐστι
1181 4853 1271 4904 καὶ
1322 4851 1419 4921 μία
1452 4853 1638 4905 οὐσία·
1677 4854 1772 4906 καὶ
1800 4854 1862 4905 οὐ

280 4937 349 4989 τὸ
383 4938 480 5007 μὲν
514 4939 622 4992 τῶν
670 4940 986 5009 προσώπων
1015 4942 1291 5012 ὑφέστηκε
1343 4943 1467 4997 καθ’
1495 4943 1678 5007 ὲαυτδ,
1715 4945 1775 4997 τὸ
1805 4944 1862 4997 δὲ

282 5032 388 5100 οὐχ
420 5032 732 5100 ὐφέςτηκεν
757 5050 770 5065 ⁸
806 5034 927 5087 οὐδὲ
968 5036 1027 5087 τὸ
1070 5036 1169 5105 μὲν
1212 5037 1479 5105 μεθεκτὸν
1519 5039 1640 5092 καθ’
1679 5039 1864 5102 ἑαυτὸ,

282 5122 349 5175 τὸ
370 5123 425 5173 δὲ
459 5122 764 5192 ἀμέθεκτον
785 5140 799 5154 ⁸
832 5127 926 5178 καὶ
958 5128 1199 5196 παρίημι
1235 5127 1299 5181 τά
1329 5129 1520 5195 πλείω,
1557 5130 1594 5184 ἃ.
1621 5134 1748 5202 περὶ
1773 5133 1866 5184 ού-

288 5214 411 5267 σξσις
434 5216 529 5265 καὶ
558 5214 840 5281 ἐνεργείας
873 5214 1092 5283 λέγουσι
1123 5216 1516 5284 διακρίνοντες,
1545 5218 1620 5281 ὡς
1653 5219 1869 5289 δειχθή-

292 5319 449 5355 σεται
470 5319 485 5332 ⁸
516 5304 649 5356 ἀλλὰ
673 5304 813 5357 κατά
838 5322 961 5357 τινα
990 5303 1158 5375 ἄλλην
1184 5306 1461 5375 διάκρισιν
1488 5305 1869 5376 ἐπινοηθεῑσαν

291 5397 479 5458 αὐτοῖς
503 5412 517 5426 ⁸
548 5396 673 5450 καθ’
707 5397 773 5467 ἦν
815 5395 890 5459 ὡς
932 5396 1233 5465 βούλονται,
1266 5397 1605 5467 διακρίνεται
1651 5396 1814 5458 αὐτὸς
1843 5399 1870 5450 ὁ

286 5489 717 5554 τρισυπὸστατος
750 5488 881 5550 Θεὸς
913 5489 990 5550 είς
1025 5489 1214 5540 οὐσίαν
1245 5488 1338 5541 καὶ
1376 5488 1657 5554 ἐνέργειαν
1682 5505 1695 5517 ⁸
1729 5488 1868 5557 μᾶλο-

288 5579 385 5633 λον
413 5580 470 5633 δὲ
501 5581 694 5634 οὐσίαν
720 5581 815 5634 καὶ
845 5582 1148 5652 ἐνεργείας.
1180 5582 1416 5652 Φανερὸν
1444 5582 1498 5635 δὲ
1528 5584 1622 5635 καὶ
1661 5582 1744 5636 ὅτι
1773 5581 1873 5652 τὴν

293 5674 577 5743 ὲνέργειαν
628 5675 839 5745 ταύτην
892 5677 985 5730 καὶ
1036 5676 1280 5747 Θεότητά
1330 5692 1500 5744 φασιο
1558 5676 1761 5748 μᾶλλον
1813 5676 1870 5729 δὲ

375 5856 393 5887 ³
414 5855 606 5910 Matth.
671 5872 825 5922 ιγιιι,
857 5855 942 5918 Π,

1385 5941 1494 5975 [κ

1969 4637 2149 4737 potius
2176 4662 2336 4716 Patre
2372 4667 2425 4712 et
2452 4653 2590 4709 Filio
2626 4660 2680 4707 et
2710 4649 2915 4719 Spiritu
2947 4653 3161 4707 sancto,
3205 4637 3547 4710 quandoqui-

1970 4733 2090 4812 dem
2111 4761 2293 4811 sancta
2325 4748 2569 4803 Trinitas
2600 4760 2704 4798 una
2729 4755 2815 4795 res
2844 4750 2928 4796 est
2956 4748 3299 4807 quaecunque
3325 4733 3541 4786 tandem

1974 4850 2064 4905 illa
2102 4850 2192 4909 sit,
2214 4857 2428 4913 unaque
2460 4838 2726 4900 essentia;
2764 4848 2863 4888 nec
2883 4843 3235 4901 personarqu
3289 4826 3394 4879 alia
3424 4822 3547 4894 qni-

1970 4941 2092 4996 dem
2125 4952 2220 5007 per
2237 4950 2298 4991 se
2316 4931 2560 4989 subsistit
2582 4941 2817 4995 vereque
2836 4932 2941 4988 est,
2967 4922 3068 4975 alia
3093 4934 3195 4974 non
3221 4933 3316 4987 per
3341 4930 3399 4971 se
3421 4914 3552 4970 sub-

1972 5032 2123 5089 sistit
2157 5044 2256 5084 nec
2286 5037 2369 5083 est
2394 5037 2558 5088 vere;
2591 5022 2673 5076 vel
2696 5020 2800 5073 alia
2836 5017 2918 5072 sui
2943 5016 3059 5085 ipsa
3087 5012 3299 5066 ratione
3325 5007 3552 5079 partici-

1970 5120 2163 5193 pahilis
2191 5127 2295 5183 est,
2334 5114 2436 5170 alia
2463 5127 2526 5166 ex
2550 5125 2609 5166 se
2630 5105 2941 5178 participari
2961 5117 3067 5156 non
3092 5107 3291 5169 postct.
3323 5095 3551 5163 Aliaque

1972 5188 2251 5284 complura
2280 5210 2441 5265 missa
2464 5205 2627 5269 iacio,
2650 5216 2770 5267 quae
2787 5199 2854 5254 de
2880 5194 3116 5252 essentia
3142 5200 3197 5245 et
3223 5188 3549 5257 Operatione

1972 5308 2287 5377 loquuntur,
2312 5297 2694 5367 distinguendo
2744 5307 2809 5347 ac
2861 5287 3243 5365 discerneudo,
3284 5292 3343 5337 ut
3400 5296 3555 5335 mon-

1973 5400 2237 5456 strabitur
2268 5410 2284 5459 ;
2317 5394 2411 5448 sed
2467 5390 2764 5444 secundum
2794 5384 2954 5439 aliam
3023 5378 3428 5436 distinctionem
3489 5386 3555 5427 ac

1980 5488 2386 5547 discretionem,
2419 5481 2575 5549 cuius
2627 5478 2729 5547 ipsi
2794 5485 3043 5529 auctores
3088 5471 3361 5525 exsistunt
3397 5482 3413 5520 :
3449 5480 3554 5535 qua

1981 5583 2189 5652 utique,
2215 5586 2273 5633 ut
2298 5577 2373 5631 illi
2404 5573 2743 5631 existimant,
2779 5569 2896 5636 ipse
2924 5567 3063 5620 Deus
3095 5565 3232 5617 triue
3251 5558 3557 5615 subsistens

1982 5676 2035 5732 in
2052 5671 2349 5731 essentiam
2381 5678 2436 5723 ct
2458 5663 2831 5736 operationem
2880 5659 2900 5732 (
2935 5673 3029 5715 seu
3060 5655 3233 5729 magis
3273 5654 3329 5711 in
3362 5666 3553 5710 esseu-
