4020 6206
474 258 581 321 3i5

1744 256 2144 317 MANU‘ELIS
2183 251 2493 315 CALECXE‘

3612 245 3729 310 ate

476 382 852 427 occurrerunt.
900 373 1005 430 Nec
1040 374 1180 433 enim
1223 373 1319 429 hic-
1353 374 1507 429 nobis
1538 377 1846 443 propositus
1894 373 2038 438 linis,

2172 369 2388 438 ;είμενοι
2410 367 2675 435 δόγμασιν
2697 366 3021 437 εὑρέθησαν.
3044 365 3119 419 Οὐ
3144 363 3251 433 γάρ
3272 362 3571 417 ὲκτεθείναι
3590 367 3722 419 πάνο

481 474 537 515 ιιι
591 478 781 518 omnes
858 464 1343 533 impraesentiarum
1402 476 1893 533 repracsentemus;
1946 464 2041 518 sed

479 567 739 621 quantum
762 554 990 617 sufﬁcit,
1035 565 1093 608 ut
1136 570 1325 610 eorum
1355 555 1703 624 impudentize
1756 555 2041 610 audaciam

480 658 571 696 ac.
603 644 977 705 temeritatem.
1004 654 1322 713 novataeque
1370 644 1491 699 ﬁdei
1538 646 1743 713 crimen
1782 644 2040 701 ostenda-
2079 671 2081 673 ι

483 746 621 793 nus,
676 746 784 799 quo
838 733 1091 785 nimirum
1139 749 1304 795 unum
1346 737 1799 805 perfectissimum
1837 732 2045 802 simpli.-

481 822 870 890 cissimumque
944 823 1110 881 Deum
1197 825 1252 879 in
1308 837 1562 881 sexcenta
1595 866 1611 892 ,
1665 840 1938 895 parvaque
1991 834 2047 879 et

488 927 722 981 magna,
778 914 964 982 sicque
1012 916 1263 980 diversa,
1327 918 1659 983 ditiscrnnt;
1717 925 1771 971 et
1834 916 1901 971 ad
1952 930 2045 969 eo-

488 1019 601 1056 rum
675 1003 1020 1072 blasphemia:
1092 1006 1422 1075 prodendam
1493 1008 1824 1072 falsitatem,
1900 1007 2043 1076 quod

484 1107 608 1145 cum
657 1094 769 1147 haec
808 1095 1026 1163 aliaque
1058 1097 1176 1165 ejus
1222 1098 1435 1167 generis
1496 1099 1796 1152 damnanda
1837 1096 2052 1151 temeri-

488 1190 596 1235 tate
659 1182 807 1236 circa
853 1184 1019 1237 Deum
1062 1196 1415 1252 praesumant,
1475 1197 1660 1255 postea
1714 1185 2048 1249 iniiciantnr,

491 1271 695 1341 piisque
732 1272 831 1326 hac
885 1274 937 1327 in
979 1284 1132 1343 parte
1165 1278 1484 1341 ascribunt,
1541 1293 1769 1346 quorum
1811 1276 1884 1330 illi
1928 1273 2055 1344 jure

493 1360 567 1413 rei
606 1371 928 1441 teneantur;
962 1365 1028 1418 ad
1065 1366 1268 1419 erroris
1307 1366 1432 1429 item
1464 1368 1884 1438 magnitudinem
1917 1381 2053 1435 pau-

490 1452 571 1505 cis
601 1454 668 1507 ob
715 1455 899 1507 oculos
946 1459 1273 1524 ponendam,
1311 1457 1379 1511 iis
1420 1456 1510 1522 qui
1559 1458 1863 1524 ignorantia
1901 1456 2057 1519 labo-

494 1552 635 1606 rant,
699 1552 757 1597 ut
806 1546 1075 1611 noverint,
1127 1561 1289 1616 quam
1350 1546 1722 1616 imprudentes
1779 1547 1936 1601 [idem
1978 1555 2059 1599 te-

492 1641 677 1696 neant,
735 1641 787 1688 et
834 1634 887 1687 in
942 1635 1083 1703 quod
1138 1636 1440 1704 periculum
1507 1638 1707 1691 animae
1754 1638 2059 1704 praecipites

2148 478 2244 526 τας
2265 458 2498 513 ἐνταῦθα
2529 459 2795 528 προύτέθη
2816 460 3036 524 σκοπὸς,
3055 457 3171 511 ἀλλ’
3191 459 3312 511 ὅσον
3336 458 3431 527 τῆς
3450 458 3719 521 ἀναιδείας

2151 550 2334 605 αὐτῶν
2352 549 2449 617 τὴν
2474 550 2681 619 τόλμην
2718 554 2812 602 καὶ
2840 549 2937 618 τὴν
2961 549 3310 616 καινοτομίαν
3340 548 3674 610 ἐνδείξασθαι
3699 565 3714 578 ·

2151 642 2275 696 καθ’
2292 643 2359 712 ἣν
2371 643 2461 695 τὸν
2476 642 2572 709 Eva
2588 642 2681 695 καὶ
2698 640 3051 703 τελειότατον,
3070 641 3162 695 καὶ
3182 639 3551 694 ἁπλούστατον
3563 639 3721 702 Θεὸν,

2150 736 2228 796 εἰς
2264 734 2453 802 μυρία,
2475 733 2649 802 μικρά
2666 749 2726 783 τε
2750 734 2843 797 καὶ
2861 732 3090 800 μεγάλα,
3114 732 3209 792 καὶ
3227 729 3371 793 οὕτω
3394 729 3723 797 διαφέροντα

2152 825 2369 885 διεῖλον,
2430 823 2695 893 καὶπρὸς
2740 822 2801 876 τὸ
2853 824 2949 891 τῆς
2997 822 3345 892 βλασφημίας
3416 819 3724 886 ἐκκαλύψαι

2151 917 2213 969 τὸ
2244 915 2438 977 ψεῦδος
2460 930 2477 946 σ
2505 914 2627 967 ἐπεὶ
2678 913 2861 968 ταῦτα,
2898 914 2990 966 καὶ
3037 911 3259 974 τοιαῦτα
3277 915 3406 982 περὶ
3462 911 3555 964 τοῦ
3586 908 3723 967 Θεοῦ

2153 1007 2484 1077 τολμῶντες,
2520 1006 2709 1065 ἔπειτα
2741 1006 3055 1075 ἀρνοῦνται,
3087 1005 3315 1057 κάκεῖνα
3343 1000 3459 1065 τοῖς
3507 1003 3754 1055 εύσεὸέ--

2158 1114 2244 1156 σιν
2301 1099 2362 1153 ἐν
2419 1096 2596 1164 τούτῳ
2647 1096 2723 1163 τῷ
2791 1096 2949 1165 μέρει
3009 1095 3378 1157 ἀνατιθέασιν,
3435 1088 3517 1161 οἷς
3573 1093 3728 1145 αὐτοὶ

2154 1187 2377 1249 δικαίως
2414 1188 2663 1255 ἔχονταιο
2703 1188 2797 1252 καὶ
2834 1186 2898 1257 δὴ
2926 1187 3018 1239 καὶ
3050 1185 3185 1256 πρὶς
3218 1186 3279 1238 τὸ
3307 1184 3409 1254 τῆς
3433 1184 3641 1253 πλάνης
3662 1184 3726 1234 τὸ
3761 1171 3765 1174 ’

2159 1277 2391 1347 μέγεθος
2422 1281 2532 1340 τοῖς
2569 1278 2855 1346 ἀγνοοῦσιν
2886 1278 2977 1341 ὑπ’
3000 1277 3121 1347 ὄψιν
3142 1276 3422 1348 ἐξςόλίγων
3473 1277 3730 1343 ἀγαγεῖν,

2157 1367 2232 1430 ὡς
2269 1368 2335 1421 ἂν
2368 1370 2544 1435 γνοῖεν
2579 1367 2697 1420 οἵαν
2742 1368 2937 1425 πίστιν,
2970 1368 3291 1436 κατέχοντες
3322 1367 3597 1434 ἀγνοοῦσι,
3636 1376 3734 1420 καὶ

2159 1458 2236 1519 είς
2259 1459 2378 1510 ὅλον
2418 1458 2660 1510 κίνδυνον
2733 1458 2912 1527 ψυχῆς
2984 1458 3403 1528 καταφέρονται,
3456 1453 3567 1521 οἷός
3613 1460 3751 1527 ἐστι,

2161 1545 2422 1612 κάκεῖνος
2454 1545 2556 1613 τῆς
2604 1546 2869 1614 διαφορᾶς
2917 1550 2945 1600 ὁ
3002 1548 3223 1617 τρόπος,
3280 1548 3337 1611 ὃς
3365 1550 3514 1603 οὐδὲν
3564 1546 3733 1620 ἧττον

2165 1634 2482 1703 ῥηθήσεται,
2518 1636 2649 1705 πρὸς
2684 1636 2907 1703 ἔνδειξιν
2930 1639 3023 1691 τοῦ
3058 1639 3139 1691 ὅτι
3183 1638 3280 1692 καὶ
3334 1640 3482 1695 ἄλλοι
3514 1642 3739 1702 πλείους

478 1732 671 1793 ruant,
705 1724 1009 1791 cujusmodi
1028 1736 1111 1786 est
1149 1734 1203 1785 et
1226 1728 1335 1782 ille
1379 1727 1746 1789 distinctionis
1775 1728 1965 1781 modus
1985 1765 2001 1790 ,
2030 1741 2059 1778 a

2172 1724 2341 1792 ὅμοιοι
2374 1727 2505 1796 παρ’
2545 1728 2850 1802 αύτοίς,⁴ὡς
2876 1730 3114 1799 εἴρηται,
3146 1733 3313 1785 εἰσίν.

474 1814 649 1887 nobis
694 1817 1045 1873 nihilominus
1103 1818 1389 1886 dicendus,
1433 1820 1500 1879 ad
1543 1819 1880 1895 probandum
1922 1818 2053 1884 alios
2094 1829 2307 1899 quoque
2343 1817 2555 1886 plures»
2609 1818 2933 1888 istiusmodi
2971 1822 3112 1890 apud
3163 1822 3319 1887 illos,
3384 1825 3459 1877 uti
3532 1824 3761 1891 ἀίυιιιιιι,

492 1914 601 1969 est,
635 1915 875 1962 exstare.

566 1993 697 2049 Nam
739 1997 839 2051 hoc
882 2014 1101 2069 quoque
1134 1999 1354 2063 eﬂ‘utire
1406 2001 1525 2057 ausi
1583 2010 1733 2067 sunt,
1767 2000 2065 2057 essentiam

496 2088 713 2155 quidem
748 2089 830 2141 sui
866 2089 1075 2146 ratione
1128 2090 1487 2145 immortalem
1518 2106 1662 2153 esse,
1701 2089 2071 2159 operationem

496 2196 647 2242 vero,
678 2181 885 2236 ratione
932 2182 1153 2250 quidem
1198 2184 1473 2249 essentiae,
1511 2198 1634 2239 esse
1672 2183 2068 2240 immortalem:

499 2272 592 2326 sui
624 2282 803 2325 autem
840 2273 1069 2337 ratione,
1097 2274 1366 2342 νέκρωσιν
1396 2274 1579 2342 (quast
1612 2274 1764 2329 dicas
1791 2310 1807 2337 ,
1843 2270 2075 2326 mortiﬁ-

500 2362 771 2416 cationem
807 2378 870 2418 ac
914 2365 1106 2420 mortis
1144 2365 1468 2433 auctorem).
1522 2365 1612 2417 Ait
1650 2378 1881 2432 namque
1912 2362 2072 2421 Pala-

505 2466 642 2515 tnas,
673 2452 722 2505 in
760 2452 898 2507 libro
936 2452 1012 2507 De
1049 2454 1227 2507 divina
1271 2466 1320 2508 et
1370 2455 1561 2521 dei/ica
1617 2452 2027 2520 participatione
2058 2466 2075 2502 :

483 2526 596 2597 'Sin
628 2553 800 2597 autem
831 2544 911 2599 illi
950 2562 1043 2615 per
1073 2546 1208 2599 hunc
1245 2548 1458 2600 modum
1497 2556 1544 2599 et
1598 2544 1968 2598 immortaliter
2009 2542 2082 2596 vi-

510 2643 633 2687 vant
688 2644 735 2687 et
786 2637 1115 2709 moriuntur,
1172 2637 1429 2706 multique
1473 2638 1562 2706 qui
1609 2653 1714 2690 (evo
1749 2636 1845 2688 hoc
1882 2636 2078 2698 vivunt,

514 2727 709 2777 mortui
734 2737 877 2792 sunt,
911 2728 989 2782 uti
1022 2730 1249 2781 ostendit
1274 2728 1366 2794 qui
1395 2729 1514 2782 vitae
1545 2744 1606 2781 ac
1647 2727 1827 2779 mortis
1882 2724 2082 2779 arbiter

503 2814 696 2881 esu/it
732 2832 854 2885 ergo
886 2828 940 2876 ut
971 2828 1018 2870 et
1047 2817 1229 2872 Deitas
1250 2820 1594 2888 martiﬁcatio.
1611 2835 1670 2871 ac
1690 2819 1875 2871 mortis
1897 2825 2084 2881 auctor

504 2909 744 2972 exsistat,
788 2925 903 2962 cum
923 2926 1015 2977 per
1046 2920 1293 2967 naturam
1321 2911 1635 2971 immortalis
1668 2918 1907 2965 maneat.

577 2997 903 3061 Conclusum
957 3002 1136 3071 itaque
1166 3012 1272 3065 est,
1301 3017 1409 3061 non
1458 3001 1696 3066 aliunde,
1736 3002 1828 3055 sed
1877 3015 1946 3056 ex
1998 2998 2079 3055 eis

504 3104 627 3159 quae
658 3090 870 3156 publice
901 3092 1158 3161 synodica
1200 3092 1509 3162 cognitione
1539 3092 1991 3162 promulgarunt,
2025 3098 2079 3143 et

505 3186 571 3235 ad
608 3183 730 3237 ﬁdei
758 3182 1042 3238 formulam
1090 3200 1152 3240 ac
1203 3183 1604 3239 confessionem
1637 3182 2077 3248 conscripserunt.

444 3344 451 3351 ’
507 3288 572 3329 ac
626 3275 1009 3340 crediderunt;
1066 3276 1311 3344 quinimo
1361 3276 1613 3339 credunt,
1666 3285 1829 3343 atque
1852 3289 1944 3329 eos
1977 3248 2140 3342 quiC

510 3382 613 3419 non
647 3367 775 3434 ipsis
797 3371 1022 3421 credunt
1052 3382 1115 3422 ac
1153 3383 1356 3423 morem
1402 3376 1630 3434 gerunt,
1677 3369 1819 3423 diris
1847 3366 2075 3437 publicis

508 3455 843 3523 subjiciunt;
871 3473 988 3513 esse
1013 3458 1265 3512 nimirum
1304 3460 1356 3513 iu
1397 3460 1507 3527 Deo
1536 3459 1944 3519 distinctionem
1997 3458 2077 3510 di-

509 3552 651 3603 vinae
676 3550 924 3606 essentia:
953 3560 1007 3605 et
1030 3552 1225 3605 divinze
1253 3552 1603 3620 operationis,
1632 3567 1792 3620 quam
1816 3566 1911 3618 per
1934 3551 2075 3605 hunc

512 3637 623 3694 fere
658 3642 873 3695 modum
896 3640 1236 3711 explicarunt
1270 3660 1283 3694 :
1316 3642 1467 3706 Quod
1522 3642 1573 3694 in
1610 3640 1719 3695 Deo
1778 3640 1922 3693 aliud
1956 3640 2077 3708 qui-

510 3734 628 3786 dem
654 3742 735 3786 est
779 3732 867 3785 Dei
892 3733 1126 3787 essentia
1150 3771 1165 3797 ,
1192 3732 1333 3785 aliud
1380 3742 1562 3786 autem
1612 3745 1717 3785 non
1750 3744 1832 3786 est
1876 3730 1963 3785 Dei
1993 3746 2079 3786 es-

510 3824 915 3890 sentia;atque
967 3823 1111 3875 aliud
1164 3822 1383 3890 quidem
1453 3831 1537 3875 est
1588 3822 1727 3877 trine
1773 3822 2077 3877 subsistens

513 3924 725 3977 natura,
770 3913 915 3965 aliud
974 3923 1154 3965 autem
1210 3928 1314 3964 non
1359 3922 1439 3966 est
1470 3912 1812 3965 subsistentia
1841 3927 1933 3964 seu
1962 3927 2076 3980 per-

510 4018 687 4069 sona;
732 4003 876 4055 aliud
901 4004 1089 4067 habet,
1120 4004 1262 4055 aliud
1293 4004 1551 4068 habetur;
1586 4004 1727 4058 aliud
1768 4020 1930 4057 unum
1971 4013 2075 4070 est,

512 4091 657 4144 aliud
700 4091 983 4145 multitudo
1013 4108 1028 4157 ;
1058 4090 1202 4145 aliud
1259 4102 1448 4145 auctor
1500 4102 1579 4146 cst
1614 4104 1668 4148 et
1701 4109 1861 4148 causa
1884 4135 1898 4159 ,
1934 4095 2077 4153 aliud

513 4184 654 4249 quod
709 4184 776 4239 ab
799 4194 1018 4238 auctore
1042 4194 1091 4239 et
1125 4201 1289 4239 causa
1340 4196 1460 4254 est;
1514 4187 1654 4241 aliud
1695 4198 1778 4242 est
1824 4203 2075 4256 operans,

513 4276 657 4329 aliud
688 4290 996 4345 operatum;
1042 4279 1185 4333 aliud
1222 4281 1360 4347 quod
1407 4280 1716 4348 insignitur,
1764 4282 1911 4336 aliud
1949 4282 2079 4334 insi-

512 4370 740 4437 gniens;
797 4370 939 4425 aliud
994 4372 1466 4439 imparticipahile,
1520 4372 1665 4425 aliud
1696 4374 1836 4439 quod
1860 4374 2079 4442 particio

513 4460 625 4527 pari
680 4470 898 4528 potest;
963 4463 1107 4516 aliud
1151 4462 1479 4516 indivisibile
1511 4504 1526 4529 ,
1583 4462 1726 4516 aliud
1776 4463 2071 4527 divisihile;

2245 1998 2585 2068 Τετόλμηται
2615 1999 2722 2068 γὰρ
2757 2001 2851 2063 κα).
2889 2000 3068 2066 τοῦτο,
3101 2003 3183 2056 ὅτι
3219 2003 3250 2071 ἡ
3278 2002 3380 2073 μὲν
3405 2002 3559 2055 οὐσία
3606 2002 3743 2056 ἀθά.-

2179 2091 2338 2151 νατός
2367 2091 2481 2142 ἐστι
2534 2090 2606 2144 δι’
2627 2092 2869 2159 ἑαυτήντ
2902 2094 2935 2161 ἡ
2958 2093 3002 2144 δ’
3023 2095 3297 2162 ἐνέργεια,
3350 2093 3438 2146 διὰ
3494 2093 3595 2162 μὲν
3641 2095 3742 2161 τὴν

2173 2181 2362 2232 οὐσίαν
2395 2180 2699 2245 ἀθάνατος,
2751 2183 2816 2235 δι’
2868 2182 3066 2253 ἑαυτὴν
3132 2183 3198 2237 δὲ
3273 2184 3560 2251 νέκρωσις.
3631 2184 3745 2235 Καί
3808 2210 3819 2215 η

2177 2285 2310 2337 φησι
2346 2271 2610 2337 Παλαμᾶς
2641 2273 2697 2322 ὲν
2730 2272 2806 2341 τῷ
2870 2274 3006 2340 Περὶ
3068 2274 3233 2338 θείας
3310 2273 3409 2327 καί
3462 2273 3745 2326 θεοποιοῦ

2171 2360 2483 2430 μεθέξεως,
2514 2366 2578 2417 El
2608 2363 2644 2415 ὃ
2660 2366 2673 2380 ⁸
2699 2364 2911 2417 ἐκεῖνοι
2944 2367 3156 2419 τοῦτον
3200 2368 3305 2425 tor:
3363 2366 3582 2432 τρόπον
3638 2365 3757 2417 καί»

2179 2448 2357 2511 ζῶσιν
2379 2450 2643 2505 ἀθάνατα
2676 2453 2772 2513 καί
2806 2454 3153 2521 τεθνήκασι,
3195 2456 3290 2507 καὶ
3349 2455 3567 2507 πολλοὶ
3622 2453 3749 2507 τῶν

2177 2541 2438 2596 ἐνταῦθα
2497 2542 2725 2602 ζώντων
2772 2546 2994 2612 νεκροὶ,
3025 2545 3287 2623 καθάπερ
3366 2549 3400 2599 ό
3452 2545 3596 2612 ζωῆς
3643 2548 3765 2599 καί

2181 2634 2439 2687 θανάτου
2481 2636 2686 2703 κύριος
2732 2636 2986 2703 ἔδειξεν,
3026 2638 3199 2691 ἔστιν
3233 2639 3347 2706 ἄρα
3389 2640 3483 2692 καί
3531 2640 3746 2705 θεότης

2180 2725 2499 2794 νέιιρωσις,
2522 2727 2821 2794 ἀθάνατος
2848 2728 2995 2789 κατὰ
3019 2731 3211 2799 φύσιν
3243 2729 3539 2799 μένουσα.

2253 2997 2728 3066 Συνῆκταιτοίνυν
2754 2999 2859 3052 οὐκ
2891 2997 3133 3063 ἄλλοθεν,
3181 2997 3298 3051 ἀλλ¹
3348 2998 3406 3063 ἐξ
3453 2990 3528 3051 ὧν
3572 2997 3752 3064 δημα-

2186 3088 2277 3159 σίᾳ
2340 3088 2634 3151 συνοδικῶς
2686 3089 3054 3158 ἀπεφήναντο,
3124 3092 3217 3143 καὶ
3253 3092 3333 3151 είς
3371 3089 3584 3141 ἔκθεσιν
3653 3088 3756 3140 καί⁵

2186 3177 2475 3246 ὁμολογίαν
2530 3180 2766 3242 πίστεως
2827 3178 3141 3250 ἀνέγραψαν
3216 3180 3321 3231 καὶ
3376 3176 3749 3239 ὲπίστευσανα

2177 3270 2377 3339 μᾶλλον
2429 3270 2490 3334 δὲ
2544 3270 2881 3337 πιστεύουσι,
2941 3273 3035 3325 καὶ
3078 3272 3206 3335 τοὺς
3264 3270 3338 3339 μὴ
3390 3270 3753 3338 πειθομένους

2177 3360 2336 3431 ἀραῖς
2362 3361 2637 3427 ὑπάγουσι
2661 3362 2969 3431 δημοσίαις,
3004 3362 3088 3415 ὃτι
3112 3361 3260 3413 ἔστιν
3290 3360 3382 3413 ἐπὶ
3437 3358 3572 3412 Θεοῦ
3633 3358 3751 3412 δια-

2176 3452 2319 3522 φορὰ
2359 3453 2509 3517 θείας
2532 3454 2719 3516 οὐσίας
2749 3455 2842 3506 καὶ
2865 3453 3012 3515 θείας
3032 3454 3341 3523 ἐνεργείας,
3370 3451 3558 3504 τοῦτον
3589 3468 3759 3521 προε-

2176 3545 2478 3613 νηνεγμένη
2511 3545 2602 3597 τὸν
2631 3545 2831 3614 τρόπον
2858 3545 2940 3596 ὅτι
2973 3545 3064 3596 ἐπὶ
3090 3544 3222 3596 Θεοῦ
3270 3545 3330 3595 τὸ
3363 3543 3461 3612 μὲν
3518 3542 3665 3595 ἔστιν
3715 3545 3749 3610 ὴ

2177 3635 2333 3689 οὐσία
2361 3635 2452 3689 τοῦ
2477 3635 2636 3701 Θεοῦ,
2667 3635 2727 3689 τὸ
2767 3634 2811 3688 δ’
2849 3638 2948 3689 οὐκ
2978 3635 3126 3688 ἔστιν
3156 3638 3189 3705 ἡ
3223 3636 3380 3688 ούσία
3416 3635 3509 3688 τοῦ
3573 3634 3711 3687 Θεοῦ
3732 3650 3748 3663 ·

2178 3725 2271 3777 καὶ
2300 3725 2360 3775 τὸ
2397 3725 2494 3793 μὲν
2529 3724 2675 3778 ἔστιν
2700 3727 2731 3795 ἡ
2757 3726 3191 3796 τρισυπόστατος
3222 3729 3383 3793 φύσις
3404 3765 3420 3789 ,
3460 3724 3524 3777 τὸ
3556 3724 3604 3777 δ’
3648 3724 3754 3777 ούκ

2178 3813 2326 3866 ἔστιν
2352 3815 2651 3878 ὑπόστασις
2671 3833 2685 3845 ·
2724 3816 2818 3868 καὶ
2837 3816 2897 3868 τὸ
2931 3815 3030 3884 μὲν
3065 3816 3209 3885 ἔχει,
3232 3816 3291 3868 τδ
3324 3814 3370 3867 δ’
3397 3814 3582 3884 ἔχεται
3605 3831 3618 3844 ·
3652 3816 3753 3867 καὶ

2178 3905 2237 3959 τὸ
2270 3907 2366 3972 μὲν
2396 3904 2476 3969 ἓν,
2517 3905 2576 3958 τὸ
2614 3906 2671 3959 δὲ
2713 3907 2915 3974 πλῆθος
2940 3924 2953 3940 ·
2986 3907 3169 3962 καὶτὸ
3223 3908 3321 3977 μὲν
3378 3909 3571 3969 αἴτιον,
3621 3905 3682 3958 τὸ
3705 3904 3753 3955 δ’

2180 3998 2420 4050 αἰτιατόν
2443 4013 2455 4027 ⁸
2494 3999 2667 4056 καὶτὸ
2700 3998 2800 4067 μὲν
2835 4000 3112 4069 ἐνεργοῦν,
3148 3999 3207 4051 τὸ
3235 3999 3281 4052 δ’
3312 3997 3710 4069 ἐνεργούμενον
3734 4012 3749 4026 ο

2180 4095 2274 4148 καὶ
2303 4096 2364 4148 τὸ
2396 4095 2495 4164 μὲν
2526 4097 3087 4165 χαρακτηριζόμενον,
3117 4096 3179 4149 τὸ
3207 4096 3263 4153 δὲ
3295 4092 3705 4166 χαρακτηρίζον
3730 4108 3749 4127 ’

2180 4184 2358 4244 καὶτὸ
2392 4186 2489 4254 μὲν
2522 4186 2847 4255 ἀμὲθεκτον,
2870 4187 2930 4238 τὸ
2952 4186 3007 4239 δὲ
3041 4186 3335 4256 μεθεκτόν·
3400 4186 3501 4240 καὶ
3523 4186 3581 4238 τὸ
3636 4186 3741 4255 μὲν

2182 4277 2499 4347 ἀμέριστον,
2529 4277 2589 4330 τὸ
2628 4278 2685 4330 δὲ
2742 4278 2994 4347 μεριστόν
3018 4295 3030 4310 ο
3096 4279 3189 4332 καὶ
3212 4279 3271 4331 τὸ
3302 4279 3403 4348 μὲν
3444 4278 3751 4346 ἀνώνυμον,

2178 4371 2239 4422 τὸ
2263 4371 2317 4423 δὲ
2338 4370 2738 4440 ὀνομαζόμενον
2769 4386 2782 4399 ⁸
2803 4372 2895 4424 καὶ
2924 4372 2984 4424 τὸ
3021 4372 3121 4440 μὲν
3157 4372 3538 4442 ἀπερινόητον,
3568 4370 3634 4422 τὸ
3695 4369 3753 4425 δὲ
3799 4353 3823 4361 δ

2182 4463 2472 4531 νοούμενον
2499 4479 2513 4492 ”
2552 4464 2647 4515 καὶ
2677 4461 2736 4514 τὸ
2767 4462 2866 4531 μὲν
2901 4463 3154 4533 ἀόρατον,
3197 4463 3257 4515 τὺ
3281 4463 3335 4514 δὲ
3367 4462 3558 4531 ὁρατόν
3584 4475 3600 4490 ⁸
3660 4460 3755 4512 καὶ

512 4548 655 4602 aliud
685 4551 917 4604 nominis
952 4567 1165 4620 expers,
1200 4553 1346 4606 aliud
1376 4554 1537 4623 quod,
1556 4553 1897 4617 nominatur;
1930 4554 2069 4607 aliud

2182 4554 2241 4607 τὸ
2274 4555 2372 4623 μὲν
2396 4554 2683 4623 ἀκίνητον,
2708 4552 2769 4607 τὸ
2808 4554 2865 4606 δὲ
2893 4554 3110 4624 κίνησις
3138 4571 3152 4585 ’
3178 4555 3271 4606 καὶ
3304 4553 3365 4605 τὸ
3425 4553 3525 4621 μὲν
3591 4552 3755 4621 ἄσχε-

513 4641 658 4693 nnllo
690 4644 887 4698 mentis
916 4646 1155 4714 cegitatu
1199 4646 1555 4715 perceptibile
1581 4685 1595 4709 ,
1635 4644 1778 4698 aliud
1816 4649 1959 4713 quod
1998 4646 2075 4701 ιυ-

515 4732 821 4801 telligatnr;
889 4735 1032 4787 aliud
1085 4735 1387 4799 invisibile,
1440 4736 1589 4789 aliud
1648 4735 2077 4800 visibilc;aliud

514 4822 812 4888 innnohile,
874 4825 1021 4879 aliud
1076 4837 1295 4891 motus;
1353 4826 1497 4879 aliud
1551 4826 1886 4888 absolutum,
1932 4826 2077 4879 aliud

516 4913 732 4968 alIcctio
756 4931 851 4969 seu
888 4916 1110 4971 habitus
1142 4934 1207 4970 ac
1239 4917 1537 4982 habitudo;
1564 4917 1709 4973 aLud
1736 4917 2078 4980 inimitabile,

512 5007 658 5059 aliud
685 5007 958 5073 imitatio;
993 5009 1140 5069 aliud
1181 5011 1351 5077 prius,
1392 5011 1537 5065 aliud
1575 5011 1840 5076 posterius
1874 5025 1894 5075 ;.
1932 5009 2075 5067 aliud

511 5100 766 5166 snpetius
791 5142 804 5163 ,
840 5102 985 5154 aliud
1018 5101 1283 5166 inferius;
1331 5116 1495 5171 atque
1540 5103 1686 5155 aliud
1722 5102 1978 5169 quidem,
2021 5110 2081 5155 ut

512 5194 805 5246 secundum
852 5204 1134 5258 naturain,
1167 5195 1359 5261 praeit,
1415 5195 1560 5253 aliud
1595 5210 1756 5257 vero,
1799 5205 1850 5246 ιιι
1888 5205 2079 5264 praeter

515 5295 784 5347 naturam,
817 5286 1084 5353 sequitur,
1113 5300 1205 5338 seu
1264 5285 1337 5338 illi
1378 5300 1560 5339 comes
1592 5296 1672 5338 est
1710 5301 1723 5336 ί
1767 5300 1830 5337 ac
1860 5284 2075 5352 quidem

2181 4665 2296 4712 τον,
2331 4649 2391 4700 τὸ
2416 4648 2474 4699 δὲ
2537 4648 2761 4716 σχέσις*
2805 4647 2898 4702 καὶ
2942 4650 3003 4702 τὸ
3076 4647 3177 4717 μὲν
3231 4646 3525 4716 ἀμίμητον,
3584 4645 3647 4697 τὺ
3699 4645 3756 4697 δὲ

2184 4739 2444 4808 μίμησις·
2476 4738 2569 4789 καὶ
2602 4738 2663 4790 τὸ
2704 4737 2804 4808 μὲν
2834 4739 3118 4806 πρὸτερον,
3158 4737 3217 4789 τὸ
3257 4737 3313 4790 δὲ
3342 4736 3597 4804 δεύτερον
3618 4751 3632 4765 ·
3662 4733 3758 4805 καὶ

2180 4827 2241 4881 τὸ
2276 4829 2374 4894 μὲν
2408 4826 2698 4895 ἀνώτερον,
2734 4829 2793 4880 τὸ
2820 4827 2876 4880 δὲ
2908 4826 3247 4897 κατώτερον·
3292 4827 3387 4879 καὶ
3428 4827 3488 4880 τὸ
3526 4826 3647 4893 μὲν.
3676 4812 3755 4886 ὡς

2183 4917 2238 4968 to
2270 4917 2409 4969 κατά
2437 4916 2620 4984 φύσιν,
2651 4922 2972 4989 προηγεῖται
2999 4958 3015 4983 ,
3087 4920 3148 4975 τὸ
3198 4918 3241 4974 δ’
3282 4919 3357 4980 ὡς
3390 4918 3537 4986 παρά
3564 4916 3754 4985 φύσιν,

2183 5006 2373 5060 ἕπεται
2406 5023 2420 5038 ο
2464 5008 2639 5061 καὶτὸ
2665 5009 2784 5077 μὲν,
2814 5011 2889 5072 ὡς
2915 5011 3239 5079 ἀμέοεκτον,
3268 5012 3560 5080 ἀπειράκις
3595 5010 3759 5060 ἀπείο

2187 5116 2294 5167 pta;
2354 5101 2707 5169 ὑπέρκειταιο
2766 5102 2825 5155 τὸ
2877 5103 2918 5155 δ’
2973 5104 3048 5165 ὠς
3109 5104 3407 5173 μεθεκτὸν,
3462 5103 3759 5171 ἀπειράκις

2184 5191 2425 5257 ἀπείρως
2486 5194 2737 5260 ὑφεῖται·
2789 5196 2961 5246 καὶτὸ
3021 5194 3143 5263 μὲν,
3201 5195 3276 5257 ὡς
3327 5194 3397 5247 τά
3429 5194 3556 5245 ὄντα
3598 5193 3757 5257 ἅγια,

2187 5283 2479 5350 ὑπερέχει·
2516 5282 2573 5334 τὸ
2606 5283 2672 5349 δ’,
2708 5283 2781 5345 ὡς
2813 5286 2880 5338 τά
2903 5286 3002 5338 οὐκ
3040 5286 3169 5339 ὄντα
3216 5286 3367 5353 ἆγιι,
3396 5285 3757 5354 ὑπερέχεται.

515 5373 682 5437 aliud,
721 5386 777 5428 ιιι
809 5377 1278 5447 imparticipabilc,
1329 5377 1589 5431 inlinities
1631 5377 1839 5430 inﬁnite
1873 5376 2280 5445 supereminet;
2317 5374 2464 5427 aliud
2498 5389 2643 5439 vero,
2709 5387 2769 5430 ut
2820 5378 2962 5445 quod
3033 5388 3116 5432 est
3157 5376 3538 5447 participabile
3565 5418 3579 5439 ,
3629 5376 3762 5429 inli’

518 5470 679 5523 nities
733 5470 940 5526 intinite
984 5472 1211 5527 inferius
1246 5482 1359 5536 est;
1422 5488 1484 5526 ae
1512 5470 1656 5523 aliud
1707 5471 1961 5539 quidem,
2010 5482 2065 5521 ut
2098 5483 2217 5537 que
2244 5481 2430 5522 sancta
2462 5482 2630 5533 sunt,
2664 5472 2895 5535 eminet;
2949 5472 3093 5526 aliud
3170 5486 3328 5538 vero,
3362 5484 3423 5527 ut
3478 5486 3598 5540 qua:
3648 5486 3763 5522 non

519 5575 635 5615 sunt
671 5578 879 5631 sancta,
910 5569 1169 5635 snhjacet.
1628 5614 1633 5617 λ

600 5657 692 5715 lla:
725 5662 941 5739 quidem
961 5664 1260 5720 antithcscs
1293 5680 1355 5720 co
1383 5663 1573 5721 ordine
1602 5662 1924 5729 distributae,
1945 5657 2086 5729 quod

2266 5649 2434 5714 Αῦται
2468 5656 2564 5727 μὲν
2592 5655 2682 5710 οῦν
2733 5658 3035 5721 ἀντιθέσεις
3078 5658 3172 5727 τὴν
3222 5658 3372 5725 τάξιν
3425 5657 3634 5728 ταύτην
3662 5658 3764 5727 mi

3753 1435 3783 1463 κ
