4020 6206
822 242 870 281 δ

482 321 585 385 3Ί9

1735 336 2130 397 MANUELIS
2170 338 2471 399 CALECAE.

3609 339 3711 406 3ξο

483 442 639 498 silius
672 443 727 498 in
751 445 1154 515 Antirrheticis,
1183 447 1274 503 sed
1298 447 1364 503 de
1394 448 1596 506 virtute
1627 456 1681 504 et
1709 454 2040 519 operatione,

2149 453 2327 522 πάσης
2353 454 2765 521 καταληηικῆς
2814 453 3059 515 ἐπινοίας
3110 450 3385 522 ἀνώτερον
3435 451 3522 506 ἀεὶ
3565 452 3710 521 εὑρι-

483 549 579 602 per
625 550 784 599 quam
823 538 978 590 habet
1025 539 1258 604 operari,
1309 548 1364 592 et
1421 540 1737 594 secundum»
1766 558 1926 610 quam
1968 554 2051 598 est

466 626 729 691 .operatio
777 641 873 681 ceu
937 636 1114 690 actus,
1145 636 1199 682 et
1230 642 1327 683 eus
1357 637 1412 683 et
1466 628 1635 683 forma
1670 639 1724 685 et
1751 632 1858 685 vita
1886 640 1940 684 ct
1968 647 2051 687 sa-

481 717 681 784 pientia
705 724 759 769 et
801 717 1032 783 bonitas,
1064 719 1148 773 vel
1198 721 1242 773 si
1272 720 1399 789 quid
1424 720 1567 776 aliud
1594 731 1694 786 est,
1730 722 1872 792 quod
1903 724 2049 779 omni

480 821 695 873 semper
744 808 939 862 mentis
971 811 1458 877 comprehensione
1485 813 1730 882 superius
1758 813 2048 869 invenitur.

481 895 593 950 liuc
650 898 790 953 enim
826 900 968 969 quod
992 900 1066 954 rei
1099 902 1290 970 cuique.
1315 912 1398 958 est
1427 904 1681 976 ἐνεργείᾳ.
1716 904 1909 975 (quasi
1932 921 2050 980 ope-

482 990 709 1051 ratione,
753 998 875 1044 actu
916 990 1125 1046 scilicet
1152 992 1170 1061 )
1198 1008 1353 1057 esse;
1390 995 1650 1064 quidquid
1682 997 1895 1050 tandem
1923 998 2047 1052 illud

482 1080 574 1143 sit,
612 1083 755 1148 quod
795 1081 937 1157 velut
996 1082 1260 1151 perfectio
1308 1096 1358 1137 et
1391 1084 1586 1149 forma,
1621 1098 1668 1140 et
1705 1085 1798 1157 (ut
1829 1087 2046 1155 quidam

482 1178 677 1221 vocant
710 1167 728 1238 )
760 1154 1087 1241 ἐντελέχεια,
1118 1180 1269 1227 actus
1299 1173 1553 1227 nimirum
1585 1154 2049 1247 subjectaticujus-

478 1270 583 1323 que
646 1260 721 1311 rei
774 1260 1190 1321 consideratur;
1233 1261 1287 1314 in
1349 1261 1412 1315 iis
1452 1264 1666 1330 quidem
1695 1280 1815 1333 quae
1865 1280 2047 1321 creata

479 1354 628 1406 sunt,
669 1361 698 1399 a
748 1347 1011 1415 subjecto,
1048 1351 1100 1402 in
1139 1365 1244 1416 quo
1268 1361 1370 1416 est,
1412 1353 1777 1423 distinguitur,
1824 1371 1921 1424 pro
1967 1372 2050 1410 re-

396 1469 413 1493 κ
481 1451 598 1489 rum
628 1448 930 1491 creatarum
985 1439 1295 1508 duplicitate
1315 1451 1369 1496 et
1411 1444 1755 1503 distinctione
1806 1460 1867 1499 ac
1899 1459 2050 1501 com-

479 1526 767 1593 positione;
804 1529 1169 1586 velutscilicet
1189 1545 1285 1587 ens
1320 1542 1373 1587 et
1401 1549 1505 1587 non
1529 1550 1649 1601 ens,
1678 1536 1972 1605 perlectum
1997 1548 2052 1592 et

482 1616 883 1687 imperfectum,
912 1622 1052 1689 quod
1085 1623 1268 1677 tribuit
1299 1623 1527 1679 formam
1555 1636 1609 1681 et
1637 1627 1777 1695 quod
1820 1627 2047 1698 recipit:

483 1706 540 1760 in
572 1706 681 1762 Deo
713 1720 920 1775 autem,
951 1712 1040 1779 qui
1075 1721 1219 1768 totus
1243 1712 1489 1784 oper'atio
1517 1716 1815 1772 subsistens
1840 1733 1904 1773 ac
1937 1734 2052 1787 per-

2155 547 2439 611 σκόμενον.
2474 544 2611 597 Αὐτὸ
2634 545 2741 612 γὰρ
2766 544 2830 598 τὸ
2872 543 3124 613 ἐνεργείᾳ
3162 539 3302 596 εἶναι
3340 543 3554 611 ἑκάστῳ
3584 543 3612 595 ὅ
3661 542 3711 595 τί

2154 641 2273 691 ποτ’
2321 637 2492 703 ἔστιν,
2550 638 2690 705 ὅπερ
2739 638 2815 699 ὡς
2874 635 3148 706 τελειότης
3203 633 3297 689 καὶ
3322 631 3478 701 εἶδος,
3519 636 3613 689 καὶ
3638 635 3712 698 ὥς

2150 745 2299 792 τινες
2360 725 2535 792 εἶπεν,
2589 728 2895 798 ὐντελέχεια
2972 726 3284 781 οὑτινοσοῦν
3345 727 3712 796 ὑποκειμένου

2154 820 2479 889 πράγματος
2518 820 2824 888 θεωρεῖται,
2859 819 2951 871 ἐπὶ
2983 817 3085 886 μὲν
3112 817 3218 872 τῶν
3248 819 3564 887 κτισμάτων
3615 819 3709 873 τοῦ

2153 910 2511 979 ὑποκειμένου
2566 912 2626 965 ἐν
2670 902 2715 978 ᾧ
2776 910 2891 964 ἐστι
2956 909 3203 981 διαφέρει
3230 908 3318 964 διὰ
3358 910 3459 980 τὴν
3488 911 3545 962 ὲν
3598 911 3712 973 τοῖς

2151 1005 2388 1066 κτιστοῖς
2408 1002 2628 1073 διπλόην
2660 1003 2752 1056 καὶ
2783 1001 3148 1073 διαφορότητα
3204 1004 3300 1056 καὶ
3338 1002 3607 1065 σύνθεσιν,
3635 1002 3713 1065 ὡς

2150 1094 2210 1148 τὸ
2232 1094 2292 1147 δν
2317 1094 2411 1148 τοῦ
2446 1095 2523 1164 μὴ
2546 1095 2723 1159 ὄντος,
2760 1096 2855 1149 καὶ
2887 1094 2946 1147 τὸ
2966 1094 3170 1148 τέλειον
3196 1094 3289 1170 τοῦ
3327 1093 3573 1170 ᾁτελοῦς,
3617 1095 3715 1147 καὶ

2151 1184 2210 1238 τὸ
2247 1183 2548 1237 είδοποιοῦν
2576 1184 2672 1237 τοῦ
2706 1182 3146 1252 είδοποιουμένου
3171 1197 3187 1213 ο
3222 1168 3315 1235 ἐπὶ
3342 1168 3399 1233 δὲ
3434 1178 3527 1233 τοῦ
3551 1178 3710 1241 Θεοῦ,

2148 1278 2209 1339 ὅς
2265 1277 2411 1330 ἐστιν
2460 1275 2579 1340 ὅλος
2636 1276 2887 1345 ἐνέργεια
2920 1275 3216 1346 ὑφεστῶσα
3243 1273 3335 1326 καὶ
3366 1271 3567 1332 τελεία,
3615 1270 3713 1322 καὶ

2152 1367 2246 1419 ἀπ’
2281 1365 2445 1420 αὐτοῦ
2478 1366 2539 1419 τὸ
2584 1366 2812 1436 δυνάμει
2848 1367 2943 1419 καὶ⁵
2969 1367 3029 1419 τὸ
3061 1366 3247 1428 ἀτελὲς
3289 1365 3476 1435 πόρρω
3506 1362 3716 1431 ἀπελή-

2151 1456 2312 1509 λαται
2369 1454 2461 1509 διὰ
2505 1454 2604 1527 τὴν
2655 1455 2835 1524 ἄκραν
2874 1455 3191 1524 τελειότητα
3249 1454 3346 1507 καὶ
3408 1454 3712 1523 ἁπλότητα,

2151 1548 2350 1602 ταυτόν
2380 1548 2529 1601 ἐστιν
2557 1549 2589 1618 ἠ
2620 1546 2869 1618 ἐνέργεια
2917 1546 3105 1608 αὑτοῦ,
3202 1547 3317 1604 εστι
3342 1548 3407 1615 τῇ
3435 1545 3591 1615 οὐσίᾳ
3620 1544 3717 1596 αὐ-

2151 1636 2245 1691 τοῦ
2278 1652 2292 1668 ⁹
2328 1639 2443 1692 ἴσον
2459 1636 2515 1689 δὲ
2543 1638 2739 1702 εἰπεῖν,
2762 1636 2959 1690 ταυτόν
2997 1638 3145 1689 ἐστιν
3182 1636 3213 1705 ἡ
3264 1636 3383 1702 ζωὴ
3426 1633 3587 1687 αὑτοῦ
3644 1636 3713 1704 τῇ

2151 1726 2309 1797 οὐσία
2360 1726 2564 1780 αὐτοῦ·
2639 1726 2734 1780 καὶ
2782 1726 3007 1781 ἐπὶτῶν
3060 1725 3234 1779 ἄλλων
3296 1723 3555 1786 ὡσαύτως
3601 1724 3718 1777 τῶν

480 1794 619 1848 fecta
645 1807 749 1862 est,
803 1808 1087 1869 actusque,
1113 1811 1166 1855 et
1198 1818 1227 1857 a
1280 1818 1389 1872 quo
1412 1805 1595 1874 procul
1622 1807 1773 1861 abest
1799 1810 1937 1875 quod
1961 1820 2046 1863 est

2151 1790 2549 1889 ἀποδιδομένων
2576 1820 2645 1889 τῇ
2663 1818 2821 1888 οὐσίᾳ⁵
2850 1817 2945 1873 τοῦ
2977 1817 3132 1874 Θεοῦ.
3172 1816 3379 1878 Ἀλλως
3412 1816 3517 1885 γὰρ
3582 1816 3619 1884 ἦ
3650 1831 3716 1867 τε

485 1886 748 1955 potentia,
802 1904 866 1943 ae
916 1886 1290 1958 imperfectum
1322 1905 1426 1960 εει,
1473 1896 1542 1951 ob
1580 1912 1845 1952 summam
1874 1898 2049 1968 perfe-

482 1976 721 2033 ctionem
778 1988 832 2034 et
857 1980 1280 2050 simplicitatem,
1336 1986 1475 2041 idem
1507 1998 1591 2041 est
1636 1987 1753 2055 ejus
1779 1989 2045 2057 operatio.

482 2084 579 2124 seu
607 2079 775 2134 actus,
803 2087 923 2126 cum
949 2074 1206 2140 essentia,
1237 2092 1341 2147 qua
1371 2086 1476 2135 est.
1510 2077 1845 2148 l’erittdeque
1875 2082 2045 2146 dicas,

481 2160 621 2214 idem
662 2176 781 2217 esse
812 2164 974 2219 vitam
997 2180 1117 2237 cum
1160 2166 1277 2233 ejus
1302 2170 1535 2223 essentia
1569 2186 1584 2237 ;
1616 2171 1694 2225 sic
1724 2171 1974 2226 similiter
1996 2174 2047 2226 in

480 2250 623 2315 aliis,
670 2267 789 2320 qua:
813 2258 1061 2312 essentia:
1112 2258 1202 2313 Dei
1230 2260 1582 2317 tribuuntur:
1647 2261 1843 2332 alioqui
1880 2264 2045 2331 enim,

481 2352 593 2395 tum
619 2342 737 2414 ejus
766 2348 894 2408 vita,
919 2363 1112 2416 expers
1133 2352 1377 2406 essentia:
1406 2360 1569 2419 esset,
1636 2360 1747 2407 tmn
1792 2355 2046 2423 essentia,

478 2431 633 2498 vitae;
674 2436 926 2506 quodque
970 2438 1198 2494 alterum
1262 2442 1433 2496 altero
1486 2442 1554 2497 ad
1599 2445 1939 2499 cxistentiam
1988 2460 2051 2500 ac

480 2522 861 2590 perfectionem
878 2529 1112 2584 vicissim
1140 2531 1392 2600 indigeat,
1412 2533 1643 2603 primum
1678 2552 2051 2604 smnmumque

479 2611 677 2666 bonum
732 2618 1085 2690 compositum
1137 2632 1299 2691 atque
1342 2622 1719 2691 imperiectum
1806 2628 2043 2682 exhibet.

476 2697 739 2766 Quocirca
777 2720 880 2759 nou
938 2718 1019 2762 est
1054 2710 1338 2765 dicendum
1395 2712 1561 2766 Deum
1616 2715 1815 2769 habere
1856 2731 2046 2784 opera-

479 2793 678 2847 tionem
709 2804 801 2849 aut
823 2798 981 2850 vitam
1002 2809 1090 2853 aut
1116 2801 1408 2856 bonitatem
1448 2804 1532 2873 (id
1563 2806 1704 2860 enim
1738 2822 1854 2861 esse
1882 2807 2047 2864 Deum

480 2886 754 2956 quidpiam
790 2891 1117 2958 particulare
1137 2909 1200 2947 ac
1230 2894 1599 2963 imperfectum
1628 2895 1912 2968 designat),
1953 2901 2048 2955 sed

478 2986 649 3031 totum
682 2996 802 3035 esse
845 2985 1240 3050 operationem,
1287 2997 1341 3041 et
1371 2996 1539 3042 totum
1572 2988 1759 3053 vitam,
1793 2998 1847 3043 et
1878 3000 2046 3045 totum

2150 1909 2263 1979 ζωὴ
2294 1906 2459 1962 αὐτοῦ
2485 1908 2731 1973 ἁνούσιος
2758 1907 2824 1963 ἂν
2852 1904 2943 1981 ἦν,
2999 1909 3035 1979 ἥ
3061 1924 3120 1961 τε
3158 1907 3314 1960 οὐσία
3340 1906 3511 1970 ἄςωος
3545 1919 3562 1935 ⁶
3608 1904 3714 1958 θά-

2148 2002 2308 2072 τερόν
2341 2018 2401 2054 τε
2432 2000 2662 2071 θατέρου
2693 2001 2829 2073 πρὸς
2863 1998 3097 2069 ὓπαρξιν
3123 2000 3215 2052 καὶ
3244 1998 3556 2067 τελειότητα
3598 1996 3719 2049 δεό-

2155 2110 2317 2161 μενον
2354 2092 2608 2146 σύνθετον
2644 2094 2739 2146 καὶ
2761 2091 2947 2155 ἀτελὲς
2978 2092 3218 2163 παρίστη
3257 2089 3318 2142 τὸ
3359 2089 3571 2158 πρῶτον
3617 2089 3717 2142 καὶ

2149 2183 2314 2254 ἄκρον
2344 2176 2563 2252 ἀγαθόν.
2590 2182 2752 2237 Ὥστε
2781 2182 2841 2235 οὐ
2877 2183 3071 2253 ῥητέον
3103 2181 3184 2234 ὅτι
3232 2181 3260 2233 ὁ
3294 2179 3426 2243 Θεὸς
3461 2178 3574 2247 ἔχει
3624 2179 3720 2230 ὲν-

2149 2272 2426 2345 έργειανῆ
2465 2274 2610 2346 ζωὴν
2637 2276 2667 2344 ἢ
2696 2263 3012 2347 ἀγαθότητα
3043 2289 3060 2307 ο
3122 2270 3282 2326 τοῦτο
3328 2271 3436 2341 γὰρ
3489 2269 3721 2341 μερικόν

2150 2383 2202 2420 τι
2234 2369 2329 2420 καὶ
2363 2364 2547 2429 ἀτελὲς
2581 2366 2821 2421 δείκνυσι
2871 2366 2962 2419 τὸν
3020 2364 3175 2431 Θεὸν,
3244 2360 3358 2416 ἀλλ’
3404 2362 3522 2424 ὅλος
3562 2358 3723 2413 ἐστὶν

2148 2460 2397 2530 ἐνέργεια
2425 2460 2549 2513 καθ’
2583 2460 2784 2529 ἑαυτὴν
2815 2456 3125 2528 ὑφεστῶσα,
3150 2458 3246 2511 κα¹ι
3273 2455 3394 2517 ὅλος
3442 2453 3576 2521 ζωὴ,
3613 2450 3728 2504 καὶ

2149 2548 2267 2612 ὅλος
2307 2548 2608 2621 ἀγαθότης,
2633 2550 2700 2602 δι’
2728 2551 2904 2621 ἄκραν
2947 2549 3263 2618 τελειότητα
3296 2548 3396 2602 καὶ
3431 2546 3725 2615 ἁπλότητα

2148 2644 2243 2695 καὶ
2271 2641 2485 2695 ἕνωσιν.
2516 2642 2588 2693 Τὸ
2622 2640 2729 2715 γὰρ
2752 2640 2899 2712 ἔχον,
2930 2632 2992 2694 οὑ
3013 2639 3125 2710 ἔχει
3148 2638 3397 2708 διαφέρει
3424 2652 3439 2670 ο
3487 2637 3605 2688 ἐκεῖ
3660 2635 3725 2689 δι

2146 2732 2367 2796 οὐδεμία
2398 2733 2513 2788 ἐστὶ
2543 2732 2777 2801 διαφορὰ
2808 2730 3191 2802 πραγματικὴ.
3227 2727 3380 2783 Ἐπεὶ
3428 2727 3526 2781 οὐκ
3564 2727 3636 2781 ἂν
3687 2722 3724 2799 ᾗ

2146 2824 2173 2876 ὁ
2228 2822 2358 2886 Θεὸς
2422 2824 2522 2891 μία
2586 2822 2740 2876 οὐσία
2800 2822 2892 2876 καὶ
2922 2821 3004 2886 ἓν,
3032 2822 3061 2875 ὅ
3089 2820 3141 2874 τί
3174 2821 3289 2873 ποτ’
3329 2818 3481 2872 ἔστιν
3535 2818 3726 2871 ἐκεῖνο

2147 2916 2378 2984 πρᾶγμα
2408 2932 2420 2944 ·
2451 2913 2592 2984 πλὴν
2621 2913 2722 2983 τῆς
2762 2914 2906 2966 κατὰ
2934 2913 3001 2966 τὰ
3047 2912 3319 2983 πρόσωπα
3359 2909 3392 2979 ἢ
3427 2908 3527 2971 τὰς
3575 2906 3727 2961 ὑπο-

2149 3006 2364 3064 στάσεις
2400 3002 2665 3073 διαφιρᾶς
2696 3006 2790 3056 καὶ
2823 3003 3167 3074 διαγρίσεως,
3198 3003 3318 3072 ἥτις
3338 2998 3397 3053 οὐ
3427 2998 3729 3067 διαφερόν-

480 3069 771 3124 bonitatem
796 3078 891 3140 per
951 3086 1010 3127 se
1041 3073 1448 3143 subsistentem,
1515 3077 1584 3131 ob
1623 3092 1887 3133 summam
1924 3094 2046 3150 per-

2149 3112 2255 3147 των
2306 3069 2647 3161 πραγμάτων
2698 3093 2823 3149 καθ’
2872 3069 3011 3147 αὑτὰ
3072 3069 3231 3145 ποιεῖ-
3263 3087 3547 3159 διαφορὰν,
3594 3087 3726 3141 ἀλλ’
3772 3093 3783 3102 “

481 3162 767 3219 lectionem
822 3175 876 3220 et
919 3167 1320 3237 simplicitatem
1380 3179 1437 3225 et
1496 3172 1780 3227 unitatem.
1834 3173 2043 3231 liabens

478 3255 649 3321 enim,
679 3256 745 3309 ab
772 3272 835 3311 eo
862 3257 1209 3327 distinguitur
1230 3303 1244 3327 ,
1270 3264 1411 3329 quod
1445 3263 1692 3317 habetur.
1720 3266 1776 3319 lu
1807 3266 1912 3320 Deo
1943 3282 2041 3319 au-

479 3352 587 3398 tem
643 3347 788 3403 nulla
848 3348 1009 3404 realis
1059 3350 1331 3405 distinctio
1363 3362 1483 3418 est,
1518 3353 1714 3423 alioqui
1767 3371 1869 3409 uou
1901 3366 2047 3412 esset

479 3435 737 3491 Deusuna
762 3440 1015 3503 essentia,
1049 3457 1347 3512 unumque,
1392 3444 1652 3514 quidquid
1705 3448 1921 3501 tandem
1976 3449 2041 3503 il-

477 3527 568 3581 lud
599 3528 688 3592 sit,
721 3539 946 3600 excepta
972 3531 1232 3586 duntaxat
1258 3549 1609 3602 personarum
1641 3550 1737 3589 seu
1787 3536 2043 3603 byposta-

478 3634 605 3674 seou
624 3620 971 3677 distinctione
991 3635 1054 3676 ac
1077 3622 1422 3690 discretione,
1461 3636 1579 3693 quae
1608 3641 1710 3679 nou
1744 3641 1920 3679 rerum
1956 3640 2050 3694 per

478 3726 537 3765 se
587 3710 947 3771 diﬁcreutiam
992 3723 1045 3770 et
1072 3712 1480 3769 distinctionem
1529 3717 1680 3780 facit,
1717 3716 1810 3769 sed
1859 3731 2048 3771 nume-

479 3817 596 3856 rum
639 3804 975 3861 discretionis
999 3806 1298 3874 personalis
1333 3820 1495 3874 penes
1544 3804 1862 3859 Trinitatem
1896 3807 2051 3860 indu-

477 3893 571 3947 cit.
624 3893 778 3959 Nam,
813 3904 869 3947 ut
922 3904 1202 3948 auctorest
1237 3896 1599 3949 Damascenus
1623 3896 1688 3958 ‘°,
1715 3897 1764 3947 in
1792 3898 1875 3951 his
1909 3898 2045 3951 dun-

480 3992 629 4035 taxat
678 3983 849 4036 tribus
887 3983 1235 4053 bypostaticis
1266 3985 1687 4053 proprietatibus
1711 3986 2051 4056 distinguun-

479 4079 566 4120 tur
598 4069 737 4122 inter
757 4085 835 4132 se,
860 4082 969 4125 tres
999 4084 1194 4128 sancta:
1220 4072 1531 4142 hypostases
1561 4091 1653 4129 seu
1678 4091 1940 4143 personae,
1960 4094 2054 4147 pa-

479 4158 750 4222 ternitate,
787 4159 1002 4213 tilietate
1031 4170 1084 4214 et
1110 4164 1471 4229 processione.
1502 4165 1577 4218 At:
1604 4165 1741 4219 sicut
1775 4167 2053 4224 ridiculum

477 4262 613 4303 esset
641 4251 837 4318 direre,
865 4255 1004 4322 quod
1025 4269 1169 4309 mare
1185 4270 1371 4324 aquam
1392 4256 1599 4317 habeat,
1620 4259 2048 4329 quandoquidem

2147 3182 2380 3251 ἀριθμὸν
2409 3181 2733 3251 διακρίσεως
2778 3182 3137 3253 προσωπικῆς
3166 3181 3309 3233 κατά
3351 3179 3450 3248 τὴν
3507 3172 3730 3247 τριάδα

2146 3275 2380 3340 εἰσάγει.
2426 3274 2579 3327 Ἐπεὶ
2605 3274 2750 3327 κατὰ
2778 3274 2867 3326 τὸν
2892 3272 3254 3343 Δαμασκηνὸν
3287 3272 3345 3323 ἐν
3366 3269 3561 3340 μόναις
3583 3268 3731 3321 ταύ-

2145 3382 2269 3429 ταις
2290 3368 2412 3429 ταῖς
2437 3366 2824 3428 ὐποστατικαῖς
2856 3367 3078 3436 ίδίοτησι
3101 3365 3445 3434 διαφέρουσιν
3474 3362 3730 3431 ἀλλήλων

2147 3459 2203 3509 αί
2236 3458 2389 3525 ἅγιαι
2419 3459 2566 3528 τρεῖς
2607 3457 2954 3523 ὑποστάσεις,
3004 3456 3322 3526 πατρότητι,
3382 3455 3583 3523 υίότητι
3621 3454 3731 3507 καὶ

2153 3549 2496 3618 ὲκπορεύσει.
2516 3549 2627 3603 Καὶ
2658 3548 2845 3618 ὥσπερ
2874 3549 3080 3617 γελοιον
3105 3547 3169 3602 ἄν
3192 3548 3279 3617 εἴη
3307 3546 3508 3614 λέγειν,
3554 3544 3642 3599 ὅτι
3692 3546 3730 3616 ἡ

2150 3636 2394 3692 θάλασσα
2430 3638 2547 3709 εχει
2575 3638 2740 3710 ὕδωρ,
2764 3639 2878 3707 ετγε
2908 3637 2969 3691 τὸ
3016 3638 3268 3708 σύστημα
3298 3638 3398 3707 τῆς
3435 3634 3733 3706 θαλάσσης

2148 3729 2269 3782 ὅλον
2333 3728 2477 3799 ὕδωρ
2536 3728 2683 3782 ἐστίν
2708 3743 2723 3760 ⁸
2762 3726 2904 3782 οὑτω
2946 3726 3281 3798 γελοιότερον
3322 3726 3503 3794 λέγειν
3546 3726 3637 3778 ὅτι
3696 3726 3728 3778 ὃ

2146 3816 2276 3878 Θεὸς
2304 3815 2416 3886 ἔχει
2449 3816 2635 3871 οὐσίαν
2652 3817 2747 3869 καὶ
2762 3815 2967 3885 νόησιν,
2994 3814 3027 3884 ἢ
3059 3815 3207 3884 ζωήν
3232 3831 3247 3846 ·
3280 3812 3395 3867 ἀλλ’
3416 3812 3537 3875 ὅλος
3566 3814 3730 3869 ἐστὶν

2148 3903 2326 3968 οὐσία,
2360 3905 2452 3957 καὶ
2480 3902 2599 3965 ὅλος
2628 3903 2833 3972 νόησις,
2860 3903 2953 3954 καὶ
2980 3901 3098 3964 ὅλος
3124 3901 3270 3983 ζωή.
3318 3900 3594 3961 ὀσαύτως
3621 3904 3732 3954 καλ

2156 3996 2251 4048 ἐπὶ
2279 3996 2386 4049 τῶν
2410 3996 2583 4051 ἄλλων
2603 3994 2709 4048 τῶν
2738 3993 2925 4057 ἁπλῶς
2972 3993 3063 4046 καὶ
3103 3991 3521 4062 ἀπολελυμένους
3575 3991 3728 4043 ἁπο-

2157 4083 2450 4151 διδομὲνων
2480 4084 2559 4153 τῷ
2589 4081 2707 4153 Θεῷ
2734 4083 2947 4153 ῥητέον.
2972 4083 3141 4137 Τοῦτο
3192 4083 3249 4136 δὲ
3292 4082 3450 4151 δῆλον
3489 4082 3557 4133 ἐκ
3606 4080 3731 4137 τῶν

2144 4175 2556 4245 ὑποκειμένων.
2604 4175 2671 4227 Ἦ
2700 4175 2806 4249 γὰρ
2837 4174 3084 4242 θεολογία
3110 4172 3172 4228 τὸ
3201 4172 3461 4244 προτεθὲν
3516 4172 3732 4242 ἀληθὲς

2156 4263 2447 4329 ἀποδείξει.

481 4344 628 4397 mari.
654 4347 828 4400 outuis
847 4346 1063 4401 coalitio
1078 4364 1213 4419 aqua
1240 4358 1354 4415 est;
1379 4349 1457 4404 sic
1476 4350 1643 4419 magis
1663 4351 2121 4423 ridiculedicatur,
2151 4357 2347 4413 habere
2371 4358 2536 4415 Deuzu
2554 4360 2845 4415 essentiam
2875 4369 2931 4414 et
2952 4359 3383 4430 intelligentiam,
3406 4367 3497 4412 aut
3522 4356 3728 4413 vitam.

478 4436 568 4489 sed
598 4452 717 4491 esse
748 4446 912 4489 totum
927 4438 1210 4492 essentiam
1229 4451 1281 4494 et
1304 4450 1475 4495 totum
1500 4442 1901 4510 intelligentiam
1917 4455 1969 4499 et
1988 4456 2154 4502 totum
2168 4452 2611 4521 vitam.ldemque
2636 4451 2702 4506 de
2718 4452 2933 4521 reliquis
2948 4453 3247 4517 dicendum,
3261 4465 3378 4519 qua:
3395 4450 3721 4520 simpliciter

479 4525 790 4579 rtabsolute
822 4524 929 4578 Deo
954 4528 1281 4582 tribuuntur.
1308 4529 1384 4583 Ac
1429 4529 1594 4599 liquet
1633 4546 1697 4583 ex
1739 4531 2055 4602 subjunctis.
2094 4537 2377 4611 Theologia
2407 4541 2551 4596 enim
2587 4543 2914 4611 propositam
2956 4546 3236 4598 veritatem
3270 4544 3534 4604 probabit.

553 4623 630 4674 Ac
666 4633 797 4671 sane
828 4617 1056 4686 priumm
1085 4618 1201 4686 ipse
1226 4618 1488 4676 Dominus
1518 4622 1593 4675 ait
1617 4641 1629 4675 :
1667 4620 1775 4690 Ego
1797 4641 1911 4678 sum
1935 4626 2037 4679 vita

2212 4636 2320 4689 Καὶ
2355 4634 2419 4705 δὴ
2452 4636 2669 4705 πρῶτον
2702 4636 2862 4699 αὐτὸς
2888 4636 2916 4688 ὁ
2964 4634 3167 4702 Κύριος
3209 4634 3379 4702 λέγει,
3427 4634 3575 4705 Ἐγώ
3635 4641 3730 4693 ει·

479 4725 526 4765 ει
569 4712 780 4770 veritas.
819 4719 869 4763 et
908 4711 1081 4768 lumen
1105 4711 1152 4762 ’.
1187 4711 1241 4764 Si
1274 4711 1435 4780 igitur
1465 4728 1570 4769 non
1613 4724 1734 4768 erat
1773 4714 1942 4771 Filius
1981 4731 2047 4770 ac

2149 4742 2211 4792 ιιι
2239 4727 2275 4793 ἡ
2306 4725 2423 4793 ζωὴ
2455 4728 2550 4779 καὶ
2578 4728 2616 4794 ἡ
2647 4726 2898 4793 ἀλήθεια
2950 4726 3045 4779 καί
3078 4728 3147 4780 τὸ
3200 4726 3346 4796 φῶς.
3417 4727 3479 4778 Ei
3533 4730 3733 4783 τοίνυν

480 4800 712 4853 Verbum
746 4799 861 4860 Dei,
908 4800 996 4866 qui
1047 4800 1158 4853 ba-c
1206 4800 1546 4868 loquebatur,
1600 4802 1696 4856 sed
1726 4804 1868 4858 aliud
1903 4806 2030 4874 quid

482 4899 677 4956 praeter
716 4889 830 4957 ejus
877 4890 1189 4953 essentiam,
1218 4893 1466 4945 essentia)
1512 4909 1728 4961 expers,
1778 4911 1877 4949 nec
1920 4912 2047 4951 vere

481 4982 749 5034 assistens
777 4988 867 5032 aut
900 4981 1245 5045 subsistens;
1277 4982 1435 5047 quale
1469 4981 1700 5051 denique
1725 4986 1908 5040 volunt
1929 5003 2048 5042 esse

480 5072 648 5124 vitam
678 5080 733 5125 et
776 5071 1079 5135 veritatem,
1135 5085 1199 5124 ac
1247 5087 1467 5139 prorsus
1502 5074 1914 5142 operationem,
1955 5079 2047 5149 qui

486 5163 599 5216 haec
632 5162 773 5215 aliud
803 5162 930 5230 quid
954 5164 1021 5216 ab
1050 5164 1288 5216 essentia
1311 5178 1429 5229 esse
1454 5152 1721 5231 statuunt,
1747 5166 2053 5238 c'ujusmodi

480 5253 640 5306 etiam
670 5253 853 5305 dicunt
882 5252 1084 5315 lumen,
1110 5253 1252 5321 quod
1288 5256 1339 5308 iu
1364 5252 1660 5319 Thaborio,
1693 5258 1745 5313 in
1774 5258 2047 5314 Dominica

484 5342 965 5399 transformatione
999 5345 1284 5412 apparuit?
1313 5346 1407 5400 Sic
1436 5362 1583 5409 vero,
1618 5349 1664 5401 si
1696 5352 1795 5403 hoc
1835 5351 2049 5407 dederi-

482 5449 602 5487 mus
631 5448 694 5488 ac
720 5449 1107 5509 supponamus,
1139 5452 1480 5509 consequens
1516 5448 1597 5493 est
1633 5449 1811 5495 actum
1841 5457 1957 5497 esse
1984 5445 2049 5497 de

482 5524 679 5579 divina:
709 5527 1096 5583 incarnationis
1116 5531 1391 5598 mysterio;
1426 5542 1538 5596 aut,
1572 5533 1837 5603 siquidem
1878 5536 2046 5605 ipsum

566 5706 718 5769 ειιιι.
762 5725 794 5774 ι,
829 5725 874 5764 ς.
911 5710 962 5765 8.
1039 5714 1057 5743 ¹¹
1093 5712 1246 5770 .ioan.
1284 5732 1393 5780 xiv,
1437 5718 1491 5783 6,
1522 5716 1575 5782 Β,
1615 5716 1694 5769 l2.

2148 4815 2248 4869 οὐκ
2276 4812 2385 4886 ἧνὸ
2420 4817 2546 4881 Υἱὸς
2573 4819 2667 4870 καὶ
2700 4819 2871 4882 Λόγος
2902 4818 2992 4871 τοῦ
3016 4815 3171 4882 Θεοῦ,
3218 4819 3245 4871 ὸ
3297 4815 3467 4869 ταῦτα
3514 4816 3727 4886 λέγων,

2149 4907 2263 4960 ἀλλ’
2294 4908 2479 4977 ἕτερόν
2508 4926 2561 4961 τι
2594 4909 2745 4977 παρὰ
2780 4911 2879 4979 τὴν
2902 4911 3088 4964 οὐσίαν
3114 4907 3304 4974 αὐτού,
3337 4908 3587 4963 ἀνούσιον
3621 4913 3729 4967 καὶ

2147 4998 2541 5063 ἀνυπόστατον,
2586 5000 2678 5052 καὶ
2702 4993 2813 5061 οἷον
2847 5001 3124 5071 βούλονται
3154 4999 3292 5055 εἶναι
3316 5002 3413 5072 τὴν
3437 5002 3583 5071 ζωὴν
3621 4998 3729 5056 διαὶ

2149 5076 2251 5158 τὴν
2277 5088 2557 5160 ἀλήθειαν,
2590 5091 2682 5145 καὶ
2709 5091 2841 5154 ὅλως
2865 5092 2961 5163 τὴν
2988 5093 3289 5160 ἐνέργειαν,
3331 5089 3577 5147 οἴτιιῦτα
3608 5093 3728 5162 τῆς

2148 5182 2337 5244 οὐσίας
2375 5181 2562 5250 ἕτερον
2597 5182 2888 5252 τιθέμενοι,
2914 5178 3023 5234 οἷον
3051 5184 3143 5235 καὶ
3190 5182 3249 5234 τὸ
3287 5185 3346 5236 ὲν
3392 5181 3467 5256 τῷ
3514 5182 3724 5237 Θαϐω-

2152 5271 2253 5340 ρίῳ
2293 5272 2461 5339 φανὲν
2490 5272 2743 5340 λέγουσιν
2780 5274 2875 5325 ἐπὶ
2903 5272 2998 5341 τῆς
3031 5271 3123 5325 τοῦ
3164 5272 3371 5342 Κυρίου
3420 5287 3721 5342 μεταμορη

2150 5358 2373 5429 φώσεως
2396 5362 2513 5430 φῶς
2545 5377 2560 5392 ·
2583 5362 2728 5417 οὑτω
2759 5363 2814 5417 δὲ
2845 5364 3127 5435 ἀναίρεσις
3156 5364 3220 5415 ἐκ
3263 5362 3362 5431 τῆς
3394 5362 3726 5426 ὑποθέσεως

2148 5453 2348 5521 ταύτης
2372 5454 2562 5507 ἕπεται
2594 5453 2688 5507 τοῦ
2724 5456 2819 5525 τῆς
2846 5454 2992 5518 θείας
3014 5454 3343 5523 σαρκώσεως
3366 5452 3676 5521 μυστηρίου
3704 5470 3721 5485 ’

2149 5539 2204 5609 ἢ,
2236 5542 2390 5611 εἴπερ
2418 5541 2577 5609 αὐτὸς
2602 5539 2668 5613 ἦν
2695 5543 2910 5612 ἀληθῶς
2936 5543 2963 5595 ὁ
2995 5542 3089 5602 τοῦ
3121 5542 3254 5599 Θεοῦ
3302 5543 3493 5613 Λόγος,
3543 5541 3571 5593 ὁ
3630 5536 3725 5607 εἷς
