3972 6194
484 240 594 304 355

1732 229 2127 290 MANUELIS
2168 224 2471 286 CALECJE

3602 222 3711 283 356

482 336 612 412 |em,
636 343 817 402 omnis
844 353 1116 413 expertem
1144 338 1572 410 compositionis.
1603 336 1922 407 perlectum,
1958 338 2035 389 in-

2158 333 2345 394 τέλειος
2390 334 2482 385 καὶ
2530 332 2779 402 ἄπειρος,
2832 330 2926 383 καὶ
2984 327 3396 401 ἀπερίγραπτος
3424 327 3577 398 παρὰ
3607 330 3709 399 τῆς

484 440 720 503 ﬁnitum,
757 432 1283 501 incircumscriptnm
1322 430 1697 484 conﬁtemur.

564 530 809 599 Denique
844 526 889 581 si
924 526 1082 589 Deus,
1112 538 1298 579 eorum
1326 536 1444 590 qum
1475 521 1724 575 distincta
1753 534 2044 575 concurre-

2143 426 2326 492 κοινῆς
2350 424 2558 487 ὲννοὲας
2592 424 2954 493 ὁμολογεῖται.

2212 518 2315 571 Καί
2349 516 2454 587 μὴν
2484 518 2531 569 εί
2574 517 2604 569 ὁ
2632 516 2767 579 Θεὸς
2801 518 2866 585 τῇ
2896 513 3003 566 τῶν
3044 513 3413 584 διαφερόντων
3442 513 3720 583 συνδρομῇ

486 632 612 678 runt
665 617 894 675 conﬂato
932 632 1105 670 unum
1140 624 1222 669 est
1250 614 1490 680 ,‘primo
1554 613 1898 680 quaerendum
1925 609 2045 681 quis

2158 609 2289 659 iactv
2315 605 2396 669 ἒν,
2436 604 2650 675 πρῶτον
2676 606 2774 672 μὲν
2803 604 3083 673 ζητητέον,
3107 604 3189 666 τίς
3210 603 3381 656 ταῦτα
3404 603 3473 655 τὰ
3488 603 3723 672 διάφορα

487 717 601 769 haec
629 711 883 767 distincta
913 706 1275 778 copulaverit.
1300 705 1524 767 Deinde,
1566 704 1706 759 Deus
1735 705 1869 772 ipse,
1903 705 2043 773 quod

488 805 558 857 sit
598 803 759 855 unius
795 798 1083 869 particeps,
1124 812 1287 850 unum
1319 798 1445 850 erit.
1482 796 1583 850 'Sic
1608 809 1768 860 vero,
1794 808 1897 849 nec
1928 808 2049 863 pro-

488 891 625 961 prie,
662 906 760 944 nec
792 890 965 957 primo
996 899 1160 939 unum
1199 884 1391 948 fuerit;
1420 883 1513 937 sed
1546 882 1625 936 sic
1672 897 1869 945 unum,
1900 880 2050 935 velut

488 999 551 1040 ea
583 997 703 1051 qua:
729 997 792 1034 ex
821 977 1045 1034 diversis
1077 978 1239 1031 rebus
1274 975 1700 1030 constituuntur.

484 1072 497 1089 ³
557 1074 848 1132 Prmterea.
871 1070 977 1124 erit
1006 1068 1210 1136 aliquid
1242 1067 1349 1121 Deo
1382 1065 1577 1121 melius
1596 1074 1650 1119 et
1669 1063 2049 1133 praestantius;

489 1165 684 1219 merito
715 1162 885 1223 enim,
926 1158 1070 1228 quod
1112 1157 1500 1226 'participatur,
1536 1167 1600 1208 eo
1644 1156 1785 1223 quod
1830 1153 2056 1222 partici-

488 1263 601 1324 pat,
632 1267 695 1305 ac.
728 1252 871 1320 quod
902 1249 1009 1302 vim
1034 1248 1192 1301 habet
1224 1255 1279 1299 ut
1311 1246 1459 1314 plura
1489 1245 1853 1314 distinctaque
1881 1246 2051 1308 uniat,

490 1344 543 1397 id
577 1341 831 1408 primum,
870 1339 1168 1406 meliusque
1212 1351 1276 1390 ac
1324 1339 1672 1405 przestantius
1697 1336 1900 1390 audiat.
1920 1334 2054 1390 Nam

489 1442 545 1488 et
580 1433 672 1486 Dei
713 1432 903 1486 vitaet
939 1429 1175 1494 bonitas,
1197 1438 1248 1482 et
1275 1442 1608 1497 quaecunque
1635 1428 1736 1483 alia
1772 1429 1958 1482 dicunt
1988 1428 2055 1482 ab

491 1524 754 1588 essentia,
788 1523 858 1576 ita
901 1529 959 1576 ut
990 1530 1177 1575 contra
1206 1520 1349 1575 illam
1375 1521 1699 1581 dividantur,
1734 1534 1833 1574 nec
1872 1533 2058 1574 essen-

491 1614 563 1668 tia
597 1617 698 1670 boc
727 1613 901 1681 ipsum
924 1611 994 1665 sit
1018 1613 1161 1679 quod
1197 1610 1431 1675 bonitas,
1474 1624 1536 1662 ac
1562 1609 1809 1663 similiter
1841 1610 1891 1663 in
1913 1607 2054 1675 aliis,

493 1704 654 1773 plane
704 1702 1081 1772 praestantiora
1134 1700 1457 1757 exstiterint
1501 1714 1661 1769 quam
1696 1699 1949 1755 essentia.
2000 1698 2055 1754 ιιι

489 1795 632 1847 enim
673 1803 899 1862 propter
917 1792 1061 1861 quod
1112 1791 1317 1861 aliquid
1356 1792 1572 1856 sapiens
1600 1801 1694 1845 aut
1730 1791 1932 1847 unum
1966 1799 2063 1846 aut

484 1886 687 1954 justum
717 1894 820 1949 est,
854 1883 1071 1953 utquod
1108 1882 1275 1938 forma
1306 1882 1375 1938 sit
1411 1883 1529 1954 ejus
1552 1881 1695 1952 quod
1729 1882 2055 1951 impartitur,

490 1988 757 2045 actusque
791 1976 1099 2044 perliciens,
1138 1989 1202 2031 eo
1243 1977 1592 2046 praestantius
1642 1989 1705 2029 ac
1732 1974 1922 2030 melius
1953 1984 2054 2030 est.

493 2064 802 2121 Universim
844 2068 987 2121 enim
1027 2080 1134 2135 quo
1176 2066 1305 2135 quid
1354 2066 1703 2135 impartitur,
1744 2065 1863 2138 ipso
1913 2067 2058 2136 quod

492 2156 831 2227 impartitnr,
864 2156 1057 2211 melius
1092 2164 1197 2212 est.
1233 2154 1333 2212 Hic
1362 2170 1493 2211 vero
1514 2195 1531 2221 ,
1558 2156 1790 2212 virtutes
1826 2157 1965 2222 ista},
1999 2165 2059 2210 ut

492 2246 707 2315 quidem
739 2252 894 2300 actus
926 2245 1211 2314 perliciens
1241 2247 1555 2310 essentiam,
1586 2246 1789 2316 aliquid
1826 2247 2060 2302 nobiliua

493 2346 625 2392 sunt
658 2352 721 2392 ac
753 2338 1100 2409 przccellens;
1139 2346 1196 2391 ut
1243 2352 1368 2392 vero
1410 2337 1539 2407 ipsa!
1568 2352 1664 2407 per
1697 2338 1904 2407 seipsas
1948 2352 2057 2392 non

494 2435 727 2497 pes-sunt
758 2426 1079 2492 subsistere,
1104 2427 1201 2483 sed
1221 2428 1290 2483 ab
1314 2429 1551 2484 essentia
1578 2429 2058 2501 rnntuanturessej

493 2529 732 2588 suntque
771 2519 854 2573 lue
890 2510 1109 2589 quidem
1154 2519 1409 2574 essentia:
1452 2530 1741 2589 expertes,
1776 2521 1866 2576 illa
1931 2536 2061 2577 vero

494 2610 730 2666 asseritis
776 2618 903 2675 est;
948 2623 1015 2664 ac
1070 2624 1412 2679 quaecunque
1451 2610 1666 2666 demum
1721 2611 1825 2666 alia
1872 2623 2060 2668 contra

495 2700 787 2756 dividendo
810 2699 1043 2756 afferunt
1074 2707 1196 2755 novt
1215 2700 1473 2772 theologi,
1494 2700 1673 2757 minus
1700 2702 1907 2772 aliquid
1932 2712 2062 2759 sunt

494 2801 561 2843 ac
606 2790 886 2854 deﬁciens,
930 2790 1261 2862 omninoque
1310 2790 1539 2847 alterum
1578 2790 1751 2849 altero
1790 2792 2059 2865 indigens,

498 2881 574 2937 uti
604 2879 806 2934 dictum
832 2888 949 2936 est.
1040 2882 1045 2886 ’

564 2970 648 3025 Ad
684 2971 820 3036 haec,
853 2972 900 3027 si
939 2971 992 3026 in
1035 2971 1146 3031 Deo
1179 2980 1305 3029 sunt
1339 2974 1447 3031 vita
1484 2985 1541 3033 et
1566 2977 1831 3049 sapientia
1878 2987 1936 3037 et
1963 2980 2058 3035 bo-
2082 2995 2128 3056 α

501 3061 645 3117 nitas
679 3076 745 3117 ac
778 3063 1041 3129 essentia,
1074 3064 1270 3134 potiori
1301 3064 1458 3136 longe
1486 3068 1694 3124 ratione
1718 3079 1879 3126 erunt
1910 3072 1964 3128 in
1991 3085 2057 3129 eo

498 3152 732 3207 discreto
754 3153 1058 3220 contraria,
1109 3155 1509 3210 contrariorum
1554 3155 1760 3213 scilicet
1797 3158 2056 3213 rationes.

498 3239 750 3297 Omnium
776 3243 917 3298 enim
951 3245 1191 3297 rationes
1213 3245 1266 3298 in
1301 3245 1411 3300 Deo
1432 3256 1591 3313 sunt;
1626 3248 1768 3303 inter
1794 3263 1912 3319 quae
1938 3264 2061 3305 .om-

499 3333 589 3387 nia
642 3342 768 3387 sunt
794 3343 848 3389 et
872 3338 1166 3390 contraria.
1199 3328 1390 3391 Omnia
1424 3347 1637 3405 tamen,
1676 3340 1897 3411 ipsaque
1924 3340 2060 3396 adeo

498 3424 770 3478 contraria
795 3464 812 3490 ,
848 3418 1229 3491 uniformiter,
1276 3428 1459 3494 unite,
1494 3429 1777 3495 absolute,
1813 3446 2059 3500 compre-

504 3513 713 3568 hensim
739 3515 766 3581 ,’
802 3515 1150 3586 singulariter
1184 3517 1238 3586 in
1273 3520 1517 3575 omnium
1558 3536 1758 3588 causa,
1791 3523 1864 3576 uti
1903 3524 2061 3578 docet

502 3601 812 3675 Dionysius,
840 3605 933 3662 lib.
988 3623 1041 3662 tv
1079 3608 1150 3662 De
1178 3609 1344 3665 divin.
1381 3627 1543 3677 norm,
1586 3613 1728 3666 velut
1757 3614 1965 3667 scilicet
2003 3613 2057 3667 in

503 3698 731 3751 monade
757 3696 1097 3753 uniformiter
1143 3700 1391 3755 subsistit
1418 3703 1595 3758 omnis
1617 3718 1871 3757 numerus
1893 3744 1909 3770 ,
1940 3718 2060 3771 qua:

499 3785 755 3840 nimirum
790 3786 902 3856 ipsa
938 3787 994 3841 in
1038 3803 1099 3843 se
1143 3790 1492 3859 singulariter
1532 3799 1692 3860 atque
1722 3793 1871 3846 unite
1896 3792 2059 3862 quid-

493 3877 625 3946 quid
667 3893 1016 3934 numerorum
1060 3890 1180 3944 est,
1210 3880 1404 3934 habeat
1437 3897 1450 3934 :
1487 3896 1550 3936 ac
1582 3882 1727 3935 velut
1780 3882 1830 3934 iu
1871 3891 2060 3937 centro

494 3980 687 4019 omnes
729 3965 916 4020 circuli
958 3966 1112 4020 linea:
1160 3982 1264 4021 una
1318 3968 1656 4022 coexsistunt
1696 3968 2057 4038 copulatione,

498 4061 781 4122 rectaeque
809 4068 997 4109 omnes
1040 4054 1383 4109 uniformiter
1415 4056 1691 4131 unitasiu
1737 4072 1796 4112 se
1843 4058 2056 4126 signum

501 4143 701 4210 habet;
731 4144 810 4198 sic
860 4154 915 4199 et
957 4147 1328 4200 universorum
1360 4156 1551 4201 natura
1586 4161 1774 4202 omnes
1801 4148 2060 4217 cujusque

500 4244 710 4288 naturae
755 4236 1025 4303 rationes,
1058 4251 1160 4291 una
1195 4238 1476 4294 inconfusa
1529 4239 1862 4294 adunatione
1900 4240 1951 4293 in
1999 4254 2059 4295 se

2148 697 2418 767 συνῆψεν·
2453 697 2626 751 ἔπειθ’
2659 699 2739 750 ὃτι
2770 699 2870 748 καὶ
2902 695 3064 758 αὐτὸς
3084 696 3113 748 ὁ
3136 694 3267 758 Θεὸς
3294 699 3357 764 τῇ
3391 697 3593 766 μετοχῇ
3625 692 3723 748 τοῦ

2146 785 2265 847 ἑνός
2290 788 2436 838 ἐστιν
2464 786 2542 837 ἓν.
2575 782 2734 839 Οὕτω
2769 783 2849 848 δὲ,
2888 783 2948 835 οὐ
2982 782 3185 852 κυρίως
3223 782 3323 836 καὶ⁸
3357 782 3592 852 πρώτως
3618 782 3719 835 ἓν·

2148 875 2262 928 ἀλλ’
2305 875 2477 940 οὕτως
2514 875 2595 939 ἓν,
2622 873 2699 937 ὡς
2724 873 2792 927 τὰ
2819 873 2885 926 ὲκ
2915 873 3191 943 διαφόρων
3217 870 3559 943 πραγμάτων
3592 888 3724 925 συν-

2149 968 2383 1022 εστῶτα.

2145 1060 2150 1065 ’
2225 1061 2348 1114 Ἔτι
2377 1060 2432 1114 δὲ
2449 1061 2600 1114 ἔσται
2622 1060 2751 1114 ἄλλο
2779 1062 2831 1113 τι
2856 1062 3103 1130 κρεῖττον
3128 1058 3222 1111 τοῦ
3247 1055 3382 1111 Θεοῦ
3410 1057 3504 1110 καὶ
3531 1057 3729 1127 τιμιώ-

2152 1169 2333 1221 τερον.
2368 1153 2445 1205 Τὸ
2476 1152 2585 1222 γὰρ
2630 1153 2988 1222 μετεχόμενον
3035 1149 3129 1202 τοῦ
3169 1148 3511 1218 μετέχοντος,
3544 1148 3640 1201 καὶ
3667 1146 3730 1199 τὸ

2153 1242 2263 1294 τῶν
2299 1242 2511 1295 πολλῶν
2550 1241 2643 1295 καὶ
2668 1230 3031 1311 διαφερόντων
3081 1239 3590 1309 ὲνοποιὸν,-πρῶτον
3629 1238 3729 1290 καὶ

2155 1337 2404 1405 κρεῖττον
2435 1336 2531 1389 καὶ
2563 1334 2893 1404 τιμιώτερον
2920 1333 2990 1387 εὐ
3019 1333 3222 1398 λέγειν.
3263 1333 3387 1384 Ὀτι
3421 1332 3516 1385 καὶ
3545 1332 3578 1399 ἡ
3607 1329 3728 1399 ζωὴ

2157 1425 2252 1477 καὶ
2280 1426 2314 1494 ἡ
2356 1424 2631 1494 ἀγαθότης
2654 1423 2751 1476 τοῦ
2773 1423 2932 1488 Θεοῦ,
2953 1422 3049 1477 καὶ
3075 1421 3221 1475 τᾶλλ’
3246 1422 3345 1475 ὅσα
3374 1423 3540 1489 φασὶν
3561 1420 3732 1488 ἕτερα

2154 1518 2258 1587 τῆς
2295 1517 2484 1579 οὐσίας
2520 1516 2596 1578 ὡς
2648 1516 2785 1585 πρὸς
2812 1516 2980 1586 αὐτὴν
3021 1513 3490 1585 ἁντιδιαιρεῖσθαι,
3519 1516 3609 1567 καὶ
3650 1514 3729 1583 μὴ

2160 1604 2299 1661 εἷναι
2320 1607 2419 1679 τὴν
2447 1608 2638 1661 οὐσίαν
2661 1609 2799 1678 ὅπερ
2829 1608 2926 1678 τὴν
2974 1607 3309 1678 ἀγιθότητα,
3342 1606 3438 1660 καὶ
3464 1607 3557 1658 ἐπὶ
3612 1606 3732 1656 τῶν

2160 1700 2335 1754 ἄλλων
2378 1698 2662 1765 ὡσαύτως,
2710 1700 3019 1771 τιμιώτερα
3067 1702 3168 1770 τῆς
3199 1699 3390 1763 οὐσίας
3421 1697 3508 1767 εἴη
3540 1697 3593 1765 γ’
3618 1697 3689 1751 ἄν
3713 1712 3733 1729 ο

2152 1789 2393 1859 ἐπεί-πὲρ
2414 1790 2590 1843 ἐκεῖνο
2613 1789 2876 1842 δι’ὅὶστι
2896 1790 3018 1843 τόδε
3050 1788 3216 1862 σοφὸν
3249 1789 3285 1861 ἢ
3317 1788 3527 1856 ἀγαθὴν
3563 1786 3603 1857 ἢ
3650 1786 3739 1840 Gi—

2157 1897 2336 1946 καιον,
2370 1881 2446 1944 ὡς
2469 1876 2607 1959 εἶδος
2646 1879 2707 1933 ὃν
2752 1879 2845 1933 τοῦ
2892 1880 3230 1949 μετέχοντος,
3276 1878 3371 1932 καὶ
3405 1878 3735 1947 τελειωτιχὴ

2145 1972 2433 2043 ἐνέργεια,
2473 1972 2805 2043 τιμιώτερον
2830 1972 2925 2026 καὶ
2974 1971 3330 2043 βελτιῶτερον
3384 1972 3547 2025 αὐτοῦ
3587 1973 3731 2023 ἐστι.

2152 2064 2407 2118 Καθόλου
2447 2064 2556 2134 γὰρ
2595 2064 2652 2118 αἱ
2698 2065 2922 2134 μετοχαὶ
2953 2064 3063 2117 τῶν
3106 2054 3441 2134 μετεχόντων
3493 2064 3731 2134 βέλτιον.

2170 2154 2437 2209 Ἐνταῦθα
2453 2155 2529 2222 δὲ,
2559 2157 2635 2218 ὡς
2666 2156 2766 2227 μὲν
2783 2155 3098 2225 τελειωτικὴ
3119 2155 3372 2225 ινέργεια
3397 2156 3497 2224 τῆς
3514 2150 3734 2220 οὐσίας,

2156 2246 2215 2301 αί
2244 2247 2503 2317 δυνάμεις
2531 2241 2693 2302 αὗται
2734 2247 3061 2319 τιμιώτερον
3101 2248 3199 2302 καὶ
3229 2245 3735 2316 ὑπεροχικώτερον,

2158 2339 2233 2401 ὡς
2254 2339 2457 2393 δὲκαθ’
2490 2339 2665 2405 αὐτὰς
2693 2340 2999 2408 ὑφεστάναι
3021 2339 3097 2411 μὴ
3123 2338 3443 2409 δυνάμεναι,
3495 2336 3614 2389 ἀλλ’
3665 2339 3739 2391 ἐκ
3788 2362 3793 2367 -

2156 2434 2255 2501 τῆς
2295 2430 2486 2493 οὐσίας
2515 2432 2735 2501 ἔχουσαι
2764 2430 2827 2484 τὸ
2859 2427 2999 2485 εἶναι
3029 2447 3046 2464 ·
3105 2430 3200 2484 καὶ
3242 2423 3398 2483 αὗται
3440 2428 3537 2497 μὲν
3568 2427 3741 2479 rivati-

2160 2539 2287 2587 σιοι,
2315 2523 2347 2591 ἡ
2377 2521 2434 2574 δὲ
2473 2522 2653 2588 οὐσία,
2701 2524 2795 2577 καὶ
2827 2523 2928 2577 ὅσα
2979 2521 3115 2577 ἄλλα
3173 2517 3635 2588 ἁντιδιαιροῦντες
3672 2518 3739 2569 οἱ

2158 2612 2267 2666 νέοι
2293 2613 2533 2679 Θεολόγοι
2561 2613 2718 2682 φασὶ,
2742 2613 2841 2683 τῆς
2870 2612 3059 2676 οὐσίας
3106 2609 3328 2667 ἔλαττον
3368 2610 3461 2662 καὶ
3492 2607 3735 2672 trudes;-

2158 2703 2293 2768 ὅλως
2337 2704 2394 2758 δὲ
2430 2704 2689 2777 ἑκάτερον
2738 2705 3000 2778 ἑκατέρου
3046 2702 3323 2774 δεόμενον,
3360 2701 3434 2766 ὡς
3487 2701 3734 2772 εζρηται.

2235 2973 2379 3037 Ἔτι,
2412 2972 2460 3025 εί
2491 2971 2629 3025 εἰσὶν
2658 2972 2715 3027 ἑν
2740 2969 2817 3041 τῷ
2840 2970 2959 3040 Θεῷ
2992 2971 3026 3041 ἡ
3059 2968 3173 3039 ζωὴ
3212 2969 3309 3047 καὶ
3338 2968 3373 3039 ἠ
3434 2966 3594 3041 σοφία
3634 2969 3738 3022 καὶ

2159 3064 2454 3135 ἀγαοότης,
2475 3062 2569 3117 καὶ
2596 3061 2768 3116 πάντα
2794 3064 2862 3115 τὰ
2883 3060 3105 3115 τοιαῦτα
3136 3060 3192 3113 ἐν
3212 3059 3286 3130 τῷ
3304 3058 3422 3127 Θεῷ
3450 3058 3608 3126 ἕτερα
3630 3060 3739 3127 τῆς

2157 3155 2343 3217 οὐσίας
2378 3152 2569 3218 αὐτοῦ,
2592 3150 2772 3222 πολλῷ
2806 3152 3008 3219 μᾶλλον
3028 3153 3181 3205 ἔσται
3206 3153 3264 3203 ἓν
3298 3148 3447 3219 αὐτῷ
3469 3150 3738 3201 τάναντία

2157 3247 2628 3317 διακεκριμένως’
2677 3244 2959 3298 τουτέστιν
2994 3242 3044 3295 oi
3076 3242 3186 3295 τῶν
3238 3240 3497 3294 ἐναντίων
3549 3238 3732 3305 λόγοι.

2169 3337 2321 3391 Ἐπεὶ
2343 3338 2560 3391 πάντων
2602 3336 2698 3406 μὲν
2728 3336 2784 3389 ἐν
2817 3334 2895 3403 τῷ
2924 3331 3041 3404 Θεῷ
3085 3333 3134 3385 oi
3163 3331 3348 3398 λόγοιο
3399 3333 3458 3383 ἑν
3502 3330 3558 3383 δὲ
3615 3333 3742 3393 τοῖς

2159 3430 2292 3482 πᾶσι
2324 3427 2507 3482 καὶτὰ
2532 3426 2769 3480 ἐναντία.
2811 3425 2973 3480 Ἀλλά
3018 3424 3125 3495 μὴν
3176 3425 3352 3477 πάντα
3407 3424 3464 3476 ὲν
3492 3422 3569 3492 τῷ
3590 3420 3743 3473 πάνυ

2157 3535 2265 3571 των
2294 3518 2475 3587 αἰτίῳ,
2496 3517 2593 3571 καὶ
2621 3516 2690 3570 τὰ
2724 3516 2977 3584 ἀλλήλοις
3023 3513 3262 3577 ἐναντία,
3304 3512 3583 3582 μονοειδῶς
3630 3513 3739 3566 καὶ

2158 3607 2455 3677 ήνωμένως
2526 3606 2622 3659 καὶ
2679 3604 2924 3673 ἀσχέτως
2980 3606 3075 3658 καὶ
3131 3604 3576 3679 συνειλημμένως
3631 3604 3741 3656 καὶ

2158 3696 2394 3761 ἑνιαίως,
2449 3697 2585 3749 κατὰ
2626 3698 2716 3749 τδν
2772 3696 2915 3749 θεῖον
2962 3696 3239 3749 Διονύσιον
3276 3697 3334 3749 ὲν
3371 3695 3449 3765 τῷ
3498 3695 3545 3747 δ’
3594 3695 3741 3763 περὶ

2156 3786 2320 3840 θείων
2357 3787 2662 3855 ὀνομάτων,
2723 3786 2914 3856 ὥσπερ
2975 3788 3031 3839 ὲν
3084 3786 3276 3856 μονάδι
3329 3787 3439 3846 πᾶς
3491 3786 3739 3855 ἀριθμὸς

2156 3877 2403 3941 ἐνοειδῶς
2431 3877 2730 3946 ὑφέστηκε,
2756 3877 2852 3930 καὶ
2885 3876 2997 3945 ἔχει
3024 3876 3201 3929 πάντα
3224 3874 3458 3945 ἀριθμὸν
3484 3876 3541 3927 ὲν
3560 3875 3734 3945 ἑαυτῇ

2161 3966 2407 4038 μοναχῶς
2430 3977 2448 3996 ⁸
2481 3967 2573 4020 καὶ
2609 3966 2799 4036 ὥσπερ
2836 3969 2891 4020 ἒν
2928 3966 3138 4037 κέντρῳ
3185 3968 3359 4020 πᾶσαι
3398 3967 3453 4020 αί
3500 3965 3592 4020 τοῦ
3632 3967 3742 4020 κὺ-

2158 4056 2288 4109 κλου
2315 4056 2569 4126 γραμμαὶ
2594 4056 2735 4108 κατὰ
2764 4056 2891 4124 μίαν
2919 4056 3113 4110 ἕνωσιν
3145 4058 3599 4125 συνυφεστήκασι.
3628 4058 3740 4110 καὶ

2156 4146 2336 4210 πάσας
2373 4146 2486 4216 ἔχει
2518 4147 2577 4200 τὸ
2606 4148 2832 4216 σημεῖον
2874 4148 2932 4200 ὲν
2970 4147 3148 4217 ἐαυτῷ
3190 4147 3291 4210 τὰς
3322 4148 3536 4210 εὐθείας
3558 4148 3739 4201 tuest-

2157 4237 2261 4301 δῶς
2284 4238 2587 4307 ἡνωμέναςσ
2612 4238 2748 4291 ἀλλὰ
2773 4238 2866 4292 καὶ
2901 4240 2958 4291 ὲν
2983 4240 3048 4309 τῇ
3091 4237 3201 4299 τῶν
3234 4238 3372 4291 ὅλων
3401 4240 3559 4305 φύσει
3590 4241 3741 4292 πᾶν.

500 4324 910 4393 complectitur;
943 4341 1041 4382 nec
1092 4328 1314 4396 proinde
1342 4329 1447 4382 vita
1470 4337 1526 4384 et
1565 4331 1825 4398 sapientia
1874 4340 1929 4385 et
1958 4331 2053 4385 bo-

2161 4343 2252 4390 τες
2275 4328 2325 4381 οί
2346 4330 2444 4397 τῆς
2476 4327 2602 4382 καθ’
2623 4328 2857 4382 ἕκαστον
2914 4327 3078 4399 φύσιν
3107 4329 3255 4397 λόγοι
3304 4329 3737 4399 συνειλημμένοι

498 4413 664 4476 nitas,
700 4427 788 4469 res
817 4424 946 4469 sunt
979 4416 1035 4470 in
1054 4416 1148 4471 Dei
1181 4418 1439 4483 essentia,
1470 4431 1664 4488 praeter
1694 4437 1809 4477 eam
1843 4426 2057 4479 realiter

497 4501 617 4557 aliae
660 4517 724 4557 ac
774 4505 1059 4563 distincta.
1120 4506 1200 4561 Ex
1254 4509 1417 4566 dictis
1464 4512 1608 4566 enim
1656 4514 1958 4580 manifeste,
2004 4525 2059 4570 et

500 4592 797 4664 Scripturis
850 4605 906 4651 et
951 4608 1262 4654 sanctorum
1309 4602 1470 4657 dictis
1512 4613 1566 4657 et
1625 4606 2054 4674 auctoritatibus,

497 4683 685 4751 liquet,
716 4686 862 4740 illam
884 4696 938 4742 et
958 4690 1253 4744 essentiam
1284 4692 1482 4747 nullius
1505 4692 1727 4748 alterius
1762 4694 1836 4749 rei
1862 4706 2058 4764 praeter

496 4774 669 4844 ipsam
720 4789 840 4830 esse
875 4790 1166 4845 capacem;
1212 4774 1465 4849 nulloque
1504 4782 1611 4837 alio
1662 4783 1904 4852 indigere
1931 4824 1948 4850 ,
1986 4793 2057 4839 ou

494 4879 760 4918 summam
797 4866 1180 4933 perfectionem
1232 4879 1287 4925 et
1330 4870 1730 4939 simplicitatem
1765 4884 1820 4927 et
1851 4874 2054 4928 condu-

496 4954 792 5009 uationem.
830 4957 1009 5012 Aliter
1039 4960 1184 5012 enim
1214 4960 1444 5028 opinans
1470 5000 1486 5026 ,
1516 4962 1659 5017 dicta
1698 4978 1728 5018 a
1776 4965 1931 5019 nobis
1958 4964 2055 5020 ab-

492 5046 655 5096 surda
687 5060 789 5100 non
824 5045 1062 5116 eﬂ‘ugict,
1107 5050 1376 5120 simulque
1418 5050 1719 5124 Scripturis
1753 5068 1815 5110 ac
1836 5065 2055 5125 sancto-

494 5145 616 5188 rum
640 5136 895 5193 doctrinae
921 5141 1144 5196 adversa
1174 5143 1338 5197 dicet.

562 5392 640 5449 Es
674 5397 743 5469 iis
768 5415 897 5457 vero
924 5419 1045 5474 qua:
1077 5407 1216 5463 dicta
1245 5418 1372 5465 sunt
1406 5412 1607 5482 pariter
1623 5413 1809 5483 liquet,
1842 5416 1975 5471 nihil
1996 5416 2052 5471 in

494 5483 606 5590 Deo
627 5492 916 5547 essentiam
937 5510 1003 5550 ac
1016 5500 1381 5568 operationem
1401 5502 1638 5558 diﬂ'erre.
1667 5506 1811 5570 Quia
1829 5507 1969 5560 enim
1995 5509 2051 5572 ii,

491 5581 585 5647 qui
619 5594 679 5643 te
710 5581 824 5653 ipsa
852 5586 1106 5645 distincta
1135 5600 1295 5660 atque
1316 5592 1531 5650 diversa
1559 5597 1626 5649 ab
1652 5595 1770 5663 ejus
1793 5598 2049 5663 essentia,

2157 4416 2263 4470 είσὶ
2297 4417 2437 4470 κατὰ
2465 4416 2595 4487 μίαν
2616 4416 2921 4488 ἀσύγχυτον
2950 4418 3168 4476 ἕνωσιν.
3203 4417 3327 4471 Οὐδ’
3369 4418 3479 4487 ἄρα
3509 4420 3541 4487 ἡ
3583 4418 3733 4489 ζωὴ,

2157 4512 2253 4564 καὶ
2280 4510 2314 4579 ἡ
2342 4508 2521 4575 σοφία,
2548 4509 2643 4563 καὶ
2670 4512 2705 4580 ἡ
2734 4511 3029 4578 ἀγαθότης,
3061 4513 3119 4564 ἐν
3148 4513 3213 4581 τῇ
3261 4509 3422 4581 οὐσίᾳ.
3458 4508 3553 4563 τοῦ
3583 4510 3734 4565 Θεοῦ

2158 4599 2461 4669 πράγματα
2508 4600 2658 4670 παρὰ
2686 4601 2892 4668 ταύτην
2924 4603 3327 4672 πραγματικῶς
3357 4602 3519 4672 ἕτερά
3548 4604 3739 4658 ἐστιν.

2169 4686 2342 4752 Ἐπεὶ,
2368 4688 2444 4751 ὡς
2485 4690 2553 4741 ἑκ
2582 4688 2691 4742 τῶν
2722 4682 3028 4759 εἰρημένων
3072 4692 3230 4761 δῆλον
3280 4691 3473 4760 γέγονε
3512 4692 3605 4746 καὶ
3635 4692 3741 4746 λό-

2155 4792 2273 4845 γοις
2298 4777 2393 4830 καὶ
2417 4778 2681 4848 χρήσεσιν
2709 4779 2905 4847 ἁγίων,
2939 4780 3206 4851 μηδαμῶς
3239 4781 3338 4851 τὴν
3361 4781 3551 4835 οὐσίαν
3578 4782 3746 4835 ὲκεί-

2155 4884 2254 4936 νην
2297 4869 2552 4940 δεκτικὴν
2577 4868 2718 4924 εἰναι
2749 4871 3072 4941 πράγματος
3102 4874 3290 4943 ἑτέρου
3333 4873 3461 4942 παρ’
3503 4872 3685 4942 αὐτήν
3720 4890 3738 4904 ·

2155 4961 2275 5013 οὐδέ
2300 4978 2443 5025 τινος
2477 4963 2668 5034 ἐτέρου
2719 4963 2928 5018 δεῖσθαι
2954 4963 3025 5016 δι’
3071 4963 3250 5033 ἄκραν
3272 4964 3590 5033 τελειότητα
3618 4964 3740 5017 καὶ

2156 5051 2435 5123 ἁπλότητα
2479 5054 2573 5107 καὶ
2602 5054 2817 5108 ἕνωσιν.
2890 5055 2947 5108 '0
2978 5055 3086 5126 γὰρ
3120 5055 3291 5119 ἄλλως
3338 5055 3617 5125 τιθέμενος
3652 5056 3738 5110 τὰ

2155 5141 2421 5212 είρημένα
2453 5142 2631 5197 ἄτοπα
2651 5144 2712 5196 οὐ
2745 5145 3111 5213 διαφεύξεται,
3145 5147 3237 5199 καὶ
3277 5147 3399 5214 ἅμα
3426 5147 3545 5209 ταῖς
3570 5145 3743 5216 Γρᾶ--

2156 5235 2319 5302 φραῖς
2366 5235 2463 5287 καὶ
2512 5237 2633 5300 ταῖς
2683 5236 2792 5291 τῶν
2847 5236 3019 5305 ἁγίων
3067 5239 3408 5307 ἀποφάσεσιν
3456 5237 3731 5305 ἐναντίως

2154 5324 2178 5373 ἔ
2185 5326 2285 5392 ρετ.
2763 5388 2766 5391 λ

2239 5416 2332 5468 Ἐκ
2377 5415 2434 5468 δὲ
2476 5416 2585 5470 τῶν
2634 5418 2945 5489 είρημένων
2995 5421 3455 5490 συναναραίνεται
3491 5423 3583 5475 καὶ
3629 5422 3725 5476 ὅτι

2155 5506 2448 5576 ἀδιάφορον
2478 5510 2569 5560 ἐπὶ
2600 5507 2734 5560 Θεοῦ
2770 5509 2803 5575 ὴ
2836 5508 2996 5560 οὐσία
3038 5509 3131 5561 καὶ
3163 5512 3193 5578 ἡ
3229 5509 3504 5580 ἐνέργεια.
3555 5509 3724 5561 Ἐπεὶ

2156 5604 2265 5656 vin
2295 5606 2340 5656 οί
2370 5604 2599 5670 διάφορα
2620 5606 2719 5659 ἐπὶ
2747 5603 2884 5659 Θεοῦ
2919 5604 3189 5672 τιθέμενοι
3217 5604 3367 5659 κατὰ
3390 5605 3452 5659 τὸ
3486 5608 3725 5674 πρᾶγμα
