3972 6194
298 293 409 357 361

298 497 489 551 docet.

1325 287 1424 350 DE
1459 287 1828 349 ESSENTIA
1872 285 1966 346 ΕΤ
1997 283 2503 344 OPERATIONE.

165 383 174 392 ’
235 419 238 422 ’
297 414 634 472 corporeum
662 397 996 470 exploratum
1029 406 1134 461 cst,
1165 396 1225 450 lit
1263 396 1420 467 plane
1454 407 1514 451 ut
1549 397 1728 451 omnia
1761 395 1873 448 haec
1914 407 2078 445 unum
2101 391 2205 444 sint
2248 393 2298 444 in
2327 391 2433 446 Deo
2465 407 2589 446 cum
2650 391 2880 448 essentia
2909 431 2922 454 ,
2961 397 3114 460 juxta
3164 405 3225 446 ac
3307 402 3534 447 sanctus

3422 281 3532 345 162

385 589 447 639 ΕΞ
479 585 538 639 δι
562 585 711 653 λέγοι
769 601 852 646 τις
903 583 985 638 ὅτι
1038 581 1182 638 κατὰ
1208 583 1269 637 τὸ
1299 583 1552 637 ἄκτιστον
1587 581 1679 633 τὸν
1710 578 1872 632 αὐτὸν

2053 572 2150 628 Sin
2181 581 2360 626 autem
2382 571 2506 642 quis
2535 573 2696 639 dicat,
2726 571 2840 628 fore
2874 581 2932 627 ut
2965 574 3209 643 quamvis
3258 554 3536 629 distinctio

302 675 616 740 ὲπιδὲξεται
641 675 818 741 λόγον,
849 675 944 729 καὶ
977 673 1078 744 τῆς
1105 674 1366 743 διαφορᾶς
1409 672 1484 734 ὡς
1537 671 1602 725 ἂν
1633 668 1872 740 βούλοιτο

306 763 610 834 μενούσης,
636 763 788 816 οὐδὲν
807 762 976 827 λέγει’
1000 763 1234 832 πρῶτον,
1258 761 1338 816 ὃτι
1359 761 1544 822 ἁπλῶς
1569 761 1598 812 6
1618 757 1871 811 διδάσκα-

300 853 404 915 λος
433 854 677 924 εἴρηκεν,
704 853 818 906 ἀλλ’
844 854 942 924 οὐχ
975 855 1057 906 ὅτι
1089 853 1198 906 τινὶ
1251 851 1622 922 διαφέρουσιν·
1670 847 1870 911 ἔπειθ’,

302 943 396 994 ὅτι
431 941 480 992 εί
518 944 660 994 κατὰ
690 942 752 994 τδ
787 942 1066 1005 ἄκτιστον,
1107 938 1233 995 ¹ἀλλ”
1280 942 1342 994 οὐ
1393 941 1576 1010 μέντοι
1614 939 1754 992 κατὰ
1780 938 1873 990 τὸν

297 1031 406 1084 τοῦ
437 1029 578 1085 εἶναι
613 1032 774 1100 λόγον
801 1033 894 1085 τὸν
927 1032 1089 1085 αὑτὸν
1120 1031 1424 1098 ὲπιδέξεται
1450 1030 1629 1099 λόγον,
1655 1032 1748 1085 καὶ
1777 1029 1872 1098 τῆς

295 1123 580 1193 διαφορᾶς
612 1124 904 1193 μενούσης,
925 1125 991 1193 τῇ
1019 1123 1174 1195 οὐσίᾳ
1196 1123 1227 1192 ἡ
1248 1125 1518 1191 ἐνέργεια.
1543 1123 1616 1175 Τὸ
1645 1121 1742 1190 μὲν
1766 1120 1874 1189 γὰρ

301 1213 686 1282 ὑφεστηκέναι
715 1215 867 1282 φασὶ,
902 1213 962 1266 τὺ
991 1213 1050 1266 δὲ
1097 1212 1194 1284 μὴ,
1227 1213 1320 1266 καὶ
1348 1212 1496 1266 τᾶλλ’
1521 1213 1621 1264 ὅσα
1662 1208 1874 1279 διακρί-

297 1322 500 1369 νοντες
524 1304 768 1375 ἐξεῦρον.
800 1307 863 1359 El
906 1307 1011 1376 γὰρ
1042 1306 1101 1358 τὸ
1140 1304 1356 1372 λογικὸν
1386 1304 1464 1374 τῷ
1493 1302 1616 1374 ζώῳ
1646 1319 1875 1374 προστε-

295 1397 428 1461 θὲν,
447 1397 703 1468 διάφορον
728 1397 820 1451 τὸν
850 1400 1074 1468 ὁρισμὸν
1091 1399 1185 1452 τοῦ
1211 1397 1399 1460 ἁπλῶς
1421 1397 1686 1464 πεποίηκε
1710 1395 1873 1459 ζώου,

294 1490 534 1554 πάντως
565 1493 632 1542 τὰ
677 1491 936 1544 τοσοῦτον
981 1491 1329 1561 διεστηκότα,
1363 1491 1462 1544 οὐκ
1491 1491 1556 1545 ἄν
1604 1507 1734 1542 ποτε
1785 1490 1874 1543 τὸν

291 1583 482 1634 αὐτὸν
519 1582 822 1646 ὲπιδέξιται
854 1583 1032 1651 λόγον.
1080 1584 1187 1636 Καὶ
1219 1584 1347 1653 μὴν,
1375 1584 1471 1636 καὶ
1499 1582 1620 1636 κατ’
1651 1581 1782 1635 αὐτὸ
1814 1580 1874 1632 τδ

289 1673 594 1737 ἄκτιστον,
626 1675 660 1743 ὴ
688 1673 782 1726 τοῦ
808 1675 1054 1742 ἀπείρως
1082 1675 1335 1745 ὑφεῖσθαι
1365 1674 1619 1744 διαφορὰ,
1646 1672 1768 1726 καθ’
1808 1673 1874 1741 ἢν

287 1764 649 1833 διακρίνουσι
697 1767 796 1830 τῆς
838 1767 1025 1829 οὐσίας
1075 1767 1176 1837 τὴν
1226 1767 1530 1836 ἐνέργειαν,
1575 1766 1668 1819 τὸν
1712 1765 1874 1818 αὐτὸν

287 1854 660 1917 ἐπιδέξασθαι
690 1854 846 1921 λόγον
879 1856 1054 1925 πάντη
1085 1858 1185 1910 οὐκ
1233 1858 1402 1914 ἐάσει.
1434 1859 1506 1910 Τὸ
1536 1859 1642 1928 γὰρ
1673 1857 1874 1910 ὑποϐε-

1980 672 2214 728 maueat,
2270 679 2368 733 pro
2411 678 2477 718 eo
2546 678 2609 718 ac
2665 663 2840 728 velit,
2902 665 3200 719 secundum
3233 666 3531 720 increatum
3588 654 3606 739 ι’

1975 757 2218 811 eamdem
2243 756 2504 809 rationem
2536 756 2796 824 recipiat,
2832 757 2876 810 is
2908 756 3039 810 nihil
3079 757 3228 810 dicit.
3265 755 3532 819 Primum,

1976 864 2042 902 eo
2076 849 2216 916 qttod
2248 847 2437 902 doctor
2464 847 2780 915 simpliciter
2808 847 3019 902 locutus
3051 847 3125 901 sit
3159 886 3176 912 ,
3203 862 3312 904 non
3337 861 3534 902 secun-

1976 941 2101 995 dum
2131 941 2332 1012 aliquid
2362 940 2762 996 distinctionem
2785 939 3004 995 dixerit.
3033 939 3256 1003 Deinde,
3274 939 3401 1009 quia
3430 939 3535 994 etsi

1977 1033 2273 1087 secundum
2301 1031 2630 1094 increatum‘,
2665 1045 2767 1085 non
2803 1039 2980 1085 tamen
3027 1031 3325 1085 secundum
3359 1032 3530 1098 ipsam

1975 1122 2188 1178 essendi
2215 1123 2497 1186 rationem,
2529 1129 2708 1178 stante
2736 1121 3102 1187 distinctione,
3123 1122 3370 1175 eamdem
3401 1136 3534 1185 ope-

1979 1212 2118 1289 ratio
2151 1225 2274 1266 cum
2305 1211 2544 1266 essentia
2570 1211 2828 1265 rationem
2855 1221 3134 1279 receptura
3165 1212 3254 1265 sit.
3289 1210 3532 1267 Alterum

1978 1317 2106 1356 vere
2141 1316 2261 1356 esse
2292 1303 2476 1355 dicunt
2499 1317 2563 1354 ac
2595 1302 2913 1366 subsistere,
2958 1302 3178 1358 alterum
3223 1311 3441 1372 negant,
3472 1317 3538 1354 ac

1975 1408 2305 1463 quamcunque
2344 1394 2448 1446 alia
2497 1394 2884 1462 distinguendo
2928 1394 3032 1449 illis
3064 1396 3352 1448 adinventa
3382 1405 3532 1447 sunt.

1975 1483 2108 1539 Nam
2143 1489 2186 1542 si
2239 1488 2503 1543 rationale
2550 1489 2772 1543 animali
2823 1489 3134 1558 adjunctum
3164 1528 3180 1551 ,
3212 1491 3280 1542 ab
3315 1488 3534 1544 animali

1975 1578 2054 1632 sic
2081 1577 2324 1634 absolute
2357 1580 2503 1634 dicto
2537 1581 2806 1635 diversam
2831 1580 2958 1635 fecit
2980 1581 3371 1644 deﬁnitionem,
3403 1596 3539 1633 nun-

1976 1686 2136 1740 quam
2164 1672 2384 1726 omnino
2424 1672 2537 1735 tiat,
2569 1683 2628 1727 ut
2666 1689 2786 1743 qua:
2833 1673 2997 1726 tantis
3041 1673 3248 1728 distant
3290 1671 3537 1726 eamdem

1977 1751 2242 1820 ratiOnem
2294 1765 2574 1832 recipiant.
2627 1765 2768 1832 Quin
2821 1773 2874 1820 et
2923 1765 2978 1820 in
3038 1766 3151 1835 ipsa
3189 1765 3414 1819 increati
3446 1779 3538 1818 ra-

1977 1857 2139 1922 tione,
2181 1857 2439 1913 inlinities
2478 1858 2687 1913 inﬁnite
2736 1859 3010 1914 inferioris
3062 1858 3392 1923 diderentia,
3430 1873 3539 1927 qua

284 1942 481 2011 ϐηχὸς
511 1943 606 2012 τὴν
651 1943 747 1994 τοῦ
798 1943 935 2020 Θεοῦ
963 1939 1169 2011 οὐσίαν,
1197 1949 1354 2016 μήτοι
1397 1963 1459 2015 γε
1488 1947 1546 1999 τὸ
1580 1925 1871 2014 ἀπειράκις

1978 1949 2350 2018 operationem
2375 1951 2442 2004 ab
2474 1952 2710 2006 essentia
2744 1951 3058 2006 discernunt
3083 1992 3099 2017 ,
3128 1951 3374 2006 eamdem
3417 1925 3538 2020 eius

282 2036 555 2101 ἀπείρως
604 2019 917 2100 ὑφειμένὸν,
968 2038 1195 2104 γενητὸν
1245 2039 1419 2106 δήπου
1471 2037 1564 2090 καὶ
1626 2038 1867 2090 κτιστύν.

300 2133 482 2186 Ἐπει
510 2151 644 2188 κατα
669 2146 760 2184 τον
780 2129 936 2194 ἅγιον
967 2126 1282 2196 Ἐπιφάνιον
1311 2128 1368 2178 ἐν
1385 2116 1461 2194 τῷ
1491 2124 1634 2176 κατὰ
1661 2122 1870 2176 ’Δετίου

282 2225 460 2294 λόγῳ
509 2223 695 2287 αὑτοῦ,
752 2221 862 2275 Ἕν
908 2220 1041 2274 ἐστι
1089 2218 1158 2272 τὸ
1206 2217 1423 2270 ποιοῦν
1461 2217 1529 2269 ἐν
1552 2213 1660 2284 μιᾷ
1689 2216 1872 2281 οὐσία

290 2315 567 2385 ΐριάὅος
607 2316 842 2379 τελείας
863 2331 879 2343 ·
902 2313 975 2367 τὰ
1013 2311 1066 2365 δ’
1101 2311 1262 2366 ἄλλα
1300 2308 1497 2363 πάντα
1525 2305 1743 2378 γενητὰ
1772 2306 1872 2359 καὶ

285 2408 548 2462 auaui.
579 2410 674 2460 Διὰ
707 2403 867 2460 τοῦτο
898 2404 990 2458 καὶ
1019 2391 1178 2458 abaci.
1211 2404 1271 2456 οὐ
1315 2399 1730 2474 προσκυνοῦμεν
1762 2401 1874 2453 πᾶν

284 2501 358 2553 τὸ
391 2499 743 2568 ὑποϐεϐηκὸς
774 2497 871 2567 τὴν
893 2495 986 2550 τοῦ
1017 2496 1150 2548 Θεοῦ
1173 2483 1380 2548 οὐσίαν*
1414 2494 1507 2548 καὶ
1536 2492 1610 2557 ὡς
1639 2495 1666 2546 6
1700 2487 1874 2560 μέγας

288 2594 410 2659 ἔφη
455 2589 725 2652 Βασίλειος
754 2590 812 2642 ἐν
841 2591 955 2650 τοῖς
999 2588 1452 2658 ’Δντιρῤητικοῖς,
1481 2581 1557 2640 Τὰ
1575 2585 1728 2654 μετὰ
1767 2587 1874 2638 τὸν

181 2675 195 2694 ⁸
289 2680 468 2736 Θεὸν
493 2681 785 2749 κτίσματα
813 2679 911 2733 καί
944 2678 1245 2746 όμόδουλα
1269 2676 1435 2744 ἡμῖν.
1483 2676 1706 2746 ’Δληθὲς
1743 2675 1872 2745 μέν-

291 2790 387 2826 τοι
430 2771 508 2834 ὡς
546 2774 638 2826 καὶ
672 2773 706 2841 ἡ
735 2771 892 2824 οὐσία
923 2770 1015 2823 τὸν
1044 2768 1206 2822 αὐτὸν
1231 2771 1296 2838 τῇ
1347 2768 1599 2840 ἐνεργείᾳ
1629 2768 1875 2838 ἐπιδέχε-

291 2883 396 2917 ται
441 2864 620 2931 λόγον,
643 2863 716 2926 ὡς
741 2865 792 2916 οἱ
823 2862 971 2932 ἅγιοι
998 2860 1319 2931 διορίζονται
1343 2877 1358 2891 ·
1391 2861 1500 2916 Kal
1529 2862 1637 2915 τὸν
1690 2862 1878 2931 λόγον

290 2957 480 3019 ὅστις
503 2955 636 3008 ποτ’
652 2954 824 3008 ἐστιν
847 2954 1207 3024 ἀγνοοῦμεν,
1231 2951 1497 3008 ἁλλόὖν
1515 2952 1589 3008 δι’
1610 2953 1873 3008 ἑκάστου

295 3046 433 3100 τῶν
480 3043 790 3114 ὀνομάτων
803 3043 1003 3099 ἀὐτόν
1031 3033 1199 3110 ὅλον,
1249 3043 1281 3096 ὅ
1316 3045 1372 3098 τί
1404 3045 1536 3097 ποτ’
1568 3043 1720 3107 ἐστι,
1762 3060 1874 3112 σηο

290 3136 627 3206 μαίνομεν.
671 3127 741 3189 Τό
780 3132 900 3203 φῶς
941 3135 1070 3202 γὰρ,
1121 3135 1308 3202 φησιν,
1357 3133 1543 3186 αὐτόν
1579 3133 1873 3202 τιθέμεθα,

1973 2055 2097 2094 cum
2149 2043 2382 2097 essentia
2434 2043 2695 2098 rationem
2727 2043 2862 2110 fore,
2914 2060 3180 2114 nunquam
3214 2060 3435 2116 prorsus
3458 2046 3538 2102 si-

1973 2141 2081 2188 net.
2120 2132 2269 2199 Quod
2318 2135 2460 2188 enim
2498 2135 2589 2189 Dei
2636 2137 2872 2190 essentia
2919 2135 3146 2191 inferius
3171 2148 3276 2202 est,
3339 2137 3536 2193 nedum

1973 2224 2116 2291 quod
2154 2222 2409 2278 inlinities
2432 2223 2769 2280 inﬁnite-est
2805 2224 3037 2280 inferius
3061 2262 3078 2288 ,
3117 2225 3316 2280 factmn
3351 2227 3538 2296 utique

1975 2330 2039 2370 ac
2066 2326 2306 2371 crcatmn
2330 2327 2430 2371 est.
2459 2315 2527 2372 Ut
2564 2317 2712 2372 enim
2757 2326 2980 2372 sanctus
3007 2317 3343 2386 Epiphanius
3367 2357 3384 2381 ,
3411 2333 3539 2372 ora-

1976 2411 2121 2462 tione
2155 2409 2412 2462 advcrsns
2436 2408 2675 2472 Aetium,
2713 2418 2901 2462 auctor
2926 2418 3012 2464 est
3042 2427 3058 2463 :
3097 2408 3268 2470 Unum
3301 2420 3377 2476 est
3401 2411 3541 2481 quod

1975 2500 2102 2567 facit
2147 2517 2209 2554 ac
2247 2509 2389 2554 creat
2423 2502 2474 2554 in
2522 2517 2629 2554 una
2666 2501 2894 2555 essentia
2935 2501 3176 2571 perfecta:
3231 2502 3539 2570 Trinitatis,

1977 2593 2174 2660 reliqua
2209 2607 2325 2646 vero
2359 2592 2534 2644 omnia
2563 2579 2712 2659 factd
2725 2601 2844 2644 sunt
2879 2603 2924 2645 et
2953 2602 3152 2648 creata.
3176 2595 3538 2662 Quamobrem

1978 2699 2076 2737 nec
2120 2698 2218 2739 nos
2262 2683 2582 2748 adoramus,
2615 2684 2874 2754 quidquid
2911 2685 3000 2740 Dei
3046 2689 3280 2742 essentia
3314 2689 3542 2744 inferius

1975 2781 2082 2827 est.
2113 2774 2290 2843 Atque
2320 2782 2380 2828 ut
2415 2775 2551 2838 dixit
2582 2790 2810 2844 magnus
2843 2775 3075 2833 Basilius
3119 2778 3171 2832 in
3199 2778 3539 2836 Confutatio-

1981 2866 2138 2919 nibus
2181 2862 2345 2929 :Qua:
2375 2883 2406 2919 a
2444 2864 2549 2918 Deo
2587 2867 2817 2920 secunda
2864 2877 3026 2936 sunt,
3078 2882 3256 2924 creata
3306 2888 3370 2926 ae
3396 2873 3541 2927 nobis

1977 2972 2221 3010 conserva
2246 2966 2388 3010 sunt.
2426 2956 2588 3026 Atqui
2631 2973 2816 3012 verum
2868 2971 2948 3013 est
2976 2999 2991 3024 ,
3055 2962 3216 3016 etiam
3247 2965 3538 3019 essentiam

1976 3049 2222 3101 eamdem
2275 3063 2396 3101 cum
2454 3049 2768 3116 oneratione
2816 3051 3086 3106 rationem
3143 3054 3401 3124 recipere,
3464 3057 3542 3112 uti

1963 3131 2148 3192 'sancti
2181 3139 2440 3193 definiunt
2471 3158 2485 3191 :
2519 3141 2593 3192 Ac
2625 3141 2831 3211 quidem
2867 3145 3124 3198 nescimus
3146 3162 3389 3214 qmenam
3417 3158 3540 3203 tau-

291 3229 401 3280 καὶ
463 3225 580 3294 τὴν
629 3226 790 3294 ζωὴν
825 3225 938 3280 καῖ’
969 3227 1036 3280 τό
1093 3225 1342 3296 ἀγαθὸν,
1378 3224 1528 3278 ὅλον
1558 3225 1706 3293 ὅπερ
1736 3226 1869 3280 ἐστὶ

1979 3229 2095 3282 dem
2129 3231 2260 3283 ratio
2305 3231 2411 3294 sit,
2439 3232 2612 3300 ipsum
2663 3240 2838 3287 tamen
2878 3243 3045 3288 totum
3070 3272 3087 3298 ,
3123 3237 3220 3290 hoc
3252 3241 3393 3307 quod
3435 3251 3537 3304 est,

293 3317 463 3386 ὼὴν
483 3317 651 3382 ὅντα,
687 3318 784 3371 καὶ
821 3317 969 3371 ὅλον
993 3317 1141 3386 φῶς,
1168 3317 1264 3371 καὶ
1297 3317 1444 3370 ὅλον
1471 3317 1714 3386 ἀγαθόν.
1741 3319 1870 3382 Καί,

297 3411 377 3472 ὡς
413 3409 581 3462 πάλιν
632 3409 792 3471 αὐτὸς
833 3409 1008 3477 ἔλεγε,
1046 3408 1220 3465 Πᾶσα
1259 3407 1439 3463 είκὼν
1477 3410 1516 3476 ἢ
1548 3410 1784 3474 οὐσίας,
1833 3409 1873 3479 ἢ

295 3498 571 3568 μορφῆς,
607 3498 647 3566 ἡ
694 3499 1001 3568 χρώματός
1046 3498 1218 3552 ἐστιν
1269 3499 1464 3551 εἰκών·
1493 3499 1637 3564 Θεὸς
1681 3498 1751 3552 δὲ
1806 3499 1876 3552 ὲν

298 3589 510 3644 οὐδενί
541 3589 790 3652 τούτων,
817 3591 888 3643 ἐν
909 3590 976 3643 δὲ
1007 3591 1183 3658 οὐσίᾳ
1202 3589 1480 3660 μόνῃ.Ἐξ
1505 3585 1578 3644 ὧν
1605 3592 1696 3643 καὶ
1721 3591 1877 3661 δῆλον

298 3681 375 3742 ὡς
409 3678 539 3732 ὅταν
567 3680 848 3748 ἐνέργειαν
882 3681 1044 3734 αὑτὸν
1092 3679 1304 3750 φῶμεν,
1347 3681 1517 3749 αὐτὴν
1547 3681 1645 3751 τὴν
1688 3681 1876 3734 οὐσίαν

303 3770 475 3824 αὐτοῦ
509 3765 814 3839 τιθέμεθαο
847 3773 941 3825 καὶ
975 3773 1003 3825 ό
1041 3771 1207 3840 μόνην
1241 3771 1404 3826 αὑτὸν
1449 3771 1685 3843 είρηκὼς
1727 3771 1878 3840 ἐνέρ-

307 3882 496 3932 γειαν,
536 3863 713 3933 αὐτὴν
755 3864 926 3934 μόνην
962 3858 1058 3934 τὴν
1095 3863 1283 3916 οὐσίαν
1331 3864 1572 3934 ὲσήμανε
1601 3863 1876 3932 διαφόροις

308 3955 500 4027 μέντοι
554 3955 834 4024 ὀνόμασιν.
875 3955 1014 4008 Elea
1067 3947 1200 4023 γάρ,
1269 3957 1456 4024 φησὶν,
1511 3955 1732 4008 οὐσίαν
1789 3955 1874 4006 εί-

306 4061 549 4118 ιοιμεν,
597 4045 739 4111 ὅλος
772 4045 944 4098 ἐστιν
975 4044 1156 4098 οὐσία
1192 4043 1290 4096 καί
1310 4044 1504 4112 μόνον
1525 4059 1540 4074 ’
1575 4043 1692 4096 εἴτε
1729 4042 1868 4109 νόηο

310 4153 434 4201 σιν,
463 4136 614 4202 ὅλος
641 4133 772 4189 ἐστὶ
797 4137 1011 4202 νόησις
1039 4134 1135 4188 καὶ
1151 4135 1344 4204 μόνον
1365 4151 1380 4166 υ
1414 4135 1520 4187 εἴτ’
1547 4133 1870 4204 ἐνέργειαν,

310 4227 452 4294 ὅλος
472 4228 656 4282 ἐστίν
677 4226 947 4296 ἐνέργεια
975 4227 1072 4280 καί
1092 4229 1304 4296 μόνον,
1329 4225 1478 4280 διότι
1493 4227 1684 4296 μονάς
1705 4226 1876 4280 ἐστιν

312 4317 668 4390 ἀδιαίρετος,
715 4321 815 4374 καί
862 4318 1090 4388 ἀμερὴς
1141 4317 1241 4372 καὶ
1283 4315 1452 4386 ἁπλῆ
1476 4331 1492 4347 ·
1528 4317 1626 4371 καὶ
1663 4318 1762 4370 ἵνα
1786 4317 1873 4388 μὴ

315 4414 610 4468 σύνθετον
661 4412 730 4466 τὸ
757 4411 911 4480 ὑπὲρ
947 4411 1154 4466 πᾶσαν
1182 4411 1491 4476 ἁπλότητα
1517 4411 1738 4464 νοοῖτο.

1975 3320 2154 3388 quovis
2185 3321 2390 3375 nomine
2411 3322 2770 3390 designamus.
2794 3323 2987 3378 Lumen
3011 3327 3170 3391 enim,
3191 3327 3392 3397 inquit,
3417 3345 3540 3385 eum

1976 3410 2225 3471 dicimus,
2261 3422 2307 3464 et
2341 3415 2495 3465 ritum
2523 3425 2571 3466 et
2613 3413 2940 3478 bonitatem:
2972 3426 3138 3472 totum
3175 3421 3314 3490 quod
3337 3431 3437 3487 est,
3463 3425 3540 3478 vi-

1975 3509 2083 3553 tam
2103 3515 2122 3562 ;
2146 3509 2407 3570 totumque
2432 3502 2605 3556 tanien
2626 3515 2674 3557 et
2693 3515 2858 3558 totum
2883 3506 3297 3580 bonum.Atque,
3322 3523 3379 3565 ut
3397 3514 3538 3570 idem

1977 3591 2090 3658 ipse
2106 3591 2280 3645 aiebat
2297 3610 2310 3646 :
2331 3590 2512 3647 Omnis
2530 3595 2702 3664 imago
2718 3608 2807 3649 aut
2833 3601 3088 3666 essentne,
3115 3612 3208 3656 aut
3221 3605 3426 3674 formae,
3446 3617 3543 3662 aut

1978 3681 2169 3735 coloris
2203 3685 2374 3752 imago
2403 3692 2500 3749 est,
2532 3684 2672 3739 Deus
2711 3697 2890 3742 autem
2939 3691 2996 3744 in
3026 3693 3171 3746 nullo
3209 3696 3418 3760 horum.
3449 3700 3540 3754 sed

1975 3775 2031 3828 in
2052 3777 2276 3828 essentia
2319 3775 2647 3830 solummodo
2676 3787 2776 3833 est.
2805 3779 2878 3833 Es
2923 3784 3119 3850 quibus
3154 3786 3315 3840 etiam
3347 3789 3538 3858 liquet,

1973 3879 2095 3919 cum
2119 3866 2488 3932 operationem
2520 3881 2615 3921 seu
2636 3868 2888 3924 virtutem
2918 3882 3011 3926 aut
3031 3883 3212 3930 actum
3237 3893 3359 3932 eum
3389 3882 3540 3939 dise-

1976 3955 2169 4021 rimus,
2206 3956 2376 4024 ipsam
2417 3971 2518 4010 nos
2566 3956 2686 4026 ejus
2729 3961 3026 4016 essentiam
3061 3977 3306 4032 ponere;
3343 3984 3407 4024 ac
3445 3973 3540 4040 qui

1977 4046 2146 4099 solam
2197 4062 2320 4100 eum
2365 4047 2732 4116 operationem
2777 4065 2873 4105 seu
2929 4053 3187 4110 virtutem
3253 4073 3318 4114 ac
3356 4071 3540 4116 actum

1978 4125 2140 4202 dixit,
2172 4137 2343 4207 ipsum
2368 4138 2538 4198 solam
2577 4142 2896 4208 essentiam,
2940 4147 3153 4202 tatt‘ctsi
3189 4150 3418 4208 diversis
3447 4171 3544 4210 no-

1984 4230 2240 4294 minibus,
2281 4229 2417 4284 dixit
2449 4247 2463 4284 :
2498 4229 2618 4286 Sive
2667 4233 2827 4298 enim,
2859 4235 3064 4305 inquit,
3093 4244 3372 4299 essentiam
3395 4247 3544 4301 dixe-

1983 4321 2170 4385 rimus,
2220 4328 2360 4372 totus
2391 4321 2615 4374 essentia
2642 4331 2741 4386 est,
2788 4333 2838 4377 et
2869 4326 3076 4391 solum;
3106 4329 3212 4385 sive
3238 4331 3545 4402 intelligen-

1990 4413 2142 4478 tiam,
2167 4419 2304 4465 totus
2342 4419 2418 4464 est
2449 4411 2816 4481 intelligentia,
2853 4422 2904 4468 et
2932 4415 3134 4480 solum;
3154 4418 3261 4473 sine
3283 4425 3544 4489 operatio-

316 4523 441 4571 ιιι-ι,
480 4509 626 4558 totus
659 4515 734 4559 est
762 4504 996 4572 operatio
1021 4542 1038 4568 ,
1087 4513 1136 4556 et
1177 4502 1387 4565 solum;
1415 4517 1474 4554 eo
1504 4501 1641 4570 quod
1684 4519 1867 4558 manas
1905 4513 1980 4557 est
2011 4503 2262 4568 indivisa,
2313 4501 2577 4572 nullisque
2625 4506 2868 4572 partibus
2943 4521 3005 4560 ac
3038 4509 3290 4576 simplex;
3361 4530 3424 4566 ue
3482 4533 3544 4570 ne

318 4603 656 4663 compositum
690 4595 1018 4667 intelligatur
1041 4637 1055 4660 ,
1084 4597 1224 4663 quod
1259 4613 1464 4650 omnem
1497 4597 1697 4651 excedit
1741 4598 2157 4668 simplicitatem.

381 4694 539 4748 Οὕτω
570 4694 666 4746 καὶ
710 4695 738 4745 6
773 4692 914 4755 θεῖος
950 4685 1216 4761 Κύριλλος
1253 4691 1310 4743 ὲν
1343 4688 1385 4757 β’
1413 4690 1523 4742 τῶν
1570 4690 1706 4760 πρὸς
1746 4691 1874 4758 Ἐρ-

2055 4690 2146 4746 Sic
2193 4700 2246 4744 et
2299 4691 2489 4746 beatus
2559 4691 2790 4762 Cyrillus
2842 4695 3078 4751 secundo
3097 4697 3166 4751 ad
3237 4699 3542 4758 Hermeiam

319 4788 489 4854 μεὶαν
520 4787 684 4852 φησὶ,
731 4783 920 4846 Φύσις
951 4781 1064 4850 μὲν
1098 4781 1341 4847 Θεότητι
1397 4781 1501 4848 μία
1529 4780 1627 4833 καί
1669 4778 1832 4847 ἁπλῆ
1859 4796 1874 4811 ο

325 4877 513 4943 φαμὲν
541 4873 608 4926 δὲ
646 4872 845 4939 αὐτὴν
872 4867 1024 4925 εἶναι
1057 4867 1212 4936 ζωὴν
1245 4868 1342 4922 καὶ
1365 4865 1623 4936 δύναμιν
1651 4867 1747 4921 καὶ
1769 4883 1879 4921 σο-

323 4965 460 5034 ;lar
497 4966 597 5018 καί
630 4963 846 5028 δόξαν.
888 4963 1051 5014 Ὥστε
1081 4960 1140 5012 τὸ
1167 4959 1300 5012 αὐτὸ
1325 4948 1596 5028 διαφόρως
1623 4956 1880 5026 ὀνομάξε-

325 5073 408 5110 ται
436 5058 580 5110 κατὰ
602 5056 890 5126 διαφόρους
938 5051 1206 5112 ἐπινοίας.
1238 5051 1408 5102 Τοῦτο
1456 5050 1753 5118 παρίστησι
1786 5048 1882 5102 καὶ

329 5150 354 5198 6
402 5151 573 5216 μάτας
613 5145 918 5208 Βασὶλειος,
973 5142 1110 5214 πρὸς
1169 5142 1468 5195 Εὑστὰθιον
1527 5139 1878 5193 ἐπιστέλλων.

332 5241 457 5307 Φησὶ
502 5241 633 5308 γὰρ,
667 5239 868 5291 Πάντα
901 5237 970 5289 τὰ
1021 5233 1319 5302 θεοπροαῆ
1368 5231 1637 5300 νοήματα
1680 5249 1743 5284 τε
1779 5231 1878 5285 καὶ

333 5333 586 5399 (νάματα
620 5331 710 5398 ἐφ’
747 5328 818 5381 ἓν
854 5327 1251 5394 ὑποκείμενον
1271 5323 1610 5392 χειραγωγεῖ
1634 5322 1748 5390 τὴν
1768 5321 1887 5374 διὰ-

334 5437 515 5475 νοιον.
557 5419 712 5486 σὺδᾴ
741 5421 850 5490 γὰρ
892 5419 985 5472 ἐπ’
1015 5418 1168 5471 ἄλλο
1202 5423 1254 5468 τι
1299 5415 1743 5482 σημαινόμενον
1772 5412 1877 5482 φέ-

326 5532 416 5581 pst
445 5515 482 5582 ἡ
524 5513 628 5567 τοῦ
653 5511 875 5581 ἀγαθοῦ
899 5507 1289 5576 προσηγορία,
1319 5504 1411 5558 ἐπ’
1437 5505 1591 5556 ἄλλο
1617 5503 1684 5556 δὲ
1714 5505 1750 5571 ἡ
1776 5505 1882 5558 τοῦ

1980 4783 2111 4836 dicit
2143 4799 2158 4836 :
2192 4781 2284 4836 Est
2313 4785 2519 4849 quidem
2564 4783 2790 4838 Deitatis
2825 4796 3017 4840 natura
3075 4804 3182 4843 sana
3207 4803 3256 4844 et
3287 4794 3507 4861 simplex
3527 4835 3543 4858 ,

1977 4872 2200 4926 dicimus
2245 4884 2422 4927 autem
2465 4878 2701 4929 eamdem
2754 4893 2865 4930 ess:
2917 4880 3083 4932 vitam
3133 4889 3184 4933 et
3217 4883 3460 4937 uirtutem
3491 4897 3545 4938 et

1979 4962 2295 5028 sapientiam
2325 4971 2374 5016 et
2403 4962 2625 5030 gloriam
2657 4981 2746 5016 seu
2778 4965 3128 5032 majestatent.
3182 4967 3542 5033 Quamobrem

1985 5053 2126 5107 idem
2177 5054 2543 5108 diversimode
2603 5055 2934 5121 nominatur,
2967 5061 3264 5114 secundum
3302 5063 3544 5117 diversos

1989 5157 2277 5220 conceptus
2307 5154 2360 5198 ct
2405 5146 2660 5199 rationes.
2695 5147 2945 5202 Ostendit
2982 5159 3037 5203 et
3063 5163 3286 5220 Inagnns
3315 5153 3545 5210 Basilius

1991 5236 2234 5290 scribens
2268 5243 2334 5288 ad
2381 5235 2741 5290 Eustatltium.
2778 5240 2864 5292 Ait
2901 5241 3043 5294 enim
3096 5259 3110 5294 :
3166 5243 3340 5296 Disini
3368 5262 3545 5303 omnes

1990 5337 2098 5376 tum
2131 5341 2402 5392 conceptus
2425 5337 2531 5378 tum
2559 5329 2791 5390 nomina,
2827 5333 2895 5383 ad
2919 5346 3076 5383 unum
3107 5334 3270 5400 subjet
3290 5337 3548 5390 (uniani-

1989 5429 2128 5468 mum
2174 5417 2392 5468 ducunt.
2443 5413 2552 5470 Nec
2603 5420 2740 5470 enim
2794 5423 2912 5473 boni
2950 5424 3157 5490 appella
3184 5426 3235 5476 io
3274 5429 3344 5478 ad
3397 5431 3549 5480 aliud

1987 5506 2266 5573 quodpiam
2303 5507 2658 5575 signi/iculum
2709 5509 2828 5576 fert,
2857 5513 2924 5562 ad
2974 5513 3121 5565 aliud
3152 5531 3269 5567 vero
3297 5519 3552 5585 sapientis

335 5606 528 5676 σοροῦ
560 5606 665 5660 και
697 5603 802 5656 τοῦ
845 5597 1118 5653 δυνατοῦ
1145 5598 1241 5650 καὶ
1284 5595 1390 5648 τοῦ
1423 5595 1656 5648 δικαίου
1683 5607 1698 5626 ⁶
1745 5595 1874 5648 ἀλλ’

1978 5609 2008 5653 et
2068 5601 2301 5667 potentis
2359 5609 2410 5652 et
2455 5600 2598 5668 justi
2641 5603 3009 5671 nuncupatio;
3065 5618 3244 5658 verum
3295 5607 3552 5675 quidquid

339 5698 472 5768 ὅπερ
497 5697 574 5751 ἂν
599 5687 812 5758 εἴποις,
843 5691 913 5744 ἐν
947 5690 1080 5744 ἐστι
1109 5687 1207 5741 διὰ
1235 5686 1473 5738 πάντων
1507 5684 1574 5737 τὸ
1598 5687 1874 5755 σημαινό-

1978 5695 2188 5762 timeris,
2241 5711 2402 5747 unum
2464 5695 2516 5747 in
2575 5697 2816 5751 ontnibus
2891 5697 3256 5768 signiﬁcatum
3315 5701 3550 5756 exsistit.

661 5796 928 5851 t’naoa.
961 5787 1079 5846 Gn.
1114 5782 1291 5844 CLll.

3193 5794 3267 5852 12
