3942 6200
273 305 364 369 365

1263 303 1362 366 DE
1398 300 1776 366 ESSENTIA
1819 298 1915 358 ET
1951 296 2454 359 OPERATIONE.

3374 304 3481 367 356

272 418 354 473 alt‘
376 415 457 468 οὖν
504 414 732 485 ὁρισμὸς
780 413 1037 484 διάφορος
1063 431 1075 445 ·
1111 415 1253 470 κατά
1284 415 1341 469 δὲ
1377 415 1439 467 τὸ
1481 414 1713 484 πρᾶγμα
1743 410 1804 462 τὸ

1922 425 1997 464 seu
2027 409 2287 478 polentia,
2343 409 2485 462 altnd
2537 419 2702 476 atque
2754 406 2899 464 aliud
2923 416 3071 464 sunt.
3107 407 3310 466 ﬂorum
3335 415 3484 470 enim

273 506 385 569 αὐτὸ
411 507 587 560 ἐστιν·
623 505 815 576 ὥσπερ
842 506 870 560 δ
911 506 1113 568 κόκκος
1140 505 1236 559 τοῦ
1268 505 1418 559 σίτου
1457 506 1677 572 λέγεται
1713 504 1808 556 καὶ

271 598 368 653 ἐστι
395 597 608 668 σπέρμα
641 599 736 651 καὶ
764 599 980 667 καρπὸς
1003 642 1017 667 ,
1052 601 1146 652 καὶ
1173 598 1365 668 ῶσπερ
1391 597 1453 650 τδ
1496 597 1720 666 σημεῖον
1751 596 1808 646 ἑν

273 693 324 759 τῇ
345 691 562 760 γραμμῇ
589 691 685 741 καὶ
715 689 861 760 ἀρχὴ
905 691 998 743 καὶ
1045 690 1200 754 τέλος
1227 689 1444 758 λέγεται
1471 725 1489 752 ,
1531 686 1676 757 ἀρχὴ
1709 683 1806 755 μὲν

272 782 346 836 τοῦ
371 781 648 851 ἑπομένου,
676 783 831 847 τέλος
857 783 915 838 δὲ
945 781 1040 837 τοῦ
1076 781 1518 854 προηγουμένου.
1569 779 1649 850 Τῇ
1675 777 1808 847 γοῦν

273 875 445 943 στιγμῇ
476 873 536 927 τδ
565 874 719 936 τέλος
749 878 844 930 καὶ
877 876 912 944 ὴ
947 875 1094 945 ἀρχὴ
1122 873 1432 929 ἀποδίδοται
1457 871 1597 925 κατὰ
1624 869 1810 938 διάςρο⁴

274 986 349 1038 ρον
373 967 518 1034 λόγον
573 968 669 1020 καὶ
715 967 1010 1038 διαφόρους
1041 967 1287 1030 ἐπινοίας
1311 983 1326 996 ·
1351 966 1452 1020 οὐκ
1480 964 1595 1020 ἔστι
1622 963 1723 1033 μὲν
1747 963 1806 1016 τὸ

272 1059 396 1122 τέλος
416 1059 510 1112 καὶ
544 1059 578 1128 η
604 1060 748 1130 ἀρχὴ
771 1059 1010 1130 διάφορα
1041 1061 1368 1130 πράγματα,
1394 1058 1454 1111 τὸ
1479 1057 1525 1112 δ’
1555 1056 1688 1110 αὐτὸ
1713 1056 1808 1110 καὶ

272 1150 319 1202 ὲν
349 1150 673 1218 ἀμφοτέροις
721 1151 1011 1205 ὑπόκειται
1047 1153 1303 1222 πρᾶγμα,
1353 1151 1386 1220 ἡ
1423 1149 1651 1219 στιγμή.
1685 1145 1810 1200 Ἔτι

173 1276 184 1294 .
269 1257 314 1292 τε
343 1239 450 1292 οὐδὲ
491 1241 526 1309 ἡ
577 1239 860 1312 ἀποδημία
906 1241 1000 1295 καὶ
1032 1241 1297 1312 ἐπιδημία
1351 1241 1654 1311 πράγματα
1698 1237 1812 1291 διά-

267 1350 382 1401 φορα
405 1347 420 1362 ο
455 1333 672 1403 κὲνησις
703 1334 813 1403 γάρ
851 1336 884 1404 ἠ
912 1334 1054 1404 αὑτὴ
1083 1333 1225 1387 κατά
1257 1333 1322 1387 τὸ
1345 1334 1582 1402 πρᾶγμα
1613 1333 1672 1384 ἔν
1697 1332 1830 1400 ἀμ--

269 1429 370 1493 φοῑν
391 1441 405 1458 ο
441 1427 590 1498 λόγῳ
623 1427 678 1480 δὲ
719 1426 1040 1498 διαψὲρουσι
1073 1425 1256 1498 μόνον,
1299 1423 1443 1479 κατά
1474 1422 1676 1487 ταύτας
1706 1423 1804 1484 τάς

265 1517 462 1582 ἑννοίας.

324 1696 418 1750 Καὶ
439 1697 467 1749 ό
495 1696 654 1764 ἅγιος
687 1696 956 1768 Κύριλλος
985 1697 1042 1750 ὲν
1079 1697 1123 1767 β’
1152 1697 1263 1750 τῶν
1285 1698 1620 1768 Θησαυρῶν
1656 1700 1812 1772 εἴρη-

1906 501 2170 570 cujusque
2199 501 2451 554 distincta
2476 499 2799 569 diversaque
2829 503 2968 556 ratio
2996 510 3102 565 est.
3134 503 3248 558 sive
3293 505 3487 564 delini-

1909 592 2003 656 tio,
2052 591 2349 646 secundum
2388 605 2500 645 rem
2525 604 2650 646 vero
2710 591 2852 646 idem
2883 601 3034 647 sunt.
3065 591 3226 648 Velut
3259 611 3484 663 granum
3546 661 3551 672 ι

1909 680 2069 734 tritici
2105 680 2304 734 dicitur
2329 689 2490 750 atque
2537 692 2624 736 est
2669 697 2853 736 semen
2883 692 2938 736 et
2966 683 3199 749 fructus,
3251 695 3309 740 ct
3347 689 3489 742 sicut
3535 688 3552 743 ,ἔ

1910 780 2170 839 punctum
2210 771 2262 824 in
2297 771 2460 836 linea,
2490 780 2545 826 et
2580 771 2790 826 initium
2837 782 3062 828 vocatur
3083 785 3136 828 et
3168 775 3326 843 linis;
3369 777 3486 833 ini-

1911 860 2044 914 tium
2070 862 2288 931 quidem
2335 864 2634 932 sequentis,
2669 863 2792 918 linis
2819 878 2945 920 vero
2989 865 3109 935 ejus
3136 867 3279 936 quod
3329 877 3486 925 ante-
3574 929 3576 931 ,

1907 952 2074 1007 cedit.
2132 951 2340 1008 Puncto
2394 955 2557 1024 igitur
2603 963 2659 1011 et
2704 955 2917 1012 initium
2969 967 3025 1013 et
3054 958 3175 1014 linis
3232 960 3488 1016 tribuitur

1909 1043 2206 1099 secundum
2235 1043 2502 1100 diversam
2529 1047 2817 1113 rationem,
2848 1059 3012 1118 atque
3035 1050 3328 1106 distinctos
3359 1052 3489 1107 sub-

1911 1132 2033 1186 tiles
2065 1133 2355 1204 cogitatus.
2411 1133 2525 1191 Non
2557 1146 2732 1192 tamen
2767 1140 2975 1195 initium
3006 1152 3059 1198 et
3086 1143 3207 1199 linis
3239 1157 3368 1200 sunt
3407 1148 3490 1201 di-

1910 1239 2079 1279 versae
2126 1240 2232 1288 res,
2263 1225 2358 1281 sed
2381 1227 2596 1297 utrique
2623 1244 2730 1284 una
2784 1233 3081 1302 eademque
3113 1250 3198 1292 res
3245 1237 3489 1308 subjecta

1909 1325 2016 1381 est,
2068 1333 2259 1388 nempe
2308 1329 2592 1389 punctum.
2645 1324 2724 1377 Ad
2762 1325 3094 1392 tuccetiam
3149 1343 3405 1386 accessus
3437 1343 3494 1387 et

1911 1421 2160 1463 recessus
2208 1424 2314 1464 non
2371 1423 2498 1465 sunt
2547 1428 2635 1468 res
2662 1415 2930 1471 diversae:
2967 1417 3105 1472 idem
3137 1419 3281 1474 enim
3315 1423 3491 1492 reipsa

1911 1497 1966 1552 in
2000 1507 2228 1568 utroque
2250 1512 2424 1557 motus
2454 1514 2536 1557 est
2565 1521 2578 1558 :
2609 1505 2699 1560 sed
2723 1506 3128 1575 distinguuntur
3144 1511 3259 1565 sola
3285 1513 3495 1568 ratione

1913 1591 2207 1646 secundum
2241 1593 2336 1648 has
2361 1596 2848 1654 considerationes.

1986 1679 2218 1736 Sanctus
2232 1699 2448 1753 quoque
2467 1687 2702 1756 Cyrillus
2732 1688 2785 1742 in
2813 1691 3050 1745 secundo
3101 1691 3491 1748 Thesaurorum

265 1806 362 1852 κεν,
405 1746 566 1854 Ἔχει
607 1746 675 1841 ea
705 1746 1000 1858 ratirati-vd
1053 1746 1256 1858 ἧατήρ
1323 1746 1629 1858 ςάυσιθῖῶῳ
1685 1746 1812 1862 ἕὲίει

1922 1773 2051 1827 ιΙίιίι
2085 1792 2098 1827 :
2129 1746 2300 1830 liabet
2339 1746 2394 1828 ut
2422 1746 2599 1847 gignat
2618 1778 2780 1834 Pater
2805 1791 3035 1849 natura;
3075 1746 3491 1841 habet

263 1883 344 1936 ml
395 1883 455 1937 τὸ
487 1882 709 1944 κτίζειν
754 1881 1192 1952 δημιουργικῶς
1232 1883 1308 1936 δι’
1360 1883 1531 1937 Υίοῦο
1585 1884 1688 1938 καί
1739 1887 1813 1940 οὐ

263 1975 399 2042 παρὰ
425 1975 604 2030 τοῦτο
638 1976 934 2040 σύνθετός
961 1974 1092 2028 ἐστι
1113 1991 1128 2004 ·
1148 1992 1294 2044 μιας
1330 1974 1440 2044 γὰρ
1471 1975 1714 2044 φύσεως
1743 1979 1814 2031 τὰ

263 2066 476 2121 τοιαῦτα
529 2069 786 2134 καρπός.
835 2067 1004 2120 Πάλιν
1043 2067 1071 2118 ό
1121 2066 1305 2132 αὐτὸς,
1359 2067 1430 2120 Τὸ
1475 2065 1588 2136 μὲν
1620 2066 1815 2121 ποιεῖν

262 2159 541 2226 ἐνεργείας
580 2158 748 2213 ἐστί’
789 2157 1032 2227 φύσεως
1053 2157 1122 2210 δὲ
1150 2157 1215 2210 τὸ
1249 2158 1493 2226 γεννᾷν.
1536 2157 1816 2222 Ὡσαύτως

263 2251 340 2300 καὶ
360 2252 386 2302 ό
422 2249 794 2320 Δαμασκηνὸς
823 2248 951 2322 ἔφη⁹
989 2249 1204 2316 Ἔργον
1226 2248 1346 2317 μὲν
1374 2248 1539 2314 θείας
1572 2248 1815 2317 φύσεως

261 2342 294 2406 ἡ
334 2342 687 2409 προαιὼνιος
743 2341 1032 2410 γέννησις
1052 2356 1068 2370 ο
1103 2339 1285 2409 ἔργον
1329 2338 1400 2393 δὲ
1434 2339 1599 2406 θείας
1631 2338 1813 2407 θελή-

261 2448 395 2497 ςεως
429 2434 466 2501 ἡ
505 2420 734 2496 κτίσις.

323 2522 432 2573 Ἐτι
459 2523 545 2586 δὲ,
589 2521 660 2579 ὡς
685 2521 798 2590 ἔχει
833 2521 894 2574 τὸ
927 2521 1026 2592 τῆς
1053 2521 1280 2592 Γραφῆς
1305 2522 1506 2585 ἐκεῖνο,
1557 2521 1622 2575 '0
1661 2539 1814 2577 τετο-

263 2613 362 2678 κὼς
378 2612 626 2680 ,βώλους
655 2614 903 2681 δρόσου,
923 2613 1022 2684 οὐχ
1050 2613 1249 2684 ὁμοίως
1281 2612 1380 2676 τάς
1404 2631 1464 2666 τε
1493 2613 1697 2685 βώλους
1723 2615 1817 2669 καὶ

262 2707 338 2758 τὶν
366 2707 489 2759 Υῑδν
520 2707 900 2775 ὑπεστήσατο.
935 2705 1224 2777 ’Υφίστησι
1258 2707 1355 2778 μὶν
1381 2705 1492 2778 γὰρ
1516 2706 1546 2759 δ
1567 2706 1700 2771 Θεὸς
1723 2708 1816 2761 καὶ

262 2797 428 2868 Πατὴρ
457 2799 555 2851 τὸν
584 2798 736 2858 Υίὺν,
765 2797 1042 2869 ὑπέστησε
1077 2800 1173 2851 καὶ
1214 2799 1280 2852 τὰ
1314 2799 1610 2868 κτίσματα.
1658 2799 1815 2852 Κατὰ

259 2891 352 2959 γὰρ
379 2891 467 2943 τὸν
499 2890 685 2961 μέγαν
717 2889 1239 2948 ’Δθανάσιον,Αἱτία
1257 2891 1428 2946 ἐστίν
1457 2891 1495 2959 ἠ
1526 2893 1634 2947 τοῦ
1667 2893 1815 2947 Θεοῦ

260 2980 426 3047 φύσις
473 2979 594 3034 τοῦ
643 2979 782 3033 me
835 2980 934 3033 καὶ
978 2979 1086 3034 τοῦ
1140 2981 1507 3050 Πνεύματος,
1569 2979 1666 3034 καί
1705 2980 1817 3048 τῆς

1915 1874 2052 1918 creet
2087 1868 2374 1921 conditoris
2409 1870 2668 1938 patentia,
2707 1887 2800 1941 per
2825 1871 3176 1942 Filium;nec
3217 1889 3493 1948 propterea

1919 1963 2238 2023 compositus
2287 1970 2530 2026 est;sunt
2582 1965 2718 2016 enim
2751 1964 2959 2034 {ructus
2988 1966 3224 2037 ejusdem
3256 1980 3487 2027 natura.

1917 2048 2056 2105 Idem
2080 2066 2284 2108 rursus:
2308 2050 2508 2108 Facere
2523 2055 2730 2124 quidem
2749 2074 2810 2110 ac
2823 2075 3002 2114 creare
3043 2063 3357 2132 operationis
3376 2074 3491 2131 est;

1913 2158 2162 2216 generare
2209 2153 2406 2208 autem,
2454 2157 2682 2202 natum.
2736 2147 3003 2206 Similiter
3028 2167 3246 2222 quoque
3297 2155 3492 2211 Dama-

1917 2249 2112 2289 scenus
2186 2234 2262 2289 ait
2299 2251 2318 2289 :
2358 2233 2558 2290 Divina’
2582 2247 2790 2292 natura
2817 2255 2969 2310 opus,
3004 2245 3212 2299 sarculis
3256 2247 3493 2302 anterior

1915 2335 2204 2396 generalia,
2251 2342 2381 2394 opus
2427 2344 2544 2382 vero
2604 2330 2796 2385 divina:
2831 2333 3121 2390 t'aluntatis
3174 2353 3236 2391 ac
3255 2340 3489 2404 consilii,

1915 2421 2138 2473 (rentia.

1987 2512 2066 2565 Ad
2117 2513 2258 2577 tunc,
2313 2513 2455 2569 sicut
2501 2515 2664 2571 liabet
2693 2516 2789 2586 ille
2831 2517 3122 2590 Scriptura:
3150 2523 3302 2581 locus
3345 2528 3492 2593 :Qui

1915 2611 2090 2678 genuit
2137 2609 2313 2680 glebas
2382 2611 2518 2666 roris
2578 2613 2645 2674 ",
2683 2629 2786 2668 non
2849 2617 3036 2672 eadem
3095 2619 3301 2675 ratione
3366 2632 3478 2678 tum

1915 2700 2120 2768 glebas,
2156 2710 2268 2756 tum
2299 2701 2490 2756 Filium
2541 2705 2815 2773 produsil.
2845 2706 3102 2764 Producit
3150 2711 3296 2767 enim
3351 2715 3491 2771 Deus

1915 2803 1972 2848 et
2015 2791 2174 2848 Pater
2219 2790 2418 2848 Filium
2463 2833 2478 2857 ,
2529 2797 2778 2865 producit
2825 2814 2957 2854 vero
2998 2802 3160 2858 etiam
3190 2814 3488 2863 creaturas.

1914 2881 1986 2938 Ut
2011 2883 2152 2937 enim
2173 2883 2330 2938 docet
2363 2901 2587 2954 magnus
2610 2887 2936 2944 Athanasius
2956 2909 2970 2944 :
2989 2889 3162 2946 Causa
3181 2905 3256 2949 est
3281 2895 3375 2950 Dei
3398 2915 3493 2952 na-

1918 2978 2038 3028 tura
2075 2973 2227 3037 Filii,
2243 2973 2473 3046 Spiritus
2499 2994 2560 3031 ac
2579 2980 2749 3033 omnis
2777 2991 3054 3037 creaturas.
3075 2985 3142 3038 At
3159 2984 3352 3040 Filium
3370 2990 3491 3058 qui-

258 3075 490 3139 κτίσεως
511 3072 792 3139 ἁπάσης.
846 3073 1297 3143 Ἀλλά·δηλονότι
1319 3073 1412 3126 τδν
1446 3073 1546 3140 μὲν
1575 3073 1815 3143 ἀχρόνως

1923 3065 2044 3142 dem
2077 3065 2194 3120 sine
2213 3075 2452 3137 tempore
2470 3077 2522 3121 et
2545 3081 2812 3125 coaeternn
2835 3073 2996 3142 inque
3011 3065 3195 3129 eadem
3217 3087 3409 3133 natura
3426 3095 3491 3136 ex

258 3166 342 3216 καὶ
382 3165 724 3234 συνωνύμως
763 3164 822 3228 ἐξ
858 3163 1053 3218 ἑαυτοῦ
1087 3166 1290 3236 γεννᾷο
1323 3163 1391 3218 τά
1429 3163 1486 3218 δὲ
1534 3165 1595 3218 ὲν
1642 3165 1822 3234 χρόνῳ

258 3256 341 3309 καὶ
377 3259 698 3326 ὁμωνύμως
723 3256 819 3309 καὶ
852 3255 1289 3325 δημιουργικῶς,
1324 3256 1420 3309 καὶ
1469 3256 1575 3320 ἔξω
1618 3254 1819 3309 ἑαυτοῦ

261 3351 564 3414 παρήγαγε.
602 3345 774 3414 Δῆλον
804 3347 860 3399 δὲ
893 3347 990 3400 καὶ
1019 3349 1085 3400 ἐκ
1110 3346 1218 3400 τῶν
1247 3347 1342 3400 τοῦ
1375 3346 1536 3416 ἁγίου
1565 3343 1820 3415 Μαξίμου

259 3435 322 3500 ὡς
357 3439 531 3501 ἄλλως
565 3442 668 3492 καὶ
696 3440 870 3502 ἄλλως
897 3440 967 3493 τά
1012 3440 1232 3493 αίτιατὰ
1263 3441 1328 3492 ὲκ
1369 3438 1466 3492 τοῦ
1495 3438 1632 3491 θεοῦ
1660 3440 1818 3502 εἰσιν,

260 3529 343 3581 οὐκ
384 3530 529 3599 ἀλλῳ
563 3533 668 3584 καὶ⁵
701 3531 867 3601 ἀλλῳ.
903 3531 978 3584 Οὐ
1003 3532 1134 3602 γὰρ,
1179 3531 1274 3584 καὶ
1321 3531 1468 3612 aut,»
1499 3532 1682 3602 γεννᾷ,
1727 3531 1821 3584 καὶ

257 3619 420 3684 ἀλλοις
448 3620 659 3685 κτίζει.
711 3620 823 3674 Kal.
849 3620 927 3684 ὠς
951 3621 981 3673 δ
1026 3621 1188 3684 αὑτός
1238 3637 1430 3690 φησιν,
1461 3620 1646 3685 Ὀλος
1691 3635 1822 3688 rer-

259 3707 385 3774 νῶν,
441 3712 543 3764 και
605 3712 750 3775 ὅλος
801 3710 1216 3781 δημιουργῶν·
1253 3714 1396 3767 ἀλλ’
1438 3715 1549 3782 οὐχ
1583 3713 1820 3780 ὁμοίως,

258 3800 378 3854 ἀλλ’
400 3803 548 3870 ὅλος
573 3802 833 3872 γεννῶν,
860 3803 943 3870 ὠς
974 3804 1110 3868 ὅλος
1142 3805 1325 3858 οὐσία
1344 3820 1359 3833 ⁸
1385 3804 1529 3869 ὅλος
1557 3804 1666 3874 γάρ
1689 3804 1822 3859 ἐστι

261 3894 390 3957 Θεὸς
418 3896 450 3948 ό
491 3897 636 3960 nec
663 3895 734 3957 ἐξ
761 3893 911 3947 ὅλου
933 3910 949 3928 ⁸
985 3894 1128 3960 ὅλος
1168 3895 1546 3965 δημιουργῶν
1570 3894 1650 3962 ὡς
1681 3896 1824 3962 ὅλος

260 3980 716 4049 ἀνθυπόστατος
766 3984 1068 4054 ἐνέργεια·
1118 3984 1216 4038 καί
1241 3985 1386 4050 ὅλος
1431 3985 1694 4054 cog/(tor
1725 3987 1823 4040 καὶ

259 4073 582 4143 ἀγαθύνων,
615 4075 699 4139 ὠς
730 4075 876 4142 ὅλος
906 4078 1095 4145 σοφία
1137 4077 1232 4130 καί
1267 4078 1564 4147 ἁγαθότης
1596 4079 1694 4132 καί
1723 4078 1823 4132 δύο

261 4179 452 4234 ναμιςο
485 4169 567 4232 ὡς
602 4169 704 4237 μὲν
729 4167 838 4239 γὰρ
863 4169 962 4231 τῆς
991 4167 1186 4220 ἑαυτοῦ
1219 4167 1437 4236 φύσεως
1472 4169 1822 4239 μεταδοτικὸς

259 4260 444 4326 γεννᾷο
472 4259 551 4324 ὡς
600 4258 660 4312 δὲ
695 4260 792 4329 τῆς
841 4257 1040 4312 ἑαυτοῦ
1072 4259 1391 4328 ὁμοιότητος
1433 4259 1576 4313 κατά
1622 4261 1822 4331 τέχνην

261 4346 615 4419 δημιουργεῖ·
652 4349 740 4402 ἴνα
788 4350 979 4418 μηδεὶς
1015 4349 1254 4419 μετοχῆς
1305 4351 1509 4418 τρόπος
1557 4352 1671 4423 ἀπῇ
1722 4352 1818 4405 τοῦ

263 4439 497 4506 ἐντελοῦς
527 4443 628 4496 καὶ
659 4440 868 4510 ἀγαθοῦ
901 4443 998 4493 καὶ
1021 4442 1196 4512 ἄκρου
1222 4455 1239 4472 ⁸
1267 4441 1377 4494 τῶν
1399 4441 1659 4496 τοιούτων
1685 4443 1816 4515 παρ’

265 4529 405 4595 ἡμῶν
462 4533 574 4600 μὲν
631 4531 793 4600 μόνον
834 4532 1244 4600 πιστευομένων
1273 4548 1287 4562 ο
1318 4532 1394 4594 ὡς
1422 4531 1538 4602 ἔχει
1566 4533 1622 4587 δὲ
1654 4535 1818 4605 ἀκριο

265 4620 380 4683 εῶς,
403 4623 540 4693 παρ’
569 4622 723 4692 αὐτῷ
755 4622 917 4691 μόνον
943 4622 1389 4692 γινωσκομένων.

321 4798 424 4851 Καὶ
453 4800 533 4861 ὡς
560 4797 623 4862 ἕξ
650 4797 912 4868 ἀμυδρῶν
941 4798 1172 4851 εἰκόνων
1213 4797 1306 4851 ἐπὶ
1337 4797 1440 4855 τὸν·
1473 4800 1689 4856 πάντων
1727 4803 1815 4855 al-

259 4901 361 4940 τιον
388 4889 720 4960 ἀναχθῆναι,
755 4888 940 4960 μικρῷ
976 4888 1208 4959 λόγῳτά
1240 4891 1452 4960 μεγάλα
1487 4892 1812 4962 σταομωμέ-

261 4993 392 5043 νους,
451 4979 646 5050 ὥσπερ
677 4980 748 5034 ἀν
804 4982 856 5034 si
899 4981 996 5034 καὶ
1022 4981 1242 5050 νοήσειέ
1282 4998 1370 5046 τις
1418 4983 1481 5036 ὲκ
1537 4981 1631 5036 τοῦ
1659 4984 1812 5053 ἡλίου

258 5067 405 5121 ἄλλον
433 5071 595 5141 ἣλιον
629 5072 912 5141 προϊόντα,
943 5072 1080 5143 ὁμοῦ
1111 5075 1180 5144 τῇ
1227 5073 1323 5126 τοῦ
1354 5074 1572 5144 πρώτου
1599 5075 1812 5146 ἐπινοίᾳ

258 5162 520 5229 γεννητῶς
578 5163 727 5232 αὐτῷ
762 5162 1236 5232 συνεκλάμποντα,
1288 5167 1383 5218 καὶ
1437 5166 1577 5219 κατᾶ
1634 5167 1814 5220 πάντα

258 5249 507 5314 ὡσαύτως
538 5252 733 5322 ἔχοντα
755 5269 768 5284 °
801 5255 898 5305 καὶ
920 5249 1079 5316 αὖθις
1106 5257 1188 5318 ei;
1211 5257 1307 5308 τὸν
1330 5258 1480 5326 ἥλιον
1504 5259 1813 5327 ἐννοήσειεν

259 5338 439 5404 ἄλλως,
470 5342 571 5395 ἱνα
608 5343 734 5395 ὄντα
774 5345 915 5396 κατά
950 5349 1150 5414 τρόπον
1178 5347 1499 5416 ὁμοιότητος
1528 5350 1606 5410 ei;
1638 5349 1812 5402 πολλὰ

261 5431 856 5506 πώλαπλασιασοῆναιο
888 5431 1001 5489 οἷον
1041 5439 1100 5488 ἐν
1159 5437 1312 5491 ὕδασι
1359 5441 1454 5492 καὶ
1483 5439 1812 5510 κατόπτροις

260 5517 490 5587 ὁρῶμεν,
525 5525 790 5595 ἀκινήτου
851 5526 1109 5595 μένοντος
1139 5529 1348 5583 ἐκείνου
1387 5530 1482 5583 καὶ
1517 5531 1592 5601 μὴ
1647 5546 1813 5602 μετα-

331 5693 372 5725 "
414 5692 516 5748 Jul)
559 5715 779 5760 xxxvm.
809 5709 898 5761 ‘28.

1924 3157 2104 3227 seipso
2126 3159 2326 3229 gignit;
2351 3169 2635 3216 creaturas
2663 3177 2790 3216 vero
2813 3163 2864 3216 in
2895 3176 3137 3234 tempore
3161 3170 3496 3242 dirersmque

1924 3259 2131 3305 natum
2157 3266 2222 3306 ac
2249 3253 2482 3306 creantis
2513 3263 2804 3322 potestate,
2837 3264 3096 3324 extraque
3120 3273 3178 3311 se
3219 3263 3493 3328 produxit.
3561 3303 3574 3318 .

1925 3341 2120 3410 Liquet
2149 3349 2202 3395 et
2227 3343 2539 3396 ex‘Maxlmi
2592 3346 2884 3404 sententia.
2918 3347 3112 3402 cll'ccta
3146 3351 3304 3404 aliter
3335 3361 3496 3424 atque

1923 3434 2082 3488 aliter
2128 3449 2192 3487 ex
2243 3433 2354 3488 Deo
2383 3449 2524 3494 esse.
2579 3451 2681 3489 non
2713 3437 2817 3490 alio
2861 3447 3022 3507 atque
3050 3439 3176 3494 alio.
3200 3440 3316 3497 Non
3348 3446 3492 3500 enim

1925 3525 2031 3579 alio
2059 3525 2249 3596 gignit,
2283 3533 2444 3594 atque
2474 3525 2597 3580 aliis
2629 3536 2798 3582 creat.
2842 3531 3016 3596 Atque
3068 3541 3124 3585 ut
3170 3533 3310 3588 idem
3365 3537 3441 3590 ait
3475 3556 3491 3592 :

1926 3617 2086 3671 Totus
2120 3619 2356 3686 g’gnens,
2400 3633 2466 3670 ac
2499 3628 2639 3672 tatus
2693 3620 2918 3673 condens
2945 3638 3008 3674 ac
3038 3638 3246 3687 creatis,
3285 3642 3385 3680 non
3413 3638 3495 3682 ta-

1924 3723 2040 3760 mea
2070 3708 2248 3761 eadem
2284 3707 2508 3773 ratione,
2539 3709 2629 3762 sed
2661 3718 2799 3762 totus
2823 3711 3038 3780 gignens
3062 3723 3118 3766 ut
3143 3723 3284 3769 totus
3314 3733 3490 3772 essen-

1925 3799 1998 3852 tia
2030 3783 2339 3870 (tatus‘enim
2363 3797 2532 3854 Filius
2569 3801 2703 3854 De’us
2733 3817 2797 3855 ex
2821 3811 2926 3856 tota
2955 3804 3081 3874 est),
3112 3814 3252 3860 latus
3267 3810 3493 3863 condens

1925 3905 1988 3942 ac
2013 3904 2220 3950 creans.
2258 3900 2315 3943 ut
2349 3900 2489 3944 totus
2513 3891 2626 3960 ipsa
2664 3909 2694 3944 a
2735 3909 2790 3946 se
2829 3911 2944 3948 vere
2971 3898 3224 3951 exsistens
3253 3903 3492 3964 operatio

1923 3990 2193 4050 actusque.
2234 3979 2391 4036 Totus
2423 3982 2561 4037 idem
2604 3986 2916 4052 sapientiam
2961 3999 3218 4056 prazstans
3260 4003 3308 4045 et
3342 3992 3493 4044 boni-

1923 4083 2106 4138 tatem,
2132 4081 2187 4125 ut
2223 4082 2360 4127 totus
2388 4075 2644 4141 sapientia
2693 4086 2740 4130 ct
2771 4077 2972 4132 bonitas
3005 4089 3054 4133 et
3097 4083 3259 4135 virtus
3283 4100 3372 4136 seu
3399 4102 3494 4152 pa-

1923 4166 2108 4220 tentia.
2138 4165 2420 4232 Quatenus
2448 4167 2591 4221 enim
2622 4183 2681 4221 ea
2719 4169 2767 4222 vi
2795 4172 3053 4238 prmditus
3091 4185 3177 4239 est
3242 4187 3300 4229 ut
3341 4191 3494 4232 natu-

1926 4273 2037 4310 ram
2074 4272 2224 4311 suam
2281 4261 2663 4320 communicet,
2695 4260 2888 4330 gignit,
2955 4275 3222 4332 quatenus
3277 4284 3402 4322 vero
3436 4279 3493 4320 ut

1923 4347 2220 4401 secundum
2251 4358 2419 4403 artem
2455 4348 2808 4405 similitudine
2835 4367 2929 4406 sua
2958 4353 3257 4423 impartiat,
3301 4370 3445 4412 creat
3470 4375 3490 4423 ;

1919 4451 1990 4492 ne
2015 4437 2153 4492 ullus
2178 4439 2370 4492 modus
2396 4439 2826 4508 participationis
2858 4443 2999 4498 desit
3033 4444 3150 4512 ejus
3179 4449 3270 4516 qui
3310 4449 3492 4518 perfe~

1917 4538 2040 4583 ctus
2080 4529 2357 4598 bonusque
2405 4537 2459 4581 et
2499 4543 2743 4584 summus
2783 4542 2888 4586 est.
2920 4533 3089 4589 Porro
3137 4537 3265 4590 talia
3313 4541 3488 4596 solum

1918 4619 2230 4683 credimus;
2280 4630 2339 4673 ut
2382 4629 2562 4673 autem
2600 4635 2657 4674 se
2683 4620 2938 4690 habeant,
2965 4637 3221 4684 accurate
3252 4631 3326 4686 illi
3347 4636 3489 4688 dna-

1918 4720 2068 4766 taxat
2089 4721 2174 4766 est
2193 4711 2487 4780 cognitum.

1994 4807 2169 4873 Atque
2199 4812 2255 4857 ut
2282 4821 2346 4859 es
2379 4806 2628 4860 obscuris
2659 4804 2961 4862 simulacris
2998 4808 3065 4864 ad
3112 4813 3484 4867 ttnirersurum

1924 4905 2206 4950 auctorem
2255 4895 2642 4962 provehantur,
2683 4895 2809 4948 exili
2867 4899 3076 4954 ratione
3129 4915 3215 4956 res
3265 4918 3486 4975 magnas

1926 4987 2316 5057 ponderautes,
2345 4986 2489 5041 velut
2519 4985 2562 5040 si
2594 4987 2718 5054 quis
2749 5002 2813 5040 cx
2839 4987 2949 5042 sole
2974 4991 3144 5045 solem
3177 4994 3340 5048 alium
3366 5011 3489 5064 pro-

1921 5077 2226 5142 cedentem,
2266 5090 2385 5130 mos
2417 5089 2480 5130 ac
2512 5075 2599 5130 ille
2631 5076 2839 5144 primus
2866 5077 2924 5131 in
2948 5082 3186 5135 animum
3221 5084 3480 5150 incurrit,

1922 5181 2027 5220 una
2075 5181 2197 5220 cum
2242 5165 2328 5221 illa
2377 5165 2626 5234 gignendi
2683 5168 2893 5222 ratione
2924 5171 3144 5226 elucere
3192 5173 3480 5247 intelligat,

1919 5257 2107 5336 eodem
2138 5271 2200 5310 se
2232 5270 2454 5324 prorsus
2489 5257 2647 5309 modo
2675 5271 2738 5310 ac
2763 5257 2854 5312 ille
2884 5259 3172 5315 habentem
3210 5281 3224 5318 :
3263 5273 3484 5336 tumque

1918 5322 2106 5400 rursus
2147 5360 2270 5398 eum
2326 5345 2517 5408 solem,
2546 5359 2668 5399 cum
2699 5347 2895 5415 alioqui
2929 5366 3070 5406 unus
3099 5356 3191 5416 sit,
3247 5355 3304 5410 in
3331 5357 3481 5426 plura

1925 5435 2299 5492 similitudinis
2331 5437 2538 5491 ratione
2569 5438 2914 5506 multiplicari
2949 5444 3300 5514 cogitaverit;
3331 5448 3483 5506 velut

1917 5532 1971 5586 in
2004 5545 2140 5600 aqua
2181 5529 2426 5584 videmus
2463 5538 2517 5584 et
2547 5531 2806 5601 speculis,
2851 5546 3102 5594 manente
3152 5539 3245 5595 illa
3284 5541 3482 5599 immo-
