3942 6200
345 395 451 457 371

1559 364 1567 371 ’
1612 401 2005 462 MANUELIS
2040 398 2345 461 CALECxE

3500 388 3608 459 372

346 512 463 566 Non
495 511 642 565 enim
698 510 842 565 velut
881 518 1139 577 sequatur
1203 526 1266 564 ex
1300 526 1487 566 eorum
1550 516 1928 581 positionibus,

2058 511 2154 579 ὒεῷ
2180 529 2194 577 ;
2231 510 2365 563 Οὐδὲ
2390 508 2495 578 γὰρ
2523 508 2597 571 ώς
2642 508 2906 577 ἐπῦμενον
2931 509 3051 569 ταῖς
3081 506 3297 561 Θέσεσιν
3336 507 3516 561 αὑτῶν
3547 509 3609 575 ἐξ

344 605 567 657 deorum
599 602 703 656 illis
737 599 1135 655 multitudinem
1164 602 1473 666 tribuimus,
1498 606 1591 659 sed
1616 621 1679 659 ex
1715 607 1924 659 illorum

347 697 463 764 ipsa
502 694 848 750 confessione
885 704 1357 762 reprmsentamus.
1389 696 1524 753 Cum
1564 708 1742 752 autem
1769 700 1929 753 hasce
1978 692 1979 695 “

346 786 694 856 operationes
719 789 783 841 ac
826 785 1070 841 Deitates
1098 788 1297 844 multas
1336 790 1667 845 essedicaut
1728 805 1792 844 ac
1847 790 1930 843 in-

344 887 671 943 crt-atas,et
702 894 819 946 quae
879 896 1165 934 numerum
1233 858 1512 950 superent,
1573 897 1692 952 quae
1745 884 1931 950 utique

344 971 507 1026 etiam
546 971 665 1025 alite
692 972 757 1027 ab
787 972 931 1036 aliis,
979 972 1248 1041 simulque
1300 974 1367 1027 ab
1434 974 1669 1028 essentia
1732 974 1930 1028 distiu-

346 1071 599 1125 guantur,
627 1061 767 1116 sicut
790 1062 934 1131 quod
966 1062 1219 1117 essentia:
1239 1078 1431 1132 expers
1455 1074 1533 1118 est
1556 1066 1623 1118 ab
1669 1063 1925 1127 essentia,

345 1154 598 1221 quodque
637 1155 945 1209 subsistens
980 1165 1065 1209 est
1103 1154 1171 1209 ab
1195 1169 1260 1209 eo
1280 1156 1421 1224 quod
1447 1171 1552 1210 non
1584 1157 1762 1226 ipsum
1800 1171 1929 1212 vere

330 1239 597 1304 exsistat,
636 1243 777 1308 quod
808 1250 892 1295 est
925 1241 1140 1296 visibile
1169 1242 1316 1296 abeo
1339 1244 1481 1311 quod
1518 1243 1790 1297 invisibile
1824 1253 1929 1307 est,

347 1330 490 1397 quod
518 1341 603 1386 est
636 1329 865 1386 inferius
895 1332 963 1386 ab
998 1348 1065 1386 eo
1091 1333 1234 1398 quod
1288 1332 1513 1399 eminet,
1577 1343 1631 1387 et
1669 1334 1930 1391 intinities

348 1422 562 1478 iuliuite
593 1423 988 1490 entiuet,juxta
1021 1424 1421 1492 Oppositionutn
1454 1439 1589 1494 quas
1637 1426 1931 1481 commenti

283 1512 301 1593 ἶ
350 1524 480 1571 sunt
509 1530 728 1587 genera,
763 1515 935 1583 liquet
970 1515 1107 1581 fore,
1138 1525 1198 1569 ut
1237 1523 1289 1569 et
1319 1515 1370 1569 iu
1399 1514 1535 1580 Deo,
1594 1515 1666 1570 dii
1704 1517 1790 1585 (ut
1831 1532 1930 1571 eo-

353 1624 473 1662 rum
504 1608 684 1662 verbis
720 1607 932 1677 loquar)
972 1618 1179 1661 tantum
1217 1607 1358 1660 inter
1392 1621 1450 1660 se
1480 1614 1533 1660 et
1567 1607 1633 1661 ab
1692 1608 1931 1663 essentia

353 1697 781 1766 distinguantur.

423 1790 486 1845 lli
513 1801 691 1845 tamen
729 1791 970 1845 divinum
997 1789 1286 1844 Maximum
1322 1789 1565 1853 audiant,
1630 1791 1932 1844 dicentem:

2037 603 2284 673 ἀνάγκης
2319 603 2379 654 τὸ
2428 602 2539 654 τῶν
2587 602 2734 654 Θεῶν
2776 601 2977 671 πλῆθος
3031 601 3217 662 αὐτοῖς
3251 602 3608 671 ἐπιφέρομεν,

2035 693 2156 747 ἀλλ’
2181 692 2239 759 ἑξ
2275 685 2350 746 ὧν
2378 691 2706 761 ὁμολογοῦσι
2740 690 3113 761 παριστῶμεν.
3139 690 3204 743 El
3232 688 3289 742 δὲ
3315 690 3416 753 τὰς
3455 678 3609 761 ἐνερ-

2038 786 2196 853 γείας
2221 784 2428 849 ταύτας
2457 785 2553 839 καὶ
2601 786 2876 854 Θεότητας
2908 784 3111 848 πολλὰς
3138 780 3280 838 εἶναί
3334 802 3469 853 φασι
3507 784 3610 837 καὶ

2036 880 2351 943 ἀκτίστους,
2403 878 2497 931 καὶ
2528 877 2761 948 ἀριθμὸν
2806 877 3269 947 ὑπερϐαινούσας,
3309 877 3365 930 αἲ
3396 876 3462 939 δὴ
3516 877 3615 929 καὶ

2034 971 2281 1040 ἀλλήλων
2334 968 2737 1041 πραγματικῶς
2768 968 3113 1038 διαφέρουσι,
3151 970 3247 1022 καὶ
3278 969 3377 1036 τῆς
3422 968 3615 1031 οὐσίας

2032 1064 2194 1133 ὁμοῦ,
2246 1063 2321 1126 ώς
2346 1063 2408 1115 τὸ
2442 1061 2693 1114 ἀνούσιον
2723 1061 2822 1129 τῆς
2877 1061 3090 1124 οὑσίας,
3139 1060 3322 1112 καὶτὸ
3365 1058 3616 1126 ὑφεστὼς

2034 1155 2131 1209 τοῦ
2163 1158 2237 1226 μὴ
2280 1154 2615 1224 ὑφεστῶτος,
2646 1157 2742 1209 καὶ
2784 1154 2844 1205 τὸ
2872 1154 3071 1220 ὁρατὸν
3098 1152 3193 1205 τοῦ
3227 1153 3486 1222 ἀοράτου,
3516 1152 3617 1204 καὶ

2032 1246 2093 1299 τὸ
2124 1247 2415 1316 ὑφειμένον
2446 1246 2583 1316 πρὸς
2614 1244 2675 1301 τι)
2707 1244 3136 1313 ὑπερκείμενον,
3177 1245 3272 1296 καὶ
3316 1242 3615 1313 ἀπειράκις

2036 1339 2281 1407 ἀπείρως
2308 1337 2707 1409 ὑπερκείμενον
2731 1339 2872 1390 κατὰ
2904 1338 2972 1388 τὰ
3009 1335 3118 1388 τῶν
3148 1334 3480 1388 ἀντιθέσεων
3511 1334 3623 1391 ὅσα.

2036 1430 2259 1502 ἐξεῦρον
2312 1429 2450 1499 είδη,
2501 1430 2733 1498 φανερὸν
2759 1429 2840 1481 ὅτι
2871 1429 2965 1482 καὶ
2996 1428 3047 1480 οἱ
3080 1428 3139 1479 ὲν
3195 1426 3270 1497 τῷ
3308 1425 3432 1495 Θεῷ
3475 1424 3616 1489 θεοὶ,

2037 1525 2159 1577 κατ’
2184 1524 2381 1585 αὑτοὺς
2408 1523 2608 1585 εἰπεῖν,
2643 1520 2902 1576 τοσοῦτον
2950 1521 3201 1591 ἀλλήλων
3251 1521 3349 1574 καὶ
3378 1520 3477 1590 τῆς
3524 1518 3621 1572 οὑ-

2040 1617 2160 1681 σίας
2193 1617 2512 1671 διοὲσουσιν.

2124 1800 2264 1853 ¹Λ).λ’
2308 1798 2657 1854 ἀκουέτωσαν
2694 1799 2789 1854 τοῦ
2838 1797 2986 1854 θείου
3018 1798 3295 1867 Μαξίμου,
3341 1795 3621 1863 λέγοντος.

353 1879 507 1943 Quod
541 1877 897 1931 substantiam
929 1895 1030 1931 non
1058 1878 1235 1940 habet,
1268 1877 1449 1932 Deitas
1485 1894 1587 1931 non
1638 1888 1734 1931 est.
1795 1875 1933 1932 Grc-

2058 1896 2170 1947 ὀτι
2203 1896 2267 1947 τὸ
2306 1895 2601 1949 ἁνούσιον
2631 1897 2703 1949 οὺ
2743 1895 2965 1960 Θεότης
3000 1908 3015 1924 ο
3056 1859 3149 1945 καί
3171 1859 3490 1961 Τρήγορίου
3522 1859 3625 1943 τοὺ

354 1970 563 2037 gorium
597 1971 724 2023 item
757 1970 1111 2038 Tbeologum,
1171 1970 1364 2038 partim
1421 1969 1635 2038 quidem
1687 1970 1935 2024 Oratione

358 2062 567 2116 funebri
605 2062 656 2114 in
689 2076 843 2115 suum
889 2072 1118 2129 ptirent,
1174 2060 1481 2116 dicentem:
1542 2059 1785 2124 Quonam
1818 2075 1936 2112 vero

356 2152 510 2207 modo
538 2168 837 2205 mensuram
894 2152 1147 2215 admittit,
1205 2152 1344 2221 quod
1391 2163 1466 2204 est
1520 2152 1835 2220 inﬁnitum;
1880 2160 1935 2203 ut

354 2260 472 2315 qua:
503 2260 675 2296 rerum
710 2243 987 2311 ﬁnitarum
1023 2243 1229 2311 uﬂ'ertio
1265 2253 1361 2307 est,
1397 2240 1457 2296 eti
1486 2242 1554 2295 sit
1590 2252 1639 2295 et
1693 2241 1935 2303 Deitatis,

358 2333 612 2400 gradibus
648 2333 1001 2400 superioribus
1064 2332 1513 2400 inferioribusque
1579 2334 1938 2387 commensus?

358 2424 559 2492 partim
599 2438 725 2477 vero
760 2425 810 2476 iu
847 2426 1015 2492 prima
1049 2424 1110 2477 de
1149 2440 1281 2490 pace
1307 2426 1555 2478 oratione
1586 2443 1598 2479 :
1645 2422 1745 2477 tUt
1809 2425 1937 2493 quid

360 2515 585 2584 diligitis
643 2518 947 2581 vanitatem,
1006 2527 1052 2569 et
1104 2518 1341 2587 quwritis
1395 2517 1821 2580 mendacium“,
1882 2527 1938 2570 ut

360 2624 463 2660 non
493 2624 676 2669 unam,
705 2618 796 2660 aut
830 2608 1118 2677 simplicem
1156 2608 1383 2661 Deitatis
1424 2619 1669 2661 naturam
1718 2607 1942 2660 induca-

360 2700 452 2765 tis,
487 2701 578 2752 sed
610 2710 713 2754 tres
732 2701 975 2753 nimirum
1007 2702 1141 2754 inter
1162 2718 1214 2753 se
1236 2701 1536 2769 peregrinas
1564 2716 1627 2753 ac
1654 2697 1939 2752 utiliori-eno

364 2802 439 2845 tes
464 2800 512 2844 et
547 2791 839 2858 dissipatas
866 2833 879 2853 ,
916 2808 1010 2846 nec
1032 2795 1226 2846 mirum
1251 2794 1417 2859 dictu,
1445 2792 1743 2847 excessibus
1772 2793 1942 2861 defec-

365 2881 603 2950 tibnsque
634 2893 925 2951 pugnantes
950 2884 975 2937 Ρ

440 2974 708 3029 Praeterea
738 2984 923 3030 sancta
958 2985 1010 3029 et
1062 2975 1405 3029 mcumenica
1458 2976 1630 3044 prima
1701 2976 1943 3046 synodus

368 3063 422 3120 in
453 3067 595 3121 hunc
625 3067 843 3119 modum
877 3066 931 3119 in
966 3065 1120 3119 Actis
1155 3068 1509 3135 pronuntiat:
1551 3066 1706 3121 Fides
1767 3074 1944 3120 autem

369 3156 628 3210 tatholiea
656 3170 814 3207 unam
852 3156 1112 3209 Deitatem
1148 3157 1314 3221 novit,
1386 3156 1566 3210 Patris
1616 3168 1662 3210 et
1730 3155 1860 3212 Filii
1894 3166 1943 3211 et

371 3247 606 3315 Spiritus
636 3248 829 3313 sancti,
867 3260 1061 3316 prwter
1092 3265 1253 3318 quam
1298 3266 1398 3303 non
1442 3249 1777 3317 reputabitur
1816 3250 1946 3304 alia.

371 3337 454 3391 Ad
488 3337 603 3392 haec
631 3348 821 3392 sancta
873 3348 927 3391 et
959 3339 1292 3393 mcumeuica
1350 3340 1506 3393 tertia
1574 3342 1813 3411 synodus
1873 3341 1954 3395 sic

371 3437 427 3484 et
457 3430 568 3498 ipsa
609 3430 661 3484 in
692 3431 840 3483 Actis
866 3431 1218 3499 pronuntiat:
1258 3430 1317 3486 Si
1339 3433 1455 3500 quis
1514 3450 1614 3485 non
1670 3434 1955 3502 conﬁtetur

371 3523 426 3574 in
455 3533 642 3576 sancta
678 3521 721 3575 Τ
724 3524 937 3577 rinitate
962 3540 1123 3577 unam
1163 3522 1441 3589 Deitatem,
1472 3542 1635 3580 unum
1671 3542 1883 3597 regnum
1907 3536 1954 3581 et

372 3614 805 3682 dominationem,
836 3619 1116 3672 anathema
1144 3618 1233 3672 sit.

446 3819 743 3889 Gregorius
789 3817 1085 3889 Nyssenus,
1113 3819 1165 3872 in
1203 3830 1341 3876 orat.
1377 3821 1506 3887 Qua:
1551 3825 1619 3877 sit
1666 3822 1959 3880 Christiani

375 3912 920 3980 professio,Dcitatum
942 3928 1207 3987 numerum
1240 3915 1294 3965 in
1318 3915 1703 3970 multitudinem
1727 3920 1960 3973 turbant-

374 4020 471 4069 quc
487 4005 772 4070 producere
790 4018 845 4054 r0
855 4019 964 4053 rum
984 4003 1242 4056 duntaxat
1259 4012 1352 4069 est,
1371 4005 1460 4071 qui
1475 4007 1825 4063 multitudinis
1846 4000 1962 4064 ileo-

378 4109 495 4144 rum
516 4107 693 4144 errore
718 4092 993 4156 laborant;
1024 4092 1279 4146 Deitatcm
1307 4104 1483 4149 autem
1506 4114 1721 4161 prorsus
1752 4117 1957 4169 negare,

376 4184 593 4237 illorum
622 4183 690 4233 sit
722 4183 1022 4247 impietatis,
1053 4184 1140 4253 qui
1192 4185 1354 4238 Deum
1420 4187 1632 4241 tollant.
1700 4189 1843 4244 ldem
1906 4190 1959 4246 iu

379 4275 891 4329 Conlututinnibus:
960 4273 1196 4342 Excepta
1243 4276 1509 4331 duntaxat
1536 4280 1715 4334 divina
1744 4292 1957 4347 natura,

380 4368 519 4439 quod
563 4369 632 4420 sit
666 4371 982 4425 inci-catum.
1024 4367 1152 4421 nihil
1198 4379 1312 4432 est;
1376 4369 1771 4440 increatumque
1826 4374 1964 4426 inter

379 4472 429 4514 et
461 4462 750 4513 increatum
810 4458 939 4511 nihil
963 4460 1081 4528 quis
1149 4460 1401 4513 interesse
1439 4464 1723 4527 putaverit.
1758 4463 1962 4529 Quibus

2040 1987 2327 2055 Θεολόγου,
2383 1987 2541 2041 τοῦτο
2573 1989 2671 2055 μὲν
2704 1989 2761 2041 ὲν
2805 1985 2884 2056 τῷ
2915 1986 2994 2048 είς
3040 1984 3132 2039 τὸν
3177 1982 3375 2036 ἑαυτοῦ
3410 1982 3625 2051 πατέρα

2050 2077 2378 2146 Ἐπιταφίῳ,
2412 2078 2740 2146 φάσκοντος.
2771 2077 2908 2141 Πῶς
2943 2075 3012 2128 δὲ
3034 2073 3330 2143 μετρεῖται
3363 2073 3429 2126 τὸ
3457 2072 3628 2125 ἄπει-

2031 2187 2165 2238 ρον,
2199 2169 2277 2223 ἵν’
2310 2168 2340 2222 ὃ
2370 2168 2488 2221 τῶν
2516 2167 3026 2237 πεπερατωμένων
3054 2167 3213 2230 ἐστι,
3253 2165 3429 2219 τοῦτο
3460 2164 3625 2233 πάθῃ

2044 2264 2298 2329 Θεότης,
2350 2264 2610 2332 βαθμοις
2656 2261 3033 2331 μετρουμένη
3086 2260 3185 2314 καὶ
3246 2258 3626 2320 ὐποόάσεσι;

2041 2354 2201 2407 τοῦτο
2240 2355 2294 2407 δὲ
2335 2358 2392 2407 ὲν
2419 2353 2803 2424 τῷηΕίρηνικῷ
2836 2351 3061 2422 πρώτῳ,
3102 2353 3235 2405 ἰνα
3274 2352 3330 2403 τί
3354 2347 3629 2418 ἀγαπᾶτε

2035 2447 2404 2516 ﬂata/denm
2464 2445 2564 2499 καὶ
2615 2444 2836 2512 ζητεῖτε
2879 2443 3134 2510 ψεῦδος,
3179 2444 3250 2497 οὐ
3288 2443 3441 2511 μίαν
3480 2440 3629 2494 οὐδὲ

2041 2535 2251 2605 ἁπλῆν
2302 2538 2598 2604 Θεότητος
2650 2535 2843 2604 φύσιν
2894 2533 3262 2602 εἰσάγοντες,
3315 2532 3453 2587 ἀλλ’
3491 2531 3631 2599 ἦτοι

2042 2629 2200 2697 τρεῖς
2219 2627 2692 2696 ἀπεξηνωμένας
2720 2625 3009 2692 ἀλλήλων
3030 2624 3127 2677 καὶ
3152 2623 3629 2690 διεσπαρμένας,
3662 2624 3667 2627 λ

2043 2722 2116 2775 οὐ
2148 2721 2501 2788 θαυμαστὸν
2552 2716 2621 2771 δὲ
2658 2716 2875 2782 ειπεῖν,
2910 2716 3009 2770 καί
3058 2713 3409 2785 μαχομένας
3439 2715 3635 2781 ὑπερ·

2046 2814 2256 2881 ϐολαῖς
2290 2814 2388 2867 καί
2418 2813 2813 2881 illeid-amr;

2125 3001 2248 3055 Ἔτι
2275 3001 2307 3070 ὴ
2337 2999 2470 3067 ἁγία
2507 2997 2604 3051 καὶ
2656 2993 3009 3065 οίκουμενικὴ
3050 2991 3241 3062 πρώτη
3292 2991 3510 3052 σύνοδος
3536 2986 3636 3041 οὑ-

2048 3110 2155 3155 τως
2186 3093 2422 3160 ἐκφωνεί
2449 3090 2507 3142 ἐν
2544 3090 2656 3151 τοῖς
2702 3087 3069 3157 Πρακτικοῖς·
3114 3085 3183 3139 Ἦ
3225 3083 3295 3137 δὲ
3330 3082 3627 3149 καθολικὴ

2053 3179 2259 3244 πίστις
2270 3178 2421 3247 μίαν
2439 3174 2564 3231 οἵδε
2580 3177 2861 3243 Θεότητα,
2881 3174 2986 3229 τοῦ
3000 3173 3228 3242 Πατρός
3255 3172 3353 3226 καί
3374 3172 3482 3226 τοῦ
3492 3171 3633 3226 Υίοῦ

2058 3270 2155 3325 καί
2189 3268 2295 3323 τοῦ
2322 3268 2495 3338 ἁγίου
2537 3267 2909 3337 Πνεύματος,
2951 3265 3086 3332 παρ’
3125 3260 3199 3335 ἧς
3232 3265 3306 3319 οὐ
3338 3262 3633 3332 λογισθήο

2055 3379 2227 3417 σετιιι
2281 3361 2472 3429 ἑτέρα.
2515 3361 2637 3414 Ἔτι
2671 3361 2705 3430 ἡ
2756 3358 2888 3424 ἁγία
2935 3359 3025 3411 καὶ
3060 3358 3416 3426 οίκουμενικὴ
3466 3359 3632 3426 τρίτη

2059 3453 2275 3517 σύνοδος
2303 3453 2472 3516 οὕτως
2499 3454 2559 3505 ὲν
2583 3452 2697 3512 τοῖς
2725 3451 3058 3521 Πρακτικοίς
3085 3450 3177 3503 καὶ
3209 3449 3348 3517 αὕτη
3372 3448 3632 3515 ὲκφωνεῖ·

2059 3546 2272 3612 Ὅστις
2302 3546 2414 3614 οὐχ
2437 3544 2718 3614 ὁμολογεῖ
2750 3543 2850 3596 ἐπὶ
2878 3542 2989 3609 τῆς
3016 3541 3193 3610 ἁγίας
3225 3540 3467 3609 Τριάόος
3484 3540 3637 3608 μίαν

2061 3638 2320 3703 Θεότητα
2372 3634 2473 3689 καὶ
2512 3637 2664 3703 μίαν
2712 3632 3046 3699 ,βασιλείαν
3114 3632 3212 3686 καί
3260 3632 3409 3702 μίαν
3447 3632 3637 3686 δυνα-

2059 3727 2293 3790 στείαν,
2322 3726 2611 3795 ἀνάθεμα.

2140 3821 2199 3874 ’0
2230 3819 2453 3889 Νύσσης
2483 3819 2789 3890 Γρηγὸριος
2822 3819 2883 3872 ἐν
2907 3817 3007 3888 τῷ,
3047 3820 3108 3873 Tl
3134 3818 3240 3871 τοῦ
3268 3814 3638 3884 Χριστιανοῦ

2057 3914 2426 3983 ἐπάγγελμω
2456 3912 2527 3967 Τὸ
2558 3914 2646 3977 είς
2675 3911 2911 3979 πλῆθος
2943 3912 3234 3967 ἐκτείνειν
3258 3910 3363 3964 τὸν
3384 3908 3641 3976 ἀριθμὸν

2060 4007 2179 4061 τῶν
2206 4006 2514 4071 Θεοτήτων
2542 4008 2747 4074 μόνων
2775 4005 2893 4059 τῶν
2922 4005 3038 4073 τὴν
3064 4004 3370 4058 πολύθεον
3390 4001 3643 4067 πλάνην

2059 4097 2482 4165 νενοσηκότων
2507 4097 2643 4150 ἐστί
2664 4114 2677 4127 ο
2706 4094 2773 4148 τὸ
2794 4094 2863 4148 δὲ
2894 4096 3160 4150 καθόλου
3189 4094 3499 4162 ἀρνεῖσθαι
3522 4090 3643 4159 τὴν

2064 4189 2323 4254 Θεότητα
2353 4186 2533 4240 ἄθεον
2566 4186 2645 4241 ἂν
2670 4186 2786 4254 εἴη.
2835 4186 2894 4237 '0
2924 4185 3085 4248 αὑτὸς
3119 4186 3175 4238 ὲν
3201 4186 3312 4246 τοῖς
3353 4183 3645 4251 ’Δπιρῤη-

2060 4281 2254 4341 τικοίςο
2290 4279 2612 4334 ’Δκτιστον
2648 4276 2738 4339 δὲ,
2790 4276 2965 4345 πλὴν
3007 4275 3118 4343 τῆς
3154 4276 3319 4341 θείας
3371 4277 3637 4343 φύσεως.

2062 4369 2277 4425 οὐδέν’
2314 4370 2412 4423 καὶ
2452 4369 2740 4423 dictio-Iov
2788 4368 2937 4434 πρὸς
2976 4368 3268 4419 ἄκτιστον
3304 4364 3449 4419 οὐδὲ
3490 4364 3646 4433 μίαν

2064 4462 2140 4517 ἂν
2158 4462 2472 4528 ἐννοήσειέ
2502 4479 2590 4527 τις
2615 4458 2925 4527 διαφοράν.
2952 4461 3061 4513 Καὶ
3091 4460 3148 4511 ὲν
3168 4460 3279 4521 τοῖς
3305 4459 3441 4528 np’;
3470 4457 3645 4509 Πουλ-

382 4556 507 4606 item
539 4553 605 4607 ad
644 4552 976 4606 Pultheriam
1008 4552 1241 4607 scribit:
1284 4552 1434 4606 Nihil
1492 4555 1640 4609 aliud
1690 4568 1948 4637 pra'a’ter)

2067 4554 2272 4626 χερίαψ
2332 4552 2524 4607 Οὐδὲν
2557 4552 2713 4605 ἄλλο
2758 4550 3140 4618 προαιώνιον,
3186 4548 3358 4618 πλὴν
3407 4547 3647 4616 Πατρός

382 4662 507 4698 num
547 4653 645 4709 est,
679 4655 871 4712 prwter
904 4643 1116 4699 Patrem
1147 4657 1196 4699 et
1224 4644 1425 4700 Filium
1450 4660 1497 4702 et
1525 4648 1784 4715 Spiritum
1837 4668 1963 4705 san-

383 4748 549 4792 ctum.

460 4830 689 4882 Sanctus
742 4829 1077 4896 Solibronius
1136 4830 1443 4901 patriarcha
1518 4831 1963 4904 llierosolytnita-

389 4938 525 4991 nus:
553 4920 699 4974 Sicut
740 4938 896 4973 unum
926 4920 1110 4985 Deum,
1133 4929 1188 4974 ut
1215 4923 1521 4988 sentiamus,
1552 4926 1958 4995 accepimus,sic

384 5024 437 5068 et
471 5031 627 5066 unam
674 5013 934 5067 Deitatem
982 5014 1221 5082 confiteri
1268 5016 1406 5069 docti
1452 5032 1657 5069 sumus.
1687 5016 1964 5084 Ejusdem,

394 5108 563 5163 Unam
593 5110 844 5178 conﬁteor
874 5120 1074 5163 sancta:
1102 5108 1381 5164 Trinitatis
1438 5109 1726 5165 Deitalent.
1793 5110 1966 5164 Unam

392 5204 527 5254 hanc
564 5218 787 5270 agnosco
823 5213 1094 5266 wternam,
1129 5203 1441 5269 ingenitam,
1477 5203 1723 5269 principii
1785 5218 1968 5270 exper—

396 5305 518 5357 tem,
549 5295 864 5349 increatmn.
908 5290 1052 5348 idem
1093 5298 1143 5348 iu
1171 5296 1310 5349 ditta
1369 5296 1482 5363 jatu
1516 5311 1622 5349 suu‘
1668 5295 1786 5348 fidei
1839 5310 1965 5365 pro-

399 5388 674 5441 li-sSioue:
740 5390 1070 5440 IVumeratur
1120 5388 1453 5440 sanctissima
1527 5388 1784 5441 Trinitas.
1869 5403 1971 5439 non

394 5482 632 5534 essentiis
663 5498 723 5532 ac
748 5483 976 5537 naturis.
1005 5479 1081 5533 vel
1106 5480 1374 5535 distinctis
1405 5480 1727 5541 Deitatibus,
1796 5478 1929 5532 absit
1952 5498 1971 5537 .-

398 5576 488 5627 κά
520 5574 885 5642 hypostasibus
908 5574 1173 5627 duntaxat
1197 5590 1286 5627 seu
1338 5573 1593 5642 personis,
1642 5583 1689 5627 et
1732 5572 1973 5641 proprie-

400 5667 621 5722 tatibus.
650 5667 883 5722 Sanctns
911 5664 1146 5721 Joannes
1181 5664 1553 5737 Damasecnus
1580 5685 1593 5722 :
1632 5666 1752 5721 Non
1778 5665 1966 5719 Deita-

740 5390 1070 5440 Nmneratur
1120 5388 1453 5440 sanctissima
1527 5386 1784 5446 Trinitas,

474 5844 520 5877 ‘°
576 5841 700 5899 i‘sal
754 5858 825 5907 tv,
904 5842 955 5897 5.

2070 4646 2169 4699 καὶ
2210 4645 2347 4700 Υίοῦ
2381 4644 2482 4698 καὶ
2507 4644 2680 4714 ἁγίου
2712 4642 3083 4711 Πνεύματος.

2150 4830 2211 4882 '0
2255 4828 2411 4897 ἀγίος
2464 4824 2767 4895 Σωφρὸνιος
2816 4821 3166 4894 πατριάρχης
3221 4818 3644 4891 Ἰεροσολύμων,

2070 4924 2303 4989 Ὠσπερ
2352 4919 2462 4975 ἕνα
2510 4917 2661 4972 Θεὸν
2707 4915 2960 4986 φρονεῖν
3006 4915 3443 4983 παρελάϐομεν,
3489 4912 3649 4965 οὕτω

2069 5015 2168 5068 καὶ
2215 5013 2365 5082 μίαν
2418 5010 2679 5076 Θεότητα
2716 5006 3034 5076 ὁμολογεῖν
3081 5003 3502 5073 ἐδιδάχθημεν.
3534 5000 3649 5055 Τοῦ

2069 5105 2256 5159 αὑτοῖν
2275 5105 2438 5157 Μίαν
2465 5099 2736 5169 ὁμολογῶ
2756 5096 2860 5166 τῆς
2886 5098 3051 5165 ἁγίας
3092 5094 3332 5163 Τριάδος
3361 5093 3646 5160 Θεότητα.

2077 5198 2307 5265 Ταύτην
2348 5195 2547 5263 μόνην
2567 5190 2865 5261 γινώσκω,
2896 5190 3113 5253 ἀΐδιον,
3160 5187 3448 5256 ἄναρχον,
3474 5187 3647 5239 ἀκτι-

2070 5305 2244 5342 στον.
2287 5285 2347 5338 ’0
2381 5282 2540 5344 αὐτὸς
2572 5283 2629 5333 ὲν
2660 5284 2724 5349 τῇ
2758 5278 3134 5350 προῤῥηθείσῃ
3169 5275 3430 5346 ὁμολογίᾳ
3454 5273 3642 5326 αὑτοῦδ

2084 5360 2435 5447 Ἀριίῖμεῖται
2475 5376 2512 5443 ἡ
2571 5373 2834 5441 παναγία
2882 5372 3051 5437 Τριὰς
3097 5371 3209 5423 οὐκ
3259 5368 3498 5431 οὐσίαις
3537 5365 3645 5417 και

2068 5472 2354 5542 φύσεσιν,
2408 5468 2446 5536 ἢ
2499 5468 2804 5535 διαφόροις
2858 5462 3163 5528 θεότησιν,
3211 5458 3444 5527 ἄπαγε,
3498 5454 3645 5508 ἀλλ’

2072 5562 2448 5620 ὑποστάσεσι
2472 5559 2668 5629 μόνον
2692 5556 2790 5610 καὶ
2819 5554 3139 5622 ἰδιότησιν.
3182 5552 3242 5605 '0
3265 5549 3419 5618 ἅγιος
3457 5545 3647 5600 Ἰωάν-

2070 5674 2166 5728 νης
2213 5656 2241 5709 ὁ
2290 5651 2669 5725 Δαμασκηνός·
2715 5649 2797 5703 Οὐ
2846 5645 3150 5712 θεοτήτων
3208 5639 3442 5713 Τριάδα,
3499 5638 3645 5694 ἀλλ’
