3942 6200
404 300 508 368 πο

406 514 441 566 9
469 513 589 567 libri
626 512 695 566 De
718 514 903 566 divinis
922 511 1243 575 nominibus,
1264 512 1338 565 ait
1362 510 1423 565 ο.
1460 510 1751 583 Dionysius
1782 532 1796 567 :
1828 513 1968 579 Quid

407 620 524 657 vero
560 604 715 656 etiam
745 618 859 654 cum
896 617 1080 654 rursus
1112 603 1258 655 aiunt
1287 601 1514 671 theologi
1551 606 1833 671 procedere
1884 612 1971 657 at-

408 709 506 761 que
533 692 725 744 moveri
781 707 922 753 eum,
951 692 1042 757 qui
1074 691 1359 745 immobilis
1392 700 1467 745 est
1494 691 1597 747 ?Si
1630 692 1773 747 enim
1805 693 1970 751 esuin

407 781 501 835 illo
523 780 854 847 Operationis
887 788 1086 846 motus,
1125 781 1230 837 erit
1263 784 1569 838 communis
1600 782 1771 838 forma
1824 784 1966 852 pati-

404 871 527 925 bilis
560 871 773 926 virtutis
810 886 1011 937 rerum,
1048 881 1102 925 et
1128 871 1367 927 factricis
1418 872 1534 944 ejus
1560 873 1805 929 virtutis.
1857 872 1971 929 Mo-

408 974 491 1017 tus
521 963 663 1015 enim
712 972 863 1017 actus
902 972 985 1017 est
1013 963 1345 1032 etperl'eCtio
1380 980 1443 1019 ac
1494 966 1668 1020 l'orma
1688 967 1968 1036 utriusque

405 1054 620 1106 virtutis
657 1068 751 1106 seu
777 1054 1048 1121 potentiae,
1078 1063 1346 1123 quatenus
1376 1058 1617 1127 potentia
1646 1068 1762 1123 est;
1824 1058 1967 1112 velut

404 1141 689 1196 aediﬁcatio
733 1142 849 1212 ejus
881 1145 1021 1213 quod
1052 1144 1305 1199 aediﬁcari
1352 1148 1534 1212 habet,
1558 1157 1611 1202 et
1646 1149 1789 1218 quod
1857 1150 1964 1203 vim

405 1231 920 1291 habetaadilicandi.
989 1235 1142 1289 Nulla
1171 1246 1348 1291 autem
1399 1238 1492 1293 Dei
1538 1253 1603 1294 ac
1650 1254 1829 1294 rerum
1884 1250 1966 1295 est

403 1323 705 1376 communis
742 1321 937 1378 forma.
1578 1384 1585 1391 κ

474 1408 738 1476 Septimo,
776 1413 917 1480 quod
947 1414 1010 1467 de
1047 1415 1160 1482 ipsa
1186 1416 1405 1484 quidem
1466 1421 1799 1487 operatione,
1856 1435 1964 1490 qua

408 1496 555 1554 Dens
584 1502 772 1568 agendi
808 1503 855 1554 vi
876 1502 1145 1571 praeditus
1208 1515 1312 1571 est,
1380 1510 1705 1580 quandoque
1762 1513 1966 1567 sanctis

409 1590 587 1653 dicta;
618 1592 682 1644 ad
714 1593 933 1661 haecque
960 1594 1025 1649 de
1057 1596 1164 1650 vita
1214 1606 1268 1651 et
1311 1598 1579 1667 sapientia
1623 1608 1678 1654 et
1729 1601 1964 1667 potentia

409 1696 503 1734 seu
533 1682 728 1736 virtute
763 1691 816 1736 et
845 1685 1104 1753 bonitate,
1134 1703 1347 1758 nempe,
1377 1692 1616 1759 potentia
1662 1709 1755 1748 seu
1790 1696 1964 1748 virtus

406 1780 462 1825 et
490 1772 599 1825 vita
626 1781 681 1827 et
709 1776 973 1844 sapientia
1015 1788 1066 1832 et
1102 1779 1313 1835 bonitas
1338 1797 1353 1847 ;
1378 1783 1507 1848 quin
1544 1782 1673 1848 imo,
1721 1785 1834 1852 ipsa
1870 1801 1965 1855 per
2000 1767 2041 1822 Β

407 1876 467 1915 se
497 1865 783 1931 sapientia.
810 1867 920 1936 ipsa
948 1868 1077 1933 vita,
1101 1870 1328 1939 ipsaque
1361 1874 1600 1941 potentia
1628 1888 1725 1930 seu
1755 1877 1964 1944 virtus;

405 1965 527 2021 qua:
548 1953 794 2008 videlicet
834 1970 929 2024 pro
958 1957 1204 2013 humanae
1235 1960 1521 2016 locutionis
1557 1965 1737 2028 modo,
1770 1966 1966 2021 huma-

408 2043 530 2098 nius
551 2044 629 2113 (ut
654 2046 724 2099 ita
749 2046 947 2117 dicam)
967 2050 1312 2121 crassiusque
1335 2053 1527 2108 tradita
1549 2065 1830 2120 sunt,cum
1862 2072 1966 2111 nou

406 2137 679 2203 ccutingat
708 2137 864 2192 aliter
890 2152 1032 2204 eam,
1066 2152 1227 2208 quam
1272 2155 1368 2209 pro
1400 2157 1466 2197 eo
1486 2158 1549 2198 ac
1584 2145 1655 2198 illi
1688 2161 1968 2215 compara-

409 2232 520 2278 tum
546 2234 647 2291 est,
682 2239 976 2297 conceptus
1007 2239 1166 2299 atque
1191 2233 1405 2285 nomina
1445 2233 1687 2302 proferre
1712 2276 1727 2301 ,
1778 2237 1857 2291 sic
1911 2247 1970 2292 ut

410 2314 551 2369 dicta
578 2326 726 2383 sunt,
762 2311 925 2374 etiam
958 2322 1010 2375 in
1046 2324 1152 2377 Deo
1182 2339 1240 2378 se
1265 2325 1479 2394 pr0prie
1532 2325 1732 2383 habere
1790 2331 1969 2384 credi-

409 2406 627 2463 derunt.
661 2409 750 2475 Ut,
784 2412 931 2466 verbi
966 2416 1162 2484 gratia,
1197 2417 1555 2496 quia‘dicitur
1602 2419 1766 2474 Deum
1804 2421 1970 2475 habe-

410 2513 472 2553 re
500 2500 686 2566 vitam,
719 2511 811 2558 aut
844 2504 1099 2560 virtutem
1135 2518 1227 2563 aut
1275 2511 1597 2579 sapientiam
1631 2522 1725 2567 aut
1780 2528 1971 2583 opera-

407 2592 643 2661 tionem;
680 2603 734 2648 ct
764 2614 779 2649 :
816 2595 964 2650 Sicut
1015 2597 1177 2653 Pater
1206 2601 1356 2655 habet
1399 2604 1555 2656 vitam
1592 2605 1646 2658 in
1669 2609 1963 2674 semetipso,

406 2685 483 2739 sic
504 2686 648 2740 dedit
674 2695 722 2740 et
747 2686 891 2742 Filio
909 2691 1067 2745 vitam
1098 2692 1286 2747 habere
1308 2695 1359 2747 in
1384 2696 1655 2765 semetipso
1685 2696 1751 2761 ⁸⁸,
1776 2706 1829 2751 et
1851 2712 1971 2765 qua:

405 2785 532 2833 sunt
561 2779 851 2848 ejusmodi;
881 2796 945 2835 ex
970 2782 1054 2837 bis
1084 2782 1184 2850 illi,
1205 2783 1348 2839 aliud
1370 2784 1586 2854 quidem
1618 2786 1760 2856 quod
1787 2787 1969 2851 habet,

402 2874 549 2927 aliud
603 2875 652 2929 id
701 2876 840 2945 quod
892 2877 1136 2943 habetur,
1169 2893 1288 2935 esse
1310 2890 1634 2947 statuerunt,
1659 2891 1970 2936 sanctorum

406 2964 474 3020 de
515 2966 597 3021 liis
629 2967 1047 3036 expositionibus
1081 2971 1318 3026 animum
1361 2972 1580 3028 minime
1614 2974 1969 3041 attendentes,

312 3120 313 3123 η
412 3067 508 3111 aut
539 3073 667 3112 vero
695 3062 972 3117 attendere
1003 3062 1282 3131 nolentes;
1311 3064 1363 3119 id
1382 3066 1594 3135 quidem
1618 3067 1758 3136 quod
1787 3067 1966 3131 habet,

406 3141 622 3198 Patrem
656 3147 804 3201 verbi
829 3151 1025 3216 gratia,
1058 3160 1147 3205 aut
1182 3152 1370 3217 Deum,
1422 3153 1506 3209 vel
1546 3156 1836 3211 essentiam
1879 3172 1966 3212 es-

406 3251 468 3303 se
493 3236 881 3306 decernentes;
915 3240 1059 3310 quod
1097 3257 1227 3297 vero
1249 3242 1497 3310 habetur,
1549 3246 1713 3300 vitam
1745 3255 1837 3301 aut
1871 3261 1959 3303 sa-

408 3328 686 3394 pientiam,
715 3339 807 3384 aut
835 3332 1124 3400 potentiam
1152 3347 1249 3387 seu
1271 3334 1548 3401 virtutem,
1580 3346 1675 3391 aut
1698 3338 1971 3406 operatio-

410 3432 557 3482 nem,
584 3432 689 3486 qua
715 3420 854 3473 Deus
876 3421 1157 3491 (quidquid
1179 3425 1393 3477 tandem
1419 3436 1541 3480 actu
1563 3425 1668 3499 est)
1692 3428 1746 3481 in
1771 3438 1969 3483 interna

408 3507 838 3580 inmutabilique
890 3511 1173 3569 identitate
1197 3515 1554 3573 consimiliter
1591 3519 1862 3577 subsistit.
1891 3519 1966 3574 lta

407 3600 661 3654 nimirum
684 3600 787 3657 illis
812 3602 925 3659 fere
949 3604 1229 3667 evenit,ac
1265 3607 1331 3673 si,
1350 3608 1473 3678 quia
1504 3609 1667 3664 etiam
1691 3610 1969 3678 Scriptura

406 3690 572 3746 dicit:
599 3690 792 3747 Manus
819 3705 920 3749 tua:
949 3694 1182 3763 fecerunt
1212 3714 1291 3752 me
1310 3708 1357 3751 et
1382 3698 1769 3768 plasmaverunt
1794 3717 1872 3755 me
1894 3701 1967 3766 “;

405 3784 517 3851 vel,
541 3786 727 3841 Audivi
754 3804 923 3842 vocem
946 3797 1092 3842 tuam
1124 3790 1505 3844 deambulanti:
1534 3792 1587 3844 in
1611 3782 1861 3856 paradiso
1899 3794 1968 3847 ad

407 3891 691 3945 vesperam,
730 3886 779 3932 et
820 3879 1073 3933 abscondi
1111 3896 1190 3933 me
1234 3879 1314 3943 ³¹;
1351 3881 1468 3934 sive
1506 3898 1521 3935 :
1566 3880 1836 3938 Odoratus
1893 3892 1969 3939 est

408 3967 663 4022 Dominus
692 3968 902 4021 odorem
934 3968 1304 4035 suavitatis“;
1331 3979 1443 4036 aut,
1478 3970 1695 4043 Pergunt
1715 3975 1783 4029 ad
1809 3992 1892 4030 eos
1916 3976 1971 4029 in

409 4058 586 4124 furore
616 4059 843 4125 obliquo,
885 4059 1011 4112 dicit
1047 4059 1298 4113 Dominus
1323 4060 1368 4092 ³⁵
1399 4077 1413 4115 :
1446 4078 1507 4114 ex
1544 4062 1627 4118 liis
1680 4066 1867 4132 utique
1918 4074 1974 4121 ct

410 4148 700 4211 similibus.
721 4149 885 4203 Deum
910 4151 1200 4209 statuerint
1231 4168 1345 4208 rem
1372 4155 1661 4223 quamdam
1711 4171 1832 4211 esse
1864 4160 1969 4210 hu-

411 4254 567 4292 mana
603 4238 879 4308 praeditam
912 4240 1103 4309 forma,
1138 4244 1536 4301 ctseutientem
1563 4261 1625 4300 ac
1648 4247 1966 4302 irascentem

1654 307 2053 370 MANUELIS
2097 310 2403 373 CALECE

405 432 667 489 veantur;
702 422 817 491 ipse
837 433 990 485 vero,
1021 418 1311 475 immobilis
1340 426 1444 474 est.
1470 418 1621 475 Unde
1647 421 1809 475 etiam
1840 436 1962 490 cap.

2074 421 2112 475 θ’
2140 423 2233 476 τοῦ
2257 425 2395 494 Περὶ
2423 423 2598 479 θείων
2618 421 2926 493 ὀνομάτων
2948 421 3113 492 φησὶν
3134 416 3163 473 ὸ
3183 419 3322 482 θεῖος
3341 420 3633 483 Διονύσιος
3722 454 3741 471 .

3532 305 3654 369 380‘

2071 516 2134 568 Ti
2180 513 2247 567 δὲ
2297 515 2393 568 καὶ
2422 513 2570 568 ὅταν
2619 510 2791 575 αὖθις
2816 515 2870 567 οἱ
2900 513 3171 578 θεολόγοι
3220 510 3507 576 προϊόντα
3537 508 3635 562 καί

2077 605 2438 675 κινούμενον
2466 606 2617 675 φασί
2650 605 2759 659 τὸν
2788 604 3112 670 detur-nter;
3135 600 3196 653 El
3232 601 3340 671 γὰρ
3366 600 3517 653 εστιν
3549 598 3643 651 ἐπ’

2068 683 2280 749 ἐκείνου
2307 699 2339 765 ἡ
2375 696 2653 768 ἐνεργείας
2683 696 2921 766 κίνησις,
2972 693 3128 746 ἔσται
3152 691 3344 746 ’κοινὸν
3373 687 3511 753 εἶδος
3539 690 3641 759 τῆς

2068 787 2379 859 παθητικῆς
2404 788 2687 857 δυνάμεως
2715 787 2824 840 τῶν
2866 778 3057 848 ὄντων,
3097 782 3313 851 καὶτῆς
3346 777 3638 846 ποιητικῆς

2069 879 2355 951 δυνάμεως
2381 880 2567 936 αὑτοῦ.
2608 879 2675 933 Ἦ
2707 879 2815 949 γὰρ
2845 875 3061 946 κίνησίς
3090 877 3235 928 ἐστιν
3264 873 3294 940 ἠ
3332 869 3640 938 ἐντελέχεια

2071 974 2166 1027 καὶ
2205 972 2268 1026 τὸ
2322 970 2462 1035 εἶδος
2519 972 2787 1042 ἑκατέρας
2837 969 3141 1039 δυνάμεως,
3170 965 3292 1020 καθ’
3320 964 3348 1018 ὃ
3375 963 3635 1031 δύναμιςο

2066 1063 2254 1134 ὥσπερ
2280 1065 2310 1135 ἡ
2338 1064 2687 1132 οἰκοδόμησις
2719 1061 2813 1115 τοῦ
2854 1078 2914 1113 τε
2954 1056 3311 1127 οίκοδομητοῦ
3361 1054 3457 1109 καὶ
3488 1054 3633 1106 οἱκο-

2064 1153 2383 1225 δομητικοῦ.
2422 1154 2591 1209 Οὶδέν
2624 1154 2679 1207 δὲ
2716 1147 2855 1216 εἶδος
2888 1151 2982 1206 τοῦ
3016 1150 3275 1205 Θεοῦνκαὶ
3305 1148 3412 1201 τῶν
3441 1147 3634 1200 ὅντων.

2138 1410 2204 1476 ζ’.
2244 1413 2367 1466 Ὀτι
2406 1413 2476 1465 τὰ
2510 1414 2639 1484 περὶ
2694 1414 2866 1483 αὐτῆς
2924 1414 3023 1483 μὲν
3049 1411 3151 1482 τῆς
3182 1411 3481 1482 ἐνεργείας,
3512 1409 3616 1463 καθ

2063 1504 2185 1573 ῆνό
2234 1505 2366 1567 Θεὸς
2421 1504 2772 1575 ἐνεργητικός
2824 1506 2994 1569 ἐστιν,
3055 1503 3273 1572 ἐνιαχοῦ
3320 1505 3430 1566 τοῖς
3462 1503 3638 1566 ἁγίοις

2065 1596 2332 1666 είρημένα
2351 1613 2367 1627 ·
2393 1596 2475 1649 ἔτι
2518 1597 2575 1649 δὲ
2603 1596 2731 1667 περὶ
2759 1598 2856 1665 τῆς
2883 1595 3030 1664 ζωῆς
3059 1595 3154 1648 καὶ
3187 1593 3376 1662 σοφίας
3426 1593 3521 1646 καὶ⁹
3543 1593 3637 1645 δυ-

2066 1686 2281 1756 νάμεως
2304 1687 2397 1739 καὶ
2427 1686 2784 1755 ἁγαθότητος,
2820 1687 2854 1756 ἡ
2883 1684 3113 1755 δύναμις
3150 1687 3246 1739 καὶ
3278 1685 3390 1754 ζωὴ
3414 1684 3506 1737 καὶ
3537 1701 3634 1736 σο·

2073 1779 2168 1847 φία
2190 1780 2283 1831 καὶ
2313 1778 2609 1847 ἀγαθότης,
2642 1777 2842 1846 μᾶλλον
2859 1777 2916 1829 δὲ
2944 1778 3243 1845 αὑτοσοφία
3266 1779 3360 1830 καὶ
3387 1776 3636 1846 αὑτοζωὴ

2073 1869 2168 1922 καὶ
2192 1868 2555 1936 αὐτοδύναμις
2576 1885 2590 1899 ο
2622 1868 2763 1921 κατὰ
2808 1866 2872 1937 δὴ
2911 1868 3001 1920 τὸν
3054 1868 3255 1937 τρόπον
3291 1869 3392 1936 τῆς
3426 1868 3640 1938 ἀνθρω-

2074 1959 2235 2028 πίνης
2281 1958 2588 2025 διαλέξεως,
2654 1958 3139 2028 ἀνθρωπινώτερον
3204 1958 3637 2028 παραδεδομένα..

2074 2051 2172 2104 οὐκ
2204 2050 2378 2113 ἄλλως
2405 2050 2775 2119 ἐγχωρούσης,
2806 2049 2840 2121 ἢ
2867 2051 2941 2114 ὼς
2971 2049 3203 2119 πέφυκα,
3229 2050 3523 2122 προφέρειν
3570 2050 3643 2106 τὰ

2075 2141 2319 2213 νοήματα
2351 2141 2445 2197 καὶ
2478 2142 2546 2195 τὰ
2570 2140 2828 2207 ὀνόματα,
2857 2139 3031 2202 οὕτως
3054 2140 3129 2203 ὡς
3154 2141 3394 2210 εἴρηται,
3422 2141 3517 2193 καὶ
3544 2140 3642 2193 ἐπὶ

2078 2232 2166 2286 τοῦ
2227 2231 2361 2285 Θεοῦ
2413 2230 2615 2300 κυρίως
2651 2229 2797 2301 ἔχειν
2856 2231 3205 2286 ἐπίστευσαν.
3246 2226 3392 2295 Οἶον,
3419 2230 3641 2284 ἐπειδὰν

2074 2323 2291 2391 λέγεται
2333 2321 2427 2375 τὸν
2460 2321 2592 2375 Θεὸν
2623 2322 2767 2390 ἔχειν
2797 2320 2962 2392 ζωὴν,
2998 2322 3031 2391 ἢ
3056 2321 3282 2392 δύναμιν
3313 2322 3343 2391 ἢ
3371 2321 3561 2390 σοφίαν
3602 2321 3639 2390 ἦ

2077 2417 2393 2486 ἐνέργειαν·
2453 2414 2569 2475 καὶ,
2632 2413 2860 2480 ’Ὠσπερ
2921 2415 2953 2468 ὸ
2985 2413 3184 2481 Πατὴρ
3235 2414 3360 2481 ἔχει
3390 2411 3542 2479 ζωὴν
3570 2411 3646 2464 ἐν

2076 2505 2285 2571 ἐαυτῷ,
2319 2505 2507 2571 οὕτως
2553 2505 2738 2560 ἔδωκε
2796 2505 2894 2559 καί
2930 2504 3008 2570 τῷ
3037 2504 3145 2570 Υίῷ
3174 2502 3326 2572 ζωὴν
3384 2504 3647 2572 ἕχεινέν

2077 2598 2288 2665 ἐαυτῷ,
2321 2598 2412 2650 καί
2444 2599 2545 2653 ὃσα
2576 2597 2799 2650 τοιαῦτα
2823 2612 2838 2628 ο
2894 2598 2953 2660 ἐξ
2982 2590 3055 2651 ὧν
3082 2596 3208 2652 ἄλλο
3258 2597 3358 2666 μὲν
3384 2596 3444 2649 τὸ
3494 2596 3644 2665 ἕχον,

2076 2689 2205 2744 ἄλλο
2237 2689 2293 2742 δὲ
2320 2688 2378 2742 τὸ
2412 2688 2669 2758 ἐχόμενον
2704 2687 2887 2740 ἔθεντο
2914 2682 3077 2752 είναι,
3115 2687 3190 2758 μὴ
3220 2688 3337 2748 ταῖς
3361 2688 3489 2755 περὶ
3513 2685 3644 2738 τού-

2077 2797 2185 2835 τωά
2216 2781 2504 2849 ἐξηγήσεσι
2532 2780 2639 2832 τῶν
2668 2781 2837 2847 ἁγίων
2877 2780 3263 2850 προσσχόντες,
3289 2779 3321 2849 ἢ
3345 2780 3644 2850 προσσχεῖν

2082 2872 2156 2944 μὴ
2183 2871 2559 2943 βουληθέντες,
2582 2873 2642 2925 τὸ
2676 2871 2774 2940 μὲν
2804 2872 2923 2941 ἔχον
2940 2873 3030 2924 τὸν
3054 2871 3268 2939 Πατέρα
3292 2870 3421 2941 φέρε
3439 2871 3640 2932 εἰπεῖν,

2079 2965 2113 3035 ἢ
2150 2964 2241 3017 τὸν
2277 2964 2427 3026 Θεὸν,
2459 2964 2490 3034 ἢ
2531 2964 2628 3032 τὴν
2660 2964 2848 3016 οὐσίαν
2876 2958 3014 3015 εἶναι
3074 2962 3393 3033 ὁρισάμενοι
3416 2977 3432 2994 ο
3468 2960 3527 3013 τὸ
3580 2961 3641 3014 δὲ

2079 3056 2335 3126 ἐχόμενον
2366 3056 2461 3127 τὴν
2488 3055 2635 3124 ζωὴν
2661 3057 2694 3125 ἢ
2718 3056 2818 3127 τὴν
2869 3056 3083 3124 σοφίαν,
3119 3054 3152 3123 ἢ
3193 3055 3290 3119 τὴν
3320 3053 3549 3122 δύναμιν
3601 3052 3635 3121 ἢ

2070 3146 2167 3217 τὴν
2205 3147 2504 3218 ἐνέργειαν,
2560 3148 2681 3202 καθ’
2704 3148 2770 3217 ἦν
2799 3147 3124 3216 ὑφέστηκεν,
3162 3147 3189 3199 ὅ
3233 3147 3285 3199 τί
3314 3146 3432 3198 ποτ’
3486 3144 3645 3198 ἔστιν

2072 3239 2340 3309 ἐνεργείᾳ,
2382 3242 2408 3293 ό
2447 3240 2606 3304 Θεὸς,
2637 3240 2692 3292 ἐν
2722 3239 2919 3310 αἰωνίᾳ
2945 3239 3037 3292 καὶ
3065 3236 3428 3308 ἀμεταϐλήτῳ
3449 3237 3642 3289 ταυτό-

2069 3345 2193 3396 τητι
2222 3327 2995 3398 παραπλήσιοννπεπονθότες,
3021 3326 3210 3397 ὥσπερ
3241 3326 3306 3380 ἂν
3337 3329 3385 3379 εί
3420 3327 3637 3396 καὶτῆς

2070 3420 2293 3490 Γραφῆς
2321 3420 2609 3491 λεγούσης,
2642 3422 2711 3475 Al
2751 3419 2944 3487 χεῖρές
2967 3435 3081 3474 σου
3115 3418 3415 3486 ἐποίησάν
3438 3436 3512 3489 με
3536 3419 3639 3472 καί

2071 3511 2351 3566 ἔπλασαν
2372 3528 2478 3581 με·
2517 3512 2573 3580 ἣ,
2644 3511 2760 3580 Τῆς
2791 3511 2998 3581 φωνῆς
3035 3527 3151 3565 σου
3198 3511 3437 3580 ἥκουσα
3471 3527 3642 3577 περι-

2072 3602 2405 3668 πατοῦντος
2462 3602 2531 3655 ἐν
2569 3600 2651 3667 τῷ
2687 3601 3028 3670 παραδείσῳ
3078 3601 3146 3654 τὸ
3194 3599 3481 3667 δειλινὸν,
3535 3602 3646 3655 καὶ

2071 3693 2333 3762 ἐκρύόην
2354 3710 2369 3726 ο
2400 3695 2457 3765 ἢ,
2483 3694 2613 3747 Ὀτι
2637 3693 2959 3763 ὠσφράνθη
2997 3693 3209 3761 Κύριος
3246 3693 3448 3761 ὀσμὴν
3498 3691 3646 3745 εὐω-

2071 3785 2205 3850 δίας
2227 3800 2244 3817 ν
2278 3786 2393 3848 καὶ,
2421 3786 2551 3839 Ὀτι
2595 3786 2966 3852 πορεύσομαι
2994 3784 3143 3851 πρὸς
3172 3782 3346 3852 ’ὑμᾶς
3374 3784 3444 3836 ἐν
3476 3779 3648 3851 θυμῷ

2071 3875 2325 3943 πλαγίῳ,
2362 3875 2523 3944 λέγει
2548 3877 2783 3944 Κύριοςν
2813 3877 2877 3929 ἐκ
2899 3876 2961 3945 δὴ
2985 3875 3191 3927 τούτων
3213 3875 3308 3926 καὶ
3332 3873 3441 3926 τῶν
3463 3874 3644 3926 τοιού-

2070 3982 2179 4020 των
2207 3966 2669 4037 ἀνθρωπόμορφόν
2704 3984 2755 4019 τι
2790 3962 2931 4019 εἶναι
2965 3965 3053 4019 τὸν
3081 3966 3212 4018 Θεὸν
3236 3964 3493 4029 ἐτίθεντο,
3544 3965 3644 4018 καί⁵

2072 4056 2463 4126 αίσθανόμενον
2500 4057 2594 4110 καὶ
2625 4055 2990 4125 θυμούμενον,
3022 4057 3115 4109 καὶ
3137 4055 3236 4109 ὅσα
3260 4054 3394 4108 ἄλλα
3422 4053 3510 4107 διὰ
3541 4052 3645 4123 τὴν

2071 4146 2179 4200 τῶν
2203 4147 2510 4200 ἀκουόντων
2536 4146 2825 4200 ἀσθένειαν
2848 4148 2881 4216 ὴ
2914 4146 3034 4201 θεία
3066 4146 3259 4218 Γραφὴ
3307 4146 3641 4212 διαλέγεται,

2070 4238 2159 4293 διὰ
2214 4239 2419 4293 τούτων
2471 4238 2558 4308 ἐφ’
2587 4239 2749 4309 ἕτερα
2806 4238 2957 4309 ἡμᾶς
3007 4239 3305 4307 ἀνάγουσαι.
3343 4238 3535 4291 Καίτοι
3575 4237 3638 4289 οὐ

410 4344 473 4383 ac
494 4341 826 4399 quacunque
875 4333 980 4386 alia
1035 4335 1212 4389 divina
1270 4332 1549 4405 Scriptura
1610 4336 1853 4406 loquitur
1901 4337 1969 4393 ob

2075 4330 2235 4401 μόνον
2284 4335 2311 4385 ὁ
2343 4331 2474 4394 Θεὸς
2524 4330 2745 4398 λέγεται
2787 4331 2870 4383 ὅτι
2922 4330 3036 4400 ἔχει
3091 4328 3298 4400 ζωὴνῆ
3338 4330 3641 4401 ἐνέργειαν,

411 4421 713 4475 auditorum
745 4422 1193 4493 imbecillitatem,
1227 4441 1291 4481 ex
1334 4427 1415 4482 bis
1452 4430 1520 4481 ad
1570 4428 1674 4482 alia
1702 4430 1860 4485 nobis
1892 4430 1967 4484 al-

2074 4421 2187 4476 ἀλλ’
2210 4423 2289 4475 ὅτι
2331 4422 2442 4491 ἔχει
2497 4422 2593 4489 καὶ
2626 4420 2837 4487 οὐσίαν,
2873 4421 3012 4474 κατὰ
3034 4421 3123 4476 τὸν
3165 4418 3320 4489 ἅγιον
3355 4422 3644 4473 Ἰουστίνον

410 4510 545 4565 liora
577 4512 677 4565 iter
713 4514 975 4584 prudens.
998 4513 1234 4571 Tametsi
1266 4518 1422 4581 Deus,
1455 4517 1649 4572 nedum
1683 4519 1841 4573 vitam
1878 4518 1969 4572 ha-

2074 4515 2134 4566 ἐν
2154 4514 2232 4583 τῷ
2267 4515 2405 4567 κατὰ
2465 4513 2731 4583 Ἑλλήνων
2762 4512 2925 4566 αὑτοῦ
2958 4513 3102 4581 λόγῳ
3131 4528 3146 4542 ο
3195 4513 3288 4565 καὶ
3332 4513 3413 4565 ὅτι
3434 4510 3555 4566 ὅλον
3585 4513 3647 4566 ἐν

412 4600 539 4653 bere
560 4600 769 4653 dicatur
792 4611 882 4656 aut
920 4604 1317 4672 Operationem,
1351 4620 1536 4661 verum
1585 4607 1747 4662 etiam
1776 4625 1967 4663 essen-

2077 4605 2251 4675 ἑαυτῷ
2278 4602 2555 4657 συλλαϐὼν
2586 4604 2698 4671 ἔχει
2742 4603 2802 4655 τὸ
2862 4598 3025 4663 εἶναι,
3060 4601 3202 4655 κατὰ
3251 4602 3345 4655 τὸν
3379 4604 3649 4671 Θεολόγον

412 4690 563 4754 tiam,
604 4705 696 4745 seu
730 4694 1110 4761 substantiam,
1150 4706 1209 4749 ut
1263 4707 1455 4752 auctor
1503 4710 1584 4753 est
1614 4696 1863 4754 Justinus
1918 4701 1969 4754 in

2076 4698 2395 4769 Γρηγόριον.
2423 4695 2576 4748 Ἐπεὶ
2597 4693 2690 4748 οὖν
2716 4712 2881 4763 φασιν
2918 4696 3045 4749 ἄλλο
3074 4698 3172 4767 μὲν
3198 4692 3337 4750 εἶναι
3361 4697 3422 4749 τὸ
3450 4697 3652 4765 ἐχόμε-

411 4781 550 4834 libro
578 4782 838 4838 Adversus
877 4784 1124 4850 Graecos;
1175 4798 1456 4857 totumque
1514 4791 1969 4856 comprehensum

2078 4805 2189 4853 νον,
2222 4788 2349 4842 ἄλλο
2399 4786 2457 4840 δέ
2501 4786 2561 4839 τὸ
2610 4786 2732 4857 ἔχον
2768 4788 3025 4856 πρᾶγμα,
3075 4788 3264 4857 ἕψεται
3292 4788 3415 4839 κατ’
3448 4786 3650 4850 αὐτοὺς

412 4873 466 4927 iu
500 4873 678 4943 scipso
710 4890 832 4932 esse
862 4878 1085 4943 habere,
1118 4889 1173 4933 ut
1200 4881 1364 4935 sentit
1385 4882 1679 4949 Gregorius
1739 4881 1969 4935 Theolo-

2079 4879 2205 4934 ἄλλο
2229 4880 2325 4948 μὲν
2348 4876 2485 4932 εἶναι
2514 4879 2603 4931 τὸν
2633 4878 2787 4943 Θεὸν,
2816 4878 3003 4947 ἕτερον
3034 4877 3090 4931 δὲ
3114 4878 3213 4948 τὴν
3242 4878 3429 4932 οὐσίαν
3453 4877 3650 4941 αὐτοῦ,

414 4979 533 5031 gus.
589 4964 1033 5037 Quandoquidem
1094 4971 1258 5039 igitur
1307 4972 1451 5026 aliud
1502 4988 1625 5027 csse
1692 4972 1870 5025 dicunt
1922 4973 1969 5027 id

2081 4973 2175 5025 καὶ
2213 4966 2278 5024 αὖ
2303 4970 2431 5024 ἄλλο
2471 4970 2568 5040 μὲν
2600 4970 2784 5034 αὑτὸν,
2809 4970 2995 5039 ἕτερον
3018 4969 3074 5022 δέ
3106 4968 3167 5023 τὸ
3202 4965 3340 5023 εἶναι
3378 4968 3568 5022 αὐτοῦ.

413 5060 554 5125 qum]
589 5062 835 5127 habetur,
865 5080 1086 5134 remque
1112 5066 1267 5120 aliam
1300 5067 1350 5121 id
1404 5068 1549 5136 quod
1582 5068 1781 5131 liabet,
1851 5081 2186 5135 consequens
2238 5066 2300 5120 lit
2372 5068 2424 5119 in
2473 5067 2687 5119 illarum
2748 5068 3038 5126 sententia.
3084 5064 3228 5118 aliud
3279 5080 3405 5121 esse
3449 5062 3649 5128 Deum,

415 5158 577 5215 atque
609 5150 751 5206 aliud
775 5153 891 5222 ejus
914 5158 1206 5211 essentiam
1237 5172 1299 5212 ac
1341 5158 1726 5239 substantiam,
1748 5174 1810 5213 ac
1837 5172 2020 5214 rursus
2055 5159 2233 5228 ipsum
2271 5158 2416 5213 aliud
2447 5175 2591 5225 esse,
2623 5158 2879 5225 aliudque
2905 5174 3024 5212 esse
3054 5158 3221 5215 illius.

488 5242 752 5299 Pra‘terea
775 5246 931 5317 juxta
956 5264 1140 5304 eorum
1191 5252 1467 5319 theologia:
1524 5254 1761 5321 regulas,
1830 5252 1974 5309 Deus

417 5347 608 5399 expers
636 5340 886 5394 essentim
908 5342 1011 5396 erit
1030 5359 1044 5407 ;
1066 5357 1163 5397 nec
1185 5345 1417 5397 essentia
1449 5344 1541 5398 Dei
1604 5361 1696 5399 seu
1725 5344 1969 5399 snbstan‘

2084 5344 2333 5407 ἁνούσιος
2357 5344 2507 5397 ἔσται
2530 5358 2547 5375 ·
2570 5342 2663 5396 καὶ
2688 5344 2721 5413 ἡ
2743 5342 2897 5395 οὐσία
2927 5341 3019 5395 τοῦ
3044 5343 3177 5396 Θεοῦ
3199 5346 3298 5396 οὐκ
3321 5344 3472 5396 ἔσται
3490 5344 3644 5406 Θεός·

422 5424 493 5476 tia
527 5423 664 5481 Deus
692 5427 872 5484 futura
900 5442 1002 5487 est.
1027 5429 1186 5486 Juxta
1218 5433 1363 5489 enim
1417 5435 1755 5500 divisionem,
1815 5450 1969 5502 quam

2085 5432 2228 5484 κατὰ
2257 5432 2366 5502 γὰρ
2398 5433 2498 5501 τὴν
2528 5429 2621 5483 τοῦ
2646 5430 2861 5499 ἔχοντος
2888 5430 2980 5483 καὶ
3013 5430 3295 5500 ἐχομένου,
3336 5430 3401 5499 ἣν
3423 5429 3650 5496 εἰσήγα-

420 5511 766 5585 induxerunt,
790 5522 1062 5590 habentis,
1099 5535 1152 5579 ct
1176 5525 1291 5594 ejus
1343 5527 1485 5595 quod
1530 5526 1759 5582 habetur
1836 5541 1969 5578 nun-

2084 5542 2205 5591 γον,
2237 5524 2522 5594 διαίρεσιν,
2560 5522 2661 5575 οὐκ
2689 5521 2755 5575 ἂν
2792 5523 2879 5592 εἴη
2913 5523 2971 5574 τὸ
3014 5524 3201 5593 ἕτερον
3233 5520 3344 5575 οἷον
3367 5520 3426 5573 τὸ
3454 5520 3651 5589 ἕτερον

2163 5255 2283 5308 Ἔτι
2309 5255 2451 5307 κατὰ
2480 5256 2606 5316 τοὺς
2629 5255 2788 5321 ὅρους
2818 5254 2919 5322 τῆς
2952 5253 3231 5322 θεολογίας
3253 5254 3450 5317 αὐτῶν,
3468 5256 3494 5305 ὸ
3514 5254 3651 5317 Θεὸς

500 5693 543 5723 ⁸⁸
571 5695 725 5749 ,Ιωίι
760 5715 786 5751 v
833 5698 921 5751 26.
1002 5699 1043 5731 ³⁸
1072 5698 1211 5753 l’sal.
1271 5714 1462 5765 cum,
1507 5700 1593 5753 75.
1672 5701 1714 5731 ³³
1746 5700 1880 5754 Gen.
1911 5714 1969 5766 ll,

2074 5706 2100 5751 ν.
2182 5698 2225 5731 ³³
2269 5697 2400 5753 Gen.
2470 5713 2584 5765 vm,
2632 5696 2722 5751 21.
2800 5696 2842 5730 ”
2886 5696 3059 5754 Levit.
3105 5712 3253 5763 uvt,
3286 5695 3378 5759 24,
3407 5694 3502 5750 28.
