3942 6200
424 328 533 391 383

1688 322 2090 385 MANUELIS
2130 323 2438 387 CALEC/E

3466 273 3659 391 .38!

424 410 570 505 sunt,
595 438 855 509 quomodo
880 438 1065 490 horum
1093 433 1376 505 quodlibet,
1406 435 1575 498 ipsum
1612 450 1729 490 vere
1757 441 1808 489 et
1832 450 1924 504 per
1945 451 1999 488 se

2114 437 2255 492 uiam
2277 442 2512 506 πάντων,
2541 455 2576 492 α
2600 456 2765 509 φασιν
2791 438 2935 508 ἔχειν
2960 437 3050 493 τὸν
3074 437 3207 493 Θεδν
3237 438 3543 515 ἐνέργειαν,
3571 453 3665 497 καὶ

424 532 728 585 nsipientia
753 529 1001 599 gaudeat.
1036 525 1131 580 llic
1163 541 1326 596 porro
1353 526 1505 581 locus
1533 542 1672 582 unus
1720 525 1991 581 suiﬁciens

421 632 509 677 est
544 621 609 673 ad
649 618 905 673 solvenda
971 617 1174 680 omnia,
1205 630 1325 686 qua
1351 616 1559 683 dicunt,
1592 615 1760 671 Deum
1792 616 1993 670 habere

422 712 824 780 operationem,
850 717 904 764 et
942 721 1067 765 esse
1106 706 1309 775 aliquid
1356 707 1409 762 in
1439 721 1545 773 eo;
1598 720 1828 776 esseque
1866 720 1996 775 ope-

423 805 687 859 rationem
712 818 775 855 ex
809 804 1064 867 essentia,
1082 816 1146 857 ac
1166 801 1211 857 si
1242 817 1345 873 qua
1360 802 1463 855 alia
1481 808 1606 858 sunt
1624 804 1744 871 ejus
1762 800 1993 871 generis.

422 893 617 964 Liquet
644 904 822 949 autem
843 895 1009 948 etiam
1031 908 1126 949 eos
1151 894 1243 963 qui
1293 893 1522 948 necdum
1544 892 1843 963 intelligere
1866 905 1993 959 pos-

423 996 575 1046 sunt,
601 984 766 1037 vitam
798 998 861 1039 ac
896 982 1069 1039 lucem
1096 983 1268 1054 ipsam
1290 997 1421 1039 vere
1448 998 1513 1037 ac
1539 997 1641 1051 per
1670 997 1729 1038 se
1757 981 1996 1038 existen-

424 1086 554 1138 tem,
586 1089 773 1129 eorum
804 1075 1002 1130 classis
1029 1090 1149 1129 esse
1181 1084 1342 1146 atque
1381 1075 1618 1144 generis,
1670 1075 1989 1144 quibuscum

436 1167 488 1220 in
521 1167 799 1237 Scriptura
825 1168 1209 1235 indulgentius,
1247 1182 1344 1236 pro
1366 1181 1555 1222 eorum
1586 1177 1771 1234 captu,
1796 1165 1992 1234 agitur,

422 1272 654 1324 quorum
683 1259 846 1313 etiam
874 1272 1077 1322 causa,.
1094 1256 1185 1310 tali
1211 1256 1479 1311 sermonis
1516 1255 1844 1311 demissioue
1907 1253 1994 1307 illa

423 1351 598 1404 utitur
627 1368 641 1405 :
676 1351 890 1419 alioque
919 1352 1077 1404 modo
1111 1349 1434 1419 theologiam
1467 1347 1575 1402 illis
1608 1348 1751 1415 loqui
1785 1346 1877 1416 qui
1910 1361 2000 1398 ru-

426 1442 735 1494 tlimentarii
768 1450 896 1497 sunt
930 1456 994 1496 ac
1027 1441 1381 1503 inducuntur,
1415 1439 1626 1509 alioque
1655 1439 1720 1494 iis
1753 1438 1842 1509 qui
1870 1448 1997 1495 sunt

426 1530 652 1598 perfecti
682 1548 697 1598 ;
730 1546 826 1585 nec
845 1546 1062 1600 semper
1088 1532 1407 1587 discendum
1438 1545 1579 1596 esse,
1623 1545 1686 1586 ac
1712 1546 1992 1600 nunquam

426 1620 915 1689 intelligendum";
986 1637 1383 1691 puerorumque
1427 1622 1791 1678 immanentes
1826 1622 1994 1677 disci-

2100 524 2239 583 εἶναι
2278 532 2336 583 ὲν
2364 529 2517 599 αὐτῷ
2540 548 2592 582 τι
2616 521 2628 561 λ
2664 529 2759 583 καὶ
2786 523 2923 584 εἶναι
2958 531 3023 582 ἐκ
3055 530 3153 600 τῆς
3180 528 3368 595 οὐσίας
3395 531 3495 601 τὴν
3516 532 3665 603 ὲνέρυ

2098 640 2275 691 γειαν,
2295 624 2387 676 καὶ
2409 620 2511 677 ὃσά
2541 624 2675 676 ἄλλα
2708 621 2934 676 τοιαῦτα
2956 639 2973 656 ο
3015 625 3252 693 φανερὸν
3282 608 3341 678 δὲ
3385 627 3479 678 καὶ
3506 627 3592 679 ὅτι
3614 627 3667 679 οἰ

2102 714 2237 784 μηδὲ
2266 714 2365 768 νῦν
2392 731 2474 769 πω
2504 715 2793 785 δυνάμενοι
2833 717 2975 769 νοεῖν
3025 714 3125 784 τὴν
3151 715 3317 785 ζωὴν,
3350 716 3527 768 καὶτὸ
3552 717 3669 784 φῶς

2102 803 2225 859 καθ’
2254 804 2417 857 ἑαυτὸ
2435 804 2705 873 ὑφεστὼς,
2739 804 2834 859 καὶ
2862 804 2927 858 τὰ
2958 804 3114 866 ἄλλα,
3158 805 3257 873 τῆς
3284 803 3531 873 ἑταιρίας
3561 805 3668 858 εἰσὶ

2097 894 2205 948 τῶν
2228 894 2697 964 οἰκονομουμένων
2727 895 2784 947 ὲν
2807 893 3020 966 τῇθεία
3042 892 3256 963 Γραφῇ,
3283 892 3351 945 δι’
3373 892 3465 956 οὓς
3486 894 3519 957 ἠ
3541 910 3672 962 συγ-

2098 977 2402 1046 κατάὄασις
2424 984 2617 1054 γέγονε
2646 986 2745 1053 τῆς
2767 984 3025 1055 τοιαύτης
3054 983 3398 1051 ἀπαγγελίας
3418 998 3433 1014 ·
3465 984 3564 1038 καὶ
3588 984 3670 1038 ὅτι

2098 1076 2300 1147 ἑτέρως
2326 1077 2357 1146 ἡ
2386 1056 2638 1143 θεολογία
2661 1077 2775 1138 τοῖς
2806 1077 3195 1143 εἰσαγωγικοίς
3219 1076 3552 1144 διαλέγεται,
3571 1079 3671 1131 καὶ

2101 1168 2301 1234 ἑτέρως
2330 1171 2444 1229 τοῖς
2484 1166 2709 1224 τελείοις
2729 1184 2742 1197 ⁸
2771 1168 2866 1221 καὶ
2896 1166 2956 1219 ού
2983 1167 3063 1219 δεῖ
3093 1166 3323 1221 πάντοτε
3363 1166 3672 1237 μανθάνον-

2098 1274 2195 1320 τας
2251 1257 2509 1310 οὐδέποτε
2570 1256 2853 1319 συνιέναι,
2917 1258 3010 1310 καὶ
3072 1259 3493 1327 παραμένοντας
3553 1260 3671 1321 τοῖς

2098 1349 2206 1402 τῶν
2269 1348 2570 1419 παιδαρίων
2628 1347 2984 1417 μαθήμασιν,
3036 1349 3511 1418 ἀπολιμπάνεσθαι
3570 1352 3670 1418 τῆς

2097 1438 2305 1501 τελείας
2355 1439 2733 1505 διδασκαλίας,
2787 1440 3083 1502 ἀκούοντας
3132 1439 3225 1494 τοῦ
3276 1439 3525 1504 Παύλου,
3583 1442 3666 1492 λέι

2098 1546 2305 1597 γοντος,
2333 1527 2455 1581 ὀτι
2494 1527 2560 1580 τὸ
2591 1527 2825 1597 γράμμα
2848 1529 3224 1593 ἀποκτείνει,
3260 1528 3325 1583 τὸ
3344 1529 3413 1582 δὲ
3429 1530 3673 1599 πνεῦμα

2100 1617 2371 1687 (Queror-si
2390 1635 2403 1651 ο
2440 1618 2552 1683 καὶ,
2589 1618 2763 1671 Ὅσοι
2794 1618 2863 1672 ἐν
2888 1621 3050 1689 νόμῳ
3078 1618 3391 1688 ,καυχᾶσθε
3408 1620 3673 1688 (15).τῆς

425 1714 611 1786 plinis,
644 1713 880 1782 perfecta
909 1714 1063 1769 delici
1099 1728 1195 1781 par
1222 1723 1304 1768 cst
1325 1714 1592 1779 doctrina,
1617 1712 1704 1783 qui
1730 1728 1795 1767 ex
1831 1712 1999 1768 Paulo

2114 1710 2338 1779 ίάριτος
2370 1711 2699 1786 ἐξεπέσατε
2726 1727 2740 1743 ο
2766 1710 2943 1764 καίτοι
2984 1710 3256 1765 τοσούτων
3280 1711 3474 1780 φωνῶν
3497 1710 3680 1781 ἐμπε-

426 1779 732 1869 autliamus,
756 1803 957 1857 Littera
986 1779 1198 1868 occidit,
1223 1804 1438 1869 spiritus
1464 1779 1647 1856 autem
1668 1802 1891 1870 viviﬁcat
1913 1804 1959 1837 ”
1981 1822 1996 1869 ;

2114 1779 2596 1871 atsthppévwv‘rﬁ
2637 1800 2759 1870 θεία
2807 1800 2844 1852 Γ
2852 1803 3020 1872 ραφῇ,
3064 1801 3173 1855 ἀπὸ
3359 1779 3685 1853 ταπεινοτέ-

425 1904 478 1947 et
514 1911 531 1949 :
575 1893 767 1949 Omnes
812 1896 902 1964 qui
949 1895 1004 1947 in
1050 1893 1160 1963 lege
1208 1894 1533 1961 gloriamini,
1560 1910 1592 1946 a
1635 1894 1806 1963 gratia
1854 1894 1999 1947 exci-

424 1982 575 2036 distis
602 1984 682 2047 ";
728 1982 940 2037 tametsi
969 1990 1050 2036 tot
1080 1982 1133 2036 in
1166 1983 1351 2036 divina
1382 1980 1659 2051 Scriptura
1717 1983 2003 2037 continen-

426 2085 521 2130 tur
547 2090 728 2138 voces,
776 2074 974 2144 quibus
1007 2074 1076 2127 ab
1123 2074 1503 2130 humilioribus
1561 2072 1630 2127 ad
1687 2072 2000 2128 sublimiora

2100 1906 2211 1963 ρων
2247 1891 2341 1944 ἐπὶ
2384 1892 2453 1943 τὰ
2494 1890 2803 1961 ὑψηλότερα
2858 1893 3006 1961 ἡμᾶς
3062 1892 3411 1960 ἁναγουσῶν·
3460 1893 3542 1945 διδ
3575 1895 3683 1946 καὶ

2097 1983 2220 2035 ἐπεὶ
2249 1981 2310 2036 ού
2337 1981 2561 2035 δύναται
2593 1983 2769 2037 ταῦτα
2802 1982 2983 2037 πάντα
3016 1984 3359 2037 ἑνυπόστατα
3391 1978 3557 2047 εἰναι,
3591 1983 3682 2046 ὡς

2098 2070 2206 2124 ἰδια
2265 2071 2587 2141 πράγματα,
2630 2070 2691 2122 ἓν
2750 2086 2807 2122 τι
2849 2070 3028 2125 πάντα
3078 2070 3256 2123 ταῦτα
3304 2071 3685 2124 ὲνυπόστατον

428 2182 609 2226 mente
640 2171 932 2241 erigamur.
961 2170 1167 2237 Quare,
1200 2173 1345 2240 quod
1376 2170 1494 2227 ﬁeri
1529 2179 1765 2241 nequeat
1793 2178 1853 2225 ut
1886 2171 2000 2225 hare

2114 2166 2331 2234 τρᾶγμα
2356 2160 2697 2231 ὑποληπτέον
2718 2176 2736 2193 ⁸
2760 2162 2860 2218 ὅσα
2886 2162 2953 2215 τὰ
2980 2163 3037 2216 ιν
3064 2162 3192 2231 ἡμῖν
3219 2161 3552 2231 ὑποκείμενα
3576 2165 3687 2215 καὶ

426 2258 612 2316 omnia
638 2278 733 2332 per
764 2278 824 2317 se
849 2262 1115 2316 exsistant
1137 2270 1194 2316 ut
1218 2277 1305 2317 res
1350 2263 1604 2332 propriae,
1661 2276 1827 2316 unum
1865 2261 1995 2330 quid

2114 2252 2568 2325 ιατηγορούμενα,
2581 2253 2675 2305 καὶ
2695 2252 2991 2323 ἀπειράκις
3018 2252 3186 2306 πλείω
3202 2252 3262 2306 ὃν
3282 2253 3423 2306 κατὰ
3440 2253 3501 2305 τὸ
3519 2252 3684 2307 αὐτό.
3758 2300 3761 2307 .

428 2370 528 2422 per
556 2371 614 2409 se
644 2358 917 2411 essistens
949 2368 1172 2410 necesse
1196 2363 1280 2410 est
1335 2363 1396 2409 ut
1415 2368 1477 2409 ea
1498 2354 1677 2409 omnia
1711 2353 2084 2409 existimemus
2107 2388 2123 2411 .
2157 2362 2492 2417 quaecunque
2521 2346 2733 2402 scilicet
2790 2345 2842 2399 in
2895 2346 3053 2415 nobis
3121 2356 3177 2401 et
3239 2344 3480 2416 subjecta
3542 2356 3686 2402 sunt.

430 2461 493 2497 ac
521 2446 831 2511 pt'u'tlicuttt,
880 2445 1246 2515 inlinitiesqne
1273 2444 1426 2515 plura
1482 2444 1780 2500 secundum
1832 2458 1995 2496 unum
2036 2455 2100 2495 ac
2138 2440 2276 2495 idem
2300 2440 2593 2495 exsistens.

500 2538 697 2591 Octava
753 2539 915 2608 hujus
967 2540 1324 2610 corruptionis
1368 2553 1551 2607 causa,
1586 2539 1727 2609 quod
1760 2553 1843 2604 ea,
1885 2554 2004 2609 quae

428 2629 750 2698 quibusdam
788 2629 922 2685 locis
952 2631 1216 2685 assuetis
1244 2630 1386 2685 dicta
1418 2638 1545 2686 sunt
1578 2631 1644 2685 de
1675 2629 1767 2684 Dei
1818 2644 1995 2683 esseu-

431 2722 508 2777 tia
546 2732 799 2791 tauquam
832 2722 897 2777 tle
927 2722 1259 2790 operatione,
1297 2736 1401 2791 qua
1448 2722 1539 2776 illc
1565 2722 1613 2775 vi
1648 2722 1839 2791 agendi
1870 2736 1979 2789 pra:

428 2809 576 2865 ditus
604 2824 669 2864 ac
719 2810 902 2864 enicas
955 2820 1036 2865 est
1086 2812 1159 2880 (ill
1199 2812 1344 2865 enim
1391 2813 1595 2867 sanctis
1642 2812 2005 2881 promiscuum

431 2904 679 2968 habetur,
712 2904 790 2957 uti
830 2904 1111 2973 probatum
1154 2907 1283 2973 est),
1308 2904 1406 2975 ipsi
1452 2918 1548 2973 pro
1594 2898 1744 2959 linito
1777 2906 1841 2957 de
1876 2918 2009 2971 ope-

434 2996 664 3059 ratione,
686 3010 807 3062 quae
837 3011 865 3049 a
892 2994 984 3050 Dei
1008 2996 1241 3051 essentia
1269 2995 1545 3058 dividitur,
1577 2996 1735 3050 modo
1759 3010 2005 3066 superius

430 3085 623 3152 relato,
667 3096 1010 3154 acceperunt.
1029 3088 1116 3141 Ait
1136 3086 1278 3141 enim
1302 3100 1528 3155 magnus
1547 3087 2000 3157 Dionysius,quod

432 3187 486 3231 et
513 3186 697 3245 postea
731 3177 805 3230 illi
840 3178 1108 3232 secundus
1142 3175 1379 3231 Joannes
1414 3177 1777 3230 Damascenus
1812 3177 2001 3231 iisdem

432 3268 615 3323 verbis
672 3270 956 3336 exposuit,
1012 3281 1254 3335 nempe:
1303 3266 1546 3322 Divinam
1608 3268 2008 3322 "lustrationem

433 3366 587 3426 atque
619 3358 885 3423 virtutem,
908 3374 1015 3411 una
1051 3373 1169 3410 cum
1193 3356 1267 3433 sit.
1283 3365 1331 3411 et
1356 3357 1580 3423 simplex
1612 3368 1658 3412 et
1688 3358 1914 3413 indivisa
1961 3368 2012 3413 et

433 3445 780 3517 boniformis,
831 3450 888 3503 in
928 3448 1161 3502 dividuis
1227 3451 1521 3505 variantem
1566 3452 1864 3521 cunctisque
1909 3452 2009 3505 tri-

438 3540 675 3592 buentem
708 3539 896 3609 quibus
927 3540 1139 3612 propria
1174 3550 1367 3594 natura
1400 3549 1683 3609 prtcstatur
1713 3543 2010 3607 incolumis,

430 3630 723 3699 simplicem
763 3647 1155 3701 manere:qua:
1193 3633 1569 3700 multiplicetur
1587 3632 1794 3703 quidem
1842 3635 1895 3686 in
1930 3634 2011 3685 1i-

431 3723 602 3776 viduis
651 3723 893 3788 indivise,
917 3723 1235 3793 divitluaque
1277 3724 1328 3776 in
1354 3739 1506 3776 suam
1541 3723 1656 3790 ipsa
1696 3722 2012 3786 simplicita-

434 3822 537 3867 tem
574 3812 782 3882 colligat
809 3820 967 3882 atque
1019 3822 1303 3866 convertat.
1330 3812 1532 3866 Cuncta
1591 3813 1726 3865 enim
1752 3814 1898 3867 illius
1925 3814 2016 3868 de-

434 3904 638 3958 siderio
703 3912 964 3968 tenentur,
1016 3915 1064 3958 et
1114 3906 1167 3958 in
1210 3906 1323 3972 ipsa
1376 3906 1735 3959 exsistentiam
1802 3905 2011 3976 habent,

437 3994 742 4062 cunctisque
764 4009 897 4056 esse,
922 4008 1014 4060 pro
1045 4010 1104 4047 eo
1154 4009 1217 4046 ac
1256 3993 1363 4047 illis
1416 4003 1607 4047 natura
1652 4008 2013 4065 comparatum

435 4092 535 4145 est,
592 4082 876 4150 impartit,’
919 4092 1101 4151 estque
1129 4099 1213 4146 ea,
1274 4100 1459 4137 eorum
1512 4101 1629 4154 quae
1674 4096 1831 4151 sunt,
1879 4105 2015 4154 esse,

437 4188 619 4226 mrum
654 4189 770 4241 qua:
793 4173 993 4233 vivunt,
1025 4174 1155 4236 vita,
1183 4190 1361 4227 eorum
1388 4192 1505 4245 qua:
1536 4178 1735 4229 ratione
1759 4179 2015 4233 utentium

439 4278 582 4318 more
610 4273 753 4331 sunt,
786 4266 945 4331 ratio,
968 4282 1250 4337 eorttmque
1278 4284 1391 4337 qum
1415 4268 1818 4337 intelligentiam
1855 4287 2017 4335 more,

436 4355 805 4425 intelligentia,
841 4372 957 4409 cum
1002 4357 1114 4424 ipsa
1136 4375 1294 4427 supra
1347 4368 1588 4424 mentem,
1617 4377 1879 4431 supraque
1922 4378 2016 4416 ra-

2184 2533 2409 2601 Ὄγδοον
2460 2535 2559 2601 τῆς
2588 2532 2886 2602 διαφθορᾶς
2936 2531 3137 2601 ταύτης
3184 2532 3243 2586 τὸ
3271 2530 3464 2596 αἰτιον,
3496 2532 3578 2584 δτι
3605 2533 3690 2585 τὰ

2108 2626 2323 2696 ἐνιαχοῦ
2340 2628 2451 2687 τοῖς
2474 2624 2650 2692 ἁγίοις
2668 2624 2934 2694 εἰρημένα
2955 2625 3047 2677 ἐπὶ
3076 2624 3173 2694 τῆς
3192 2614 3380 2687 οὐσίας
3399 2623 3491 2677 τοῦ
3512 2623 3689 2689 Θεοῦ,

2107 2718 2182 2777 ὡς
2204 2719 2295 2768 ἰ.πὶ
2328 2715 2606 2785 ἐνεργείας
2639 2716 2760 2770 καθ’
2792 2716 2860 2787 ἢν
2891 2716 3245 2786 ἐνεργητικός
3276 2717 3425 2768 ἐστιν
3452 2731 3472 2749 ο
3513 2714 3694 2768 τοῦτο

2110 2811 2219 2878 γὰρ
2242 2812 2389 2875 παρὰ
2410 2810 2524 2871 τοῖς
2549 2809 2726 2877 ἁγίοις
2744 2808 3059 2879 ἀδιάφορον,
3082 2807 3156 2869 ὡς
3177 2806 3469 2871 δέδεικται,
3488 2806 3565 2869 ὡς
3586 2807 3694 2859 ἐπὶ

2109 2902 2390 2969 ἐνεργείας
2443 2901 2601 2955 αὐτοὶ
2666 2898 2935 2964 ἐδέξαντο,
2993 2899 3377 2969 διαιρουμένης
3426 2898 3533 2951 ἀπὸ
3580 2898 3693 2967 τῆς

2108 2992 2298 3051 ούσίας
2317 2991 2411 3044 τοῦ
2435 2992 2698 3059 Θεοῦ,τδν
2733 2990 3220 3063 προηριθμημένον
3240 2991 3465 3061 τρόπον,
3491 2989 3694 3059 ὥσπερ

2108 3084 2503 3154 ἐδουλήθησανο
2526 3084 2662 3152 φησί
2682 3081 2789 3153 γὰρ
2806 3085 2833 3135 ὀ
2853 3083 3027 3152 μέγας
3048 3082 3346 3147 Διονύσιος,
3376 3082 3404 3135 δ
3426 3082 3517 3135 καὶ
3538 3081 3567 3132 δ
3583 3087 3695 3136 Δα-

2112 3174 2386 3244 μασκόθεν
2427 3175 2680 3243 Ἰωάννης
2708 3173 2933 3241 ὕστερον
2956 3171 3339 3241 ἐκδεξάμενος,
3362 3173 3543 3234 αὐτοῖς
3567 3173 3695 3226 6V6-

2113 3284 2277 3338 μασιν
2306 3264 2582 3333 ἐξέθηκεν,
2623 3267 2755 3320 ’Ὁτι
2809 3268 2847 3336 ἡ
2879 3270 3008 3323 θεία
3035 3267 3341 3335 ἐλλαμψις
3381 3266 3480 3318 καί
3519 3265 3696 3331 ἐνέρ-

2110 3376 2258 3429 γεια,
2285 3358 2391 3425 μία
2419 3354 2577 3412 οὖσα
2606 3359 2704 3411 καί
2737 3359 2904 3428 ἁπλῆ
2934 3359 3034 3412 καί
3061 3359 3287 3427 ἀμερὴς
3321 3356 3419 3410 καί
3462 3356 3697 3424 ἀγαθο-
3774 3344 3781 3349 ’

2109 3449 2278 3514 ειδὴς
2304 3491 2317 3510 ,
2352 3450 2421 3501 ἐν
2447 3448 2573 3514 τοῖς
2593 3450 2901 3519 μεριστοῖς
2923 3465 3082 3504 ποικι
3100 3448 3379 3518 ιλομένη,
3404 3448 3501 3501 καί
3529 3446 3699 3503 πᾶσι

2111 3540 2184 3594 τὰ
2212 3538 2320 3607 τῆς
2359 3540 2581 3606 οἰκείας
2643 3542 2887 3609 φύσεως
2935 3542 3204 3596 σωστικὰ
3226 3538 3493 3607 νέμουσα
3515 3537 3701 3605 μένει

2113 3631 2278 3701 ἁπλῆ
2306 3648 2318 3663 ’
2355 3633 2793 3701 πληθυνομένη
2816 3632 2934 3701 μὲν
2963 3633 3034 3688 ἐν
3059 3632 3184 3698 τοῖς
3210 3630 3518 3701 μεριστάς
3544 3631 3705 3698 ἀμε-

2106 3725 2352 3793 ρίστως,
2384 3722 2580 3779 καὶτὰ
2609 3725 2861 3793 μεριστὰ
2904 3725 3056 3793 πρὸς
3103 3724 3220 3792 τὴν
3252 3706 3475 3793 ἐαυτξῆς
3500 3722 3706 3777 ἀπλά-

2114 3830 2259 3880 τητα
2300 3812 2658 3881 συνάγουσα
2705 3812 2803 3866 καί
2832 3811 3303 3881 ἐπιστρέφουσα.
3343 3810 3549 3864 Πάντα
3581 3811 3705 3877 γὰρ

2114 3904 2304 3971 αὐτῆς
2331 3904 2580 3971 ἐφίεται,
2600 3904 2700 3958 καί
2725 3905 2794 3957 ἐν
2820 3903 2976 3972 αὺτῇ
3000 3905 3125 3972 ἔχει
3149 3902 3266 3969 τὴν
3288 3900 3565 3968 ὕπαρξιν,
3589 3902 3703 3953 καί

2115 3994 2269 4062 αὑτὴ
2292 3994 2418 4059 τοῖς
2450 3993 2603 4050 πᾶσι
2633 3996 2701 4049 τὸ
2732 3992 2908 4061 εἶναι,
2944 3994 3138 4060 καθὼς
3168 3994 3293 4063 ἔχει
3310 3992 3711 4063 senectae,”-

2115 4086 2401 4141 ταδίδωσι
2422 4104 2437 4118 ο
2465 4087 2564 4140 καί
2585 4085 2739 4155 αὐτή
2768 4088 2900 4142 ἐστι
2929 4087 3047 4141 τῶν
3070 4087 3263 4141 ὄντων
3288 4085 3355 4139 τὸ
3378 4080 3532 4137 εἶναι
3551 4121 3569 4149 ,
3593 4084 3707 4136 και

2115 4177 2236 4233 τῶν
2266 4176 2495 4238 ζώντων
2519 4179 2556 4246 ἠ
2584 4175 2719 4243 (wh,
2760 4179 2857 4231 καί
2890 4177 3008 4230 τῶν
3030 4174 3288 4245 λογικῶς
3310 4175 3500 4228 ὄντων
3529 4175 3563 4228 ό
3592 4174 3708 4227 λό’

2119 4286 2225 4340 γος
2243 4267 2269 4332 ,’
2289 4270 2383 4322 καί
2418 4267 2536 4321 τῶν
2564 4267 2778 4336 respch
2807 4269 3052 4335 ὅντωνή
3078 4268 3290 4333 νόησις
3316 4308 3332 4332 ,
3357 4266 3510 4331 αὑτὴ
3539 4264 3708 4330 ὑπὲρ

2119 4362 2272 4417 γοῦν
2319 4356 2492 4427 οὖσα,
2516 4360 2611 4415 καί
2656 4359 2809 4428 ὑπὲρ
2837 4361 3047 4429 λόγον,
3066 4359 3164 4413 καί
3199 4360 3351 4426 ὑπὲρ
3381 4357 3553 4423 ζωὴν,
3597 4356 3711 4409 καὶ

440 4447 656 4511 tionem,
685 4457 732 4501 et
750 4464 911 4517 supra
940 4449 1122 4509 vitam,
1157 4467 1218 4503 ae
1248 4467 1408 4520 supra
1434 4452 1713 4505 essentiam
1739 4455 1984 4510 exsistat.

2122 4454 2275 4523 ὑπὲρ
2313 4455 2557 4508 οὐσίαν.

516 4534 609 4591 "is
662 4536 848 4607 itaque
891 4547 950 4593 ut
994 4540 1340 4597 validissimis
1388 4551 1633 4606 utuntur,
1667 4543 1733 4597 ad
1787 4546 2017 4613 proban-

439 4623 591 4689 dum,
628 4616 867 4680 divinam
900 4628 1212 4693 essentiam,
1243 4630 1443 4686 nullius
1481 4646 1669 4686 eorum
1708 4648 1830 4702 quze
1864 4644 2015 4688 extra

442 4725 572 4770 sunt
590 4730 711 4772 esse
732 4718 1078 4787 effectricem,
1108 4720 1201 4774 sed
1226 4736 1592 4791 Operattoncm
1618 4741 1714 4780 seu
1741 4727 2019 4790 virtutem,

440 4822 604 4876 quam
650 4818 928 4880 tantopere
964 4814 1031 4865 ab
1070 4814 1305 4867 essentia
1356 4813 1611 4884 distingui
1659 4816 1926 4881 dixerunt,
1956 4816 2019 4871 ii-

444 4901 611 4969 laque
634 4902 891 4957 inllnities
915 4903 1124 4958 inﬁnite
1150 4904 1463 4960 inferiorem
1491 4922 1636 4970 esse;
1662 4907 1799 4959 lianc
1833 4921 2023 4975 nempe

428 4994 645 5047 creatis
711 4996 1097 5065 propinquare,
1157 5010 1330 5065 eaque
1384 4998 1672 5052 incolumia
1740 5010 2017 5067 praestare,

444 5094 607 5152 atque
632 5084 699 5138 ad
729 5095 1036 5140 creaturam
1093 5088 1319 5142 inferius
1377 5088 1667 5152 ventitare,
1703 5088 1929 5155 ejusque
1962 5092 2024 5142 il-

444 5171 550 5224 lam
604 5174 924 5244 participem
956 5190 1097 5243 esse,
1127 5186 1181 5231 et
1208 5179 1568 5239 sanetiiicare.
1602 5186 1655 5229 et
1698 5177 2024 5244 illuminare,

445 5275 499 5316 et
535 5265 787 5332 insidere,
817 5279 871 5322 ct
901 5284 995 5324 eos
1025 5271 1115 5335 qui
1162 5270 1308 5338 digni
1341 5270 1447 5324 sint
1479 5269 1751 5333 deiﬁcare,
1788 5273 2029 5340 pmpric—

528 5445 572 5476 ³⁸
597 5444 639 5499 ll
694 5444 839 5501 Tim.
878 5463 961 5511 ιιι,
991 5448 1041 5503 7.
1119 5449 1163 5481 ³³
1187 5446 1231 5503 ιι
1254 5448 1382 5504 Cor.
1408 5464 1492 5515 ιιι,
1522 5447 1578 5502 6.
1654 5447 1901 5503 “Galat.
1941 5465 1996 5514 ν,
2026 5449 2079 5502 4.

514 5652 636 5726 “75)
682 5652 785 5707 Ἐν
803 5654 974 5726 ,νόμῳ
997 5656 1326 5723 καυχᾶσθε.
1364 5656 1573 5726 Lapsus
1628 5657 1887 5711 memoria
1913 5656 2018 5710 Ca-

454 5722 555 5776 lcc.
591 5721 764 5780 Loctts
800 5721 944 5779 Petili
978 5727 1035 5777 ἐν
1059 5721 1206 5796 νόμῳ
1233 5721 1559 5781 δικαιοῦσθε.
1598 5727 1660 5780 In
1698 5728 1824 5797 Lege
1855 5727 2020 5795 justi-

2196 4544 2421 4608 Τούτοις
2469 4544 2564 4599 οὖν
2590 4545 2665 4608 ὡς
2697 4545 3074 4614 ἰσχυροτάτοις
3120 4541 3361 4613 χρῶνται
3390 4540 3525 4610 πρὸς
3560 4540 3712 4593 ἀπό-

2125 4636 2291 4703 δειξιν
2322 4635 2415 4689 τοῦ
2443 4636 2525 4689 ὅτι
2547 4638 2581 4706 ἡ
2616 4636 2735 4689 θεία
2757 4634 2913 4688 ούσία
2937 4634 3151 4696 οὐδενξς
3182 4629 3568 4701 ἁπεργαστικὴ
3591 4630 3714 4683 τῶν

2129 4728 2280 4787 ἐντός
2316 4727 2484 4789 ἐστιν,
2525 4724 2642 4778 ἀλλ’
2693 4728 2725 4794 ἡ
2757 4725 3031 4799 ἐνέργεια,
3066 4724 3133 4793 ἦν
3188 4722 3285 4774 ἐπὶ
3314 4720 3568 4773 τοσοῦτον
3599 4719 3715 4787 τῆς

2128 4816 2316 4881 οὐσίας
2342 4816 2622 4884 διαφέρειν
2654 4808 2893 4883 ἔφασαν,
2918 4820 3014 4867 καὶ
3052 4815 3218 4882 αὐτῆς
3261 4810 3511 4881 ὑφεῖσθαι
3545 4812 3717 4863 ἀπει-

2132 4910 2291 4979 ράκις
2317 4910 2583 4979 ἀπείρως,
2616 4908 2992 4977 προσπελάζει
3012 4908 3125 4969 τοῖς
3155 4905 3443 4973 κτίσμασι,
3468 4903 3565 4954 καὶ
3594 4899 3717 4952 σώο

2132 5000 2214 5063 ζει
2252 5000 2445 5066 ταῦτα,
2482 5002 2576 5055 καὶ
2628 5002 2790 5071 φοιτᾷ
2825 5000 2975 5053 κάτω
3028 4999 3165 5067 πρὸς
3209 4997 3309 5067 τὴν
3370 4994 3569 5057 κτίσιν,
3610 4994 3719 5046 καὶ

2136 5090 2427 5161 με’-δέχεται
2462 5092 2553 5144 ὑπ’
2581 5092 2750 5161 αὐτῆς
2803 5093 2895 5144 καὶ
2929 5089 3149 5157 ἁγιάζει
3180 5089 3277 5143 καὶ
3336 5086 3562 5156 φωτίζει
3609 5086 3720 5137 καὶ

2133 5181 2367 5250 ἐνιδρύει
2403 5182 2496 5235 καί
2527 5181 2640 5234 0εοῖ
2675 5182 2803 5243 τοὺς
2833 5180 3037 5245 ἀξίους,
3071 5180 3165 5233 καὶ
3190 5178 3397 5248 κυρίως
3428 5176 3547 5229 ἐστὶ
3586 5174 3725 5225 θεός

2136 5290 2232 5340 της
2257 5272 2350 5325 καὶ
2380 5271 2494 5344 ζωὴ
2522 5274 2616 5325 καὶ
2640 5272 2802 5341 σοφία
2834 5272 2925 5325 καὶ
2952 5272 3183 5340 δύναμις
3204 5285 3218 5299 ⁶
3246 5270 3341 5323 καὶ
3368 5263 3717 5336 κληρονομία

2129 5654 2530 5777 Iﬁ‘cutnini.{59),
2594 5660 2651 5710 ἐν
2730 5656 2876 5726 νόμῳ
2945 5654 3253 5729 καυχᾶδθαι
3311 5654 3419 5709 alio
3470 5664 3725 5719 Spectat.

2180 5743 2285 5777 om.
2318 5742 2376 5777 ιι.
2408 5732 2441 5777 ‘..
2482 5761 2497 5777 .
3569 5764 3577 5771 .

2180 5743 2285 5779 om.
2318 5742 2376 5791 tt,
2408 5732 2497 5779 ‘20.
