3942 6200
457 310 565 380 427

1707 321 2099 384 MANUELIS
2136 328 2439 390 CALECIE
3546 344 3621 413 $28

455 439 581 487 Sunt
619 445 781 485 unum
822 448 835 483 :
878 440 1122 500 superest
1163 446 1312 502 ergo,
1346 443 1400 487 ut
1434 449 1595 487 unum
1631 448 1900 505 competat
1932 454 1988 493 ra

2124 444 2220 514 τὴν
2245 446 2433 499 οὐσίαν
2455 442 2611 501 εἶναι.
2637 448 2699 501 Εἰ
2726 448 2851 516 γοῦν
2878 452 2966 503 καὶ
2990 453 3047 504 τὸ
3072 450 3361 523 κατάὑειὴν
3380 457 3626 526 ιὴνοίσὶαν

458 523 603 577 tione
631 522 896 577 essentne.
926 522 1204 591 Siquidem
1266 526 1423 593 igitur
1457 525 1583 579 illud
1614 526 1784 594 ipsum
1828 545 2013 594 unum,

454 614 598 682 quod
629 629 794 681 penes
822 615 1112 671 essentiam
1166 625 1247 670 est
1270 654 1285 680 ,
1316 616 1368 669 in
1401 626 1508 670 tam
1552 619 1716 672 multa
1754 621 1875 689 quis
1906 621 2017 675 dis-

455 706 653 761 similia
682 705 905 765 dividat,
949 705 1104 774 juxta
1135 722 1229 760 eas
1257 723 1375 775 qua:
1421 708 1579 762 dicta:
1606 719 1733 764 sunt
1789 712 2014 765 istorum

452 795 726 849 hominum
793 796 1137 858 antitlieses,
1200 813 1362 850 unum
1433 798 1486 851 in
1549 799 1663 854 Deo
1724 802 2011 856 indivisum

450 898 715 951 nusquam
739 885 1041 938 occurrerit
1065 902 1079 949 ;
1110 886 1255 954 quod
1287 903 1414 941 vero
1440 888 1509 941 sit
1534 889 1847 951 indivisum.
1869 907 2013 945 corn-

450 972 627 1026 munis
660 971 799 1026 Iides
826 983 1251 1045 sanctorumque
1280 977 1551 1047 proposita
1587 980 1828 1037 doctrina
1855 982 2010 1038 (idem

444 1063 592 1117 facit.

514 1154 650 1209 Cum
685 1155 832 1224 plura
867 1173 1082 1227 quoque
1132 1159 1234 1214 alia
1282 1162 1401 1229 ejus
1434 1164 1647 1232 generis
1697 1182 1763 1220 ex
1817 1178 2007 1235 aperta

443 1260 680 1315 veraque
734 1259 1050 1307 Sanctorum
1121 1253 1398 1306 doctornru
1482 1255 1748 1326 theologia
1817 1258 2011 1315 afferre

440 1336 651 1403 liceret,
697 1341 893 1407 partim
937 1342 1003 1396 ad
1034 1357 1220 1396 eorum
1257 1347 1660 1412 corruptionem
1709 1364 2008 1417 νοω-εδει]-

440 1433 682 1496 tandam,
707 1447 809 1498 qua
843 1433 921 1485 sic
947 1433 1121 1502 palam
1166 1438 1499 1505 scripserunt
1534 1454 1595 1491 ac
1641 1438 1798 1493 ﬁdem
1823 1441 2009 1496 edide-

440 1530 589 1585 runt,
615 1524 806 1590 partim
855 1525 922 1578 ad
968 1525 1206 1593 ipsorum
1235 1529 1559 1582 cenlulanda
1591 1532 1866 1586 mendacia
1896 1570 1911 1595 ,
1944 1546 2008 1586 ac

440 1612 856 1676 ostendendum,
899 1615 1065 1667 multa
1101 1621 1586 1672 sanctortmi'dicta
1620 1619 1797 1674 alieno
1831 1636 1857 1673 a
1912 1637 2006 1673 rn-

443 1701 589 1754 tione
641 1717 772 1755 ausu
822 1702 1101 1773 animique
1145 1708 1412 1773 pravitate
1464 1707 1515 1760 in
1554 1710 1753 1763 malum
1782 1726 2003 1766 sensum

2122 536 2177 588 ἓν
2209 539 2285 600 είς
2322 538 2559 594 τοσαῦτα
2608 541 2768 596 διέλοι
2817 562 2898 607 τις
2945 546 3194 614 ἀνόμοια,
3228 546 3359 599 κατὰ
3385 552 3471 612 τὰς
3502 553 3626 619 εἰρη-

2122 634 2288 701 μένας
2308 633 2415 687 τῶν
2443 635 2653 706 ἀνδρῶν
2684 638 2889 692 τούτων
2912 640 3228 707 ἀντιθέσεις,
3262 644 3316 695 τὸ
3337 644 3389 695 ἓν
3412 646 3492 697 ἐπὶ
3512 646 3628 698 Θεοῦ

2118 727 2424 796 ἀδιαίρετον
2449 730 2549 783 οὐκ
2605 729 2751 784 ἔστιν
2787 732 2988 801 εὑρεῖν.
3029 732 3152 787 Ὀτι
3183 735 3237 786 δὲ
3283 735 3631 806 ἀδιαίρετον,ή

2117 818 2269 887 κοινὴ
2298 821 2478 884 πίστις
2509 820 2602 874 καὶ
2623 823 3001 891 ήγπροτεθεῖσα
3031 823 3137 878 τῶν
3159 824 3325 892 ἁγίων
3353 826 3633 880 διδασκαλία

2118 915 2404 981 μαρτυρεῖ.

2188 1157 2370 1226 Ἐχων
2396 1173 2429 1225 ιι
2441 1158 2496 1210 ὲν
2523 1152 2616 1210 οῦν
2647 1158 2741 1210 καὶ
2768 1158 2903 1213 ἄλλα
2936 1161 3107 1213 πολλὰ
3124 1160 3361 1224 τοιαῦτα,
3389 1162 3531 1216 τοῦτο
3552 1163 3636 1232 μὲν

2112 1250 2189 1311 είς
2223 1250 2567 1319 παράστασιν
2592 1250 2692 1320 τῆς
2738 1252 3034 1321 διαφθορᾶς
3081 1252 3188 1306 τῶν
3237 1253 3461 1323 ἀνδρῶν,
3492 1256 3546 1319 ἐξ
3575 1251 3637 1308 ὧν

2112 1342 2423 1412 ἀνέγραψαν
2477 1346 2569 1396 καὶ
2599 1346 2930 1398 ἐπίστευσαν
2963 1346 3269 1417 παρρησίᾳ,
3316 1346 3465 1399 τοῦτο
3489 1347 3539 1400 δὲ
3571 1350 3637 1410 είς

2109 1433 2328 1503 ἔλεγχον
2364 1436 2458 1503 τῆς
2487 1434 2836 1503 ψευδολογίας
2861 1437 3062 1501 αὐτῶν,
3087 1438 3151 1489 ἐκ
3182 1438 3277 1506 τῆς
3307 1440 3530 1507 φανερᾶς
3556 1440 3639 1490 καὶ

2108 1529 2342 1597 ἀληθοῦς
2372 1530 2476 1582 τῶν
2512 1531 2683 1597 ἁγίων
2726 1531 3061 1585 διδασκάλων
3095 1532 3369 1600 θεολογίας
3402 1533 3638 1603 παραθεῖ-

2109 1636 2219 1681 ναι,
2259 1618 2353 1672 καὶ
2385 1620 2532 1683 ὅπως
2574 1621 2671 1689 μὲν
2712 1622 2942 1685 πολλοὺς
2972 1623 3078 1675 τῶν
3106 1622 3278 1689 ἁγίων
3320 1622 3503 1690 λόγους
3547 1639 3640 1673 πα-

2110 1709 2353 1778 ραλόγως
2389 1714 2483 1763 καὶ
2545 1712 2831 1782 κακοήθως
2895 1714 3342 1785 ἐσυκοφάντησαν
3366 1752 3380 1777 ,
3426 1714 3563 1776 ὅπως
3592 1715 3639 1765 δὲ

442 1792 691 1856 traxisse,
744 1808 843 1848 nec
875 1804 931 1846 ut
957 1811 1194 1850 consone
1227 1798 1422 1853 divinis
1466 1800 1760 1870 Scripturis
1816 1804 1997 1867 loque-

2104 1802 2197 1853 τοῦ
2257 1801 2566 1871 συμφώνως
2631 1806 2750 1866 ταῖς
2812 1804 2986 1865 θείαις
3024 1806 3270 1875 Γραφαῖς
3320 1805 3491 1872 λέγειν
3543 1805 3639 1856 οὐδ’

439 1892 649 1950 rentur,
693 1886 775 1938 vel
808 1886 1086 1941 minimum
1113 1903 1335 1944 curasse
1367 1907 1381 1942 :
1414 1892 1462 1944 in
1497 1908 1655 1960 quam
1686 1894 1848 1947 multa
1879 1894 2001 1947 item

437 1974 666 2028 absurda
719 1975 1020 2044 praecipites
1081 1977 1342 2042 ferantur,
1391 1994 1455 2034 ac
1508 1991 1712 2050 quanta
1766 1983 1833 2038 de
1892 1983 2002 2038 Deo

434 2065 711 2134 explorata
745 2080 840 2133 per
875 2081 967 2120 eos
996 2065 1206 2121 sublata
1244 2078 1392 2136 sunt,
1420 2086 1745 2142 omnemque
1782 2088 2001 2129 sancto-

434 2172 555 2210 rum
592 2156 914 2226 theologiam
951 2159 1141 2229 dilabi,
1178 2160 1224 2213 si
1255 2162 1415 2216 modo
1439 2164 1697 2230 synodica
1733 2165 1850 2220 haec
1881 2182 2002 2220 sen—

438 2248 602 2302 tentia
630 2248 796 2301 robnr
822 2249 1057 2315 habent;
1090 2252 1320 2309 ulterius
1354 2255 1608 2323 prosequi
1647 2257 1998 2324 supersedeo,

435 2338 539 2395 hoc
567 2352 766 2393 cavens
804 2352 871 2394 ne
902 2339 1209 2408 prolixitate
1259 2344 1418 2397 taatlio
1462 2345 1716 2400 lectorem
1748 2347 1995 2403 alliciam.

433 2428 716 2485 Sulliciunt
766 2431 908 2485 enim
945 2447 1008 2487 ea
1032 2472 1047 2498 ,
1084 2449 1191 2503 qua
1233 2435 1378 2492 dicta
1425 2451 1593 2503 sum,
1619 2440 1739 2507 bis,
1765 2458 1998 2510 quorum

434 2536 540 2578 non
564 2533 763 2579 cacata
796 2524 1021 2581 omnino
1058 2538 1184 2581 sunt
1230 2529 1397 2583 animi
1440 2531 1643 2586 lumina
1664 2573 1681 2599 ,
1712 2538 1778 2589 ad
1811 2546 1999 2589 osten-

434 2615 694 2680 dendum,
729 2630 843 2679 eos,
872 2618 964 2685 qui
998 2629 1205 2673 asserta
1244 2621 1299 2673 in
1333 2619 1595 2676 Tomode
1620 2622 1724 2677 ﬁde
1758 2636 1996 2692 teneant,

435 2708 593 2760 lldem
627 2707 894 2772 conﬁteri,
918 2723 1082 2777 quam
1124 2725 1229 2763 non
1256 2722 1527 2765 noverunt
1559 2713 1747 2770 Patres
1780 2716 1951 2770 nostri
1978 2757 1993 2783 ,

435 2798 666 2863 alienam
692 2799 905 2855 scilicet
932 2803 999 2855 ab
1028 2817 1113 2863 ea,
1148 2817 1269 2871 qua:
1298 2818 1326 2857 a
1352 2806 1558 2859 sanctis
1590 2808 1877 2872 praedicata
1912 2818 1996 2863 est

429 2892 483 2944 in
519 2893 785 2946 catholica
827 2904 881 2947 et
916 2895 1211 2963 apostolica
1258 2896 1459 2951 Christi
1495 2897 1736 2953 Ecclesia
1771 2919 1786 2953 :
1826 2901 1995 2970 quod-

430 2999 536 3053 que
554 2999 581 3037 a
607 2986 872 3053 principio
899 2985 1170 3050 dicebam,
1196 3002 1316 3041 cum
1335 2989 1532 3057 duplex
1558 2990 1607 3044 in
1631 2992 1731 3045 hac
1752 2993 1992 3047 Ecclesia

2102 1893 2281 1945 ὁτιοῦν
2312 1896 2654 1962 ἐφρόντισαν,
2688 1895 2783 1950 καὶ
2816 1898 2893 1958 είς
2927 1897 3025 1949 ὅσα
3061 1898 3159 1964 μὲν
3192 1898 3258 1949 τὰ
3284 1898 3457 1951 ἄτοπα
3491 1911 3641 1948 κατα-

2103 1987 2379 2057 φέρονται,
2438 1987 2537 2039 ὅσα
2584 1988 2640 2040 δὲ
2687 1989 2795 2040 τῶν
2838 1989 3296 2058 ὁμολογουμένων
3345 1992 3466 2059 περὶ
3520 1988 3637 2041 Θεοῦ

2102 2077 2475 2146 ἀναιροῦνται,
2511 2080 2604 2131 καὶ
2641 2080 2789 2132 πᾶσα
2822 2080 2853 2147 ἡ
2907 2082 3016 2134 τῶν
3046 2083 3221 2149 ἁγίων
3253 2082 3492 2149 θεολογία
3537 2081 3639 2132 δια-

2104 2172 2315 2234 πίπτει,
2348 2173 2446 2241 τῆς
2480 2173 2764 2242 συνοδικῆς
2812 2173 3017 2245 ταύτης
3068 2176 3397 2243 ἀποφάσεως
3429 2175 3640 2245 κρατου-

2104 2282 2239 2333 σης,
2292 2265 2385 2316 καὶ
2439 2263 2587 2326 ὅπως
2657 2266 2871 2328 ἑαυτοῖς
2922 2269 3193 2337 μυριαχοῦ
3250 2268 3638 2337 περιπίπτουσι,

2104 2355 2499 2425 παραιτοῦμαι,
2558 2355 2654 2410 τοῦ
2711 2356 2871 2424 λόγου
2938 2360 3031 2412 τὸν
3073 2361 3241 2430 κόρον
3295 2360 3636 2429 ὑφορώμενος.

2113 2448 2292 2501 Ἰκανά
2326 2451 2432 2517 γὰρ
2478 2448 2547 2501 τὰ
2584 2450 2853 2519 εἰρημένα
2887 2453 3001 2513 τοῖς
3045 2453 3119 2519 μὴ
3175 2452 3351 2520 πάντη
3388 2449 3641 2517 τετυφλω-

2103 2540 2304 2607 μένοις,
2336 2539 2467 2607 πρὸς
2491 2540 2549 2592 τὸ
2572 2540 2743 2609 δεῖξαι
2766 2541 2889 2603 τοὺς
2920 2544 3014 2611 τὴν
3038 2542 3129 2594 τοῦ
3164 2543 3345 2612 Τόμου
3372 2542 3511 2594 θέσιν
3528 2540 3642 2613 περὶ

2098 2635 2196 2700 τῆς
2246 2632 2482 2696 πίστεως
2516 2632 2848 2703 κατέχοντας
2898 2635 3083 2695 πίστιν
3130 2636 3431 2703 ὁμολογεῖν,
3467 2636 3529 2705 ῆν
3555 2634 3642 2686 οὐκ

2097 2724 2319 2795 ᾔδεισαν
2342 2726 2389 2777 οἱ
2428 2726 2668 2795 Πατέρες
2699 2728 2856 2797 ἡμῶν
2887 2744 2899 2757 ’
2929 2728 2990 2779 τὸ
3016 2728 3060 2779 δ’
3087 2728 3239 2782 ἔστιν
3275 2728 3554 2797 ἀλλοτρίαν
3576 2722 3643 2777 εἷ-

2099 2831 2186 2867 ναι
2212 2818 2307 2883 τῆς
2338 2818 2395 2867 ὲν
2430 2818 2492 2885 τῇ
2526 2815 2788 2885 καθολικῇ
2821 2817 3277 2890 καὶηάποστολικῇ
3302 2818 3393 2872 τοῦ
3422 2816 3639 2885 Χριστοῦ

2110 2906 2405 2977 ,Εκκλησίᾳ
2436 2908 2584 2976 παρά
2604 2908 2711 2961 τῶν
2744 2910 2913 2977 ἁγίων
2947 2915 3365 2982 κηρυττομένης
3389 2913 3635 2971 πίστεως,

2094 2998 2209 3063 καὶ,
2242 2997 2269 3050 ὃ
2301 2998 2560 3069 πρότερον
2602 3000 2905 3070 ἀρχόμενος
2937 3001 3144 3069 ἔλεγον,
3183 3007 3265 3058 ὅτι
3297 3004 3474 3073 διττῆς
3504 3018 3640 3069 γενο-

426 3072 699 3125 exstiterit
737 3073 1001 3142 synodus,
1039 3075 1349 3145 duplexque
1385 3093 1448 3132 ac
1483 3081 1754 3134 contraria
1785 3083 1990 3151 prolata

2099 3091 2262 3159 μένης
2298 3092 2515 3143 συνόδου
2545 3093 2698 3162 παρά
2725 3095 2823 3164 τῆς
2854 3095 3187 3165 Ἐκκλησίας
3212 3101 3435 3168 ταύτης,
3466 3099 3552 3151 καὶ
3576 3097 3641 3147 δι-

428 3164 697 3217 scntentia
725 3162 816 3229 sit,
847 3165 991 3233 quod
1018 3167 1214 3222 attinet
1243 3170 1307 3221 ad
1343 3173 1692 3239 quaestiOnem
1713 3176 1776 3228 de
1807 3175 1989 3229 divina

426 3255 664 3309 essentia
697 3264 753 3309 et
775 3259 1087 3325 operatione
1107 3263 1138 3322 ,"
1173 3262 1580 3332 obscurumque
1608 3266 1774 3318 videri
1816 3268 1989 3335 possit

426 3352 548 3394 utra
596 3342 785 3396 harum
840 3346 1237 3401 sententiarum
1275 3350 1555 3405 veritatem
1604 3356 1855 3408 comitem
1888 3358 1987 3411 ha-

424 3432 551 3487 beat
568 3433 717 3504 (sunt
740 3437 885 3490 enim
911 3436 1055 3492 inter
1081 3453 1140 3493 se
1160 3443 1494 3510 contrariae),
1519 3456 1723 3500 certum
1745 3451 1985 3518 omnino,

422 3539 487 3577 cx
522 3526 588 3580 iis
616 3542 733 3596 quae
761 3526 904 3583 dicta
928 3541 1072 3597 sunt,
1116 3533 1567 3607 exploratumque
1592 3548 1699 3606 est,
1729 3557 1847 3598 eam
1870 3560 1988 3615 Quae

426 3633 568 3673 nunc
616 3622 791 3690 viget,
835 3627 1114 3682 mendacio
1148 3625 1331 3684 fulciri
1368 3646 1430 3684 ac
1473 3632 1860 3702 blasphemiam
1893 3640 1989 3693 lia-

421 3708 571 3767 bere.
628 3711 861 3768 Proinde
907 3732 1031 3785 quae
1082 3719 1195 3774 haec
1218 3724 1414 3777 astruit
1461 3724 1827 3795 pmdicatque
1877 3728 1984 3783 Ec-

422 3802 611 3867 clesia,
642 3806 745 3860 hoc
774 3810 995 3873 amisit,
1046 3820 1105 3865 ut
1144 3824 1331 3869 sancta
1378 3817 1645 3872 catholica
1685 3830 1739 3875 et
1771 3833 1986 3890 aposto-

418 3892 521 3947 lica
549 3906 732 3961 esset,
787 3898 855 3955 de
899 3915 1006 3968 qua
1051 3904 1295 3970 quotidie
1333 3906 1700 3975 conﬁtemur;
1738 3926 1985 3980 quaeren-

416 3984 655 4056 dumque
688 3988 909 4043 ubinam
966 4001 1233 4046 terrarum
1288 3995 1376 4048 illa
1422 3997 1513 4063 sit,
1548 4004 1981 4073 quandoquidem

418 4080 531 4134 fieri
584 4096 687 4135 non
735 4093 912 4149 potest
948 4095 1007 4139 ut
1056 4085 1297 4144 Ecclesia
1344 4087 1544 4146 Christi
1595 4095 1827 4152 deﬁciat.
1870 4102 1980 4153 Ad-

416 4187 606 4227 versus
638 4177 782 4227 enim
820 4191 963 4242 eam,
989 4193 1110 4248 quae
1147 4178 1283 4235 falsa
1317 4197 1463 4240 nunc
1490 4186 1634 4240 circa
1663 4189 1819 4244 (idem
1858 4208 1982 4261 pro-

416 4262 618 4329 ﬁtetur,
651 4264 730 4319 uti
755 4267 903 4335 prius
943 4282 1053 4321 non
1090 4284 1236 4338 raro,
1267 4286 1415 4328 nunc
1454 4288 1671 4345 quoque
1696 4289 1867 4347 porta:
1894 4278 1978 4334 in-

414 4355 785 4429 feri‘turpiter
812 4362 1233 4430 praevaluerunt.

2093 3179 2234 3254 πλῆς
2267 3184 2359 3236 καὶ
2420 3184 2669 3246 ἐναντίας
2719 3185 3094 3258 ἐξενεχθείσης
3135 3191 3467 3260 ἀποφάσεως
3526 3191 3642 3254 περὶ

2088 3278 2187 3327 τοῦ
2226 3275 2540 3346 ζητήματος
2562 3277 2655 3347 τῆς
2687 3277 2835 3340 θείας
2852 3280 3039 3341 οὐσίας
3068 3283 3167 3334 καὶ
3200 3283 3502 3353 ἐνεργείας,
3525 3282 3641 3347 ἄδη-

2093 3368 2183 3421 λον
2221 3368 2458 3438 ὁποτέρα
2508 3368 2615 3421 τῶν
2668 3370 2999 3439 ἀποφάσεων
3030 3373 3274 3441 τάληθὲς
3306 3373 3422 3443 μεθ’
3458 3371 3639 3438 ἑαυτῆς

2090 3459 2201 3530 ἔχει
2232 3460 2495 3531 (ἐναντίαι
2524 3460 2632 3531 γὰρ
2657 3460 2961 3535 ἀλλήλαις),
2985 3462 3164 3534 πάντη
3196 3465 3558 3535 ἀναμφίόολον
3582 3464 3640 3512 ἐκ

2088 3554 2196 3605 τῶν
2226 3553 2329 3622 ἤδη
2359 3553 2663 3622 εἰρημένων
2706 3553 2898 3621 γέγονε
2949 3556 3047 3625 τὴν
3094 3555 3195 3610 νῦν
3251 3555 3557 3626 κρατοῦσαν
3587 3554 3642 3607 τὸ

2086 3645 2282 3713 ψεῦδος
2316 3646 2433 3716 μεθ’
2464 3646 2663 3716 ἑαυτῆς
2707 3644 2802 3700 καὶ
2836 3646 2897 3699 τὸ
2946 3648 3275 3720 βλάσφημον
3302 3653 3445 3721 ἔχειν
3465 3669 3479 3682 ι
3511 3650 3641 3702 ὥστε

2088 3737 2330 3807 ἡταῦτα
2382 3737 2678 3805 βεϐαιοῦσα
2727 3738 2820 3790 καὶ
2874 3739 3229 3809 κηρύττουσα
3269 3741 3563 3811 Ἐκκλησία
3587 3739 3643 3791 τὸ

2088 3825 2226 3882 εἶναι
2258 3830 2386 3897 μίαν
2420 3828 2579 3896 ἓγίαν
2633 3830 2938 3901 καθολικὴν
2958 3833 3058 3885 καὶ
3112 3834 3488 3906 ἀποστολικὴν
3523 3834 3640 3886 Ἐκ-

2086 3921 2337 3990 κλησίαν,
2373 3922 2504 3989 περὶ
2533 3940 2600 3994 ης
2648 3923 2770 3978 καθ’
2819 3925 3030 3995 ἡμέραν
3067 3928 3470 3999 ὁμολογοῦμεν,
3501 3927 3641 3981 ἀπών

2084 4010 2208 4063 λεσε
2234 4026 2247 4041 ο
2295 4012 2388 4064 καὶ
2415 4012 2683 4081 ζητητέον
2714 4014 2849 4068 ὅπου
2885 4015 2987 4083 γῆς
3036 4018 3192 4071 ἐστιν
3226 4020 3391 4087 αῦτη,
3427 4017 3643 4084 ἐπείπερ

2081 4103 2340 4158 ἀδύνατον
2364 4106 2462 4176 τὴν
2498 4106 2827 4177 Ἐκκλησίαν
2851 4109 2944 4160 τοῦ
2969 4110 3211 4178 Χριστοῦ
3240 4112 3508 4164 ἐκλιπεῖν.
3536 4108 3640 4174 Τῆς

2084 4196 2194 4266 γὰρ
2222 4199 2293 4251 τὰ
2342 4200 2510 4269 ψευδῆ
2565 4200 2692 4270 περὶ
2725 4202 2824 4270 τὴν
2875 4203 3058 4256 πίστιν
3108 4204 3210 4258 νῦν
3256 4204 3640 4274 ὁμολογούσης.

2078 4287 2269 4359 ὥσπερ
2308 4291 2573 4361 πρότερον
2618 4293 2675 4344 αἱ
2724 4292 2889 4347 πύλαι
2929 4293 3022 4349 τοῦ
3070 4294 3201 4363 ᾅδου
3235 4296 3519 4357 πολλάκις.
3556 4291 3644 4344 καὶ

2078 4377 2173 4433 νῦν
2207 4382 2450 4453 αἰσχρῶς
2480 4383 2874 4455 ὑπερίσχυσαν.
