3972 6194
586 262 690 326 459
1845 249 2245 326 MANUELIS
2279 263 2584 324 CALECJE
2826 271 2828 274 ν
3672 255 3756 346 4ςο

585 373 766 428 eodem
807 375 941 428 inter
972 391 1027 428 se
1061 374 1302 428 tendunt.
1337 372 1607 441 Siquidem
1655 373 1803 428 aliud
1863 377 1971 442 lux,
2017 377 2158 430 aliud

2269 391 2354 439 τις
2408 376 2526 430 ὢν·
2561 378 2632 430 οὐ
2659 379 2764 446 γὰρ
2823 377 3018 432 πάντα
3051 396 3119 431 τα
3183 382 3429 448 ὀνόματα
3471 388 3546 451 εις
3585 396 3763 447 ταυτὸν

587 469 734 538 vitis,
784 469 930 521 aliud
981 469 1080 530 via,
1120 467 1270 520 aliud
1316 475 1500 533 pastor
1540 467 1827 536 signiﬁcat,
1885 469 1974 523 sed
2035 487 2155 523 cum

2262 467 2553 534 ἀλλήλοις
2571 470 2732 538 φέρει
2750 487 2764 500 ·
2784 469 2938 525 ἀλλο
2958 476 3068 542 γὰρ
3089 475 3152 526 τὸ
3166 479 3578 543 σημαινόμενον
3591 487 3760 552 φωτὸς,
3845 481 3859 500 ⁶

587 579 749 616 unum
803 559 1050 626 quiddam
1119 561 1211 624 sit,
1271 568 1529 628 quatenus
1598 563 1820 629 subjecti
1897 563 2158 616 rationem

2263 559 2355 610 καὶ
2381 561 2538 612 ἄλλο
2564 561 2860 629 ἀμπέλου,
2877 563 3031 618 ἀλλο
3059 565 3223 628 ὀδοῦ,
3239 565 3332 618 καὶ
3357 567 3499 622 ἄλλο
3517 575 3761 642 ποιμένος·

585 655 757 714 liabet,
785 667 988 720 unaque
1028 651 1324 704 substantia
1360 661 1408 704 et
1441 652 1659 720 simplex
1683 655 1924 723 omnique
1965 672 2157 709 vacans

2263 651 2401 704 ἀλλ’
2441 651 2508 704 ἓν
2539 653 2623 705 ὢν
2653 655 2803 707 κατὰ
2826 656 2892 708 τό
2937 657 3358 726 ὑποκείμενον,
3389 660 3481 724 καὶ
3505 664 3600 730 μία
3627 669 3770 720 obuia

584 743 977 808 compositione,
1054 742 1191 796 alias
1249 743 1405 796 aliter
1445 745 1675 810 seipsum
1736 746 1995 807 nominat,
2059 746 2158 798 sibi

2262 742 2364 796 καὶ
2395 743 2562 811 ἀπλῆ
2610 746 2706 798 καὶ
2751 747 3105 814 ἀσύνθετος,
3148 749 3364 803 ἄλλοτε
3391 752 3574 818 ἄλλως
3597 755 3775 810 ἑαυτὸν

561 835 690 900 ipse
744 831 978 888 diversas
1035 833 1408 901 appellationes
1454 834 1638 888 subtili
1691 837 1874 888 utentis
1924 838 2158 905 cogitatu

2264 832 2551 899 ὀνομάζει,
2566 835 2696 899 ταῖς
2711 834 3002 903 ἐπινοίαις
3020 837 3414 906 διαφερούσας
3429 842 3682 908 ἀλλήλων
3695 845 3776 913 τὰς

583 926 974 994 rationibusque
1007 927 1222 979 inter'se
1251 927 1531 979 distinctas
1585 934 2004 981 accommodans.
2054 926 2159 982 Pro

2263 927 2667 993 προσηγορίας
2684 928 3218 996 μεθαρμοζᾎμενος.
3245 932 3399 985 Κατὰ
3432 933 3532 1001 γὰρ
3565 935 3663 1002 τὴν
3686 939 3776 992 τῶν

585 1016 947 1084 operationum
1003 1002 1143 1070 enim
1188 1017 1596 1088 eﬂ'ectorumqtte
1646 1019 1970 1086 diversitate,
2004 1030 2159 1088 atque

2262 1014 2576 1083 ἐνεργειῶν
2601 1017 2896 1086 διαφορὰν
2927 1019 3022 1072 καί
3047 1019 3163 1088 τὴν
3187 1022 3334 1089 πρὸς
3367 1023 3431 1076 τὰ
3487 1029 3778 1094 εὐεργετού-

583 1111 652 1162 ad
681 1126 741 1162 ea
767 1125 883 1177 qua:
905 1111 1152 1177 beneﬁcio
1183 1111 1484 1180 a/ficiuutur
1511 1112 1931 1177 necessitudine;
1956 1113 2159 1173 diversa

2263 1123 2415 1175 μενα
2437 1107 2662 1176 σχέσιν
2684 1108 2937 1176 διάφορα
2965 1109 3162 1175 ἐαυτῷ
3189 1112 3289 1164 καὶ
3311 1113 3378 1165 τὰ
3403 1113 3638 1181 ὀνόματα
3663 1118 3780 1171 τίθε-

582 1217 783 1270 quoque
831 1201 933 1254 sibi
991 1201 1202 1254 nomina
1263 1201 1475 1256 tribuit.
1529 1200 1673 1255 Nam
1725 1219 1842 1271 cum
1877 1221 1931 1258 se
1979 1207 2159 1258 mundi

2263 1213 2378 1251 ται.
2414 1198 2545 1265 Φῶς
2573 1201 2688 1268 μὲν
2721 1199 2832 1268 γὰρ
2861 1201 3084 1254 ἑαυτὸν
3123 1201 3230 1254 τοῦ
3264 1203 3488 1271 κόσμου
3525 1207 3684 1273 λέγει,
3729 1211 3783 1261 τό

571 1277 759 1346 lumen
787 1292 934 1355 dicit,
964 1293 1158 1360 pertint
1203 1292 1525 1346 inaccessam
1561 1295 1754 1347 divino:
1784 1295 1966 1364 glorise
1994 1296 2159 1363 maje-

2264 1306 2326 1342 τε
2349 1291 2684 1358 ἀπρόσιτον
2721 1291 2830 1361 τῆς
2866 1293 2934 1346 ἐκ
2975 1296 3268 1362 Θεότητος
3293 1295 3472 1362 δόξης
3513 1298 3781 1367 διασημαί-

2264 1399 2406 1444 νων,
2441 1383 2540 1437 καὶ
2574 1385 2655 1449 ὡς
2691 1383 2768 1452 τῇ
2801 1387 3178 1453 λαμπρότητι
3233 1386 3344 1452 τῆς
3388 1387 3640 1455 γνώσεως
3673 1391 3784 1456 τοὺς

2268 1477 2755 1544 κεκαθαρμένους
2783 1477 2848 1528 τὸ
2878 1477 3034 1545 ὄμμα
3061 1477 3172 1545 τῆς
3191 1477 3396 1547 ψυχῆς
3427 1475 3783 1548 natam-titur

2265 1565 2545 1632 ἄμπελον
2566 1565 2654 1632 δὲ,
2679 1567 2759 1630 ὡς
2781 1566 2926 1632 τοὺς
2949 1567 3018 1620 ἐν
3045 1567 3204 1633 αὐτῷ
3239 1569 3391 1622 κατὰ
3433 1573 3624 1624 πίστιν
3665 1574 3787 1638 swi-

2267 1655 2563 1724 ζὶυμένους
2595 1656 2690 1709 ἐπ’
2716 1657 2906 1725 ἔργων
2935 1656 3176 1726 ἀγαθῶν
3200 1651 3611 1728 καρποφορίαις
3627 1661 3788 1728 ἐντρέ-

2263 1766 2391 1816 φων
2419 1766 2430 1779 ·
2465 1750 2648 1818 ἄρτον
2677 1747 2765 1814 δὲ,
2799 1751 2880 1816 ὡς
2933 1751 3266 1818 οίκειοτάτη
3291 1752 3475 1820 τροφὴ
3508 1754 3606 1806 τοῦ
3655 1757 3790 1822 λογι-

2265 1839 2380 1892 κοῦ
2412 1839 2758 1908 τυγχάνων,
2825 1841 2904 1906 τῷ
2961 1842 3314 1910 διακρατεῖν
3370 1845 3480 1910 τὴν
3529 1847 3790 1898 σύστασιν

583 1394 768 1439 statem
809 1385 907 1438 lioc
951 1387 1155 1438 nomine
1181 1385 1470 1452 significat,
1503 1386 1698 1455 partim
1726 1389 1864 1457 quod
1889 1389 2163 1456 splendore

544 1491 547 1494 ·
583 1476 840 1539 scientiat,
873 1492 960 1529 eos
1005 1477 1096 1543 qui
1146 1477 1335 1530 mentis
1379 1477 1558 1530 oculos
1590 1478 1906 1549 depurgatos
1946 1480 2158 1544 habent,

581 1565 872 1619 illuminet.
923 1564 1084 1618 Vitem
1137 1582 1275 1632 vero,
1324 1570 1463 1636 quod
1504 1584 1681 1624 omnes
1736 1573 1824 1639 qui
1876 1572 1927 1624 in
1963 1587 2021 1625 eo
2071 1589 2163 1639 per

581 1657 737 1723 ﬁdem
773 1658 976 1710 radices
1018 1667 1258 1726 egerunt,
1302 1659 1556 1713 bonarum
1586 1663 1946 1729 operationem
1972 1663 2163 1730 fertili-

584 1757 694 1801 tate
749 1750 1000 1802 enutriat.
1059 1748 1257 1802 Panem
1313 1761 1508 1813 autem,
1568 1754 1704 1820 quod
1765 1755 1932 1821 partis
1990 1757 2156 1808 animi

583 1839 775 1892 utentis
824 1842 1025 1892 ratione
1078 1843 1594 1896 convenientissimus
1637 1843 1781 1897 cibus
1815 1855 1910 1910 est,
1945 1845 2058 1913 ejus
2087 1846 2161 1899 vi-

580 1947 756 1999 gorem
780 1933 1075 1993 coutinens,
1097 1949 1157 1984 ac
1185 1934 1560 2000 proprietatem
1584 1950 1801 1988 servans
1820 1935 2155 1999 incolumem,
2173 1941 2185 1948 ’

579 2038 888 2091 semperque
942 2041 971 2074 a
1029 2025 1199 2092 seipso
1247 2026 1384 2093 quod
1437 2027 1620 2094 deﬂuit
1669 2029 1923 2093 sarciens,
1963 2044 2054 2082 nec
2092 2029 2161 2082 ad

581 2117 970 2185 wgritudittent,
997 2132 1112 2183 qnte
1138 2131 1201 2168 ex
1229 2116 1378 2168 bruta
1409 2119 1570 2170 animi
1593 2118 1871 2186 affectione
1897 2120 2157 2183 inolescit,

579 2206 788 2274 prolabi
815 2208 1013 2260 sinetis.
1063 2207 1150 2261 Ita
1178 2209 1223 2262 si
1255 2209 1369 2279 quis
1399 2209 1608 2279 singula
1654 2211 1919 2264 nominum
1958 2223 2162 2278 pertra-

581 2300 765 2363 ctabit,
805 2301 978 2352 varias
1028 2301 1254 2352 rationes
1304 2317 1366 2353 ac
1405 2310 1685 2368 conceptus
1711 2303 1876 2369 possit
1909 2304 2158 2366 invenire,

581 2390 817 2454 quamvis
865 2407 1027 2441 unum
1073 2390 1355 2442 secundum
1403 2391 1752 2442 substantiam
1809 2393 1872 2443 iis
1918 2395 2158 2446 omnibus

582 2479 921 2548 subjiciatur.
955 2479 1029 2533 De
1076 2479 1204 2543 Deo.
1239 2496 1399 2532 unum
1434 2481 1530 2534 hoc
1563 2481 1924 2548 comprehendi
1970 2493 2157 2550 potest,

2193 1711 2232 1766 Β

2265 1929 2373 1998 τῆς
2395 1929 2628 1999 ⁸ψυχῆς,
2663 1931 2761 1985 καὶ
2790 1932 2857 1986 τὸ
2889 1933 3098 2002 ἰδίωμα
3147 1934 3342 2004 αὐτῆς
3385 1933 3684 1998 διασώζειν,
3713 1951 3789 1988 και

2264 2019 2634 2088 ἀναπληρῶν
2663 2022 2753 2076 ἀεὶ
2786 2023 2921 2090 παρ’
2952 2023 3170 2078 ἑαυτοῦ
3196 2024 3266 2078 τὸ
3297 2023 3520 2090 ἐνδέον,
3547 2026 3633 2078 καὶ
3670 2027 3791 2091 πρίς

2264 2111 2377 2179 τὴν
2405 2113 2474 2178 ἐξ
2502 2114 2755 2182 ἀλογίας
2783 2115 3184 2187 ἐγγινομένην
3211 2117 3548 2186 ἀρρωστίαν
3577 2122 3674 2172 οὐκ
3699 2119 3792 2171 ἐάν

2268 2205 2700 2274 ἀποφέρεσθαι.
2740 2207 2848 2261 Καὶ
2889 2208 3079 2275 οὕτως
3113 2211 3190 2264 ἅν
3235 2228 3332 2275 τις
3373 2210 3490 2264 τῶν
3532 2210 3792 2278 ὀνομάτων

2263 2297 2527 2351 ἕκαστον
2563 2297 2848 2368 ἐφοδεύῃ,
2889 2304 3170 2367 ποικίλας
3203 2303 3371 2370 εὖροι
3407 2302 3510 2368 τὰς
3545 2302 3791 2366 ἐπινοίας,

2266 2388 2400 2454 ἑνὸς
2445 2390 2714 2445 ἑκάστου
2742 2391 2848 2445 τοῦ
2878 2391 3031 2446 κατὰ
3061 2397 3176 2460 τὴν
3211 2381 3433 2449 οὐσίαν
3452 2395 3586 2460 --τοῖς
3637 2393 3794 2448 πᾶσιν

2265 2481 2688 2550 ὑποκειμένου.
2783 2485 2964 2538 Τοῦτο
3038 2485 3148 2538 τοῦ
3233 2486 3387 2540 Θεοῦ
3459 2486 3794 2550 καταληπτὸν

2261 2575 2472 2641 μόνον,
2511 2573 2549 2640 ἡ
2579 2574 2841 2642 ἀπειρία,
2895 2577 3037 2629 κατὰ
3085 2577 3175 2630 τὸν
3204 2580 3268 2630 ἐν
3320 2578 3571 2646 Θεολογὶᾳ
3620 2575 3792 2645 Γρηγό-

2266 2679 2383 2732 ριον
2407 2664 2545 2733 (58)·
2572 2665 2669 2717 καὶ
2701 2665 2776 2729 ὡς
2811 2669 2840 2718 ὁ
2863 2666 3083 2736 Νύσσης
3119 2668 3313 2738 φησὶν,
3351 2671 3445 2721 Ἐν
3465 2670 3620 2737 μόνῳ
3642 2667 3711 2734 τῷ
3727 2667 3792 2735 μὴ

2263 2754 2559 2811 δύνασθαι
2589 2756 3047 2830 καταληφθῆναι
3099 2754 3486 2826 γινώσκεται.
3519 2761 3672 2813 Τοῦτο
3710 2765 3795 2826 γὰρ

582 2570 660 2622 ait
696 2568 988 2640 Gregorius
1025 2569 1360 2638 Theologus,
1389 2571 1527 2638 quod
1564 2570 1806 2638 inﬁnitus
1831 2581 1927 2625 est.
1961 2572 2162 2644 Grego-

582 2665 697 2717 rius
734 2662 862 2726 item
894 2661 1172 2732 Nysscnus
1214 2679 1228 2715 :
1268 2660 1333 2714 In
1367 2679 1426 2715 eo
1473 2662 1610 2732 quod
1659 2664 2026 2731 comprehendi
2055 2682 2160 2720 non

580 2767 770 2824 potest,
811 2760 925 2825 ejus
964 2756 1194 2825 cognitio
1230 2763 1328 2810 est.
1387 2754 1513 2810 "asc
1551 2774 1700 2814 enim
1734 2759 1852 2830 ejus
1902 2760 2162 2827 propriis-

583 2850 720 2906 sima
756 2855 882 2900 nota
923 2861 992 2911 ac,
1032 2846 1265 2914 insigne,
1298 2847 1442 2917 quod
1474 2847 1593 2916 ejus
1635 2857 1850 2913 natura,
1895 2859 2158 2918 conceptu

593 2938 756 2999 uniti,
811 2937 1031 3007 prapria
1091 2937 1245 3008 quasi
1311 2947 1435 2992 nota
1486 2940 1855 3010 distinguente
1909 2955 1974 2995 ac
2023 2940 2157 2996 insi-

513 3014 524 3021 ’
583 3031 823 3099 εειῑιειιιο,
863 3029 1114 3097 superior
1144 3039 1246 3083 est.

661 3122 713 3172 Id
744 3135 870 3173 vero
899 3136 1021 3174 cum
1052 3134 1109 3174 se
1141 3119 1214 3172 ita
1249 3119 1463 3184 habeat,
1513 3121 1556 3175 si
1592 3121 1716 3190 quis
1754 3130 1982 3192 quau-at,
2016 3138 2154 3190 quo-

588 3214 746 3264 modo
789 3212 992 3280 aliaqui
1041 3211 1318 3281 Scriptura
1353 3213 1517 3279 dicat,
1563 3213 1766 3268 vidisse
1815 3214 1979 3268 Deum
2027 3231 2156 3284 pro-

583 3307 793 3373 phetas,
849 3303 1155 3372 cuiusmodi
1211 3315 1289 3360 est
1333 3305 1502 3360 illud:
1549 3304 1668 3359 Vidi
1723 3305 2008 3361 Dominum
2059 3307 2158 3364 Sa-

583 3399 763 3464 baoth,
806 3400 1070 3452 sedentem
1116 3414 1272 3467 super
1325 3399 1516 3455 saliunt
1570 3401 1830 3455 excelsum
1881 3415 1929 3456 et
1983 3403 2156 3457 eleva-

584 3503 694 3544 tum
719 3493 785 3557 ³³,
819 3505 870 3545 et
893 3508 1014 3561 qum
1047 3503 1174 3546 sum
1205 3492 1323 3561 ejus
1357 3494 1611 3562 generis;
1644 3488 1754 3548 non
1786 3495 1906 3550 ideo
1943 3497 2156 3551 sublata

582 3582 678 3638 Dci
717 3584 956 3638 inﬁnitas
986 3594 1088 3638 est.
1128 3584 1220 3636 Ait
1252 3585 1395 3636 enim
1433 3583 1727 3654 GregOrius
1755 3584 2065 3655 Tltcologus
2103 3588 2155 3642 in

587 3678 902 3748 Ilienlogieis
959 3678 1072 3732 suis
1133 3676 1529 3732 Orationibus:
1575 3676 1693 3732 Etsi
1749 3681 1866 3750 quis
1923 3681 2158 3749 cognovit

589 3769 776 3834 Deum,
822 3783 908 3821 aut
943 3769 1243 3838 cognovisse
1284 3766 1560 3836 Scriptura
1603 3779 1728 3824 teste
1760 3771 1977 3836 dicitur,
2025 3784 2160 3824 eate-

583 3877 681 3915 nus
739 3863 1037 3930 cognovisse
1089 3867 1371 3917 censendus
1440 3873 1536 3929 est,
1580 3873 1836 3933 quatenus
1905 3864 2157 3918 uberioris

581 3952 872 4020 splendoris
922 3953 1191 4022 particeps
1237 3956 1324 4020 sit,
1373 3971 1530 4022 quam
1580 3955 1672 4024 qui
1720 3954 1892 4007 minus
1944 3955 2158 4010 luminis

583 4043 838 4095 divinitus
885 4047 1102 4112 accepit.
1166 4043 1257 4098 Ita
1307 4048 1678 4113 exsuperantia
1732 4047 1868 4114 Iure,
1921 4047 2076 4114 plena
2110 4058 2159 4103 et

583 4137 823 4189 omnibus
863 4138 1094 4188 numeris
1148 4137 1387 4190 absoluta
1420 4139 1648 4208 cognitio
1691 4140 1872 4193 habita
1908 4150 2007 4204 est,
2055 4157 2159 4196 non

583 4229 652 4300 att
691 4226 764 4278 rei
805 4226 966 4291 ipsius
1008 4227 1300 4293 veritatem,
1352 4228 1443 4281 sed
1492 4230 1561 4282 ad
1605 4230 1833 4283 aliorum
1888 4232 2158 4285 modulum

582 4328 628 4370 et
681 4317 988 4390 facultatem
1026 4335 1300 4388 perpensa.
1360 4321 1465 4374 Sed
1520 4333 1573 4376 et
1610 4324 1996 4391 prophetarum
2045 4325 2158 4378 viSa

2265 2847 2430 2900 αὐτοῦ
2466 2850 2760 2903 ἰδιαίτατον
2819 2852 3137 2920 γνώρισμα,
3174 2854 3232 2904 τὸ
3299 2853 3504 2920 παντὸς,
3555 2867 3795 2920 χαρακτηο

2267 2940 2512 3008 ριστικοῦ
2569 2941 2842 3011 νοήματος
2919 2942 3268 3012 ὑψηλοτέραν
3319 2943 3480 2997 αὑτοῦ
3538 2940 3660 2995 εἶναι
3717 2940 3795 3007 τὴν

2186 3045 2232 3107 c
2264 3030 2450 3097 φύσιν.

2333 3117 2539 3171 Τούτου
2587 3119 2646 3172 δὲ
2701 3117 2880 3182 οὕτως
2941 3120 3270 3189 ἑχοντος,εῑ
3323 3137 3409 3183 τις
3433 3117 3648 3189 ἀποροίη
3703 3111 3797 3176 πῶς

2261 3209 2529 3280 ἑτέρωθεν
2561 3213 2592 3281 ἡ
2637 3211 2826 3283 Γραφὴ
2855 3211 3005 3280 λέγει
3039 3213 3122 3267 ὅτι
3159 3213 3261 3267 τὸν
3296 3213 3426 3267 Θεὸν
3461 3213 3511 3264 οι
3561 3207 3797 3280 προφῆται

2259 3298 2419 3366 εἶδον,
2449 3305 2591 3358 κατὰ
2608 3303 2688 3370 τὸ,
2716 3300 2898 3360 Εἶδον
2922 3305 3030 3359 τὸν
3085 3307 3310 3374 Κύριον
3368 3305 3614 3368 Σαϐαὼθ.
3648 3300 3798 3366 ποθή*

2254 3408 2443 3459 μενον
2465 3393 2565 3445 ἐπὶ
2586 3395 2806 3462 θρόνου
2842 3396 3091 3463 ὑψηλοῦ
3125 3397 3221 3450 καὶ
3251 3398 3602 3466 ἐπηρμένου,
3639 3395 3721 3444 καὶ
3745 3391 3800 3440 τὰ

2259 3482 2422 3552 ὅμοια
2454 3484 2667 3546 τούτοις
2687 3499 2701 3512 ·
2735 3485 2862 3537 ἀλλ’
2887 3485 2948 3538 οὐ
2981 3485 3132 3557 παρά
3160 3485 3330 3540 τοῦτο
3365 3487 3426 3540 τὺ
3452 3487 3662 3554 ἄπειρον
3685 3477 3802 3533 εἶναι

2259 3569 2352 3622 τὸν
2391 3570 2523 3624 Θεὸν
2555 3574 2886 3643 ἀναιρεῖται.
2915 3574 3056 3644 Φησὶ
3096 3574 3204 3644 γὰρ
3249 3577 3308 3629 ὲν
3343 3576 3455 3637 τοῖς
3510 3569 3804 3638 θεολογικοῐς

2261 3660 2428 3714 αὐτοῦ
2459 3663 2640 3730 λόγοις
2663 3666 2692 3717 ὁ
2719 3664 2981 3732 Θεολόγος
3011 3666 3227 3736 Γρηγόρ
3239 3683 3322 3730 ιος
3349 3665 3480 3738 (59),
3513 3665 3632 3718 ὀτι
3654 3665 3695 3714 εὶ
3720 3661 3800 3711 καί

2261 3754 2415 3824 ἔγνω
2443 3772 2533 3820 τις
2563 3755 2714 3810 Θεὸν
2739 3757 3127 3826 ἣ,ἐγνωκέναι
3145 3752 3806 3830 μεμαρτύρηται,τοσοῦ-

2260 3863 2368 3900 τον
2404 3847 2580 3914 ἔγνω,
2617 3848 2771 3903 ὅσον
2802 3849 3000 3905 ἄλλου
3013 3849 3101 3919 μὴ
3133 3851 3199 3904 τὸ
3223 3852 3376 3906 ισον
3394 3847 3804 3920 eumpse-mc

2261 3939 2530 4008 φανῆναι
2587 3941 3079 4012 φωτοειδέστερος
3105 3957 3119 3972 ⁶
3181 3943 3290 3997 καὶ
3343 3945 3408 3999 τὸ
3460 3935 3804 4009 ὑπερϐάλλον

2262 4030 2500 4085 τέλειον
2525 4032 2820 4102 ἐνομίσθη
2841 4035 2914 4087 οὐ
2946 4033 3020 4103 τῇ
3043 4035 3325 4106 ἀληθείᾳ,
3357 4035 3432 4103 τῇ
3467 4034 3534 4098 δὲ
3559 4032 3658 4087 τοῦ
3679 4031 3805 4091 πλη·

2263 4123 2404 4178 σίου
2426 4123 2679 4194 δυνάμει
2725 4128 3326 4197 παραμετροῦμενον.
3380 4127 3540 4181 Ἀλλὰ
3585 4123 3672 4177 καὶ
3720 4125 3803 4180 τὰς

2263 4213 2374 4268 τῶν
2418 4218 2719 4288 προφητῶν
2775 4218 3013 4289 θεωρίας
3075 4219 3456 4290 φαντάσματα
3516 4218 3573 4270 ὲν
3625 4207 3806 4270 τούτοις

2262 4307 2434 4377 λέγει,
2464 4311 2560 4362 καὶ
2594 4309 2728 4379 περὶ
2759 4312 2870 4364 τῶν
2896 4311 3204 4364 θεαθέντων
3261 4307 3567 4373 καθολικῶς
3612 4304 3804 4372 ἐκφέρει

584 4413 638 4464 in
679 4413 884 4465 eisdem
941 4424 1153 4480 spectra
1190 4423 1368 4478 vocat,
1411 4415 1584 4483 deque
1635 4414 1740 4470 illis
1772 4431 1897 4485 qua:
1927 4406 1995 4470 iis
2024 4432 2154 4471 cou-

2262 4401 2348 4454 τὸν
2379 4400 2558 4470 λόγον.
2591 4401 2752 4455 Οὕτω
2789 4402 2887 4456 καὶ
2913 4403 3120 4468 ταῦτα,
3145 4403 3272 4458 sits
3311 4400 3613 4472 φαντασία
3638 4414 3718 4460 τις
3741 4389 3806 4462 ἦν

581 4513 768 4572 specta
811 4514 958 4569 sunt,
995 4505 1248 4560 universe
1290 4505 1395 4559 fert
1423 4507 1748 4561 sententiam
1777 4525 1792 4561 :
1827 4505 1915 4561 Ita
1949 4519 1996 4562 et
2023 4509 2156 4574 haec,

581 4595 688 4649 sive
742 4596 990 4650 diurnum
1045 4598 1313 4666 quoddam
1360 4597 1456 4651 hoc
1505 4609 1791 4665 spectrunt,
1845 4602 1972 4655 solis
2029 4602 2157 4656 viris

581 4691 781 4742 sanctis
810 4691 1112 4758 spectabile,
1155 4691 1262 4744 sive
1316 4689 1529 4744 minime
1569 4690 1741 4757 fallas:
1786 4695 1954 4746 noctis
1985 4694 2114 4748 visio
2136 4697 2164 4748 :'

2257 4493 2531 4561 ἡμερινὴι
2555 4494 2768 4561 μόνοις
2806 4493 3072 4573 θεῳρητή
3153 4494 3282 4561 τοῖς
3315 4496 3533 4563 ἁγίοις,
3556 4491 3669 4544 sive
3715 4501 3808 4538 νυ-

2265 4584 2410 4650 κτὸς
2445 4584 2723 4653 ἀψευδὴς
2762 4585 2927 4653 ὄψις.
2968 4585 3087 4638 εἴτε
3115 4586 3223 4640 τοῦ
3255 4581 3614 4656 ἡγεμονικοῦ
3644 4579 3810 4632 rvam-

2257 4691 2358 4742 σις
2395 4677 2800 4746 συγγινομένη
2835 4675 2961 4742 τοῖς
2994 4681 3344 4746 μέλλουσιν
3371 4679 3452 4744 ὡς
3500 4671 3808 4742 παροῦσιν,

581 4774 905 4833 εὶυείιιεηιὶε
937 4780 1208 4848 impressio
1229 4779 1474 4846 qua'dam
1503 4790 1552 4832 et
1586 4779 1915 4847 informatio,
1939 4782 2014 4834 sic
2040 4797 2158 4836 cum

2262 4768 2378 4821 εῑτε
2411 4785 2465 4822 τι
2515 4767 2669 4823 ἄλλο
2700 4769 3065 4839 προφητείας
3095 4766 3259 4834 εἶδος
3297 4770 3657 4837 ἀπόρρητον,
3714 4762 3810 4814 οὐκ

582 4868 734 4923 rebus
781 4870 975 4937 futuris
1013 4888 1075 4924 ac
1117 4887 1237 4924 cum
1267 4872 1609 4940 prwsentibus
1641 4888 1852 4926 versans
1876 4888 1895 4925 :
1924 4877 2029 4926 sive
2068 4889 2158 4925 ur-

581 4979 776 5016 canum
823 4963 1086 5030 quoddant
1127 4965 1281 5017 aliud
1327 4964 1612 5032 praplietia:
1650 4979 1832 5033 genus,
1858 4964 2029 5018 dicere
2069 4980 2160 5018 ne-

583 5071 735 5125 queo.
808 5053 970 5107 Novit
1007 5054 1102 5107 hoc
1155 5054 1528 5124 prapltetarum
1581 5055 1742 5121 Deus,
1790 5063 1838 5108 et
1883 5057 1972 5124 qui
2016 5057 2152 5110 lu‘sce

497 5164 512 5174 ·
586 5148 754 5200 modis
785 5146 1052 5216 amantur.
1079 5145 1344 5201 Creterunt
1366 5163 1529 5217 neque
1556 5147 1632 5212 lii,
1663 5147 1726 5200 de
1751 5146 1939 5216 quibus
1963 5161 2154 5211 sermo,

588 5251 680 5289 nec
707 5239 968 5308 quispiam
1017 5238 1156 5292 alius
1199 5236 1430 5300 eiusdem
1480 5236 1682 5304 generis
1735 5242 1892 5305 atque
1928 5234 2152 5302 ordinis,

654 5415 702 5448 ⁸³
755 5415 862 5471 lsa.
899 5433 971 5484 νι,
1001 5419 1052 5472 ί.

658 5599 770 5667 (38)
793 5595 944 5651 Orat.
974 5597 1062 5653 '54.

667 5671 776 5742 (δυ)
813 5669 947 5722 Ibid.

2263 4858 2380 4928 ἕχω
2413 4860 2812 4930 λέγεινάλλ’
2867 4854 3032 4913 οἶδεν
3053 4857 3227 4912 ὁτῶν
3277 4855 3603 4928 προφητῶν
3663 4852 3808 4913 Θεὸς,

2262 4952 2364 5005 καὶ
2395 4955 2448 5005 ot
2496 4953 2683 5008 ταῦτα
2736 4951 3178 5026 ἐνεργούμενα.
3235 4951 3420 5019 Πλὴν
3479 4948 3616 5004 οὔτε
3661 4940 3808 4999 οὗτοι

2262 5042 2397 5111 περὶ
2426 5037 2514 5096 ὧν
2541 5047 2572 5096 c'
2597 5044 2800 5111 λόγος,
2831 5045 2971 5097 οὔτε
3005 5061 3094 5109 τις
3123 5045 3316 5110 ἄλλος
3352 5041 3476 5094 τῶν
3521 5038 3664 5092 κατὰ
3690 5033 3806 5088 τού-

2259 5153 2404 5202 τους
2419 5135 2566 5203 ἔστη
2580 5135 2648 5188 ἐν
2662 5130 3037 5200 ὐποστήματι
3054 5133 3152 5186 καὶ
3169 5134 3355 5201 οὐσίᾳ
3372 5133 3521 5188 Θεοῦ
3535 5131 3665 5200 (ω),
3677 5123 3808 5180 κατὰ

2262 5230 2329 5284 τὸ
2361 5225 2790 5299 γεγραμμένον,
2805 5224 2948 5283 οὐδὲ
2972 5223 3120 5283 Θεοῦ
3150 5225 3346 5298 φύσιν
3377 5227 3417 5296 ἢ
3441 5221 3600 5280 εἶδεν
3620 5220 3656 5290 ἡ
3687 5217 3808 5284 ἐξη-

2341 5590 2453 5662 (40)
2488 5591 2680 5659 Ἐστη
2722 5591 2792 5646 ἐν
2839 5590 3220 5662 ὺποστῄματι
3281 5587 3384 5640 καὶ
3424 5586 3610 5662 οὐσίᾳ
3652 5580 3807 5637 Θεοῦ.

2270 5656 2394 5715 Bill.
2435 5656 2536 5716 hoc
2583 5656 2756 5718 solum
2795 5671 2944 5716 notat
2988 5681 3002 5715 :
3045 5656 3207 5715 Verba
3240 5670 3367 5714 sunt
3407 5656 3669 5717 Jeremiu',
3697 5670 3807 5717 cap.
