3942 6200
285 239 447 349 ἔσθ’

1241 292 1339 354 DE
1382 290 1812 357 PRINCIPIIS
1852 294 2067 356 FIDE!
2105 298 2575 362 CATHOIJC/E.

284 400 476 501 νοϐντας
698 404 759 459 ἐν
792 418 1069 480 πνεύματι
1096 412 1193 467 καὶ
1219 413 1452 487 ἀληθείᾳ
1480 415 1562 470 δεῖ
1595 435 1839 489 προσκυ-

1954 415 2168 474 tdortmt
2185 434 2328 485 eum,
2355 421 2407 474 in
2436 421 2630 490 spiritu
2654 428 2704 474 et
2733 416 2957 475 veritate
2982 430 3181 489 oportet
3208 422 3435 477 adorare
3453 426 3520 501 ’δε

287 494 378 547 νειν
399 509 412 524 ο
443 511 461 545 ι
490 493 610 547 ἀλλ’
633 494 823 567 ἕτερον
851 500 1056 570 τρόπον
1083 501 1318 573 λέγομεν
1349 506 1579 578 Πνεῦμα
1595 510 1834 581 Πατρός.

292 582 369 649 Ὦς
395 586 494 659 γὰρ
525 585 777 656 ὑφεστὼς
809 592 908 644 καὶ
938 592 1065 647 καθ’
1096 594 1258 651 ἑαυτὸ
1294 597 1480 664 ίδικῶς
1516 601 1641 654 τότε
1682 603 1835 657 νοοῦο

282 692 387 746 μιν,
417 677 509 731 καὶ
538 678 617 743 ὡς
651 680 949 752 πρόϐλημα
1002 684 1143 754 πρὸς
1190 686 1283 742 τὸν
1334 691 1557 763 Πατέρα
1629 695 1836 764 ἀναφε-

283 767 497 838 ρόμενον,
543 770 620 833 ὡς
670 772 968 842 προϐολία.
1035 775 1141 831 Καὶ
1184 778 1295 851 γὰρ
1362 782 1427 835 ἐκ
1472 784 1567 839 τοῦ
1622 784 1838 857 Πατρός

281 858 633 949 ίκπορεύεται.
665 862 767 918 Διὰ
797 864 970 921 ταῦτα
1000 868 1100 924 καὶ
1123 874 1192 925 τα
1209 871 1303 926 ἐπὶ
1332 872 1444 927 τῶν
1467 874 1639 948 τριῶν
1662 892 1840 949 προσ-

275 948 420 1003 ώπων
491 950 893 1026 θεολογούμενα
971 960 1328 1031 προσήκοντα
1390 964 1474 1018 δεῖ
1531 965 1837 1039 λαμϐάνειν

280 1042 392 1185 egro
407 1040 789 1112 ὑποστατικοῖς
819 1045 1102 1120 ίδιώμασι,
1120 1053 1217 1107 καὶ
1242 1052 1319 1126 μὴ
1347 1055 1491 1111 κατὰ
1512 1056 1673 1113 τοῦτο
1694 1060 1839 1114 πλα-

280 1150 300 1184 ν
336 1150 362 1185 σ
396 1150 469 1185 αι.

274 1150 469 1188 vacuat.

853 1317 1116 1380 ΚΕΦΔΛ.
1153 1326 1231 1383 Δ’.

275 1427 430 1495 Τίνας
452 1427 607 1483 ποτὲ
634 1431 880 1511 είκόνρς
907 1434 1056 1511 περὶ
1088 1436 1409 1511 τῆςμὰγίας
1444 1439 1694 1511 Τριόδος
1729 1459 1841 1499 παι

702 1502 1063 1571 ραδιὰᾶασέιν
1098 1502 1159 1562 οἱ
1182 1502 1373 1579 artat.

330 1616 434 1687 Τῆς
457 1616 522 1671 δὲ
552 1618 720 1688 ἁγίας
746 1619 957 1693 ταύτης
984 1624 1080 1677 καὶ
1110 1625 1392 1696 μακαρίας
1427 1626 1683 1697 Τριάδος,
1730 1646 1839 1685 πα..

1948 509 2143 564 Verum
2188 511 2299 565 alio
2336 514 2499 567 modo
2536 511 2801 583 Spiritum
2834 511 3015 568 Patris
3062 513 3320 568 dicimus.
3368 510 3524 567 Tunc

1939 602 2084 656 enim
2119 602 2580 660 utsubsistentem
2626 618 2691 659 ac
2719 619 2816 675 per
2840 619 2898 660 se
2919 604 3139 675 proprie
3165 604 3520 659 exsistentem

1940 708 2067 748 eum
2121 694 2576 761 consideramus,
2636 703 2693 751 et
2748 696 2843 767 qui
2904 697 3054 752 velut
3105 698 3405 766 processio,
3456 697 3521 751 ad

1941 785 2159 841 Patrem
2198 787 2575 857 processionis
2611 795 2897 845 auctorem
2919 828 2936 854 ,
2986 786 3278 853 referatur.
3308 786 3520 843 Etenim

1942 878 2181 948 Spiritus
2211 880 2458 947 procedit
2485 893 2516 933 a
2560 878 2741 935 Patre.
2775 879 3068 949 Propterea
3114 880 3401 952 diligenter
3427 895 3523 935 cu-

1940 970 2171 1025 randum
2203 978 2265 1024 ut
2287 984 2409 1039 quat
2454 971 2508 1024 in
2561 970 2737 1027 tribus
2764 973 3013 1041 personis
3041 988 3371 1042 usurpamus
3394 1014 3408 1036 ,
3442 974 3523 1027 di-

1943 1063 2070 1118 vina
2098 1062 2343 1127 nomina,
2382 1062 2515 1116 talia
2578 1072 2931 1123 assumantur
2957 1105 2973 1130 ,
3019 1080 3141 1135 qua:
3180 1065 3522 1136 preprictati-
3585 1104 3593 1111 .

1942 1155 2045 1211 bus
2078 1154 2462 1225 personalibus
2491 1156 2865 1224 conveniant,
2896 1165 2952 1213 et
2994 1170 3061 1214 ne
3090 1156 3144 1212 in
3188 1173 3251 1213 ea
3291 1173 3351 1214 re
3376 1158 3524 1215 deci-

1941 1246 2182 1317 piamur.

2544 1340 2778 1399 CAPUT
2826 1324 2953 1398 tV.‘

2048 1456 2180 1522 Qum
2203 1455 2415 1512 tandem
2440 1456 2732 1510 simulacra
2760 1473 2822 1510 ac
2846 1455 3105 1522 imagines
3135 1454 3199 1510 de
3223 1463 3416 1509 sancta

2369 1526 2631 1581 Trinitate
2658 1528 2831 1581 sancti
2853 1526 3098 1582 tradant.

2012 1643 2187 1697 Porro
2214 1649 2415 1697 sanctae
2458 1641 2619 1709 hujus
2667 1655 2731 1697 ac
2762 1640 2934 1695 beatae
2978 1638 3265 1694 Trinitatis
3314 1637 3519 1691 nullum

268 1709 529 1807 ραδειγμα
559 1712 657 1765 καὶ⁵
691 1712 883 1767 είκόνα
927 1716 1053 1771 τινὰ
1093 1716 1302 1771 οἰκείαν
1333 1719 1441 1772 ἀπὸ
1468 1720 1579 1776 τῶν
1622 1722 1837 1795 ἀνθρω-

1954 1735 2166 1806 aliquod
2208 1748 2276 1789 ex
2307 1732 2562 1787 humanis
2606 1732 2771 1786 rebus
2819 1730 3130 1799 exemplum
3178 1743 3242 1783 ac
3291 1728 3523 1783 simula-

267 1804 425 1858 πίνων
451 1804 561 1858 οὐκ
591 1804 709 1859 ἔστι
753 1807 963 1871 λαϐεῖν,
992 1810 1092 1880 τῆς
1119 1812 1261 1883 ὑπὲρ
1288 1815 1469 1868 πᾶσαν
1501 1815 1691 1872 οὐσίαν
1740 1820 1834 1873 καὶ

260 1896 433 1949 πᾶσαν
476 1895 674 1967 νόησιν
728 1900 1081 1970 ἁσυγκρίτως
1154 1901 1729 1978 ὑπερανιρκισμένηςπ
1769 1908 1836 1963 Τί

261 1990 322 2041 ἂν
345 1989 427 2060 εῖη
484 1990 852 2062 παράδειγμα
882 1993 976 2047 καὶ
1010 1994 1178 2048 είκὼν
1222 1997 1403 2051 οἰκεία
1452 2000 1563 2054 ἀπὸ
1603 2001 1712 2055 τῶν
1746 2003 1840 2057 ἀν-

258 2081 551 2150 θρωπίνων
580 2082 992 2156 λαμϐανομένη,
1024 2085 1060 2141 a
1093 2088 1159 2158 δὴ
1191 2088 1374 2143 πάντα
1408 2093 1468 2146 ὲν
1499 2094 1715 2162 γενέσει
1741 2096 1839 2150 καὶ

259 2168 426 2242 τοορᾷ
452 2173 562 2225 καὶ
592 2171 750 2243 ῥύσει
771 2175 863 2227 καὶ
892 2175 1165 2249 μεταϐολῇ
1188 2177 1432 2249 διηνεκεῖ
1456 2183 1836 2253 καθορῶνται;

258 2259 439 2331 Ὅμως
467 2262 672 2334 ὥσπερ
699 2266 765 2317 ὲκ
796 2264 907 2319 τῶν
938 2265 1064 2320 καθ’
1092 2270 1247 2338 ἡμᾶς
1268 2271 1436 2325 αὐτὸν
1469 2272 1838 2345 ὀνομάζομεν,

259 2351 339 2407 ἴνα
366 2356 443 2427 μὴ
471 2355 746 2426 ἀμέτοχοι
772 2350 929 2427 ὦμεν
950 2358 1051 2429 τῆς
1091 2360 1260 2415 αὑτοῦ
1293 2364 1647 2433 ἐπιγνώσεως
1682 2368 1841 2441 (ὅπερ

255 2445 320 2501 δι’
343 2446 566 2516 ἄφατον
604 2448 905 2521 εὐδόκησιν
952 2450 1291 2523 ἀγαθότητα,
1328 2456 1471 2511 κατὰ
1501 2458 1594 2513 τὸν
1643 2462 1707 2514 ὲκ
1738 2464 1844 2515 Δα-

260 2539 793 2607 μσκοῦὌειότατον
829 2541 992 2615 [29]),
1023 2545 1083 2597 οὐ
1115 2545 1171 2599 τί
1198 2548 1312 2602 ἐστι
1338 2548 1438 2622 τὴν
1468 2552 1636 2620 φύσιν
1673 2553 1842 2607 αὐτοῦ

255 2631 597 2697 δεικνύντες,
620 2633 740 2687 ἀλλ’
764 2635 848 2689 ὅτι
880 2637 1001 2690 icti
1022 2626 1291 2703 τοιοῦτος’
1320 2641 1415 2695 τὸν
1442 2642 1613 2713 αὐτὸν,
1636 2647 1845 2715 τρόπον

255 2725 316 2776 ιιι
344 2724 567 2778 τούτων
615 2725 712 2779 καὶ
745 2725 848 2796 τὴν
898 2728 1199 2800 ὁμοιότητα
1232 2731 1467 2801 ἕλκομεν
1512 2736 1608 2787 καὶ
1641 2735 1845 2790 εἰκονί-

253 2808 415 2882 ζομεν
445 2815 649 2879 αὑτὸν.
677 2817 763 2870 ἵνα
808 2820 889 2883 είς
931 2821 1195 2891 ἀμυδρὰν
1215 2821 1445 2877 ἔννοια-ιη
1463 2824 1709 2897 ἔλθωμεν
1744 2829 1845 2900 τῆς

254 2904 504 2976 ἑνότητος
569 2908 669 2962 καὶ
706 2910 811 2979 τῆς
843 2912 956 2965 τῶν
983 2914 1155 2985 τριῶν
1181 2914 1495 2984 προσώπων
1555 2919 1842 2991 ἰδιότητος.

252 2997 358 3051 Καὶ
390 2999 503 3069 γὰρ
538 3001 691 3070 μετὰ
718 3001 820 3071 τῆς
845 3002 1101 3072 ἑνότητός
1128 3003 1348 3079 καῖ’-τὴν
1367 3008 1642 3080 διάκρισιν
1675 3013 1844 3082 ἀναγ-

252 3091 398 3144 καῖον
434 3090 766 3162 ὁμολογεῖν·
795 3092 886 3148 ῖνα
915 3095 1141 3151 Μονάδα
1172 3098 1232 3153 ὲν
1266 3098 1459 3170 Τριάδι
1488 3101 1585 3155 καὶ
1633 3103 1845 3174 Τριάδα
1871 3083 1913 3143 c

134 3178 135 3185 “
252 3180 542 3241 ινΜονάδι
597 3184 975 3259 πιστεύωμεν.

313 3460 662 3535 Βουλόμενοι
694 3463 877 3519 τοίνυν
904 3465 955 3520 οί
983 3462 1134 3536 ἅγιοι
1180 3467 1276 3523 καί
1304 3484 1429 3524 τινα
1474 3468 1680 3525 διδόναι
1714 3471 1852 3541 ἡμῖν

251 3554 449 3621 εἰκόνα,
484 3556 649 3611 ὥστε
687 3557 790 3629 τὴν
834 3559 964 3627 μίαν
1009 3562 1231 3630 εκείνην
1257 3562 1354 3615 καὶ
1383 3563 1628 3634 ἄρρητον
1654 3563 1849 3618 οὐσίαν

244 3643 365 3712 τρία
411 3649 712 3719 πρόσωπα
766 3648 1148 3704 ίδιοῦπόστατα
1198 3652 1621 3721 φαντάζεσθαι,
1667 3656 1696 3709 ό
1750 3654 1852 3725 μὲν

248 3738 515 3810 οιολόγος
572 3740 891 3812 Γρηγόριος
936 3743 1089 3813 λέγει
1119 3746 1255 3817 (30),
1300 3764 1321 3801 ι
1368 3747 1682 3818 Ὀφθαλμόν
1730 3766 1854 3804 τινα

244 3836 337 3887 καὶ
366 3837 571 3905 πηγὴν
606 3837 704 3891 καὶ
730 3853 870 3891 ποτα
880 3836 982 3907 μδν
1000 3838 1285 3909 ἐνενόησα·
1324 3857 1344 3892 ι
1376 3842 1468 3894 καὶ
1506 3859 1524 3893 ι
1548 3840 1718 3896 Πάλιν
1732 3842 1851 3913 (3i)

244 3922 391 3995 ἣλιον
448 3927 829 3999 ινεθυμήῠην
871 3929 1079 3985 ἀκτῖνα
1130 3931 1227 3985 καὶ
1278 3930 1416 4001 φῶς.
1457 3950 1477 3984 ι
1534 3931 1853 3986 Καῖπάλιν

244 4019 424 4088 φησιν,
476 4039 500 4074 ς
543 4020 780 4091 Ὠσπερ
812 4021 921 4090 γὰρ
972 4022 1030 4075 et
1083 4021 1181 4076 τοῦ
1214 4022 1395 4091 φωτὸς
1449 4023 1670 4087 ἀκτῖνες
1717 4023 1856 4093 ἀμέ-

248 4124 423 4176 ριστον
455 4112 708 4183 ἔχουσαι
732 4112 875 4166 κατὰ
914 4113 1079 4183 φύσιν
1106 4113 1205 4184 τὴν
1235 4113 1374 4186 πρὸς
1406 4115 1616 4185 ἄλληλα
1642 4116 1852 4188 σχέσιν,

242 4199 361 4255 οὔτε
387 4204 493 4257 τοῦ
526 4201 731 4273 φωτὸς
757 4203 1111 4274 χωρίζονται,
1144 4201 1270 4258 οὔτε
1303 4203 1558 4275 ἀλλήλων
1607 4206 1856 4276 ἀποτέμ⁶

246 4308 446 4359 νονται,
485 4296 602 4349 καὶ
637 4293 841 4365 μέχρις
872 4294 1037 4365 ἡμῶν
1064 4295 1168 4367 τὴν
1193 4295 1358 4368 χάριν
1386 4294 1481 4350 τοῦ
1513 4296 1691 4366 φωτὸς
1717 4298 1855 4351 ἀπο-

1940 1840 2095 1883 crum
2125 1824 2201 1879 illi
2233 1824 2527 1895 proprium.
2550 1822 2678 1877 licet
2709 1836 3010 1881 assumere,
3053 1833 3178 1875 cum
3209 1818 3324 1884 illa,
3351 1832 3518 1887 supra

1939 1932 2156 1975 omnem
2197 1916 2490 1971 essentiam
2553 1928 2882 1985 omnemque
2931 1912 3129 1967 mentis
3184 1911 3516 1982 cogitatum,

1940 2009 2076 2066 citra
2109 2022 2325 2065 omnem
2353 2006 2821 2074 comparationem
2849 2003 3009 2072 longe
3041 2003 3300 2058 emineat.
3333 2000 3523 2069 Quod-

1940 2114 2068 2155 nam
2110 2114 2239 2154 vero
2269 2112 2335 2153 ex
2378 2097 2635 2151 humanis
2667 2096 2830 2151 rebus
2881 2102 3159 2163 sumptum
3209 2093 3521 2163 exemplum

1942 2206 2008 2246 ae
2058 2190 2413 2247 simulacrum
2448 2189 2732 2257 proprium
2781 2186 3034 2253 exsistat,
3071 2202 3193 2256 «luas
3222 2171 3411 2242 omnes
3464 2186 3521 2239 in

1939 2282 2053 2356 jugi
2086 2288 2207 2337 ortu
2237 2289 2292 2336 et
2330 2279 2577 2345 interitu,
2603 2274 2932 2349 délluxuque
2961 2295 3026 2334 ac
3058 2279 3366 2333 mutatione
3389 2291 3519 2332 con-

1945 2373 2291 2444 spiciantur?
2322 2371 2476 2427 Sicut
2498 2379 2680 2425 tamen
2705 2386 2773 2426 ex
2805 2372 2870 2426 iis
2894 2385 3015 2441 quae
3037 2385 3103 2425 ex
3136 2371 3372 2425 humano
3399 2376 3525 2424 sunt

1945 2479 2048 2520 usu
2076 2463 2447 2527 nominamus,
2496 2476 2564 2516 ne
2597 2460 2717 2529 ejus
2769 2460 2988 2530 penitus
3039 2468 3291 2529 expertes
3336 2457 3525 2526 cogni-

1945 2555 2112 2610 tionis
2138 2554 2311 2609 simus
2346 2552 2532 2622 (quod
2584 2553 2657 2606 ita
2707 2550 2946 2606 voluisse
2977 2566 3043 2605 ex
3091 2550 3332 2605 bonitate
3378 2546 3523 2602 nulla
3580 2560 3581 2563 ‘

1946 2645 2240 2701 verborum
2271 2644 2321 2697 vi
2346 2640 2674 2711 explicabili,
2702 2640 3072 2696 Damascenus
3094 2639 3297 2704 docet),
3322 2652 3431 2692 non
3464 2642 3553 2690 nt‘

1946 2738 2064 2809 ejus
2098 2745 2371 2799 naturam,
2403 2733 2537 2804 quid
2566 2733 2660 2799 sit,
2694 2732 3071 2795 ostendamus,
3122 2731 3214 2787 sed
3253 2738 3313 2784 ut
3347 2728 3526 2799 qualis

1948 2827 2166 2883 tandem
2222 2827 2313 2889 sit,
2364 2826 2741 2886 cxbibeamus,
2790 2824 2979 2880 eodem
3030 2824 3192 2879 etiam
3243 2821 3406 2875 melo
3456 2833 3524 2873 ex

1951 2919 2147 2975 iisdem
2191 2918 2608 2975 similitudinem
2650 2916 2949 2979 trahimus,
2996 2915 3282 2985 ipsamque
3328 2925 3528 2979 reprae-

1950 3020 2253 3075 sentamus.
2291 3021 2349 3065 ut
2386 3009 2454 3064 ad
2485 3009 2773 3064 obscuram
2819 3005 3046 3061 unitatis
3089 3020 3153 3060 ac
3199 3003 3362 3059 trium
3402 3014 3529 3070 per-

1948 3116 2205 3158 sonarum
2235 3099 2586 3170 proprietatis
2615 3096 3028 3167 intelligentiam
3067 3087 3528 3149 veniamus.‘Ete-

1948 3196 2065 3249 nim
2109 3206 2337 3249 necesse
2384 3197 2471 3246 est
2525 3198 2585 3244 ut
2636 3203 2762 3243 cum
2817 3188 3063 3248 unitate,
3114 3181 3525 3238 distinctionem

1950 3299 2173 3355 quoque
2221 3282 2621 3346 conliteamur;
2671 3294 2781 3349 quo
2825 3278 3084 3331 nimirum
3139 3273 3415 3329 Unitatem
3469 3270 3526 3325 in

1950 3376 2236 3440 Trinitate,
2280 3383 2336 3428 et
2366 3371 2688 3426 Trinitatem
2724 3372 2776 3423 in
2812 3367 3028 3423 Unitate
3055 3364 3365 3420 credamus.

2025 3468 2160 3524 Cum
2198 3466 2381 3535 itaque
2423 3477 2489 3519 eo
2524 3461 2712 3516 animo
2750 3457 2925 3515 saneti
2956 3462 3143 3512 essent
3166 3492 3182 3519 ,
3214 3462 3275 3508 ut
3309 3451 3525 3522 aliquod

1953 3561 2114 3619 nobis
2149 3558 2509 3616 simulacrum
2549 3552 2845 3615 traderent,
2869 3562 2981 3618 quo
3004 3560 3166 3600 unam
3191 3543 3339 3598 illam
3367 3552 3531 3611 atque

1954 3667 2212 3710 arcanam
2230 3647 2550 3710 essentiam,
2571 3654 2682 3700 tres
2696 3641 2968 3697 Personas
2991 3651 3117 3694 vere
3140 3652 3203 3693 ac
3219 3651 3315 3707 per
3339 3650 3398 3691 se
3422 3635 3534 3689 sin-

1956 3730 2489 3821 gulas'exsistentes
2540 3736 2725 3791 animo
2750 3731 3184 3802 conciperemus,
3238 3726 3533 3798 Gregorius

1956 3819 2176 3910 quidem
2207 3834 2525 3903 Theologus
2548 3830 2629 3886 sic
2656 3827 2863 3900 profert
2888 3843 2904 3880 :
2937 3842 2957 3877 ι
2982 3824 3211 3879 Oculum
3240 3819 3532 3892 quemdam

1955 3943 2010 3988 et
2045 3931 2248 3987 fontem
2272 3944 2336 3984 ac
2356 3926 2579 3982 ﬂuvium
2605 3922 2741 3978 mihi
2763 3917 3046 3993 proposui.
3081 3936 3099 3969 ι
3128 3917 3243 3972 Ac:
3274 3932 3293 3966 ι
3322 3912 3534 3966 Rursus

1958 4024 2128 4081 solem
2148 4030 2203 4078 et
2234 4021 2448 4076 radium
2472 4026 2528 4074 et
2555 4017 2735 4072 lucem
2760 4013 3015 4083 cogitavi.
3046 4029 3064 4061 ι
3095 4010 3171 4065 Ac
3196 4022 3389 4063 rursus
3417 4004 3532 4060 ait:

1966 4133 1985 4167 ι
2017 4107 2491 4181 Quemadmodum
2532 4106 2678 4161 enim
2711 4103 2853 4159 lucis
2889 4101 3049 4165 radii,
3082 4114 3208 4154 cum
3244 4096 3532 4151 indivisam
3624 4090 3651 4165 ὀ

1961 4206 2103 4260 inter
2132 4218 2192 4260 se
2235 4198 2543 4256 naturalem
2571 4192 3035 4251 necessitudinem
3087 4189 3345 4252 habeant,
3378 4200 3477 4242 nee
3507 4202 3537 4240 a

1962 4297 2085 4352 luce
2115 4294 2506 4366 sejunguntur,
2550 4302 2650 4343 nec
2678 4287 2746 4341 ab
2793 4285 3025 4340 invicem
3058 4282 3426 4342 dissecantur,
3487 4285 3541 4331 et

244 4384 599 4439 στέλλουσιν
636 4384 733 4438 τὸν
761 4384 925 4440 αὑτὸν
953 4385 1158 4457 τρόπον
1194 4387 1291 4441 καὶ
1321 4388 1350 4441 ό
1370 4386 1572 4459 Σωτὴρ
1600 4388 1629 4442 ό
1659 4389 1847 4459 ἡμέτει

1965 4388 2033 4443 ad
2073 4403 2177 4443 nos
2224 4399 2399 4456 usque
2456 4381 2598 4437 lueis
2651 4392 2854 4434 munus
2906 4374 3325 4429 transmittunt:
3366 4370 3449 4424 sic
3488 4376 3546 4421 ct

246 4492 335 4544 ρος
372 4482 477 4534 καὶ
505 4480 581 4533 τὸ
626 4476 863 4548 Πνεῦμα
886 4480 947 4531 τὸ
968 4456 1152 4548 ἅγιον,
1181 4480 1215 4551 ἠ
1247 4480 1470 4551 δίδυμος
1507 4456 1603 4534 τοῦ
1640 4456 1847 4553 Πατρδς

1968 4480 2219 4535 Salvator
2244 4484 2432 4531 noster
2461 4486 2527 4528 ac
2553 4470 2792 4540 Spiritus
2825 4474 3047 4520 sanctus
3080 4462 3101 4529 (
3128 4458 3305 4513 Patris
3335 4456 3542 4527 gemel—

236 4570 423 4638 ἀκτὶς,
454 4573 569 4627 καὶ
603 4572 813 4642 μέχρις
836 4571 996 4642 ἡμῶν
1022 4549 1357 4628 διακονεῖται
1374 4549 1492 4644 τῆς
1515 4549 1775 4644 ἀληθείας
1798 4574 1847 4629 τί

1963 4575 2047 4628 lus
2080 4566 2337 4639 Splendor
2362 4578 2426 4619 ac
2454 4557 2688 4629 radius)
2724 4568 2778 4613 et
2801 4557 2869 4611 ad
2902 4569 3001 4609 nos
3029 4565 3204 4621 usque
3230 4549 3543 4603 ministrant

240 4662 356 4730 (θῶς
391 4664 499 4718 καὶ
527 4662 623 4734 τῷ
652 4663 836 4734 Πατρῖ
854 4663 1216 4735 συνήνωται.»
1249 4666 1361 4720 Καὶ
1378 4666 1541 4722 πάλιν
1565 4665 1703 4737 (52),
1732 4684 1751 4717 ι
1772 4666 1863 4731 Ὠς

234 4755 343 4829 γὰρ
375 4758 489 4812 οὐκ
521 4756 664 4810 εστι
689 4754 900 4826 μεταξὺ
929 4754 1023 4809 νοῦ
1050 4757 1147 4809 καὶ
1177 4756 1533 4828 ἐνθυμήσεως
1561 4759 1656 4812 καὶ
1683 4757 1865 4829 ψυχῆς

236 4846 523 4920 διαίρεσιν
569 4846 948 4919 ἑπινοηθῆναί
979 4865 1106 4904 τινα
1146 4848 1243 4903 καὶ
1274 4851 1486 4920 τομήνξ
1537 4849 1714 4914 οὕτως
1738 4850 1863 4904 οὐδὲ

234 4944 327 4998 τοῦ
378 4947 562 5015 ἁγίου
631 4944 963 5017 Πνεῦματος
1013 4945 1110 5001 καὶ
1159 4945 1254 4999 τοῦ
1310 4945 1566 5018 Σωτῆρος
1617 4947 1717 5001 καὶ
1765 4946 1863 5000 τοῦ

238 5035 461 5106 Πατρδς
520 5038 597 5090 ὲν
656 5037 815 5108 μέσῳ
853 5035 1032 5108 τομὴν
1089 5035 1124 5107 ἢ
1174 5037 1447 5107 διαίρεσιν
1504 5034 1864 5107 ἑπινοηθῆναί

237 5145 393 5182 tow
434 5149 456 5183 ι
496 5128 612 5184 καὶ
652 5128 821 5183 πάλιν
854 5128 994 5199 (55),
1046 5146 1065 5181 ι
1091 5128 1419 5199 Ἀμέριστος
1457 5130 1519 5183 ὲν
1560 5129 1861 5199 μεριστοῖς,

238 5221 285 5272 si
314 5221 402 5275 δεῖ
432 5220 759 5291 συντόμως
793 5220 997 5290 εἰπεῖν,
1029 5221 1064 5293 ἠ
1086 5219 1300 5293 θεότης,
1336 5221 1432 5276 καὶ
1460 5214 1575 5276 οἷον
1604 5222 1663 5276 ὲν
1689 5218 1864 5293 ηλίοις

306 5399 357 5430 ’⁸
385 5394 568 5452 Jnan.
598 5409 695 5458 tv,
722 5393 813 5451 Si.

310 5589 434 5657 tas)
470 5587 614 5657 tan.
656 5598 781 5657 u.__c.
816 5585 903 5640 ιδ.

465 5656 651 5712 οτ²ιο

310 5722 433 5802 (3i)
469 5728 659 5784 Orat.
710 5722 791 5779 45.

1962 4662 2206 4720 veritatis
2256 4658 2463 4721 lumen,
2511 4652 2788 4718 iidemque
2839 4646 2989 4702 Patri
3027 4642 3162 4698 uniti
3210 4649 3359 4695 sunt.
3393 4658 3411 4691 ι
3464 4641 3543 4695 Ac

1962 4768 2200 4811 rursus:
2244 4768 2261 4802 ι
2292 4742 2767 4814 Quemadmodum
2818 4738 2964 4794 enim
3010 4736 3124 4791 ﬁeri
3182 4748 3289 4789 non
3346 4740 3544 4802 potest,

1972 4858 2031 4902 ut.
2068 4846 2210 4899 inter
2234 4847 2469 4896 mentem
2505 4844 2561 4891 et
2590 4832 2975 4904 cogitationem
3022 4826 3379 4895 animumque
3408 4823 3548 4877 divi-

1972 4912 2193 4993 sioﬁulla
2220 4946 2285 4986 ac
2314 4928 2572 4984 dissectio
2623 4923 2977 4993 intelligatur,
3050 4919 3131 4973 sic
3182 4930 3361 4981 neque
3414 4912 3539 4980 Spi-

1971 5027 2110 5081 ritus
2168 5020 2344 5078 sancti
2398 5032 2463 5073 ac
2514 5014 2812 5071 Salvatoris
2859 5011 3146 5080 Patrisque
3200 5006 3376 5063 media
3434 5005 3542 5059 ulla

1974 5130 2216 5190 unquam
2244 5112 2501 5169 dissectio
2526 5124 2590 5165 ac
2618 5107 2819 5163 divisio
2849 5102 3226 5160 intercessisse
3256 5097 3543 5168 cogitanda

1974 5222 2078 5270 est.
2111 5229 2130 5265 ι
2165 5214 2244 5265 Ac
2282 5219 2518 5264 rursus:
2554 5222 2572 5257 ι
2616 5200 2899 5258 lndividua
2935 5199 2987 5252 in
3026 5194 3309 5265 dividuis(
3338 5204 3396 5248 ut
3432 5205 3545 5247 uno

2052 5575 2164 5714 (δὶς
2199 5573 2352 5629 Orat.
2381 5572 2470 5625 45.

2052 5647 2142 5714 (55
2194 5647 2342 5699 Orat.
2370 5642 2466 5698 3.7.

2051 5642 2163 5716 (55)
2194 5647 2342 5699 Orat.
2370 5642 2438 5698 3.7
2452 5680 2466 5695 .

3419 309 3605 370 530‘
