3942 6200
265 326 369 387 533

1248 328 1346 390 ne
1391 323 1816 392 P’tttNCtPus
1860 324 2075 392 FIDE!
2114 296 2592 394 CATHOLICE.

3415 328 3517 391 534

260 441 392 510 δρὶιν
424 439 481 490 δὲ
514 434 616 509 τὴν
662 439 949 494 κοινωνίαν
977 434 1090 510 ἔχει
1124 443 1260 513 πρός
1309 446 1403 496 τὸν
1468 445 1614 512 νοῦν,
1648 445 1838 499 καθότι

1951 461 2075 502 cum
2102 455 2287 502 mente
2308 444 2754 501 communionem
2791 441 2974 506 habet,
2999 457 3063 498 ea
3083 439 3289 500 scilicet
3307 442 3517 496 ratione

259 534 318 584 τὸ
346 530 542 600 νοηθὲν
579 529 728 599 αὐτῷ
758 530 1099 599 ἐξαγγέλλει,
1133 536 1229 586 καὶ
1259 537 1338 596 είς
1361 536 1670 605 τούμφανὲς
1684 535 1830 604 ἄγει,

260 623 352 674 καὶ
402 619 657 689 σημαίνει
685 619 778 674 τὸν
807 621 959 674 ἔνδον
987 621 1156 690 λόγον
1193 625 1381 686 ὁποῖός
1427 625 1510 688 τίς
1558 627 1726 680 ἔστιν.
1775 627 1833 679 ’0

258 713 315 764 δὲ
343 711 440 765 τοῦ
467 711 602 764 Θεοῦ
631 711 806 778 Λόγος
830 713 921 765 ὲνυ
933 714 1200 778 πόστατός
1225 714 1367 779 ἐστι,
1401 717 1495 768 καὶ
1533 717 1621 769 ἀεὶ
1647 717 1794 769 ἐστιν
1817 733 1830 748 ·

259 802 319 854 οὐ
353 801 464 871 γὰρ
496 797 564 870 ἦν
593 818 724 854 ποτε
757 801 894 865 Θεὸς
935 804 1114 872 Λόγον
1148 806 1250 859 οὐκ
1282 805 1444 876 ἔχων·
1478 808 1572 860 καὶ
1612 808 1835 879 ἐνεργὸς

265 890 358 942 καὶ
408 890 818 959 παντοδύναμος
872 892 971 946 καὶ
1020 893 1251 958 τέλειος,
1287 895 1316 946 ὁ
1367 896 1532 959 αὐτὸς
1569 897 1646 950 ὢν
1693 900 1833 951 κατᾶ

263 980 438 1031 πάντα
490 979 572 1049 τῷ
619 980 680 1043 ἐξ
713 974 777 1034 οῦ
815 982 932 1034 ἐστι
981 983 1254 1046 συναῖδιος
1292 985 1386 1038 καὶ
1409 986 1700 1054 ὀμοούσιος
1740 989 1835 1040 καὶ

262 1072 585 1139 ἁχὼριστος,
623 1073 716 1125 καὶ
749 1075 1143 1142 ἀνεκφοίτητος
1173 1075 1362 1129 αὐτοῦ’
1389 1080 1450 1130 οὐ
1477 1079 1622 1133 κατά
1649 1095 1705 1132 τι
1739 1081 1836 1150 μὲν

263 1158 479 1223 ἐοικὼς,
540 1161 682 1214 κατά
742 1179 796 1215 τι
850 1163 907 1216 δὲ
953 1163 1251 1227 ἀπεοικώς.
1320 1165 1594 1232 Ὡσαύτως
1644 1169 1838 1222 καὶτὸ

262 1248 510 1319 Πνεῦμα·
541 1251 605 1303 τὸ
636 1251 737 1319 μὲν
768 1251 1038 1322 ἡμέτερόν
1087 1256 1206 1308 ἐστι
1245 1256 1383 1327 πνοὴ
1435 1259 1834 1325 ἀνυπόστατος,

261 1341 461 1400 ἔξωθεν
489 1341 710 1394 ἀπὸτοῦ
733 1343 898 1410 ἀέρος
926 1339 1216 1416 ἑλκομένη,
1241 1348 1337 1401 καὶ
1366 1349 1645 1414 ammte-,-
1674 1351 1839 1421 ἄλλης

261 1428 320 1482 δν
370 1430 562 1494 ούσίας
593 1432 747 1500 παρὰ
777 1435 875 1502 τὴν
906 1433 1001 1486 τοῦ
1031 1436 1303 1506 ἡμετέρου
1356 1437 1448 1508 νοῦ
1477 1455 1491 1468 ·
1531 1439 1590 1491 τὸ
1638 1439 1694 1491 δὲ
1743 1439 1837 1492 τοῦ

261 1518 400 1572 Θεοῦ
444 1520 604 1588 ἅγιον
640 1521 866 1590 Πνεῦμα
918 1523 1172 1592 ὑφεστὼς
1216 1527 1308 1578 καὶ
1341 1527 1708 1584 ὲνυπόστατον
1745 1532 1838 1598 καὶ

262 1611 375 1676 ζῶν
410 1611 504 1663 καὶ
537 1610 762 1675 τέλειον,
787 1611 978 1682 ὥσπερ
1007 1616 1101 1669 καὶ
1152 1618 1182 1669 ὁ
1211 1616 1361 1680 Υίὸς,
1398 1619 1645 1688 ἐνεργὸν,
1677 1621 1840 1674 αύτο-

262 1699 506 1770 κίνητον,
531 1702 883 1772 δημιουργὸν,
918 1705 1214 1777 σύνδρομον
1240 1707 1367 1778 ἔχον
1396 1711 1461 1779 τῇ
1491 1709 1710 1778 θελήσει
1740 1713 1838 1783 τὴν

261 1798 498 1867 δύναμιν
523 1815 538 1830 ·
587 1801 636 1851 εί
673 1801 768 1853 καὶ
808 1801 944 1871 πρὶς
979 1804 1080 1872 τὴν
1127 1803 1354 1872 πρώτην
1395 1805 1598 1868 αίτίαν,
1651 1804 1841 1876 ὥσπερ

260 1890 328 1942 τὰ
360 1889 457 1942 τοῦ
493 1891 833 1959 Μονογενοῦς
872 1892 1112 1956 ἅπαντα,
1174 1893 1319 1947 οὕτω
1377 1895 1442 1966 δὴ
1481 1897 1577 1949 καὶ
1630 1896 1700 1949 τὰ
1748 1897 1842 1950 τοῦ

263 1979 583 2048 Πνεύματος
613 1981 1026 2050 ἀναπέμπεται,
1054 1984 1194 2038 κατά
1217 1984 1310 2038 τὸν
1342 1984 1606 2053 Θεολόγον
1635 1987 1847 2055 Γρηγό-

261 2088 402 2139 ριον.
432 2071 552 2124 Μία
585 2072 692 2142 γάρ
719 2073 903 2139 οὐσία,
935 2075 1031 2127 καὶ
1057 2075 1154 2143 μία
1182 2075 1418 2146 δύναμις
1437 2078 1678 2148 Πατρός,
1705 2079 1838 2132 Υίοῦ

259 2165 352 2220 καὶ
397 2165 561 2232 ἁγίου
584 2165 922 2232 Πνεύματος,
957 2167 1098 2236 μήτε
1129 2167 1460 2238 ἀρξάμενον,
1517 2172 1659 2239 μήτε
1701 2187 1844 2224 παυρ

259 2257 519 2324 σύμενον,
554 2259 620 2310 ix
669 2256 765 2308 τοῦ
811 2256 950 2308 Θεοῦ
1011 2257 1120 2310 τῶν
1168 2258 1307 2312 ὅλων
1337 2260 1437 2330 τὴν
1473 2262 1655 2314 αἰτίαν
1679 2262 1804 2332 ἕχον
1827 2278 1842 2294 ο

259 2349 658 2415 ἀνεκφοίτητον
696 2349 904 2420 Πατρός
937 2353 1032 2403 καὶ
1063 2351 1216 2405 Υίοῦ.
1251 2353 1326 2404 Οὐ
1356 2353 1464 2423 γὰρ
1515 2353 1727 2407 ὲνὲλιπε
1765 2354 1846 2426 τῷ

257 2439 442 2510 Haupt
474 2441 666 2508 Λόγος,
697 2440 822 2496 οὔτε
851 2441 928 2511 τῷ
956 2443 1390 2514 ΛόγῳΠνεῦμα,
1427 2445 1570 2498 κατὰ
1599 2445 1699 2515 τὴν
1733 2447 1844 2499 τῶν

257 2529 438 2598 ἁγίων
471 2531 824 2586 διδασκαλίαν
859 2551 873 2565 ο
909 2537 1039 2603 περὶ
1069 2531 1144 2590 ὧν
1177 2537 1206 2587 ό
1243 2535 1384 2598 θεῖος
1408 2537 1574 2592 Δασὶδ
1602 2537 1841 2608 ψάλλων,

264 2639 283 2671 ι
305 2620 364 2674 Ὀ
391 2621 575 2687 Λόγος
632 2639 747 2689 σου,
778 2623 978 2695 Κύριε,
1011 2627 1092 2689 εἰς
1115 2626 1210 2680 τὸν
1237 2627 1410 2682 αίῶνα
1441 2629 1615 2698 μένει.
1648 2649 1668 2682 ι
1706 2632 1840 2695 Καὶ,

259 2727 281 2763 ι
317 2711 414 2782 Τῷ
455 2712 616 2782 Λόγῳ
653 2715 862 2784 Κυρίου
906 2717 960 2769 oi
998 2716 1221 2786 οὐρανοὶ
1265 2719 1703 2791 ἐστερεώθησαν,
1750 2724 1844 2776 καὶ

254 2801 335 2874 τῷ
373 2805 672 2876 Πνεύματι
719 2807 816 2860 τοῦ
859 2808 1130 2878 στόματος
1160 2811 1330 2864 αὐτοῦ
1372 2814 1519 2867 πᾶσα
1551 2815 1583 2883 ή
1614 2815 1846 2884 δύναμις

250 2894 466 2951 αὐτῶν.
503 2915 524 2948 ι
559 2896 690 2962 Καὶ,
720 2915 741 2949 ι
766 2897 1186 2964 Ἑξαποστελείς
1229 2903 1291 2955 τὸ
1341 2903 1564 2973 Πνεῦμά
1600 2920 1720 2970 σου,
1749 2907 1845 2960 καὶ

1933 541 2079 610 quod
2125 537 2326 594 mentis
2371 545 2701 606 conceptum
2745 534 3020 601 enuntiat,
3062 531 3425 605 producitqne
3458 533 3512 586 in

1936 633 2213 702 publicum
2246 673 2261 698 ,
2295 644 2358 686 ac
2403 630 2586 701 qualis
2634 631 2706 686 sit
2753 629 2982 685 interior
3023 622 3303 699 animique
3336 642 3520 685 sermo

1936 723 2227 795 signiﬁcat.
2259 722 2326 777 At
2358 719 2450 777 Dei
2485 720 2678 777 Sermo
2707 737 2834 778 vere
2865 722 2980 791 ipse
3011 720 3244 787 exsistit,
3272 735 3337 775 ac
3371 736 3519 775 scm-

1937 827 2033 882 per
2057 823 2157 869 est.
2201 811 2319 866 Non
2351 811 2497 866 enim
2549 811 2652 866 fuit
2686 827 2946 880 unquam,
2995 826 3122 866 cum
3174 810 3284 864 Deo
3321 810 3518 864 Sermo

1938 903 2151 957 deesset
2178 919 2191 954 :
2219 901 2516 970 eiiicaane
2544 907 2599 954 et
2626 897 2976 970 omnipotens
3008 908 3062 954 et
3103 898 3381 970 perfectus
3408 909 3518 964 est,

1938 992 2187 1062 idemque
2213 991 2437 1046 omnino
2468 1007 2591 1044 eum
2624 1006 2688 1045 eo
2738 1007 2802 1045 ex
2827 1005 2935 1058 quo
2961 999 3067 1055 est,
3116 987 3191 1044 illi
3214 999 3524 1046 coaeternus

1938 1093 1992 1138 et
2043 1083 2549 1150 consubstantialis,
2601 1095 2630 1137 a
2678 1095 2787 1154 quo
2847 1086 3061 1154 seiungi
3118 1094 3283 1155 atque
3333 1082 3521 1138 divelli

1936 1177 2084 1231 nulla
2132 1177 2341 1231 ratione
2379 1185 2594 1245 potest;
2635 1191 2742 1232 non
2799 1177 2995 1246 partim
3029 1177 3252 1247 quidem
3296 1178 3521 1242 similis.

1939 1268 2134 1336 partim
2163 1281 2292 1322 vero
2321 1281 2351 1322 a
2381 1263 2738 1322 similitudine
2770 1269 3092 1323 abhorrens.
3135 1265 3367 1324 Perinde
3392 1284 3526 1338 quo-

1939 1373 2046 1427 que
2089 1358 2365 1428 Spiritus:
2417 1369 2607 1414 noster
2652 1357 2871 1429 quidem
2897 1357 3060 1415 ﬂatus
3112 1369 3196 1414 est
3239 1376 3352 1414 non
3395 1373 3527 1415 vere
3589 1421 3610 1442 .

1939 1450 2232 1515 exsistens,
2259 1463 2420 1519 quem
2449 1451 2517 1505 ab
2542 1465 2667 1505 aere
2689 1451 2930 1506 exterius
2949 1449 3241 1515 trahimus,
3260 1449 3514 1504 diversa:-

1941 1554 2047 1610 que
2077 1553 2305 1610 prorsus
2327 1556 2355 1593 a
2385 1551 2571 1596 mente
2600 1552 2790 1597 nostra
2817 1540 3139 1623 substantiae
3165 1555 3269 1597 est.
3300 1545 3368 1596 At
3398 1541 3530 1610 Spi-

1943 1633 2079 1687 ritus
2129 1633 2220 1686 Dei
2270 1643 2496 1687 sanctus
2519 1672 2534 1696 ,
2568 1647 2698 1688 vere
2742 1635 2857 1704 ipse
2891 1649 2954 1688 ac
2988 1649 3087 1704 per
3138 1649 3197 1687 se
3226 1633 3556 1696 exsistens,‘

1943 1729 1997 1777 et
2044 1723 2230 1778 vivens
2267 1732 2321 1776 et
2355 1717 2634 1792 perfectus
2684 1731 2790 1786 est,
2829 1724 2969 1777 hami
3026 1739 3190 1778 secus
3217 1740 3281 1777 ac
3327 1721 3526 1788 Filius,

1945 1811 2155 1876 efﬁcax,
2187 1829 2216 1865 ιι
2248 1828 2308 1867 se
2331 1813 2570 1877 mobilis,
2605 1823 2841 1880 creator,
2865 1813 3022 1883 cujus
3047 1812 3320 1867 voluntati
3345 1827 3530 1867 comes

1948 1910 2193 1972 potestas
2240 1902 2310 1958 sit
2338 1904 2357 1971 (
2383 1904 2600 1957 tametsi
2643 1903 2709 1956 ad
2747 1903 2983 1973 primum
3036 1913 3344 1970 auctorem,
3379 1905 3531 1959 velut
3562 1909 3565 1912 ‘

1947 1996 2110 2048 etiam
2145 1991 2422 2063 Unigeniti
2456 1992 2666 2058 omnia,
2703 2005 2824 2062 qua
2855 2000 2986 2048 sunt
3020 1979 3257 2061 Spiritus
3288 1993 3530 2048 referan-

1949 2092 2054 2149 tur,
2098 2094 2156 2138 ut
2185 2091 2378 2138 auctor
2408 2091 2492 2137 est
2523 2080 2826 2152 Gregorius
2856 2078 3197 2151 Tlteoiogus.
3232 2081 3348 2136 Una
3382 2081 3528 2135 enim

1945 2175 2206 2242 essentia,
2235 2187 2453 2243 unaque
2480 2180 2722 2241 potestas
2754 2169 2935 2226 Patris
2961 2183 3015 2227 et
3045 2171 3171 2226 Filii
3203 2181 3258 2227 et
3289 2169 3531 2242 Spiritus

1947 2265 2182 2334 sancti),
2221 2265 2313 2333 qui
2343 2275 2520 2332 neque
2552 2263 2801 2332 coeperit,
2849 2277 2950 2318 nec
3003 2263 3073 2318 sit
3112 2263 3390 2319 desiturns
3430 2278 3533 2318 un-

1946 2369 2108 2427 quam
2156 2369 2222 2410 ex
2260 2355 2640 2410 universorum
2673 2356 2780 2409 Deo
2834 2363 2891 2408 ut
2923 2364 3145 2409 auctore
3185 2356 3394 2409 habens
3423 2353 3536 2408 ori-
3644 2421 3664 2427 _

1947 2450 2126 2520 ginem
2153 2463 2168 2501 :
2201 2447 2294 2518 qui
2319 2448 2348 2501 a
2373 2443 2535 2502 Patre
2560 2455 2613 2502 et
2640 2441 2778 2513 Filio
2801 2443 3064 2501 excedere
3095 2454 3366 2515 nequeat;
3394 2457 3536 2500 nun-

1946 2549 2106 2606 quam
2148 2538 2289 2591 enim
2337 2535 2531 2590 Sermo
2569 2533 2767 2590 defecit
2815 2533 3072 2601 Patrem,
3113 2549 3287 2603 neque
3336 2533 3530 2588 Fillum

1947 2627 2212 2698 Spiritus,
2262 2628 2336 2682 uti
2390 2635 2707 2682 sanctorum
2765 2625 3014 2682 doctrina
3067 2637 3190 2691 est;
3247 2624 3312 2680 de
3334 2625 3535 2698 quibus

1946 2721 2129 2791 psallit
2176 2721 2370 2775 beatus
2403 2715 2571 2773 David
2600 2733 2613 2772 :
2645 2737 2663 2769 ι
2693 2715 2931 2772 Verbum
2977 2726 3155 2783 tuum,
3193 2716 3442 2784 Domine,
3473 2716 3527 2772 in

1944 2823 2206 2865 internum
2243 2817 2527 2879 permanet
2564 2809 2632 2860 ".
2669 2824 2687 2859 ι
2740 2805 2827 2870 Ει,
2869 2819 2886 2859 ι
2922 2806 3102 2863 Verbo
3143 2805 3361 2860 Domini
3407 2805 3531 2860 coeli

1947 2901 2144 2955 ﬁrmati
2184 2908 2332 2966 sunt,
2373 2907 2427 2954 et
2466 2899 2670 2969 Spiritu
2704 2899 2816 2954 oris
2849 2898 2969 2967 ejus
3007 2896 3190 2952 omnis
3231 2896 3403 2951 virtus
3421 2907 3531 2950 eo—

251 2989 678 3057 κτισθήσονται.
716 3006 737 3041 ι
798 2991 909 3050 Καὶ
962 2992 991 3044 ὁ
1054 2991 1201 3057 Ἰὼ6,
1252 3010 1272 3044 ι
1311 2985 1536 3065 Πνεῦμα
1589 2996 1732 3051 θεῖον
1783 2998 1843 3051 τὸ

1951 3009 2066 3047 rum
2084 2993 2156 3049 ".
2178 3013 2198 3044 ι
2233 2993 2323 3057 Et,
2357 3009 2375 3043 ι
2407 2991 2604 3046 Emitte
2654 2990 2918 3060 Spiritum
2973 2997 3130 3042 tuum
3181 2997 3235 3042 et
3265 2987 3536 3042 creabun~

249 3082 506 3152 ποιῆσὰν
534 3099 605 3152 με
636 3096 652 3112 ·
712 3085 854 3157 πνοὴ
882 3083 941 3138 δὲ
979 3086 1434 3159 Παντοκράτορος
1464 3090 1498 3160 ἡ
1517 3090 1846 3148 διδάσκουσά

253 3191 342 3244 με.
393 3195 417 3229 a

317 3270 506 3324 Οὐδὲν
561 3264 657 3325 οῦν
708 3271 908 3324 οἰκεῖον
959 3270 1039 3341 τῷ
1093 3271 1236 3345 λόγῳ
1294 3275 1391 3330 καὶ
1441 3275 1520 3345 τῷ
1571 3275 1846 3344 πνεύματι

249 3361 440 3429 ἡμῶν,
482 3361 582 3428 καὶ
611 3361 694 3432 τῷ
720 3364 883 3434 Λόγῳ
910 3366 1006 3420 καὶ
1031 3364 1310 3435 Πνεύματι
1339 3365 1436 3419 τοῦ
1466 3366 1626 3421 Θεοῦ.
1676 3366 1848 3434 Ἀμυρ

242 3451 381 3524 δρὰν
435 3453 508 3508 δέ
554 3471 682 3509 τινα
728 3453 824 3508 καὶ
877 3455 1217 3527 λεπτοτάτην
1271 3457 1522 3511 εἰκασίαν
1574 3455 1685 3511 ἀπὸ
1737 3458 1848 3513 τῶν

245 3546 530 3600 τοιούτων
583 3546 680 3599 ἐπὶ
731 3545 828 3599 τοῦ
875 3547 1013 3601 Θεοῦ
1062 3548 1162 3617 τῆς
1203 3549 1434 3620 Τριάδος
1469 3549 1847 3620 λαμϐάνομεν,

239 3638 580 3702 δεικνύντες
608 3640 694 3692 δτι
725 3639 819 3694 καὶ
869 3641 964 3692 ἐπὶ
991 3641 1101 3694 τῶν
1151 3641 1276 3696 καθ’
1310 3642 1461 3711 ἡμᾶς
1500 3641 1849 3711 εὑρίσκονταί

240 3745 369 3785 τινα
391 3734 457 3784 ἐν
499 3730 718 3801 ἑκάστῳ
750 3730 960 3787 τούτων
990 3732 1120 3802 τρία
1150 3731 1508 3803 θεωρούμενα
1546 3731 1848 3802 ἀχώριστά,

237 3823 342 3894 καὶ⁸
361 3822 482 3876 οὐκ
541 3822 973 3896 ἀποτετμημίνα
1003 3823 1273 3894 ἀλλήλων,
1309 3822 1374 3877 ἐν
1405 3823 1540 3878 ὄντα
1584 3823 1726 3878 κατὰ
1751 3823 1852 3893 τὴν

236 3913 466 3979 οὐσίαν,
514 3912 613 3966 καὶ
639 3913 716 3976 ὥς
740 3914 860 3967 ὅλον
891 3931 946 3968 τι
975 3913 1105 3968 ὄντα
1131 3929 1150 3948 ο
1199 3914 1487 3986 διαφοραῖς
1515 3914 1573 3968 δέ
1607 3929 1718 3968 τισι
1755 3912 1854 3982 μό-

237 4022 361 4070 ναις
389 4003 672 4075 ἀλλήλων
704 4003 1116 4075 διακρινόμενα·
1151 4005 1258 4058 τῶν
1286 4004 1458 4076 τριῶν
1487 4006 1723 4060 ἕκαστον
1753 4005 1855 4057 οὐκ

237 4094 299 4150 ὃν
327 4099 486 4151 κατὰ
524 4097 635 4166 τὴν
663 4095 904 4166 ίδιότητα
927 4097 988 4149 τὸ
1018 4096 1152 4150 αὐτὸ
1181 4097 1291 4151 τῶν
1321 4097 1529 4151 λοιπῶν
1559 4097 1811 4166 ἑκατέρῳ
1836 4109 1853 4127 ⁶

238 4189 442 4261 ὥσπερ
478 4191 513 4242 ὁ
538 4189 655 4257 τῆς
699 4189 888 4258 πηγῆς
913 4187 1196 4258 ὀφθαλμὸς
1225 4187 1326 4242 οὐκ
1357 4187 1476 4242 ιστι
1510 4191 1686 4259 πηγὴ,
1727 4187 1854 4240 οὔτε

1947 3092 2034 3138 tur
2055 3082 2122 3137 “.
2165 3101 2184 3133 ι
2221 3080 2323 3137 Job
2349 3096 2593 3152 quoque,
2625 3098 2644 3131 ι
2675 3078 2916 3150 Spiritus
2945 3076 3168 3132 divinus
3200 3079 3294 3145 qui
3333 3075 3537 3132 creavit

1947 3191 2073 3240 me;
2106 3173 2266 3228 ﬂatus
2293 3188 2426 3228 vero
2457 3170 2862 3242 Omnipotentis
2889 3171 2982 3239 qui
3011 3169 3169 3224 docet
3197 3182 3284 3221 me
3307 3168 3370 3220 ⁸⁸.
3403 3181 3423 3218 ι

2018 3264 2160 3320 Nihil
2199 3263 2386 3334 itaque
2419 3265 2588 3319 verbo
2618 3272 2807 3317 nostro
2839 3261 2974 3331 (seu
3004 3259 3244 3315 sermoni
3275 3258 3295 3320 δ
3326 3271 3402 3311 ac:
3424 3260 3537 3327 spi-

1950 3355 2076 3411 ritui
2105 3357 2385 3425 proprium
2419 3370 2543 3410 cum
2604 3354 2695 3408 Dei
2726 3351 2908 3407 Verbo
2936 3365 3001 3406 ac
3025 3351 3234 3421 Spiritu
3259 3363 3276 3403 :
3306 3349 3400 3404 sed
3433 3352 3536 3404 ob-

1949 3461 2166 3504 scuram
2197 3447 2473 3516 quandam
2508 3459 2572 3499 ac
2601 3441 2984 3499 tenuissimam
3009 3456 3073 3496 ex
3103 3439 3374 3510 ejusmodi
3405 3455 3532 3495 cons

1948 3540 2214 3610 iet-turam
2266 3539 2318 3591 in
2352 3537 2481 3603 Deo,
2517 3538 2611 3606 qui
2639 3535 2885 3590 Trinitas
2913 3543 3017 3598 est,
3049 3533 3387 3588 assumimus
3416 3551 3430 3598 ;
3473 3545 3540 3588 ac

1953 3631 2292 3686 ostendimus
2319 3628 2482 3682 etiam
2521 3628 2573 3682 in
2607 3625 2863 3680 humanis
2898 3640 2962 3680 ac
2993 3624 3158 3680 rebus
3193 3625 3399 3679 creatis
3438 3637 3537 3678 εκδ

1953 3730 2099 3776 stare
2123 3719 2396 3788 quaedam,
2423 3718 2474 3771 in
2506 3716 2707 3787 quibus
2749 3716 2983 3786 singulis
3013 3716 3118 3770 tria
3153 3717 3538 3796 inseparabilia

1953 3811 2390 3871 considerentur,
2424 3824 2524 3863 nec
2557 3809 2626 3863 ab
2657 3807 2890 3863 invicem
2923 3808 3126 3873 divisa,
3159 3823 3284 3878 qua:
3311 3809 3420 3876 (ad
3450 3823 3538 3863 es-

1954 3901 2184 3960 sentiam
2207 3899 2352 3969 quod
2385 3900 2612 3969 spectat)
2645 3915 2814 3954 unum
2843 3900 3115 3955 exsistant
3145 3915 3209 3956 ac
3242 3902 3408 3955 totius
3437 3915 3537 3955 cut

1949 3990 2169 4060 jusdam
2218 3990 2486 4045 rationem
2536 3989 2810 4055 habeant;
2868 3990 3160 4060 solumque
3214 3989 3540 4046 diﬂ'erentlis

1956 4081 2281 4152 quibusdam
2318 4079 2458 4134 inter
2503 4095 2563 4134 se
2604 4081 2841 4135 discreta
2872 4081 3214 4146 consistant;
3265 4096 3393 4135 curn
3425 4080 3542 4135 sin-

1957 4177 2080 4244 gula
2114 4185 2346 4242 quaeque
2383 4166 2778 4238 proprietatum
2825 4173 3058 4236 ratione,
3106 4187 3214 4226 non
3256 4173 3361 4228 hoc
3395 4173 3538 4244 quod

240 4259 532 4352 ποταμός*
568 4277 705 4334 οὔτε
737 4280 770 4349 ἡ
807 4280 961 4351 πηγὴ
991 4279 1275 4350 ὀφθαλμὸς
1303 4279 1337 4349 ἢ
1372 4279 1654 4349 ποταμόςο
1685 4277 1843 4333 οῦθ⁹ί

1958 4263 2226 4332 reliquum
2278 4259 2566 4316 exsistant.
2611 4259 2774 4316 Velut
2805 4260 2971 4315 fontis
3021 4262 3244 4325 oculus,
3273 4277 3412 4316 'non
3458 4273 3544 4318 est

238 4327 507 4440 1:035sz
540 4327 829 4441 secarit;
857 4327 1843 4443 i';,}’i'.'ii21"e,;};n2

1959 4355 2101 4418 fons,
2136 4367 2313 4422 neque
2357 4350 2552 4406 ﬂuvius
2582 4369 2594 4404 :
2631 4365 2807 4421 neque
2852 4352 2974 4406 l'ons
3020 4353 3215 4406 oculus
3243 4363 3344 4413 est.
3377 4363 3542 4408 autve

236 4466 369 4536 γῆς,
399 4467 516 4520 καὶ
539 4463 645 4520 τοῦ
676 4441 929 4532 ποταμοῦ
964 4441 1188 4530 ιιαὶίτῆς
1221 4461 1438 4532 λίμνης·
1471 4458 1585 4514 οὔθ’
1629 4461 1663 4530 ὴ
1700 4459 1843 4527 πηγή

1960 4443 2159 4500 ﬂuvius
2184 4461 2199 4509 ;
2252 4458 2428 4510 neque
2461 4441 2658 4496 ﬂuvius
2683 4441 2877 4496 oculus
2904 4451 2988 4495 est
3017 4452 3113 4503 aut
3140 4442 3282 4498 fons.
3315 4444 3392 4495 Ac
3420 4455 3552 4496 rura

240 4531 514 4627 ἐσταμός
569 4560 726 4610 ἐστιν
757 4554 792 4626 ἢ
831 4531 1008 4623 λίμνη
1037 4568 1053 4584 ⁶
1089 4551 1202 4606 οὔθ’
1239 4554 1267 4606 ό
1320 4531 1563 4620 ποταμὸς
1607 4550 1760 4620 πηγὴ
1821 4549 1843 4618 ἦ

1959 4551 2054 4591 sus
2081 4537 2135 4589 in
2166 4533 2317 4589 fonte
2349 4541 2404 4586 et
2437 4533 2552 4587 rivo
2583 4542 2636 4587 et
2667 4533 2812 4597 lacu,
2869 4547 3044 4600 neque
3073 4533 3200 4585 fons
3237 4531 3407 4586 rivus
3433 4541 3537 4598 est,

237 4621 440 4722 lipvq-
493 4621 635 4702 οὔθ’
669 4647 704 4716 ἡ
729 4621 1074 4716 λίμνηήπηγὴ
1108 4643 1141 4715 ἦ
1188 4643 1455 4713 ποταμός·
1491 4642 1670 4698 καίτοι
1712 4643 1843 4696 κατό

1961 4638 2056 4684 aut
2085 4627 2237 4682 lacus
2263 4667 2277 4690 ,
2314 4639 2489 4694 neque
2521 4623 2669 4677 rivus
2702 4621 2824 4677 l‘ons
2858 4631 2962 4685 est,
3001 4630 3095 4674 aut
3131 4621 3308 4685 lacus,
3361 4637 3540 4691 neque

367 4714 592 4798 οῦσιαν
626 4714 889 4792 ἐνόντων
911 4755 924 4768 ·
962 4714 1106 4808 ὕδωρ
1133 4714 1266 4804 γάρ
1298 4737 1428 4790 εἰσι.
1477 4735 1586 4788 Καὶ
1635 4734 1798 4788 πάλιν
1829 4737 1843 4788 ε

1958 4723 2131 4786 lacus,
2181 4719 2305 4773 fons
2346 4727 2443 4771 aut
2490 4717 2672 4782 rivus;
2731 4714 2947 4770 tametsi
2997 4730 3166 4770 unum
3207 4714 3319 4770 sint
3346 4729 3543 4771 secuno

239 4806 371 4898 νδῦς
401 4835 552 4889 οὔτε
589 4831 751 4898 λόγος
781 4831 934 4883 ἐστιν
967 4827 1002 4899 ἢ
1036 4806 1281 4896 πνεῦμα.
1329 4826 1454 4880 οὕτε
1480 4827 1508 4878 ὁ
1537 4826 1694 4895 λόγος
1729 4825 1855 4888 νοῦς
1963 4815 2092 4870 dum
2146 4809 2468 4874 essentiam,
2527 4807 2728 4877 quippe
2779 4821 2900 4876 quae
2931 4822 3074 4878 aqua
3125 4806 3414 4899 exsistant.
3461 4810 3540 4863 Ac
3563 4816 3576 4826 ‘

240 4928 275 5000 ἦ
306 4929 596 4998 πνεῦμα·
631 4897 759 4978 obes
814 4925 876 4977 τὸ
928 4897 1153 5000 πνεῦμα
1196 4921 1355 4988 λόγος
1407 4921 1442 4992 ἢ
1484 4920 1641 4983 νοῦς·
1679 4918 1843 4973 καίτοι

1964 4918 2158 4962 rursus
2199 4917 2376 4964 mens,
2409 4914 2586 4969 neque
2627 4912 2808 4952 sermo
2838 4907 2922 4953 est
2949 4913 3125 4962 neque
3156 4897 3403 4967 spiritus.
3437 4911 3540 4955 nec

240 5020 467 5075 τούτων
499 5020 596 5081 ὡς
626 5016 748 5070 ὅλον
784 5031 842 5069 τι
877 5011 1019 5068 εἶναι
1053 4993 1357 5068 δοιίούντων
1404 5005 1506 5065 καῖ
1535 5012 1843 5080 ἀχωρίστωι

1965 5010 2172 5060 sermo,
2194 5009 2348 5051 mens
2376 5000 2473 5048 aut
2498 4992 2724 5064 spiritus
2742 5001 2859 5058 est;
2891 5006 3067 5061 neque
3090 4992 3338 5060 spiritus,
3358 5005 3541 5047 sermo

241 5107 538 5178 ἀλλήλων,
581 5104 619 5172 ἢ
655 5102 750 5155 καὶ
800 5100 1116 5170 διαφέρουσι
1151 5103 1220 5170 τῇ
1268 5098 1428 5170 οὐσίᾳ
1454 5115 1467 5128 ·
1499 5096 1574 5161 ὡς
1633 5096 1745 5166 ἔχει
1799 5095 1843 5149 τε

1967 5095 2062 5143 aut
2111 5101 2300 5142 mens:
2338 5099 2653 5155 quanquam
2704 5084 2820 5139 haec
2849 5082 2997 5138 velut
3042 5091 3216 5138 totum
3265 5081 3540 5151 quoddam

1970 5195 2092 5236 esse
2123 5177 2439 5244 videantur,
2479 5184 2537 5231 et
2581 5175 2649 5230 ab
2697 5173 2932 5229 invicem
2981 5173 3369 5242 inseparabilis
3408 5173 3540 5238 sint,

1971 5268 2187 5325 tametsi
2241 5266 2477 5323 essentia
2520 5266 2951 5336 distinguantur,
3009 5265 3088 5320 uti
3138 5277 3200 5320 se
3246 5278 3334 5321 res
3375 5267 3540 5320 etiam

1971 5359 2134 5415 habet
2155 5359 2207 5414 in
2231 5357 2345 5416 sole
2363 5367 2418 5413 et
2445 5357 2617 5414 radiis
2644 5365 2702 5414 et
2723 5358 2875 5414 luce:
2909 5371 2974 5414 ac
3001 5355 3255 5414 similiter
3279 5354 3445 5414 etiam
3482 5359 3538 5415 in

1970 5447 2198 5518 reliquis
2223 5446 2508 5518 exemplis.
3537 5493 3542 5504 ,

2043 5541 2166 5612 Haec
2199 5541 2496 5607 enimvero,
2523 5539 2598 5595 uti
2630 5538 2945 5598 dicebamus
2965 5580 2980 5610 ,
3016 5540 3193 5599 sancti
3223 5550 3543 5604 assumunt,

239 5203 338 5256 τοῦ
377 5200 557 5270 ἡλίου
597 5195 696 5248 καὶ
729 5191 840 5246 τῶν
867 5190 1104 5244 ἀκτίνων
1157 5191 1252 5244 καὶ
1302 5190 1395 5243 τοῦ
1433 5188 1634 5259 φωτὸς,
1675 5186 1860 5242 ὡσαύ-

239 5310 352 5358 τως
387 5293 500 5347 καὶ
531 5288 643 5351 iaci.
670 5285 782 5340 τῶν
809 5283 986 5339 ἄλλων
1013 5281 1503 5355 παραδειγμάτων.

328 5553 510 5609 Ἀλλὰ
549 5546 760 5620 ταῦτα,
791 5548 1044 5617 καθάπερ
1072 5547 1322 5617 εἴπομεν,
1358 5548 1408 5601 οἱ
1459 5545 1608 5615 ἆγιοι
1643 5542 1862 5615 λαμὸά-

319 5733 371 5767 ι’
402 5726 576 5786 Psal.
617 5737 810 5789 cum,
839 5721 926 5777 89.
1004 5721 1049 5755 υ
1075 5719 1218 5776 Psai.
1251 5735 1424 5788 um,
1453 5717 1506 5773 6.
1583 5717 1627 5752 ⁶⁰
1679 5713 1825 5772 Psai.

1957 5730 1999 5784 ι,
2031 5713 2120 5770 30.
2202 5713 2242 5745 "
2276 5711 2401 5768 Job.
2439 5727 2640 5779 sunt,
2674 5711 2729 5766 ι.
