3942 6200
516 254 622 320 535

1777 279 1939 342 MAN
1950 280 2174 342 UELIS
2215 284 2525 348 CALECzE
3609 301 3694 364 536

515 382 574 428 ut
602 388 702 431 nos
750 390 968 446 quoque
1018 381 1285 453 tantisper
1335 383 1465 441 inde
1492 402 1559 443 eo
1602 394 1992 460 provehatunr,
2029 407 2073 449 ul

2192 413 2398 464 νουσιν,
2418 400 2505 453 ἵνα
2534 400 2629 454 καὶ
2656 400 2819 470 ἡμεῖς
2849 400 3088 473 μετρίως
3109 403 3173 457 ἐκ
3202 403 3395 459 τούτων
3426 411 3498 473 είς
3523 412 3695 471 ἔννοιαν

476 490 484 511 ι
516 479 777 534 personas
801 467 855 521 in
886 467 994 523 Deo
1025 470 1173 539 ipsas
1196 475 1417 544 prolirie
1449 493 1514 533 ac
1545 494 1640 549 per
1670 497 1729 539 se
1759 485 2081 551 subsistere,

512 558 937 627 proprietatibus
970 561 1546 634 incommunicabiles,
1600 588 1666 628 ac
1714 574 1856 629 inter
1896 592 1956 632 se
1996 578 2084 632 in-

510 647 861 714 separabiles,
898 648 1312 720 intelligamus;
1343 665 1510 727 utque
1551 661 1681 716 item
1726 643 2080 723 cum‘inﬁde-

505 737 639 792 lium
670 739 939 809 quispiam
987 749 1351 815 accttsaverit,
1380 750 1492 807 Cur
1538 770 1706 810 unum
1758 757 1925 814 Deum
1980 761 2081 815 tria

505 829 757 887 dicamus
787 847 850 888 ac
876 835 975 890 tria
1004 852 1197 905 unum,
1231 843 1505 906 possimus
1533 849 1695 903 etiam
1721 854 1988 924 exemplis
2013 871 2082 911 ex

504 920 748 977 humano
782 940 886 980 usu
913 927 1256 996 petitishuic
1306 934 1397 988 tali
1435 950 1499 991 os
1528 940 1840 1006 occludere,
1887 920 2079 1001 osten-

501 1012 692 1068 dentes
717 1030 785 1069 ne
812 1014 867 1069 in
901 1017 1063 1074 rebus
1103 1022 1247 1097 ipsis
1268 1024 1410 1080 istud
1441 1026 1654 1095 deesse,
1681 1034 1929 1100 quamvis
1959 1050 2080 1090 om-

501 1105 637 1160 nino
662 1107 919 1163 deliciant
957 1123 1021 1165 ac
1046 1127 1208 1181 quam
1245 1115 1562 1186 longissime
1593 1120 1776 1176 absint
1808 1125 1877 1179 ab
1906 1141 1994 1187 eo.
2021 1135 2083 1181 ut

466 1201 613 1252 ’tum
646 1199 903 1256 unionem
943 1211 1057 1257 tum
1085 1204 1517 1275 distinctionem,
1556 1225 1680 1279 quae
1722 1223 1806 1268 est
1839 1214 1892 1269 in
1939 1215 2081 1271 divi-

496 1289 606 1356 nis,
635 1293 771 1347 satis
799 1293 1118 1351 exhibeant.
1149 1296 1436 1364 Quomodo
1469 1303 1613 1356 enim
1645 1319 1768 1375 quae
1789 1320 1945 1361 serva
1972 1308 2082 1364 sint

395 1406 413 1426 ι
498 1388 665 1452 atque
697 1385 953 1453 subdita,
994 1386 1225 1446 Domino
1272 1408 1336 1447 ac
1400 1406 1665 1451 creatura:
1694 1396 1964 1467 Creatori,
2002 1402 2082 1456 vi-

495 1473 613 1528 deri
648 1478 860 1543 possint
892 1477 1317 1548 perfectionibus
1340 1485 1539 1554 paria?
1585 1485 1790 1544 ldcirco
1827 1508 1935 1547 non
1965 1508 2083 1548 om-

498 1580 595 1620 nes
635 1569 995 1638 proprietates
1018 1588 1207 1628 earum
1237 1591 1445 1641 rerum,
1484 1594 1620 1648 quas
1648 1584 1899 1652 exempla
1938 1600 2077 1641 enuo

494 1661 761 1714 merando
791 1663 1100 1732 attulimus,
1129 1666 1183 1720 in
1213 1666 1325 1723 Deo
1369 1672 1743 1740 assumimus;
1775 1677 1870 1731 sed
1886 1694 2077 1746 quau-

494 1756 608 1803 tum
635 1748 689 1803 in
716 1749 797 1805 eis
822 1760 926 1819 est,
954 1755 1098 1824 quod
1126 1758 1581 1815 necessitudinem
1608 1778 1732 1818 cum
1757 1780 1824 1821 eo
1855 1766 2071 1834 habeat,

496 1840 644 1908 quod
666 1842 746 1899 sic
769 1844 915 1899 velut
940 1845 1237 1903 simulacro
1259 1864 1323 1904 ac
1346 1850 1588 1921 imagine
1610 1867 2071 1925 reprmsentatur:

494 1930 577 1988 sic
608 1934 893 1999 nimirum,
928 1945 987 1992 ut
1024 1954 1089 1994 ex
1125 1940 1235 1995 alio
1270 1943 1417 2011 quod
1448 1942 1608 2000 Pater
1635 1956 1690 2003 et
1721 1947 1890 2007 Filius
1927 1952 2075 2008 inse-

496 2026 766 2096 parabiles
799 2027 947 2095 sint;
984 2045 1051 2086 ex
1080 2031 1213 2097 alio,
1255 2034 1401 2104 quod
1437 2036 1636 2091 divinae
1665 2055 1912 2110 personal.
1943 2059 2076 2100 con-

492 2119 883 2177 substantiales
915 2131 1079 2193 atque
1108 2125 1436 2195 conjunctae,
1470 2129 1815 2202 habeantque
1838 2136 1985 2191 inter
2014 2153 2073 2193 se

490 2210 762 2277 ordinem,
811 2228 875 2268 ac
908 2229 1017 2270 una
1054 2231 1244 2271 earum
1296 2219 1536 2287 potentia
1580 2222 1650 2276 sit
1694 2232 1749 2277 ει
1793 2226 2070 2295 operatio:

492 2302 752 2375 aliudque
781 2320 847 2360 ex
877 2306 984 2361 alio
1020 2308 1321 2364 habeamus
1349 2327 1364 2376 ;
1405 2311 1691 2368 intervalla
1723 2330 1853 2370 vero
1885 2328 1939 2373 et
1974 2319 2073 2373 de-

490 2393 759 2451 ﬂuxioues
786 2412 851 2451 ac
877 2400 1310 2469 compositiones
1354 2404 1750 2475 transitusque,
1785 2422 1849 2463 ac
1887 2410 1931 2464 si
1964 2426 2072 2480 qua

489 2486 701 2558 reliqua
745 2499 945 2543 nostra:
980 2490 1297 2562 indigentiae
1339 2503 1493 2561 sunt,
1540 2496 1609 2551 iis
1644 2498 1862 2554 demum
1908 2485 2073 2558 rebus

488 2593 613 2649 qua:
646 2581 905 2635 oriuntur
933 2591 988 2637 et
1025 2582 1300 2639 intereunt
1349 2588 1745 2658 projiciamus;
1796 2593 1874 2647 uti
1905 2594 2071 2650 etiam

493 2673 573 2729 ait
614 2672 911 2745 Gregorius
944 2676 1294 2749 Theologus:
1326 2698 1345 2731 ι
1371 2678 1515 2737 Nihil
1550 2690 1635 2738 est
1677 2684 1730 2738 iu
1761 2700 1868 2755 quo
1916 2702 2072 2744 mens

489 2784 611 2825 mea
640 2770 867 2841 gradum
902 2772 1067 2841 [igere
1105 2783 1289 2844 queat,
1322 2774 1475 2842 dum,
1510 2777 1658 2846 quod
1688 2778 1982 2850 imaginor,
2015 2783 2070 2837 in

490 2862 759 2934 exemplis
772 2865 1062 2923 considero
1087 2886 1102 2923 :
1122 2868 1227 2925 nisi
1255 2869 1395 2925 forte
1410 2871 1536 2940 quis
1554 2888 1616 2926 ea
1634 2874 1800 2929 animi
1822 2878 2075 2946 aequitate

2189 490 2437 561 ἔλθωμεν
2467 491 2562 545 τοῦ
2607 492 2991 547 ἰδιοῦπόστατα
3025 491 3168 550 εἶναι
3215 497 3282 551 τὰ
3327 497 3382 551 ὲν
3432 505 3492 572 τῇ
3542 506 3700 577 Τριάδι

2188 581 2308 635 θεῖα
2341 583 2634 654 πρόσωπα,
2663 587 2788 647 ταῖς
2818 585 3079 667 ἰδιότησιν
3114 588 3445 660 ἀκοινώνητα
3479 599 3561 649 καὶ
3585 601 3698 669 ἀχώ-

2189 692 2351 744 ριστα
2379 676 2653 747 ἀλλήλων·
2690 679 2784 730 καὶ
2811 666 2898 731 ἴνα
2930 679 3067 733 ὅταν
3096 698 3179 744 τις
3224 682 3329 735 τῶν
3355 685 3577 741 ἀπίστων
3596 666 3704 760 ημῖν

2186 767 2421 840 ἐγκαλῇ,
2458 770 2576 832 πῶς
2604 770 2698 824 τὸν
2731 770 2830 824 ἕνα
2858 770 2993 824 Θεὸν
3017 770 3143 841 τρία
3168 772 3390 844 λέγομεν
3414 776 3500 829 καί
3519 777 3579 830 τὰ
3602 780 3705 850 τρία

2186 863 2266 926 ἓν,
2294 863 2511 933 ἔχωμεν
2546 861 2639 915 καὶ⁵
2695 861 2805 917 ἀπὸ
2852 863 2962 915 τῶν
3018 863 3143 917 καθ’
3172 864 3316 932 ἡμᾶς
3363 865 3450 918 τὸν
3503 868 3709 924 τοιοῦτον

2187 952 2509 1022 ἑπιστομίζε
2520 971 2588 1016 ιν,
2613 952 2921 1017 δεικνύντες
2943 954 3026 1008 δτι
3042 954 3161 1008 οὐδὲ
3183 955 3238 1007 ὲν
3260 958 3367 1018 τοῖς
3380 956 3518 1010 οῦσιν
3546 960 3711 1015 ἄπεστι

2184 1046 2362 1113 τοῦτο,
2405 1048 2454 1099 εί
2500 1048 2595 1099 καὶ
2626 1049 2981 1100 παντάπασιν
3029 1048 3324 1101 ἀποδέουσι
3351 1049 3443 1101 καὶ
3468 1049 3714 1104 λείπονται

2184 1138 2324 1209 πρὸς
2348 1139 2408 1191 τδ
2436 1139 2609 1205 δεῖξαι
2646 1139 2746 1208 τὴν
2792 1140 2889 1194 ἐπὶ
2934 1140 3072 1193 Θεοῦ
3102 1139 3298 1193 ἕνωσίν
3327 1158 3386 1194 τε
3420 1142 3509 1194 καὶ
3533 1143 3716 1212 διάκρι·

2187 1247 2291 1297 σιν,
2318 1231 2444 1290 Πῶς
2474 1232 2583 1302 γὰρ
2613 1230 2682 1283 τὰ
2711 1229 2875 1283 δοῦλα
2910 1231 3008 1284 καὶ⁵
3052 1230 3343 1301 ὑποχείρια
3379 1230 3454 1300 τῷ
3482 1232 3716 1303 Δεσπότῃ,

2183 1325 2281 1374 καὶ
2326 1320 2405 1390 τῷ
2434 1320 2758 1391 δημιουργῷ
2808 1319 2876 1373 τὰ
2913 1320 3382 1399 δημιουργήματα
3427 1322 3719 1391 φανήσονται

2181 1414 2304 1474 ταῖς
2328 1411 2665 1480 τελειότησιν
2717 1410 2808 1463 ἶσα
2833 1427 2847 1475 ;
2884 1410 2993 1475 Ara
3014 1410 3173 1464 τοῦτο
3202 1412 3265 1463 οὐ
3306 1412 3476 1465 πάντα
3503 1411 3567 1465 τὰ
3595 1412 3719 1465 ἰδιῶ-

2184 1519 2332 1567 ματα
2384 1502 2495 1555 τῶν
2539 1502 2919 1574 προτεθέντων
2953 1503 3309 1573 λαμϐάνομεν
3346 1504 3437 1557 ἐπὶ
3469 1502 3556 1556 τοῦ
3584 1502 3720 1567 Θεοῦ,

2181 1593 2300 1647 ἀλλ’
2330 1595 2456 1649 ὅσον
2490 1595 2590 1664 μὲν
2632 1594 2779 1647 ἔστιν
2812 1596 2869 1649 ἐν
2914 1595 3126 1657 τούτοις
3180 1593 3487 1662 οἰκειότητα
3529 1593 3650 1664 πρὸς
3673 1595 3724 1645 τὸ

2181 1686 2586 1755 εἰκονιζόμενον
2632 1685 2778 1756 ἕχον,
2814 1686 3193 1756 λαμδόινομεν⁹
3235 1684 3332 1738 ἀπ’
3359 1684 3513 1738 ἄλλον
3545 1685 3635 1754 μὲν
3675 1683 3724 1736 τὺ

2181 1777 2487 1848 ἀχώριστον
2516 1778 2728 1849 [ἰατρὸς
2767 1781 2861 1833 καὶ
2892 1777 3045 1840 Υίοῦ,
3079 1777 3179 1830 ἀπ’
3205 1777 3369 1832 ἄλλου
3402 1776 3457 1829 δὲ
3479 1776 3537 1828 τδ
3560 1775 3725 1844 ὀμοοῦ-

2184 1888 2301 1925 σιον
2345 1870 2440 1924 καὶ
2487 1870 2548 1924 τὸ
2580 1871 2956 1941 συνημμένον,
3012 1872 3106 1925 καὶ
3142 1871 3206 1925 τὸ
3250 1872 3351 1941 τῆς
3382 1870 3516 1939 πρὸς
3549 1868 3726 1937 ἄλληλα

2180 1961 2388 2027 τάξεως
2410 1961 2520 2014 τῶν
2549 1960 2712 2015 θείων
2746 1960 3080 2031 προσώπων,
3110 1962 3208 2014 καὶ
3236 1960 3338 2031 τὴν
3372 1959 3498 2029 μίαν
3527 1957 3727 2025 δύναμιν

2181 2053 2279 2108 καὶ
2315 2053 2598 2122 ἐνέργειαν
2620 2067 2636 2082 ⁸
2669 2052 2763 2105 καὶ
2806 2052 2936 2106 ἄλλο
2982 2052 3043 2119 ἐξ
3073 2053 3240 2107 ἄλλου
3268 2069 3285 2085 ο
3335 2052 3662 2120 διαστήματα
3686 2048 3730 2101 δὲ

2182 2146 2278 2199 καὶ
2334 2143 2547 2215 ρεύσεις
2604 2146 2702 2199 καὶ
2760 2144 3043 2207 συνθέσεις
3090 2146 3189 2199 καὶ
3249 2142 3600 2215 μεταϐάσεις,
3653 2140 3733 2193 καὶ

2178 2237 2346 2293 τᾶλλα
2373 2239 2473 2290 ὅσα
2499 2237 2599 2307 τῆς
2626 2236 2749 2290 καθ’
2779 2238 2811 2308 ἠ
2822 2238 2928 2306 μᾶς
2952 2238 3165 2301 ἐνδείας
3193 2240 3335 2300 εἰσὶ,
3366 2237 3479 2299 τοῖς
3510 2236 3565 2288 ὲν
3604 2233 3736 2301 γενέ-

2181 2352 2263 2389 σει
2297 2335 2393 2388 καὶ⁸
2429 2334 2608 2407 φθορᾷ
2638 2334 3079 2406 ἀπορρίπτομεν,
3111 2334 3262 2389 καθά
3290 2349 3426 2404 φησι
3456 2333 3546 2385 καὶ
3572 2330 3596 2381 ό
3618 2329 3733 2382 Θεο-

2179 2429 2334 2496 λόγος
2390 2429 2693 2498 Γρηγόριος
2724 2428 2877 2497 (54),·
2901 2448 2919 2480 t
2955 2429 3079 2481 Ὀτι
3116 2428 3278 2482 οὐδέν
3313 2428 3461 2481 ἔστιν
3487 2427 3513 2478 ὅ
3543 2441 3625 2493 μοι
3653 2422 3736 2491 τὴν

2178 2521 2430 2574 διάνοιαν,
2484 2521 2700 2592 ἵστησιν
2731 2521 2824 2573 ἐπὶ
2855 2520 2964 2575 τῶν
2999 2523 3428 2592 ὑποδειγμάτων
3465 2516 3727 2587 θεωροῦντι

2178 2614 2241 2668 τὸ
2268 2613 2700 2683 φανταζόμενον·
2730 2612 2872 2682 πλὴν
2896 2615 2948 2667 εί
2967 2631 3052 2676 τις
3077 2613 3139 2668 ἓν
3166 2632 3222 2667 τι
3238 2611 3426 2667 λαϐὼν
3452 2610 3543 2664 ὑπ’
3565 2610 3763 2689 εὐγνωι-

2185 2705 2447 2777 μοσύνης,
2477 2706 2547 2757 τὰ
2574 2703 2738 2757 λοιπὰ
2768 2703 3000 2775 ῥίψειεν.
3041 2723 3059 2756 ι
3093 2705 3210 2758 Καὶ
3244 2705 3355 2795 γᾲρ
3383 2702 3477 2795 καὶ
3502 2700 3559 2795 τδ
3586 2694 3740 2795 «apd:

2178 2797 2381 2867 δειγμα
2436 2795 2715 2866 πανταχοῦ
2749 2794 2999 2877 κατάιτι
3056 2796 3157 2865 μὲν
3213 2794 3475 2865 ἀνόμοιόν
3528 2793 3634 2844 ἔστι
3674 2793 3740 2854 τῷ

2180 2888 2592 2958 είκονιζομένῳ,
2627 2886 2771 2941 κατά
2802 2906 2856 2942 τι
2898 2886 2955 2959 δὲ
3004 2886 3221 2957 ὅμοιον.
3258 2887 3322 2939 Et
3360 2886 3459 2956 μὲν
3487 2882 3590 2951 γὰρ
3619 2878 3741 2959 κατα

489 2954 585 3019 sit,
604 2962 666 3010 ιιι
687 2970 811 3012 cum
835 2972 1003 3014 unum
1032 2959 1162 3029 quid
1188 2976 1253 3016 ex
1277 2965 1554 3033 proposita
1586 2965 1823 3036 imagine
1849 2984 2073 3040 accepe-

2181 2954 2692 3052 πάντα-ὁμοιοῦται,
2719 2980 2821 3034 οὐκ
2868 2954 2985 3033 ἔστι
3032 2954 3403 3048 παράδειγμα
3440 2973 3656 3034 ἐκείνου.
3690 2957 3743 3021 οὗ

384 3058 387 3061 ‘
488 3045 586 3112 rit,
630 3047 836 3118 reliqua
868 3049 1144 3121 projiciat.
1176 3070 1195 3104 ι
1227 3051 1365 3107 Nam
1414 3064 1469 3110 et
1514 3059 1825 3128 exemplum
1875 3062 2073 3131 ubique

2184 3074 2370 3143 ἄκρως
2399 3045 2707 3144 δμοιοῦται,
2736 3073 2832 3127 καὶ
2851 3070 3048 3127 ταυτόν
3074 3045 3195 3123 ἐστι
3226 3045 3432 3138 πάντη·
3461 3064 3583 3119 εἰδὲ
3606 3061 3746 3116 πάλιν

490 3140 692 3209 partim
720 3138 989 3197 dissimile
1021 3150 1106 3197 est
1149 3143 1226 3198 rei
1260 3160 1423 3215 quant
1473 3160 1852 3219 repraesentat,
1878 3154 2072 3222 partim

493 3228 570 3257 ms
606 3229 781 3257 .2.“H.-
834 3230 888 3257 αι
923 3232 1065 3257 and...
1112 3232 1164 3257 ξ..
1217 3236 1464 3257 -..,-.ει.---
1511 3239 1580 3257 -2,
1618 3239 1650 3257 σι
1773 3252 1784 3257 -
1966 3247 1979 3257 .

2181 3165 2239 3219 ὲν
2263 3138 2447 3220 οὐδενί
2475 3165 2574 3237 τὴν
2604 3164 2901 3235 ὁμοιότητα
2932 3162 3068 3233 ἔχει,
3097 3162 3211 3215 οὐδ’
3245 3162 3392 3215 οὕτω
3425 3156 3748 3257 napi-.5637?“

490 3228 573 3284 illi
605 3229 802 3286 simile.
832 3230 892 3287 Si
920 3232 1068 3289 enim
1111 3232 1169 3289 in
1212 3236 1470 3293 omnibus
1506 3239 1685 3296 simile
1707 3252 1810 3309 est,
1838 3260 1940 3300 non
1963 3247 2073 3317 jam

2182 3257 2280 3310 καὶ
2314 3255 2480 3310 εἰκὼν
2514 3228 2693 3310 ἐσται.
2742 3228 3376 3325 Τὸνγὰρηπαράδειγμα
3410 3249 3503 3303 καὶ
3548 3248 3578 3314 ὴ
3606 3242 3750 3296 εἰκὼν

487 3314 797 3393 exemplum
856 3334 942 3382 est
997 3326 1119 3397 ejus
1167 3328 1273 3395 rei,
1335 3329 1497 3400 cujus
1534 3346 1805 3390 summam
1857 3314 2073 3407 praefert

2181 3346 2275 3399 ἐπὶ
2318 3346 2429 3399 τῶν
2455 3345 2579 3399 καθ’
2606 3347 2758 3417 ἡμᾶς
2786 3314 3056 3415 ὁμοίωσίν
3083 3314 3217 3399 τινα
3243 3314 3392 3397 κατά
3427 3359 3482 3394 τι
3510 3336 3603 3393 τοῦ
3627 3336 3751 3389 chro-

487 3417 923 3484 similitudinem,
944 3420 1039 3475 sed
1084 3421 1225 3475 idem
1247 3437 1489 3509 prorsus
1507 3440 1574 3479 ac
1593 3426 1685 3481 illa
1703 3436 1809 3483 est.
1833 3429 1929 3483 Sin
1948 3446 2073 3486 vero

2181 3436 2464 3505 νιζομένου
2524 3437 2774 3508 βούλεται
2806 3437 2977 3507 ἔχειν.
2998 3438 3144 3523 ζΕφ*
3175 3438 3345 3509 ἡμῶν
3379 3435 3558 3506 μέντοι
3581 3427 3751 3523 οὕτως’

489 3520 685 3563 rursus
709 3509 765 3565 in
792 3511 945 3567 nullo
981 3511 1143 3568 habet
1170 3494 1612 3584 similitudinem,
1644 3534 1713 3575 ne
1742 3521 1823 3575 sic
1854 3523 2073 3590 quidem

2181 3494 2271 3580 Earl.
2292 3494 2350 3581 δὲ
2375 3530 2487 3583 τῶν
2513 3494 2676 3584 θείων
2705 3494 3038 3600 «poemata;
3053 3494 3249 3592 δ’γιὲξ
3273 3494 3442 3582 εἰκων
3462 3517 3755 3619 τοῦίῐαῖρδξ

486 3601 799 3672 exemplum
839 3618 903 3660 ac
950 3603 1131 3677 imago
1170 3606 1412 3662 futurum
1459 3621 1565 3664 est.
1614 3610 1730 3666 Usu
1770 3613 1917 3667 enim
1972 3614 2073 3667 hu-

2181 3617 2475 3690 λεγόμενος
2504 3621 2647 3676 κατᾶ
2675 3622 2859 3675 πάντα
2883 3623 2911 3675 ὀ
2942 3620 3108 3684 αὐτός
3136 3622 3297 3676 ἐστιν
3331 3618 3504 3688 αὐτῷ,
3525 3616 3581 3682 ἐξ
3608 3608 3756 3666 αὑτοῦ

488 3704 676 3754 tnano.
709 3694 1019 3765 exemplum
1070 3696 1493 3754 similitudinem
1547 3701 1861 3768 quamdam,
1914 3702 2073 3773 idque

2181 3709 2253 3763 ὢν
2289 3712 2568 3777 οὐσιωδῶς
2629 3713 2728 3768 καὶ
2759 3712 3177 3778 ἑνυποστὰτως,
3214 3712 3318 3765 καὶ
3351 3712 3545 3782 πόρρω
3573 3702 3755 3765 παντδς

490 3796 560 3834 ex
588 3791 767 3852 parte,
793 3799 919 3839 cum
950 3801 1016 3842 eo
1042 3787 1191 3857 quod
1223 3788 1464 3858 imagine
1491 3801 1942 3859 representatur,
1978 3795 2073 3849 ha-

2181 3802 2621 3877 συμόεσηκότος,
3298 3846 3305 3851 -

484 3872 600 3926 bet.
634 3871 735 3942 .Sic
786 3883 967 3930 tamen
1013 3876 1069 3930 in
1117 3876 1279 3932 nobis
1312 3892 1377 3933 ac
1406 3893 1505 3948 pro
1540 3881 1779 3936 humano
1810 3899 1953 3950 usu;
2003 3885 2057 3939 in
2099 3871 2299 3947 divinis
2352 3871 2534 3950 autem
2585 3896 2859 3966 personis,
2914 3894 3115 3963 Filius,
3175 3898 3277 3969 qui
3361 3895 3540 3951 Patris
3600 3891 3757 3988 imago

494 3965 733 4032 dicatur,
771 3981 868 4035 per
923 3969 1109 4023 omnia
1161 3968 1237 4023 iiii
1274 3970 1474 4029 similis
1525 3981 1630 4041 est,
1672 3974 1765 4045 qui
1825 3991 1891 4033 ex
1949 3978 2044 4035 illo
2079 3983 2528 4056 substantialiter,
2579 4003 2815 4061 veraque
2866 4003 2932 4045 ac
2979 4005 3077 4061 per
3126 3965 3588 4049 seexsistemia.
3628 3978 3759 4039 omni

490 4061 685 4130 procul
709 4072 920 4117 semoto
947 4063 1249 4129 accidente,
1283 4066 1377 4123 sit.
2102 4066 2107 4073 ’
3392 4164 3395 4167 ,
3508 4101 3515 4106 ’

564 4154 804 4209 Sanctus
832 4162 1016 4210 autem
1043 4154 1405 4235 Augustinus,
1446 4175 1607 4231 quem
1632 4172 1688 4219 et
1721 4176 1914 4236 quarta
1963 4178 2067 4224 ter-

2255 4172 2319 4225 Ὀ
2351 4171 2409 4225 δὲ
2446 4172 2602 4240 ἆγιος
2628 4172 3014 4241 Αὐγουστῖνος,
3041 4172 3101 4227 δν
3146 4174 3183 4245 ἡ
3210 4175 3257 4229 δ’
3302 4164 3403 4246 [γ’]
3431 4169 3641 4229 σύνοδος
3670 4162 3754 4216 καὶ

489 4248 568 4303 tia
593 4248 834 4319 synodus
868 4250 1429 4318 praecellentissimum
1465 4255 1723 4314 Ecclesiae
1748 4262 2064 4333 magistrum

2181 4265 2495 4320 διδάσκαλον
2528 4265 2865 4337 ὲξοχώτατον
2912 4267 3014 4337 τῆς
3060 4266 3410 4338 Ἐκκλησίας
3450 4260 3755 4333 προσεῖπεν.

491 4338 807 4409 appellavit,
861 4354 970 4395 non
1000 4356 1309 4398 sermonem
1336 4344 1430 4415 qui
1452 4361 1547 4401 ore
1568 4349 1869 4419 profertur,
1897 4353 1949 4406 in
1980 4354 2067 4409 di-

2181 4360 2233 4411 οῦ
2262 4360 2356 4413 τὸν
2389 4360 2728 4432 προφορικδν
2754 4360 2912 4428 λόγον
2941 4361 3023 4423 είς
3049 4359 3245 4413 είκόνα
3279 4359 3380 4413 τοῦ
3416 4358 3564 4411 θείου
3601 4350 3762 4416 Λόγου

490 4432 603 4488 vini
634 4433 797 4488 Verbi
835 4434 1125 4504 imaginem
1164 4438 1417 4503 assumit,
1447 4442 1543 4495 sed
1574 4442 1668 4511 qui
1703 4444 1849 4499 intus
1879 4447 2063 4502 animo

2181 4448 2465 4518 λαμδάνει,
2512 4449 2649 4505 ἀλλὰ
2712 4450 2804 4503 τὸν
2854 4432 2926 4503 ’ἐν
2977 4453 3045 4519 τῇ
3100 4448 3257 4520 ψυχῇ
3311 4436 3756 4546 ἐνδιάθετον..κῄ

490 4526 765 4597 repositus
786 4535 870 4583 est
895 4544 910 4594 ;
942 4526 1177 4599 hincque
1203 4530 1340 4586 adeo
1370 4532 1635 4602 Spiritum
1667 4547 1945 4605 sanctum,
1978 4540 2064 4595 di-

2181 4539 2486 4604 ἀκολούθως
2514 4541 2576 4594 τὸ
2602 4539 2828 4610 Πνεῦμα
2854 4539 2915 4593 τὸ
2936 4540 3094 4607 ἆγιον
3127 4540 3371 4610 ἀγάπην
3401 4536 3561 4591 καλεῖ
3585 4550 3601 4565 ·
3653 4530 3764 4600 ἥτις

490 4620 780 4674 lectionem
806 4628 1004 4686 vocat;
1026 4636 1167 4691 quae,
1193 4620 1306 4678 sive
1327 4622 1570 4689 dilectio,
1595 4625 1711 4682 sive
1732 4643 1908 4695 amor,
1940 4647 2066 4700 pro.

2181 4633 2207 4704 ἢ
2244 4633 2493 4705 ἀγάπηῆ
2528 4634 2556 4687 δ
2579 4634 2724 4704 ἔρως
2746 4634 2846 4704 τῆς
2876 4632 3104 4701 λογικῆς
3136 4631 3372 4700 φύσεως
3413 4628 3617 4696 ἰδιότης
3640 4617 3763 4674 ἐστὶ.

489 4708 695 4777 prietas
722 4718 806 4763 est
835 4721 1043 4763 natura:
1070 4710 1273 4766 utentis
1295 4713 1525 4769 ratione.
1547 4715 1705 4769 Omni
1725 4717 1871 4772 enim
1899 4722 2067 4776 menti

490 4809 687 4854 natura
717 4801 980 4871 competit
1013 4801 1315 4861 voluntatis
1341 4804 1442 4870 vis,
1477 4814 1531 4860 et
1558 4815 1619 4861 ttt
1648 4808 1797 4863 velit.
1828 4808 2066 4867 Inclina-

489 4890 566 4947 tio
585 4889 733 4946 cnim
766 4905 833 4945 ac
860 4891 1076 4962 pondus
1098 4893 1151 4947 in
1185 4892 1237 4948 id
1267 4895 1409 4962 quod
1440 4898 1720 4966 proprium
1752 4910 1840 4956 est
1868 4916 2066 4957 secun-

487 4980 619 5047 dum
654 4990 933 5049 naturam,
971 4984 1230 5039 omnibus
1280 4984 1442 5041 rebus
1473 4986 1656 5043 inest:
1691 5006 1882 5046 verum
1908 4993 1962 5047 in
1998 4994 2066 5051 iis

486 5088 611 5142 qua:
638 5088 805 5130 sensu
835 5086 1045 5143 carent,
1072 5075 1204 5131 ἰηιιὰ
1238 5076 1415 5146 ipsum
1444 5079 1751 5135 secundum
1783 5092 2063 5150 naturam,

485 5164 775 5220 inclinatio
804 5174 1041 5220 vocatur
1067 5180 1131 5221 ac
1179 5167 1439 5236 pondus;
1475 5170 1782 5237 cujusmodi
1818 5171 1870 5225 iu
1923 5182 2065 5228 terra

484 5266 589 5320 est,
628 5258 786 5334 quod
837 5257 895 5312 in
943 5256 1179 5312 medium
1232 5259 1606 5328 pr0pendeat;
1656 5260 1709 5314 in
1745 5262 1871 5333 igne
1915 5278 2065 5334 vero,

488 5326 713 5406 sursum
740 5351 944 5406 tendat.
971 5349 1030 5405 in
1061 5350 1130 5407 iis
1163 5326 1300 5406 vero
1318 5326 1441 5420 quae
1470 5366 1635 5406 sensu
1666 5326 1890 5422 praedita
1914 5368 2063 5423 sunt,

486 5442 611 5511 ejus
649 5442 910 5513 appetitio
937 5441 1081 5512 quod
1121 5450 1207 5497 est
1234 5442 1516 5512 preprium
1549 5452 1603 5498 et
1634 5458 1703 5500 ex
1733 5456 1953 5504 natura.
2004 5448 2062 5505 ln

2176 4722 2349 4777 Παντὶ
2383 4725 2491 4794 γὰρ
2531 4724 2608 4795 νῷ
2643 4723 2806 4793 φύσει
2835 4724 3097 4793 πρόσεστι
3129 4722 3235 4775 καὶ
3267 4724 3304 4793 ἡ
3333 4708 3562 4789 θέλησις
3599 4712 3691 4768 καὶ
3715 4705 3769 4759 τδ

2180 4812 2381 4868 θέλειν.
2407 4815 2475 4867 Ἦ
2502 4814 2608 4883 γὰρ
2637 4815 2731 4867 ἐπὶ
2764 4817 2822 4866 τὸ
2857 4814 3059 4866 οἰκεῖον
3086 4813 3236 4866 κατὰ
3271 4812 3448 4881 φύσιν
3476 4807 3620 4902 ῥοπὴ
3644 4802 3765 4902 ﬁt?“

2178 4904 2491 4973 πρόσεστιν·
2529 4903 2647 4959 ἀλλ’
2678 4908 2735 4957 ἐν
2774 4906 2875 4973 μὲν
2905 4906 3020 4968 τοῖς
3045 4903 3425 4974 ἀναισθήτοις
3466 4897 3599 4955 αὐτὸ
3625 4897 3769 4948 τοῦτο

2177 4995 2321 5048 κατὰ
2348 4997 2511 5066 φύσιν
2539 4998 2791 5051 καλεῖται
2836 4998 3002 5067 ῥοπὴ,
3033 4990 3147 5049 οἷον
3175 4997 3291 5066 γῆς
3339 4996 3445 5065 μὲν
3479 4994 3574 5046 ἐπὶ
3596 4989 3654 5041 τὸ
3683 4984 3770 5054 μέ-

2179 5103 2292 5152 σον,
2334 5088 2509 5158 πυρὸς
2537 5088 2594 5141 δὲ
2636 5089 2728 5142 ἐπὶ
2750 5088 2813 5141 τὸ
2843 5087 2979 5141 ἄνω·
3010 5088 3068 5139 ἓν
3092 5085 3151 5138 δὲ
3177 5090 3306 5149 τοῖς
3340 5086 3568 5156 ἔχουσιν
3594 5075 3770 5145 αἰσθη-

2177 5194 2263 5231 σιν
2295 5178 2475 5249 ὄρεξις
2515 5179 2610 5234 τοῦ
2658 5180 2865 5232 οἰκείου
2904 5177 3174 5232 καὶκατὰ
3225 5178 3429 5246 φύσιν·
3469 5179 3529 5230 ἐν
3564 5173 3622 5265 δε
3667 5166 3771 5265 τοῖς

2175 5272 2381 5339 νοεροτς
2413 5272 2506 5325 καῖ
2526 5271 2767 5341 λογικοῖς
2793 5270 3015 5340 θέλησις
3045 5269 3082 5340 ἢ
3120 5268 3353 5340 ἀγάπη,
3399 5266 3545 5338 μετὰ
3566 5262 3665 5334 τὴν
3687 5262 3770 5310 τοῦ

2174 5361 2336 5430 λόγου
2372 5364 2554 5433 κρίσιν
2584 5364 2616 5434 ἢ
2661 5362 2974 5433 στέργουσα
3022 5360 3121 5413 καὶ
3146 5358 3446 5428 ἀγαπῶσα
3500 5357 3564 5410 τὸ
3597 5348 3767 5422 κριθὲν

2174 5454 2404 5521 ἀγαθὸν,
2436 5454 2471 5525 ἢ
2502 5454 2819 5509 τούναντίον
2855 5453 3156 5521 φεύγουσα.

483 5535 556 5591 iis
586 5546 770 5592 autem
793 5551 916 5607 qua:
938 5534 1247 5606 intelligunt
1274 5551 1340 5591 ac
1362 5534 1841 5611 ratioueutunttrr,
1909 5542 2167 5601 voluntas
2239 5562 2334 5602 seu
2380 5549 2638 5615 dilectio;
2671 5562 2794 5618 quae
2867 5556 2993 5617 post
3050 5543 3293 5601 rationis
3338 5543 3643 5617 judicium,
3692 5534 3768 5589 Vel

482 5629 846 5700 amputatur
871 5647 936 5687 ac
957 5630 1165 5700 diligat,
1205 5631 1350 5702 quod
1373 5632 1581 5703 judicio
1621 5634 1827 5693 bonum
1853 5637 2141 5707 probatum
2169 5649 2281 5707 est,
2318 5642 2400 5698 vel
2428 5642 2767 5699 contrarium
2802 5646 3046 5711 respuat.

559 5739 670 5819 (δι)
709 5744 860 5806 0.·ιιι.
889 5748 979 5802 57.
