3942 6200
295 266 401 329 537

1281 278 1379 338 DE
1417 277 1847 340 PRINCIPIIS
1888 278 2101 340 FlDEl
2140 282 2603 348 CATHOLIC/R.

3431 289 3538 355 538

357 377 576 447 Ταύτην
622 378 804 432 τοίνυν
852 381 952 451 τὴν
1001 381 1263 455 ἀγάπην,
1315 386 1415 456 τὴν
1467 388 1577 441 τῶν
1628 386 1870 455 λογικῶν

2044 396 2195 450 Hanc
2231 396 2417 465 itaque
2459 394 2830 461 dilectionem,
2861 410 2983 466 qua!
3012 396 3279 451 utentium
3331 398 3538 452 ratione

297 471 555 541 ίδιότητα,
585 470 755 540 φησιν
782 467 923 525 εἶναι
981 474 1077 526 καὶ
1123 477 1183 528 ὲν
1239 476 1318 544 τῷ
1369 477 1496 547 θείῳ
1540 478 1657 547 Νῷ.
1692 478 1863 550 Πόθεν

294 561 402 632 γάρ
436 562 667 616 ἄλλοθεν
695 556 765 629 ἦν
799 561 867 618 ἀν
896 564 954 617 ὲν
986 565 1120 635 ἡμῖν
1141 567 1204 618 τὸ
1236 566 1443 634 ἀγαθὸν
1472 568 1568 621 καὶ
1592 570 1626 637 ἡ
1660 568 1866 621 τελειό-

293 654 525 731 τηςημη
563 654 776 708 ἐκεῖθεν
806 656 1014 726 ἥκοντα
1050 657 1209 727 ἡμῖν,
1242 659 1300 715 ὲν
1324 651 1367 727 ᾧ
1393 660 1543 714 πᾶσα
1584 660 1865 730 τελειότης

297 744 482 808 ἁπλῶς
511 746 920 818 ὑπεριδρυμένη
956 750 1197 816 mimi;
1252 752 1413 805 Κατά
1438 752 1548 822 γὰρ
1577 752 1668 805 τὸν
1720 751 1866 805 θεῖον

296 839 573 896 Διονύσιον
628 842 767 912 (55).
825 844 883 896 αί
939 845 999 897 ἐν
1046 846 1162 907 τοῖς
1213 846 1480 909 αἰτιατοῖς
1527 847 1868 918 τελειότητες

293 931 476 1000 πολλῷ
504 932 776 1004 πρότερόν
809 934 951 988 είσιν
973 936 1033 989 ιν
1064 938 1180 1000 τοῖς
1211 937 1431 1000 αίτίοις.
1468 938 1590 992 Τῶν
1624 940 1726 1007 μὲν
1757 940 1867 1010 γὰρ

294 1022 353 1074 ὲν
382 1021 515 1092 ἡμῖν
544 1025 735 1077 κακῶν
774 1024 1200 1095 (ἀλαττωμάτων
1228 1026 1376 1093 λέγω
1410 1026 1507 1079 καὶ
1552 1026 1867 1099 ἐλλείψεων)

294 1112 522 1184 οὐδεμία
548 1112 702 1186 χώρα
729 1114 810 1187 τῷ
830 1116 973 1187 Θεῷ,
1004 1116 1116 1173 τῶν
1164 1117 1221 1171 δὲ
1250 1119 1310 1171 ὲν
1342 1120 1478 1188 ήμτν
1511 1119 1870 1190 τελειοτήτων

295 1206 391 1259 καὶ
426 1206 591 1261 πάνυ.
619 1207 829 1263 Αὐτίκα
861 1209 890 1261 δ
935 1211 1035 1280 τῆς
1064 1211 1287 1279 -σοφίας
1314 1212 1548 1281 όρισμδς
1604 1230 1624 1264 ι
1664 1212 1869 1280 γνῶσις

297 1299 459 1353 θείων
493 1302 589 1353 καὶ
616 1299 981 1371 ἀνθρωπίνων
1017 1302 1360 1373 πραγμάτων
1382 1304 1586 1360 ἐστίν.»
1629 1304 1717 1359 Ἐν
1735 1306 1871 1375 ἡμῖν

300 1392 402 1465 μέν
427 1410 512 1447 τοι
536 1394 741 1457 ἀτελῶς
773 1396 870 1449 καὶ
898 1396 1283 1465 μεταϐατικῶς
1316 1398 1351 1466 ἡ
1384 1397 1547 1465 σοφία
1579 1397 1869 1469 θεωρεῖται

299 1485 440 1540 κατά
469 1487 569 1557 τὴν
600 1485 830 1557 δύναμιν
855 1486 951 1541 τοῦ
981 1490 1251 1559 ἡμετέρου
1286 1488 1405 1543 νοῦο
1434 1490 1546 1544 ἀπὸ
1573 1490 1683 1561 γὰρ
1713 1489 1869 1544 τοῦδε

254 1613 265 1623 .
302 1579 393 1632 ἐπὶ
415 1578 536 1631 τόδε
569 1579 765 1649 χωρῶν
814 1579 1222 1649 μεταϐατικῶς,
1249 1582 1347 1635 καὶ
1375 1581 1477 1635 οὐκ
1520 1581 1741 1653 ἀθρόον,
1782 1582 1872 1636 διὰ

301 1666 406 1719 τῶν
450 1668 774 1738 προτάσεων
808 1669 905 1722 ιπὶ
948 1669 1010 1722 τὸ
1046 1671 1423 1741 συμπέρασμα
1458 1673 1704 1743 καταντᾷ
1732 1689 1746 1705 ο
1796 1672 1873 1742 τῷ

301 1758 357 1812 δι
381 1760 501 1831 Θεῷ
534 1761 598 1814 τὸ
632 1762 735 1831 μὶν
761 1761 965 1830 γνῶσιν
1004 1759 1148 1819 εἶναι
1181 1762 1344 1819 θείων
1373 1766 1469 1819 καὶ
1515 1764 1875 1837 ἀνθρωπίνων

307 1852 648 1922 πραγμάτων
698 1854 857 1908 τοῦτο
898 1856 997 1924 τῆς
1046 1855 1241 1923 σοφίας
1294 1856 1649 1925 ἀνατίθεμεν,
1696 1856 1877 1925 πολλῷ

313 1941 493 2009 μεῖξον
542 1944 639 1997 καὶ
671 1943 1144 2015 ὑπεροχικώτερον
1175 1948 1271 2000 καὶ
1312 1947 1640 2019 τελεώτερον
1669 1963 1685 1979 ⁸
1720 1949 1789 2002 τά
1818 1948 1875 2001 δὲ

312 2032 366 2085 ιν
390 2033 524 2103 ἡμῖν
548 2036 617 2104 τῇ
645 2034 810 2105 σοφία
842 2034 1209 2105 συμϐαίνοντα
1237 2038 1683 2110 ἀπορρίπτομεν.

376 2293 591 2365 Ὠσπερ
621 2292 717 2348 οὖν
749 2290 909 2361 αὖθις
957 2298 984 2350 ό
1029 2296 1164 2362 Θεὸς
1195 2299 1354 2352 οὐσία
1386 2301 1480 2353 καὶ
1510 2300 1628 2354 ἔστι
1664 2302 1760 2355 καὶ
1791 2301 1878 2354 λέ·

309 2403 464 2455 γεται
482 2400 502 2421 ο
531 2387 758 2458 λέγεται
792 2388 850 2442 δὶ
882 2390 975 2461 καὶ
1000 2390 1031 2444 ό
1056 2389 1366 2462 ἄνθρωπος,
1388 2395 1486 2447 καὶ
1515 2393 1748 2447 ἕκαστον
1772 2394 1878 2447 τῶν

308 2478 431 2532 καθ’
475 2478 643 2532 ἑαυτὸ
683 2477 1045 2549 ὑφεστώτων·
1089 2482 1188 2534 καὶ
1229 2482 1364 2553 ὅπερ
1403 2484 1504 2553 μὲν
1552 2485 1653 2554 τῆς
1686 2485 1881 2548 οὐσίας

307 2568 400 2622 καὶ
428 2568 522 2622 τοῦ
548 2569 673 2624 καθ’
705 2571 872 2625 ἑαυτὸ
897 2572 1235 2643 τελειότητος
1251 2573 1434 2644 ἔχεται
1453 2575 1635 2645 (τοῦτο
1650 2577 1705 2631 δέ
1732 2577 1882 2631 ἐστιν

306 2661 333 2712 ό
361 2661 491 2731 ὄρος
517 2661 715 2731 αὐτῆς,
746 2662 804 2726 ὃς
838 2664 955 2717 ἑστι
1004 2664 1242 2735 πρᾶγμα
1285 2665 1676 2738 αύθύπαρκτον
1714 2667 1883 2738 μηδε-

290 2748 397 2813 we;
430 2752 621 2821 ἑτέρου
656 2752 795 2823 πρὸς
854 2752 1118 2809 σύστασιν
1170 2756 1447 2827 δεόμενον)
1502 2758 1659 2810 τοῦτο
1695 2760 1880 2812 τοίνυν

305 2844 641 2914 ἀνατίθεμεν
678 2845 755 2915 τῷ
785 2844 957 2909 ὅντως
996 2846 1110 2900 ὄντι
1139 2847 1296 2920 Θεῷ*
1344 2848 1404 2902 τὸ
1437 2848 1495 2903 δὲ
1539 2850 1643 2903 ὑπὸ
1687 2852 1880 2921 χρόνον

306 2930 451 2990 εἶναι
475 2937 569 2992 καὶ
595 2937 882 2992 ἀλλοίωσιν
910 2940 1005 2992 καὶ
1030 2940 1262 3012 φθορὰν,
1285 2941 1430 3012 ἅπερ
1458 2942 1561 3011 τῆς
1588 2943 1647 2996 ἐν
1670 2944 1879 3010 γενέσει

1967 488 2270 557 proprietas
2301 487 2539 553 exsistit,
2556 487 2610 541 in
2629 487 2811 542 divina
2829 503 3050 558 quoque
3076 488 3252 543 Mente
3269 488 3534 544 exsistere

1965 579 2118 633 dicit.
2151 578 2305 643 Unde
2337 579 2481 633 enim
2518 578 2738 634 aliunde
2770 588 2914 634 esset
2953 580 3008 633 in
3040 580 3198 635 nobis
3234 580 3433 635 bonum
3469 594 3533 633 ac

1968 668 2251 739 perfectio,
2282 669 2388 726 nisi
2427 669 2496 725 ad
2530 684 2633 724 nos
2653 686 2719 725 ex
2749 670 2841 724 illo
2867 670 3099 733 veniret,
3130 671 3184 724 in
3215 685 3327 740 quo
3349 674 3530 724 omnis

1966 757 2228 829 perfectio
2251 742 2577 831 sim'pliciter
2593 760 2901 830 eximieque
2921 759 3242 828 intelligitur
3261 761 3535 816 residere?

1967 848 2041 903 Ut
2079 849 2220 903 enim
2254 860 2447 905 auctor
2486 860 2572 905 est
2608 851 2825 906 divinus
2866 851 3179 921 Dionysius,
3210 865 3331 919 quae
3357 850 3411 904 iu
3449 851 3532 905 ef-

1962 937 2128 995 fectis
2175 939 2537 1009 perfectiones
2571 953 2716 1003 sunt,
2746 943 2905 1012 longe
2957 942 3109 1011 prius
3157 940 3429 997 exsistunt
3475 941 3529 994 in

1968 1028 2171 1083 causis.
2201 1026 2464 1085 Malorum
2512 1032 2728 1100 quidem
2758 1049 2878 1101 quae
2908 1044 3032 1086 sunt
3072 1032 3124 1085 in
3161 1032 3318 1086 nobis
3343 1033 3362 1101 (
3386 1029 3538 1085 defe-

1970 1131 2154 1178 ctuum
2185 1122 2394 1178 scilicet
2420 1139 2485 1178 ac
2504 1123 2780 1192 vitiorum)
2805 1125 2857 1177 in
2890 1125 2999 1178 Deo
3028 1124 3208 1179 nullus
3233 1132 3315 1178 est
3341 1122 3494 1176 lorus
3519 1139 3534 1175 :

1968 1214 2363 1285 perfectionum
2418 1231 2546 1270 vero
2596 1216 2642 1271 si
2692 1231 2817 1285 qua!
2866 1215 3029 1269 nobis
3077 1222 3419 1283 competunt,
3452 1212 3537 1267 vel

1972 1306 2227 1361 maxime.
2255 1305 2520 1362 Nimirum
2544 1307 2833 1377 Sapientiae
2859 1306 3108 1361 definitio
3130 1315 3232 1368 est,
3270 1325 3288 1358 ι
3323 1305 3541 1359 Divina-

1972 1413 2094 1451 rum
2133 1400 2601 1467 liumanarumque
2638 1414 2816 1452 rerum
2838 1398 3130 1466 cognitio»
3150 1395 3274 1451 Haec
3295 1411 3457 1465 porro
3485 1396 3539 1449 in

1974 1488 2132 1542 nobis
2152 1488 2464 1557 imperfecte
2484 1496 2540 1542 et
2562 1503 2685 1542 cum
2703 1489 2953 1543 discursu
2977 1495 3236 1555 motuque
3262 1502 3327 1540 ex
3349 1501 3460 1540 uno
3483 1486 3537 1540 in
3618 1472 3623 1489 ’

1974 1580 2142 1645 aliud,
2175 1594 2272 1648 pro
2303 1578 2501 1634 mentis
2527 1589 2733 1634 nostra:
2764 1579 3039 1642 facultate,
3069 1577 3423 1646 conspicitur.
3458 1576 3541 1629 Ab

1978 1671 2080 1727 hoc
2098 1672 2243 1726 enim
2279 1670 2344 1725 ad
2378 1671 2507 1725 illud
2534 1671 2774 1739 procedit
2795 1686 2859 1725 ac
2882 1671 3102 1733 transit,
3128 1684 3229 1724 nec
3257 1668 3538 1723 confestim

1977 1778 2073 1834 per
2099 1763 2408 1832 praemissas
2429 1764 2495 1817 ad
2519 1762 2920 1817 conclusionem
2944 1761 3179 1816 devenit.
3208 1760 3314 1815 Deo
3337 1771 3542 1823 autem,

1977 1855 2042 1908 ad
2069 1854 2387 1923 sapientiam
2415 1855 2558 1922 quod
2586 1838 2800 1919 attinet,
2834 1869 3001 1907 unum
3044 1853 3147 1907 hcc
3189 1853 3540 1914 ascribimus,

1976 1946 2118 2014 quod
2137 1958 2219 2002 est
2241 1947 2550 2002 divinarum
2574 1947 3050 2015 humanarumque
3074 1959 3255 1999 rerum
3283 1943 3542 2013 ceguitio,

1976 2040 2137 2110 longe
2191 2054 2325 2094 sane
2384 2038 2557 2107 magis
2606 2037 3070 2105 excellentiusque
3120 2051 3181 2090 ac
3210 2034 3545 2104 perfectius;

1978 2145 2098 2198 qua:
2119 2144 2249 2185 vero
2280 2130 2331 2182 in
2384 2128 2542 2184 nobis
2583 2128 2865 2197 sapientiae
2893 2126 3171 2195 accidunt,
3211 2126 3325 2180 haec
3379 2127 3546 2196 proji-

1977 2222 2171 2276 cimus.

2047 2313 2513 2381 Quemadmodum
2538 2313 2700 2383 igitur
2725 2328 2916 2369 rursus
2941 2313 3083 2368 Deus
3104 2320 3159 2368 et
3188 2320 3268 2367 est
3292 2311 3548 2367 substan‘

1983 2407 2057 2460 tia
2094 2415 2148 2459 et
2170 2412 2553 2473 nuncupatur;
2593 2412 2938 2472 nuncupatur
2982 2419 3111 2458 vero
3163 2403 3323 2458 etiam
3358 2402 3548 2467 homo,

1978 2511 2043 2551 ac
2071 2495 2334 2567 quidquid
2365 2495 2417 2549 in
2450 2494 2610 2551 rebus
2637 2509 2729 2564 per
2762 2510 2821 2550 se
2849 2493 3122 2550 exsistens
3149 2504 3253 2548 est.
3276 2492 3548 2563 Quidquid

1980 2603 2111 2642 vero
2148 2585 2491 2648 substantiae,
2519 2599 2584 2639 ac
2613 2584 2734 2653 ejus
2762 2586 2904 2651 quod
2941 2592 3027 2638 est
3058 2597 3152 2651 per
3170 2598 3229 2637 se
3266 2597 3408 2645 esse,
3429 2597 3551 2652 per-

1981 2677 2232 2734 lectionis
2264 2684 2347 2732 est
2380 2674 2525 2745 (qua:
2558 2674 2820 2729 nimirum
2858 2674 2971 2741 ipsa
3016 2672 3137 2741 ejus
3166 2673 3417 2727 definitio
3444 2681 3548 2736 est,

1982 2787 2068 2827 res
2093 2769 2303 2825 scilicet
2325 2783 2421 2839 per
2443 2783 2504 2822 se
2522 2767 2817 2832 exsistens,
2841 2746 2961 2836 qdae
2993 2774 3050 2819 ut
3083 2766 3371 2830 consistat,
3402 2764 3553 2818 nullo

1981 2871 2242 2935 praeterea
2287 2859 2485 2931 egeat),
2522 2858 2625 2913 hoc
2665 2858 2853 2925 utique
2884 2860 2960 2922 ei,
3003 2857 3095 2926 qui
3126 2872 3253 2910 vere
3305 2865 3408 2921 est,
3446 2856 3553 2911 Deo

1981 2957 2298 3014 tribuimus.
2323 2955 2477 3022 Quod
2504 2964 2591 3010 est
2616 2968 2745 3008 vero
2772 2952 3068 3007 obnoxium
3094 2967 3215 3007 esse
3246 2951 3474 3021 tempori
3501 2962 3555 3005 et

310 3030 407 3083 καὶ
442 3030 622 3102 φθορᾷ
670 3030 803 3103 ὕλης
839 3032 1175 3087 καθεστᾶσιν
1235 3033 1368 3098 ίδια,
1411 3034 1690 3098 παντελῶς
1742 3035 1878 3088 Θεοῦ

1986 3048 2275 3106 mutationi
2309 3057 2365 3103 et
2393 3045 2753 3115 corruptioni,
2805 3058 2929 3113 qua:
2960 3052 3087 3108 sunt
3135 3043 3355 3111 prOpria
3386 3050 3555 3097 mate-

308 3123 657 3195 ἀφαιροῦμεν
676 3140 693 3157 ’
725 3126 989 3188 ὡσαύτως
1023 3128 1118 3179 καὶ
1147 3126 1241 3179 ἐπὶ
1275 3125 1612 3197 ἀγαθότητος
1639 3127 1753 3199 ἔχει
1785 3126 1881 3183 καὶ

311 3216 689 3286 δικαιοσύνης,
715 3217 811 3270 καὶ
844 3217 953 3270 τῶν
992 3217 1191 3274 ἄλλων.

385 3391 452 3447 El
475 3392 533 3447 δὲ
564 3393 724 3448 τοῦτο
750 3393 896 3463 λέγει
925 3414 1010 3461 τις
1037 3397 1139 3451 ούκ
1165 3397 1342 3469 ὀρθῶς
1373 3399 1543 3470 ἔχειν,
1572 3400 1758 3456 λοιπὸν
1780 3404 1881 3475 ἀρε

307 3484 534 3551 μόαειεν
566 3483 634 3539 ἂν
683 3488 826 3541 κατά
864 3486 958 3541 τὸν
1018 3489 1229 3543 ἐκείνου
1267 3490 1427 3559 λόγον
1480 3494 1621 3564 μήτε
1669 3494 1881 3562 οὐσίαν,

306 3580 451 3648 μήτε
490 3578 677 3649 σοφὸν,
710 3579 852 3650 μήτε
876 3580 1079 3649 ἀγαθὸν
1105 3581 1288 3651 λέγειν
1315 3580 1457 3638 εἶναι
1486 3584 1578 3639 τὸν
1603 3585 1757 3651 Θεὸν,
1793 3586 1881 3640 ἵνα

307 3672 385 3741 μὴ
420 3669 670 3741 δόξωμεν
715 3674 839 3736 ταῖς
893 3673 1267 3745 ἀνθρωπίναις
1304 3675 1397 3728 τὸν
1432 3677 1567 3729 Θεὸν
1603 3694 1881 3747 προσηγο-

304 3762 459 3831 ρίαις
492 3764 693 3833 τιμᾷνο
723 3764 861 3835 ὅπερ
890 3762 1114 3818 ἄτοπον.
1141 3767 1334 3822 Καίτοι
1360 3767 1560 3839 ἀληθὲς
1583 3770 1781 3834 εἰπεῖν,
1808 3770 1884 3832 ὡς

298 3856 598 3926 ἐλέγομεν,
630 3856 714 3909 δτι
743 3857 773 3909 ό
804 3855 937 3920 Θεδς
979 3854 1103 3910 οὕτε
1155 3856 1275 3927 φῶς
1309 3860 1474 3930 ,ἐστιν
1520 3856 1645 3911 οὔτε
1688 3859 1885 3924 σκότος

299 3950 444 4021 {36),
484 3949 611 4003 οὔτε
641 3948 739 4016 νὺξ
768 3947 895 4003 οὔτε
949 3952 1152 4021 ἡμέρα,
1187 3949 1312 4004 οὔτε
1341 3951 1461 4006 τόδε
1492 3952 1526 4023 ἢ
1560 3954 1716 4007 τόδε·
1767 3953 1887 4007 ἀλλ’

296 4043 398 4111 οὐχ
429 4040 515 4104 ὡς
538 4040 600 4094 ea
635 4042 869 4113 μηδαμῆ
905 4043 1174 4113 μηδαμῶς
1205 4041 1287 4107 ὃν,
1320 4043 1436 4095 ἀλλ’
1483 4045 1566 4098 ὅτι
1618 4046 1719 4100 οὐκ
1764 4047 1884 4099 ἐστι

298 4132 564 4187 τοιοῦτον
590 4127 705 4187 οἷον
740 4133 905 4203 ἡμεῖς
957 4133 1100 4186 κατὰ
1144 4133 1436 4203 διαφόρους
1484 4136 1730 4200 ἐπινοίας
1777 4139 1888 4192 ἀπὸ

295 4225 682 4297 διαφερόντων
698 4225 979 4295 ὀνομάτων
1003 4226 1361 4298 ὑπονοοῦμεν,
1379 4225 1648 4300 ἀλλ’ύπὲρ
1670 4230 1887 4286 ἅπαντα

296 4315 370 4368 τὰ
402 4315 547 4369 δντα
576 4314 924 4386 ἀσυγκρίτως
954 4314 1035 4370 όν.

366 4581 547 4641 Κατά
572 4582 667 4637 τδν
695 4582 865 4638 αὐτὸν
896 4582 1080 4637 τοίνυν
1107 4585 1330 4656 τρόπον,
1365 4588 1398 4656 ἡ
1442 4586 1632 4657 ἀγάπη
1669 4588 1892 4657 λέγεται

292 4679 402 4748 μὲν
438 4677 734 4740 ert-18:06,
770 4664 992 4746 λέγεται
1024 4678 1082 4731 δὲ
1120 4681 1215 4733 καὶ
1243 4680 1328 4749 ἐφ’
1364 4681 1522 4750 ἡμῶν
1552 4683 1672 4735 κατ’
1708 4682 1895 4736 εἰκόνα

291 4771 550 4824 ἐκείνου.
599 4769 742 4822 Ἀλλ’
765 4769 925 4841 ἡμῶν
958 4770 1058 4840 μὲν
1084 4770 1280 4824 ἄπεστι
1311 4771 1575 4835 πολλάκις
1607 4773 1807 4837 ἐκεῖνο,
1828 4765 1889 4825 οὗ

291 4860 361 4940 ἂν
390 4861 788 4932 ὲρασθείημεν
814 4876 828 4891 ·
883 4861 1149 4925 πολλάκις
1179 4862 1235 4915 δὲ
1278 4865 1371 4917 καὶ
1404 4864 1609 4931 φαῦλος
1640 4864 1781 4934 ἔρως
1830 4866 1889 4917 ἂν

292 4952 436 5018 ἡμῖν
475 4951 722 5018 γίνεται,
758 4950 950 5021 φαύλῳ
983 4952 1362 5022 προαγόμενος
1387 4948 1530 5023 λόγῳ
1551 4968 1566 4983 ο
1591 4952 1670 5021 τῷ
1695 4952 1751 5005 δὲ
1773 4952 1892 5023 Θεῷ

1992 3143 2107 3205 riae,
2134 3157 2255 3211 qua:
2290 3140 2406 3209 ipsa
2440 3147 2595 3192 orttts
2628 3152 2693 3191 ac
2726 3136 2979 3190 interitus
3005 3134 3436 3188 vicissitudinem
3473 3134 3557 3189 af-

1991 3233 2150 3296 ferat,
2178 3231 2404 3288 omnino
2435 3245 2463 3283 a
2505 3228 2614 3282 Deo
2647 3241 3014 3282 removemus.
3050 3225 3364 3293 Eodemque
3394 3227 3557 3282 modo

1991 3342 2052 3383 se
2070 3340 2155 3380 res
2178 3325 2231 3378 iu
2255 3321 2495 3391 bonitate
2525 3320 2804 3389 etjustitia
2824 3332 2886 3373 ac
2913 3316 3138 3386 reliquis
3170 3317 3353 3371 habet.

2069 3414 2165 3469 Sin
2198 3428 2326 3466 vero
2363 3410 2485 3479 quis
2520 3407 2572 3461 id
2607 3408 2753 3477 quod
2793 3407 3031 3463 dicimus
3084 3407 3376 3476 improbet,
3407 3422 3472 3463 ac
3501 3424 3562 3463 sc

1994 3511 2141 3558 recte
2170 3498 2369 3553 habere
2415 3504 2594 3564 neget,
2634 3495 2791 3563 plane
2823 3510 2887 3549 ex
2934 3493 3055 3563 ejus
3104 3495 3375 3549 sententia
3426 3510 3562 3550 eon-

1992 3597 2170 3658 gruat,
2201 3594 2261 3639 ut
2283 3584 2533 3639 dicamus
2560 3581 2729 3636 Deum
2760 3596 2935 3651 neque
2963 3579 3356 3648 substantiam,
3389 3599 3565 3653 neque

1993 3678 2317 3748 sapientem,
2343 3689 2519 3744 neque
2553 3674 2754 3727 bonum
2786 3688 2908 3727 esse
2934 3689 2948 3738 ;
2980 3688 3048 3743 ne
3070 3673 3282 3728 scilicet
3310 3674 3565 3730 humanis

1993 3766 2450 3837 appellationibus
2496 3763 2780 3818 videamur
2819 3764 2999 3833 ipsum
3056 3763 3372 3827 honorare;
3415 3764 3562 3834 quod

1992 3858 2293 3916 absurdum
2354 3866 2457 3913 est.
2489 3854 2811 3926 Quanquam
2871 3854 3016 3910 istud
3068 3870 3254 3910 verum
3287 3854 3439 3911 dictu
3479 3866 3566 3911 est

1994 3950 2163 4023 (quod
2187 3963 2380 4019 nempe
2411 3944 2749 4017 dicebamus)
2784 3948 2951 4003 Deum
2978 3960 3152 4017 neque
3172 3946 3351 4003 lucem
3384 3963 3566 4018 neque

1996 4043 2246 4098 tenebras
2274 4056 2438 4107 esse;
2479 4054 2579 4096 nec
2618 4048 2833 4094 noctem
2887 4053 2987 4094 nec
3021 4038 3191 4105 diem,
3241 4054 3422 4110 neque
3460 4040 3569 4095 hoc

1996 4132 2218 4198 illudve,
2265 4146 2377 4187 non
2417 4131 2563 4186 velut
2593 4129 2644 4185 id
2692 4128 2837 4200 quod
2870 4145 3147 4200 nusquam
3204 4145 3431 4200 prorsus
3460 4138 3568 4194 est,

1997 4222 2092 4278 sed
2120 4222 2250 4294 quia
2280 4238 2387 4278 non
2418 4221 2690 4291 ejusmodi
2720 4230 2825 4286 est,
2860 4221 3018 4291 quale
3055 4235 3152 4276 nos
3179 4236 3275 4290 per
3325 4222 3571 4276 diversos
3658 4288 3661 4289 ν

1997 4322 2296 4381 conceptus
2331 4328 2398 4367 ex
2434 4312 2668 4368 diversis
2715 4312 3032 4367 nominibus
3082 4320 3263 4367 mente
3302 4310 3566 4366 informa-

1998 4417 2120 4458 mus
2150 4418 2214 4457 ac
2242 4401 2623 4472 intelligimus;
2655 4402 2749 4455 sed
2800 4416 2965 4471 supra
2993 4416 3155 4456 omne
3191 4400 3453 4471 quidquid
3486 4410 3567 4456 est

1989 4496 2129 4552 citra
2151 4509 2368 4551 omnem
2392 4493 2852 4564 comparationem
2888 4493 3110 4547 eminet.

2060 4586 2263 4640 Eodem
2305 4586 2489 4655 itaque
2540 4584 2703 4639 modo
2764 4583 2965 4638 dicitur
2995 4582 3213 4653 quidem
3260 4585 3312 4639 in
3347 4583 3457 4640 Deo
3486 4584 3568 4639 di-
3684 4608 3691 4613 ·

1990 4678 2172 4742 lectio,
2208 4675 2412 4731 dicitur
2439 4690 2568 4732 vero
2595 4687 2648 4730 et
2682 4675 2737 4731 in
2785 4675 2943 4732 nobis
2980 4675 3044 4730 ad
3094 4676 3213 4745 ejus
3251 4677 3564 4748 imaginem.

1990 4770 2191 4824 Verum
2236 4768 2390 4822 abest
2435 4768 2758 4838 plerumque
2789 4781 2818 4822 a
2846 4766 3008 4821 nobis
3050 4767 3125 4831 id,
3183 4768 3343 4836 cujus
3380 4782 3567 4821 amore

1988 4859 2289 4928 allicimur;
2347 4874 2449 4915 nec
2481 4874 2608 4914 raro
2648 4859 2811 4914 etiam
2846 4859 2899 4913 in
2934 4858 3089 4913 nobis
3147 4874 3348 4929 pravus
3383 4874 3559 4921 amor,

1989 4967 2157 5024 prava
2212 4951 2379 5006 animi
2444 4952 2657 5007 ratione
2709 4959 2952 5020 parente,
3001 4950 3195 5005 oritur.
3237 4951 3343 5004 Deo
3384 4959 3567 5012 autem

288 5042 457 5096 οὐδὲν
488 5042 707 5110 ἀγαθὸν
740 5042 993 5107 ἄπεστιν,
1021 5035 1084 5095 οὗ
1116 5042 1182 5096 ἂν
1210 5043 1471 5115 ἐρασθείη
1504 5061 1518 5075 ⁸
1558 5045 1747 5116 διόπερ
1785 5046 1876 5098 οὐδ

1992 5047 2204 5101 nullum
2236 5044 2392 5100 abest
2442 5045 2671 5109 bonum,
2695 5045 3063 5114 quodcunque
3082 5043 3347 5099 amaverit
3374 5060 3388 5109 ;
3427 5043 3570 5097 unde

289 5134 494 5203 ἔφεσις
538 5132 629 5184 ἐπ’
653 5133 803 5201 αὐτῷ
830 5133 1056 5202 λέγεται
1080 5149 1096 5164 ’
1147 5135 1262 5188 ἀλλ’
1292 5136 1485 5206 ὥσπερ
1514 5136 1677 5199 αὐτὸς
1708 5138 1878 5209 ἑαυτῷ

2000 5118 2416 5209 neecupiditas,
2463 5152 2559 5193 seu
2594 5136 2949 5203 desiderium,
2979 5136 3045 5190 de
3074 5136 3167 5191 illo
3201 5135 3438 5201 dicitur;
3470 5134 3568 5189 sed

288 5226 415 5277 ἐστι
444 5224 669 5295 νοητὸν,
695 5225 816 5289 ὡςδ
842 5225 1205 5294 Δαμασκηνὸς
1228 5227 1415 5296 φησὶν,
1451 5242 1472 5278 ι
1522 5225 1582 5280 Ὀ
1616 5226 1748 5290 Θεὸς
1772 5230 1878 5280 νοεῖ

1999 5230 2142 5286 sicut
2168 5231 2284 5298 ipse
2312 5229 2415 5285 sibi
2439 5238 2523 5284 est
2553 5228 2701 5298 quod
2732 5227 3071 5298 intelligitur,
3099 5234 3158 5280 ut
3179 5226 3254 5281 ait
3282 5226 3569 5281 Domasceo

288 5316 498 5371 ἑαυτὸν
535 5316 604 5369 ἐκ
620 5316 722 5384 τῆς
756 5317 1035 5387 μακαρίας
1060 5317 1249 5381 οὐσίας
1288 5317 1478 5370 αὐτοῦ’
1528 5336 1548 5371 1
1579 5319 1647 5390 ἢν
1672 5318 1738 5388 δὴ
1765 5322 1878 5389 νόη·

1999 5336 2138 5375 nus:
2184 5319 2359 5374 «Deus
2390 5320 2505 5388 ipse
2531 5319 2765 5388 seipsum
2802 5334 2869 5373 ex
2892 5318 3048 5372 beata
3080 5304 3329 5372 essentia
3356 5331 3453 5371 sua
3484 5315 3569 5369 in-

289 5427 379 5462 σιν
412 5409 522 5462 καὶ
562 5407 882 5476 όΘεολόγος
934 5407 1238 5479 Γρηγόριος
1290 5408 1686 5480 αἰνιττόμενος,
1716 5428 1740 5467 ι
1786 5412 1878 5466 Κι-

1999 5414 2189 5481 telligit
2216 5429 2230 5478 ;
2266 5430 2284 5462 1
2314 5425 2477 5480 quam
2510 5410 2679 5478 ipsam
2713 5410 3138 5465 intellectionem
3178 5410 3412 5465 innuens
3443 5408 3575 5463 Grec

292 5500 522 5556 νεῖσθαι
575 5516 596 5549 1
629 5498 781 5569 λέγει
811 5518 831 5553 ι
869 5500 1063 5555 ἑαυτὸν
1089 5503 1155 5572 τῇ
1189 5502 1386 5565 ἑαυτοῦ
1418 5501 1643 5574 θεωρίᾳο
1680 5520 1699 5555 1
1737 5504 1829 5556 καὶ
1857 5504 1878 5557 ό

1994 5505 2184 5576 gorius
2203 5502 2515 5571 Theologus
2541 5541 2556 5568 ,
2592 5501 2827 5558 «Moveri
2855 5518 2980 5559 eum
3005 5502 3083 5559 ait
3124 5504 3177 5559 in
3208 5503 3412 5574 seipso,
3438 5516 3574 5557 con-

372 5682 499 5754 ('55)
532 5679 615 5738 De
640 5682 803 5740 divin.
831 5701 971 5742 nam.
1004 5699 1059 5742 c.
1088 5683 1141 5740 9.
1172 5684 1199 5756 5
1231 5684 1285 5741 6.
2060 5681 2171 5754 (56)
2198 5682 2274 5740 De
2288 5689 2446 5755 myst.
2481 5677 2659 5736 Thcol.
2684 5694 2714 5735 c
2773 5680 2821 5735 l.
