3942 6200
268 322 373 386 545

1244 280 1340 385 DE
1376 327 1803 389 PRINCIPIIS
1830 328 2042 389 FIDEI
2075 328 2551 403 CATIIOLIC/E.

3409 322 3517 409 ste

263 433 321 484 ἐν
348 428 427 499 τῷ
455 427 605 496 αῦτῷ
642 426 797 492 εἴδει,
826 430 924 493 καὶ
973 430 1032 484 ὲν
1059 430 1127 501 τῇ
1157 432 1294 505 αὐτῇ
1326 438 1531 506 μορφῇ,
1562 438 1591 491 ὃ
1614 437 1669 490 τί
1698 438 1831 491 ποτὲ

1942 449 2054 493 tur:
2095 442 2192 496 sed
2218 443 2334 501 haec
2358 463 2576 517 quoque
2600 450 2837 506 essentia
2888 467 2989 508 seu
3029 452 3357 519 substantia,
3382 471 3521 511 una«

263 523 414 574 ὲστιν
446 518 587 583 εἶδος
618 520 737 572 ἐκεῖ
768 523 861 573 καὶ
892 523 1099 591 μορφή.
1162 522 1256 577 Ἐκ
1310 524 1418 596 γὰρ
1470 526 1659 592 οὐσίας
1686 529 1838 582 οὐσία

1942 533 2183 602 queipsa
2218 550 2283 590 ac
2324 539 2510 592 eadem
2543 554 2665 593 cum
2716 541 2810 596 Dei
2846 558 2910 597 ac
2956 543 3132 599 Patris
3162 546 3423 608 essentia,
3460 545 3515 599 in

264 611 405 664 κατά
440 613 603 679 φύσιν
633 611 955 680 προάγεται,
989 613 1117 666 ὅταν
1145 613 1205 666 τὸ
1236 615 1437 683 ἑαυτῆς
1467 616 1619 680 τέλος
1642 620 1839 688 ἐνεργῇ

263 703 407 754 κατὰ
432 702 531 771 τὴν
563 704 770 755 οἰκείαν
805 702 989 770 φύσιν,
1018 706 1113 783 καὶ
1142 704 1206 757 τδ
1230 705 1384 773 αὐτὸ,
1414 707 1650 780 ιπεέπερ
1674 708 1731 762 ἓν
1755 711 1844 763 ἀεὶ

260 794 321 843 τὸ
346 792 548 846 οίκεϊον
578 792 730 852 τέλος
761 794 999 863 ἑκάστῳ.

1941 624 2131 677 eadem
2189 629 2371 695 specie
2420 631 2719 701 eademque
2767 633 2939 688 forma
2978 636 3266 705 (quidquid
3298 639 3514 692 tandem

1945 713 1999 765 in
2023 713 2130 771 Deo
2158 717 2369 784 species
2400 719 2473 774 sit
2498 735 2561 776 ac
2592 721 2786 792 forma)
2834 739 2956 779 esse
2996 726 3359 781 existimetur.
3435 726 3515 780 Ex

1944 804 2246 862 substantia
2280 808 2428 864 enim
2453 806 2549 866 seu
2582 814 2844 877 essentia,
2892 815 3192 871 substantia
3227 833 3291 872 ac
3324 832 3515 873 essen-

270 886 341 939 tia
386 886 715 941 naturaliter
735 888 1009 956 procedit,
1044 904 1169 944 cum
1195 890 1286 944 illa
1333 906 1434 961 pro
1463 906 1528 947 eo
1560 906 1624 947 ac
1648 892 1724 947 illi
1761 903 1962 951 natura
2031 910 2410 969 comparatum
2451 913 2555 969 est,
2603 920 2762 961 suum
2820 906 2980 962 linem
3032 909 3177 978 agit:
3237 909 3515 978 idemque,

262 980 531 1048 siquidem
557 994 702 1037 unus
736 996 954 1051 semper
983 983 1180 1054 cuique
1220 985 1343 1040 linis
1386 987 1640 1057 proprius
1683 990 1926 1046 essistit.

345 1073 508 1126 Ἃ).λά
544 1075 650 1145 μὴν
698 1076 733 1145 ἠ
784 1078 841 1130 ὲν
884 1077 1017 1147 ἡμῖν
1051 1078 1238 1150 ἀγάπη
1270 1079 1365 1133 καὶ
1394 1080 1422 1132 ό
1453 1079 1590 1148 ἔρως
1620 1080 1837 1145 διπλοῦς

262 1164 375 1216 ἔστι
397 1163 487 1217 διά
520 1166 619 1234 τὴν
644 1167 755 1218 τῶν
780 1167 1026 1237 ἐραστῶν
1056 1169 1324 1240 διαφορὰν
1348 1172 1441 1223 καὶ
1471 1172 1834 1243 ἀκαθαρσίαν.

264 1255 429 1307 Ὅθεν
466 1248 561 1309 διαὶ
591 1256 772 1326 φαύλη
806 1259 890 1326 ἔφ’
922 1258 1079 1327 ἡμῶν
1104 1260 1315 1327 γίνεται
1336 1262 1547 1333 ἀγάπη,
1576 1264 1707 1317 ὅταν
1736 1281 1839 1317 πα-

266 1350 425 1417 ρόντα
453 1350 766 1417 ἀγαπῶμεν
788 1350 858 1402 τά
892 1350 1113 1419 φαῦλα⁹
1167 1352 1263 1405 καὶ
1314 1353 1629 1423 ἀκάθαρτος
1673 1355 1836 1427 ἔρως,

262 1440 348 1491 ὅτε
375 1440 471 1491 καὶ
499 1441 527 1491 ὁ
555 1438 713 1507 λόγος
740 1440 899 1509 ἡμῶν
923 1441 1126 1509 φαῦλος
1154 1441 1212 1506 ἐξ
1240 1442 1486 1512 ἀνάγκης
1516 1443 1685 1496 ἐστίν.
1712 1444 1839 1497 Ἐπὶ

262 1530 315 1583 δὲ
347 1529 424 1599 τῷ
454 1528 573 1599 Θεῷ
605 1530 664 1583 ἓν
691 1532 839 1584 ἔστιν
877 1532 1130 1602 ἑραστὸν,
1168 1533 1331 1597 αὐτὸς
1361 1531 1562 1605 ἐαυτῷ,
1596 1536 1691 1588 καὶ
1719 1535 1840 1602 ἀγι-

262 1621 489 1686 ὠτατον,
525 1620 745 1674 πάντων
774 1622 945 1675 ὄντων
992 1622 1345 1694 ἀσυγκρίτως
1381 1624 1836 1696 ὐπερανῳκισμί-

262 1728 368 1766 νον.
399 1714 513 1766 Καὶ
542 1713 575 1783 ἡ
615 1713 708 1765 τοῦ
743 1712 877 1765 Θεοῦ
908 1714 1098 1782 ἀγάπη
1128 1714 1262 1781 ἀγία
1294 1715 1415 1768 ἐστὶ
1446 1716 1541 1770 καὶ
1574 1714 1693 1784 μία.
1726 1714 1835 1768 Καὶ

2008 1084 2323 1155 Enimvero,
2345 1104 2466 1160 quae
2488 1092 2542 1146 in
2568 1092 2727 1149 nobis
2748 1093 2970 1149 dilectio
2992 1103 3075 1149 est
3103 1111 3197 1151 seu
3225 1110 3379 1151 amor
3411 1096 3516 1153 du-

1938 1175 2061 1245 plex
2091 1185 2193 1241 est,
2230 1177 2301 1233 ob
2341 1194 2672 1249 eet-umqum
2701 1185 2873 1237 amori
2905 1184 3173 1238 habentur
3206 1185 3504 1243 discrimen

1937 1281 2002 1321 ac
2030 1268 2423 1337 impuritatem.
2470 1272 2624 1328 Unde
2659 1273 2822 1328 etiam
2862 1289 3029 1343 prava
3076 1276 3130 1329 in
3178 1276 3337 1333 nobis
3367 1279 3517 1333 exsi-

1939 1359 2036 1412 stit
2059 1357 2302 1425 dilectio,
2328 1376 2452 1415 cum
2513 1379 2603 1419 res
2640 1364 2763 1418 vitae
2794 1365 2978 1433 hujus,
3010 1380 3131 1434 quae
3160 1378 3290 1421 sunt
3313 1382 3514 1436 pravas,

1941 1439 2263 1519 diligimus:
2299 1462 2460 1522 atque
2511 1469 2664 1510 amor
2689 1455 2959 1525 impurus,
2992 1455 3213 1519 quando
3241 1468 3294 1511 et
3324 1469 3513 1513 nostra

1936 1543 2078 1597 ratio
2130 1544 2441 1599 necessario
2500 1561 2667 1615 prava
2721 1557 2824 1604 est.
2864 1547 2921 1600 In
2952 1545 3061 1602 Deo
3092 1556 3273 1602 autem
3302 1550 3514 1604 amoris

1938 1633 2209 1703 objeetum
2266 1649 2433 1689 unum
2492 1646 2577 1690 est
2631 1636 2770 1707 (ipse
2817 1639 3076 1692 nimirum
3130 1638 3235 1693 sibi
3287 1639 3417 1709 ipsi)
3452 1654 3518 1694 ac

1936 1725 2383 1789 sanctissimum,
2441 1727 2641 1797 quippe
2691 1743 2853 1798 supra
2908 1743 2997 1783 res
3045 1742 3234 1782 omnes
3304 1729 3517 1784 incont-

264 1800 385 1854 ἐπεὶ
416 1802 487 1855 τά
538 1804 779 1872 κρυφίαν
830 1802 1022 1872 ἔχοντα
1061 1802 1160 1873 τὴν
1200 1804 1336 1857 ἰδίαν
1375 1803 1585 1857 ἑαυτῶν
1618 1803 1717 1873 τῆς
1747 1821 1832 1857 κιο

1943 1815 2174 1885 parabili
2222 1830 2448 1872 excessu
2495 1818 2742 1873 eminens
2788 1834 2852 1874 ac
2885 1818 3111 1874 elatum.
3153 1819 3342 1874 Divina
3374 1834 3513 1889 quo-
3600 1874 3612 1891 I

267 1895 469 1964 νήσεως
492 1894 669 1965 ἀρχὴν
697 1895 776 1965 τῷ
796 1893 889 1947 τοῦ
924 1894 1235 1965 πνεύματος
1263 1895 1489 1965 ὀνόματι
1520 1893 1793 1964 καλοῦμεν
1816 1911 1833 1929 ’

259 1986 396 2040 οὕτω
434 1988 544 2054 γάρ
581 1988 829 2047 καὶτοὺς
878 1986 1118 2058 ἀνέμους
1150 1988 1441 2058 πνεύματα
1484 1987 1718 2057 λέγομεν
1746 1988 1836 2041 διὰ

255 2078 353 2142 τὴν
381 2078 609 2148 ἀδηλὶαν
637 2080 738 2148 τὴν
770 2081 863 2133 τοῦ
894 2080 1017 2134 ὅθεν
1050 2080 1273 2150 προίασι
1298 2095 1311 2110 ·
1340 2079 1435 2133 καὶ
1464 2081 1498 2150 ἡ
1536 2079 1657 2133 θεία
1686 2078 1834 2150 αῦτη

258 2170 446 2239 ἀγάπη
478 2170 572 2222 τοῦ
624 2170 761 2223 Θεοῦ
813 2170 1040 2241 Πνεῦμα
1086 2160 1242 2240 ἀγιον
1287 2170 1551 2226 καλεῖται.
1603 2168 1668 2223 Εί
1727 2171 1835 2242 γάρ

257 2265 352 2317 καὶ
383 2266 415 2334 ἠ
444 2264 570 2318 θεία
606 2265 862 2335 γέννησις
891 2266 1088 2335 ἐπίσης
1119 2267 1271 2318 ἐστὶν
1302 2264 1496 2335 ἄδηλος
1525 2263 1619 2317 καὶ
1651 2263 1833 2330 ἄγνωο

258 2372 381 2415 στος
407 2355 557 2426 πάσῃ
596 2358 829 2426 γεννητῇ
862 2356 1023 2423 φύσει
1047 2371 1063 2386 ο
1087 2354 1203 2408 ἀλλ’
1227 2351 1324 2408 οὖν
1355 2353 1550 2407 καθότι
1576 2354 1833 2422 γέννησις

255 2447 499 2513 λέγεται,
542 2447 915 2517 συνηθεστέρᾳ
948 2448 1099 2518 φωνῇ
1156 2446 1557 2515 γνωριμωτέρα
1592 2444 1688 2497 καὶ
1723 2437 1835 2498 οἷον

254 2538 561 2607 οίκειοτέρα
603 2542 670 2609 τῇ
714 2538 1034 2612 ἀνθρωπίνῃ
1067 2539 1230 2606 φύσει
1278 2539 1427 2591 δοκεῖ
1459 2537 1604 2608 ἥπερ
1654 2538 1686 2607 ἠ
1739 2536 1831 2590 τοῦ

258 2627 415 2695 ἀγίου
447 2629 767 2697 Πνεύματος
804 2628 1053 2698 πρόοδος.
1082 2629 1193 2697 Τῆς
1225 2629 1336 2699 γάρ
1369 2628 1599 2698 προόδου
1630 2627 1833 2691 ταύτης

257 2720 503 2772 εἰκασίαν
533 2722 656 2773 τινὰ
701 2722 796 2774 καὶ¹
830 2723 1141 2791 οίκειὸτητα
1168 2720 1365 2791 ῥᾳδίως
1397 2721 1454 2773 ἐν
1482 2722 1595 2783 τοῖς
1623 2719 1717 2771 ἀνθ
1729 2735 1831 2787 ρω-

257 2815 433 2875 πίνοις
459 2814 640 2885 εῦρεῖν
671 2814 773 2866 οὐκ
817 2815 985 2869 ἔστιν.
1033 2815 1227 2884 Ἡμεῖς
1261 2812 1319 2866 δὲ
1349 2812 1458 2867 ἀπὸ
1486 2812 1594 2864 τῶν
1624 2812 1683 2863 ὲν
1714 2810 1829 2872 τοῖς

254 2906 530 2975 αἰσθητοῖς
557 2907 637 2969 είς
665 2906 872 2959 ἔννοιάν
901 2923 1020 2959 τινα
1050 2906 1158 2960 τῶν
1184 2905 1365 2959 enim
1392 2902 1689 2973 ἐρχόμεθα.

1942 1921 2050 1977 que
2087 1906 2306 1962 dilectio
2330 1920 2395 1962 ac
2449 1908 2687 1964 charitas
2732 1919 2920 1964 saneta
2975 1918 3057 1965 est
3103 1918 3156 1964 et
3194 1924 3324 1965 una.
3374 1907 3514 1974 Quia

1943 2013 2073 2053 vero
2108 2013 2170 2055 ea
2196 2015 2319 2071 quae
2346 2001 2855 2077 occultamrhabent
2885 2009 3066 2058 motus
3110 2002 3196 2058 sui
3225 2000 3511 2070 originem,

1935 2092 2163 2161 spiritus
2206 2093 2429 2149 nomine
2473 2106 2775 2148 vocamus:
2824 2094 2905 2149 sic
2932 2093 3077 2148 enim
3126 2092 3290 2147 etiam
3325 2100 3516 2146 ventos

1944 2183 2281 2252 appellamus
2321 2183 2568 2261 spiritus,
2604 2184 2749 2255 quod
2777 2185 3043 2251 incertum
3076 2183 3236 2239 nobis
3264 2183 3337 2238 sit
3368 2182 3514 2237 unde

1939 2272 2017 2327 illi
2050 2273 2344 2343 procedant
2390 2291 2403 2327 :
2434 2273 2640 2329 idcirco
2670 2274 2853 2329 divina
2885 2274 2999 2328 haec
3028 2272 3251 2328 dilectio
3279 2286 3344 2327 ac
3374 2272 3515 2327 cha-

1936 2365 2096 2429 ritas,
2133 2364 2373 2434 Spiritus
2425 2363 2520 2419 Dei
2550 2376 2772 2420 sanctus
2801 2365 3128 2435 appellatur.
3184 2361 3510 2431 Quanquam

1932 2453 2097 2506 etiam
2138 2453 2322 2507 divina
2370 2456 2651 2523 generatio
2690 2456 2914 2525 perinde
2951 2455 3172 2510 occulta
3213 2468 3279 2508 ac
3326 2453 3513 2523 ignota

1930 2544 2121 2612 genitae
2148 2548 2295 2599 omni
2324 2554 2529 2601 naturae
2563 2556 2643 2602 est
2677 2565 2692 2602 :
2728 2557 3105 2602 verumtamen
3135 2547 3190 2601 in
3230 2552 3499 2616 quantum

1938 2636 2218 2702 generatio
2271 2647 2497 2692 vocatur
2547 2637 2831 2693 usitatiore
2884 2638 3175 2705 vocabulo,
3230 2637 3411 2692 notior
3449 2650 3517 2692 ac

1937 2724 2089 2779 velut
2114 2725 2442 2782 familiarior
2493 2728 2746 2784 humanae
2803 2738 3014 2784 natura
3069 2730 3320 2793 videtur,
3352 2742 3514 2798 quam

1937 2812 2176 2884 Spiritus
2208 2818 2382 2874 sancti
2414 2821 2715 2887 processio.
2744 2819 2915 2888 Hujus
2947 2821 3092 2876 enim
3138 2819 3511 2891 processiouis

1939 2905 2033 2960 vix
2060 2908 2228 2966 ullam
2288 2910 2665 2979 conjecturam
2697 2926 2762 2966 ac
2798 2914 3233 2967 convenientiam
3261 2914 3313 2966 in
3353 2913 3518 2967 νείκει

257 3002 513 3056 inmanis
561 3003 809 3057 invenire
856 3016 1150 3071 possumus
1202 3016 1378 3057 :cum
1435 3014 1503 3055 ex
1546 2999 1614 3053 iis
1642 3008 1763 3067 qua!
1792 2998 1850 3053 in
1886 3012 2112 3059 sensum
2161 3006 2385 3073 cadunt,
2442 3006 2512 3061 ad
2557 3006 2887 3075 spiritalium
2958 3006 3210 3061 notitiam
3277 3006 3515 3076 aliquam

255 3109 322 3149 ac
352 3096 647 3164 cogitatum
683 3098 993 3149 veniamus.
1106 3136 1109 3139 ς

2762 3124 2781 3137 ,ι

326 3186 459 3248 Θεὸς
485 3187 596 3256 ἀρα
627 3186 777 3239 ἐστὶν
807 3186 835 3236 ὁ
869 3183 963 3237 τοῦ
999 3184 1134 3238 Θεοῦ
1162 3186 1337 3252 Λόγος
1362 3200 1376 3215 ⁸
1404 3184 1536 3248 Θεδς
1560 3185 1618 3238 δὲ
1642 3186 1687 3256 νή
1723 3185 1838 3240 θεία

2015 3185 2160 3240 Deus
2187 3200 2315 3256 ergo
2371 3193 2456 3241 est
2506 3184 2599 3240 Dei
2644 3183 2921 3238 Verbum:
2976 3184 3120 3239 Deus
3167 3198 3299 3238 vero
3327 3184 3512 3257 divipa

264 3279 505 3346 Ἀγάπη,
558 3278 653 3329 καὶ
703 3278 731 3329 ὁ
780 3276 943 3339 αὐτὸς
979 3275 1110 3339 Θεὸς
1172 3276 1349 3346 Πατρὶ
1375 3278 1469 3328 καὶ
1494 3275 1610 3346 Υἱῷ
1631 3292 1647 3309 ο
1678 3278 1772 3349 θεαὶ
1802 3279 1837 3349 ἠ

253 3344 445 3423 τοῦτου
470 3344 710 3438 πρόοδος
754 3370 1009 3439 ’Λγάπης
1058 3370 1178 3422 ἐστὶ
1212 3344 1460 3439 πρόοδος.
1494 3344 1606 3425 Καὶ
1633 3344 1756 3424 init
1779 3344 1838 3426 at}

255 3462 318 3530 τῇ
339 3448 544 3529 ’λογικῇ
593 3460 686 3513 καὶ
730 3460 897 3530 νοερᾄ
943 3459 1106 3526 φύσει
1145 3459 1238 3514 δύο
1274 3462 1433 3527 μόνον
1460 3460 1555 3512 ἐπὶ
1584 3460 1651 3513 τά
1686 3459 1836 3513 ἔνδον

253 3552 505 3606 νονιῦνται
532 3551 776 3619 πρόοδοι,
804 3552 901 3619 μία
930 3552 1026 3619 μὲν
1050 3552 1083 3620 ἡ
1108 3549 1203 3602 τοῦ
1231 3550 1408 3617 Λόγου
1442 3548 1691 3619 πρόοδος,
1713 3550 1838 3603 καθ’

253 3642 319 3712 ἢν
348 3644 464 3695 νοεῖ
513 3642 575 3694 τὸ
617 3642 805 3711 νοητόν
827 3657 839 3669 ⁸
892 3641 1026 3712 άλλη
1057 3643 1113 3693 δὲ
1148 3644 1181 3712 ή
1215 3642 1312 3710 τῆς
1347 3641 1572 3711 ἀγάπης
1607 3640 1639 3712 ἢ
1676 3641 1837 3708 θελή-

255 3751 420 3798 σεως,
449 3732 572 3786 καθ’
602 3733 668 3803 ἢν
709 3733 921 3801 ἐφίεται
953 3732 1048 3786 τοῦ
1088 3733 1373 3804 νοηθέντος
1420 3731 1649 3799 ἀγαθοῦ,
1679 3733 1729 3784 εί
1764 3733 1838 3802 μὴ

255 3824 485 3895 παρείη,
518 3823 553 3893 ἢ
610 3824 805 3895 ἀγαπᾷ
833 3823 995 3877 τοῦτο
1046 3825 1221 3894 παρόν
1249 3839 1263 3856 ·
1292 3825 1595 3892 ἀναγκαῖον
1646 3823 1703 3875 δὲ
1744 3824 1839 3876 καὶ

255 3917 350 3980 τὰς
378 3916 473 3969 δὲο
519 3917 775 3984 παρεῖναι
803 3913 881 3984 τῷ
911 3913 1041 3985 θείῳ
1065 3913 1160 3984 Νῷ
1214 3915 1395 3979 καθὼς
1424 3914 1717 3968 δέδεικταιο
1745 3914 1842 3969 καὶ⁸

255 4008 407 4061 ἔστιν
431 4009 465 4077 ἡ
494 4008 593 4075 τῆς
623 4010 861 4077 νοήσεως
891 4006 1123 4076 πρόοδος
1150 4008 1184 4077 ἢ
1220 4007 1477 4076 ἐνέργεια
1526 4007 1701 4075 Λόγου
1746 4008 1841 4059 καὶ

256 4099 390 4153 Υίοῦ
418 4115 432 4128 ·
464 4098 712 4151 λείπεται
742 4099 843 4168 τὴν
882 4098 1097 4164 ἑτέραν,
1131 4099 1302 4168 ἡονουν
1327 4098 1423 4168 τὴν
1454 4098 1677 4167 ἀγάπης
1699 4093 1837 4150 εἶναι

254 4193 346 4245 τοῦ
380 4192 546 4260 ἁγίου
577 4189 916 4265 Πνεῦματος,
944 4190 1039 4242 καὶ
1067 4190 1127 4241 τὸ
1163 4188 1389 4258 Πνεῦμα
1415 4188 1473 4241 τὸ
1507 4189 1663 4257 ἆγιον
1693 4184 1835 4241 εἶναι

254 4285 351 4355 τὴν
396 4284 551 4338 θείαν
603 4283 873 4351 ’Δγάπην,
911 4277 944 4354 ᾖ
985 4283 1013 4334 ὁ
1046 4281 1179 4345 Θεὸς
1209 4282 1401 4334 ἑαυτὸν
1428 4281 1638 4350 ἀγαπᾷ.

1935 3277 2157 3332 dilectio
2193 3292 2256 3332 ac
2294 3277 2554 3340 cbaritas,
2588 3276 2841 3345 idemque
2871 3290 2995 3331 cum
3032 3273 3198 3329 Patre
3231 3283 3397 3347 atque
3424 3273 3516 3327 Fi-

1933 3367 2008 3421 lio
2042 3368 2206 3429 Deus,
2264 3367 2491 3436 ejusque
2538 3366 2844 3437 processio,
2888 3365 3201 3420 dileCtionis
3230 3378 3296 3417 ac
3330 3364 3517 3417 citari-

1937 3458 2064 3511 latis
2084 3456 2366 3525 processio
2395 3467 2502 3510 est.
2539 3455 2809 3525 Quodque
2836 3455 2892 3509 in
2921 3463 3118 3509 natura
3147 3452 3425 3509 sermonis
3457 3452 3513 3506 vi

1935 3564 2030 3603 seu
2064 3548 2314 3610 rationis,
2348 3561 2411 3601 ac
2456 3544 2791 3616 intelligendi
2825 3534 3088 3599 facultate
3117 3542 3367 3614 praedita,
3391 3542 3514 3598 dum

1937 3648 2145 3694 tantum
2206 3638 2438 3693 interius
2493 3635 2871 3703 intelliguntur
2936 3638 3318 3703 processiones
3356 3644 3373 3685 :
3405 3644 3514 3685 una

1948 3730 2169 3801 quidem
2224 3729 2457 3784 rationis
2509 3726 2893 3795 sermonisque
2925 3732 2980 3779 et
3011 3722 3166 3778 verbi
3199 3722 3513 3791 processio,

1944 3835 2052 3889 qua
2082 3818 2351 3885 objectum
2403 3818 2458 3871 in
2496 3815 2748 3871 notitiam
2781 3815 2985 3871 cadens
3010 3813 3295 3883 intelligit:
3320 3811 3516 3866 altera-

1944 3926 2050 3979 que
2077 3909 2382 3966 dilectionis
2416 3924 2513 3964 seu
2564 3907 2887 3973 voluntatis,
2925 3920 3033 3975 qua
3061 3905 3265 3959 bonum
3300 3900 3533 3957 intellec‘

1939 4013 2032 4058 ctu
2065 4001 2364 4072 cognitum,
2407 4000 2513 4056 nisi
2546 4015 2790 4069 praesens
2847 4000 2940 4065 sit,
2972 3995 3337 4066 concupiscit,
3362 3986 3504 4063 prte-

1938 4110 2067 4150 sens
2133 4103 2313 4148 autem
2379 4092 2579 4162 diligit.
2630 4078 2880 4161 Cumque
2937 4090 3073 4145 adeo
3118 4102 3345 4144 necesse
3400 4075 3506 4149 sit,

1935 4196 2221 4255 utramque
2270 4184 2469 4239 divinae
2503 4183 2672 4239 menti
2713 4183 2928 4249 adesse,
2962 4181 3039 4236 uti
3066 4180 3359 4252 probatum
3385 4184 3508 4233 est:

1933 4279 2111 4346 sitque
2144 4274 2545 4330 intellectionis'
2578 4272 2885 4344 processio,
2919 4273 3190 4329 sermonis
3223 4285 3320 4325 seu
3344 4266 3506 4323 Verbi

256 4374 490 4445 Filiique
552 4376 822 4446 operatio,
883 4383 1131 4445 superest
1201 4374 1425 4427 alteram
1496 4373 1833 4444 (dilectionis
1864 4372 2075 4426 scilicet
2122 4386 2187 4426 ac
2238 4371 2543 4437 cbaritatis)
2572 4384 2695 4424 esse
2718 4367 2959 4438 Spiritus
3020 4364 3220 4428 sancti,
3283 4372 3512 4428 esseque

258 4473 528 4544 Spiritum
560 4482 809 4529 sanctum
848 4472 1087 4527 divinam
1125 4470 1469 4525 dilectionem
1504 4484 1567 4523 ac
1591 4469 1935 4533 charitatetn,
1959 4482 2067 4536 qua
2094 4466 2233 4520 Deus
2253 4466 2490 4534 seipsum
2524 4463 2720 4532 diligit.

323 4565 587 4619 Τοιοῦτον
616 4565 794 4619 τοίνυν
819 4567 911 4618 καὶ
944 4564 1037 4617 ἐπὶ
1072 4561 1172 4632 τῆς
1198 4562 1359 4629 ἀγίας
1387 4560 1604 4629 τριάδος
1641 4560 1702 4612 τὸ
1736 4560 1830 4613 τοῦ

2007 4557 2137 4611 Tale
2187 4556 2352 4626 igitur
2381 4555 2546 4611 etiam
2610 4554 2663 4607 in
2706 4560 2891 4607 sancta
2935 4547 3199 4602 Trinitate
3226 4545 3513 4615 Augustini

257 4658 743 4728 Λῦγουστίνουμι)
804 4655 1158 4727 παράδειγμα
1191 4654 1287 4707 καὶ⁸
1338 4651 1449 4706 τῶν
1507 4651 1629 4705 κατ’
1686 4654 1849 4706 αὑτὸν

259 4753 604 4807 διδασκάλων
632 4769 645 4782 ·
677 4751 774 4803 καὶ
806 4750 923 4803 ἔστι
951 4748 1061 4801 τῶν
1082 4747 1259 4802 ἀλλων
1288 4746 1731 4816 προσφυέστερον
1752 4737 1848 4798 irai

258 4844 614 4913 οἰκειότερον.
651 4841 775 4895 Τῶν
820 4840 928 4912 γάρ
988 4839 1256 4906 θεολόγων
1320 4838 1578 4893 ἁπάντων
1634 4836 1709 4906 νῷ
1754 4834 1848 4888 καὶ

258 4936 401 5005 λόγῳ
431 4934 693 5005 φαμένων
746 4932 1009 5001 ἀνάλογον
1039 4931 1183 5001 ἔχειν
1233 4928 1369 4999 πρὸς
1433 4929 1700 4998 ἀλλήλους
1755 4929 1846 4981 τὸν

263 5028 481 5095 Πατέρα
509 5027 604 5078 καὶ
643 5025 735 5077 τὸν
768 5024 917 5085 Υἰὸν,
953 5025 1002 5076 οἱ
1031 5023 1128 5092 μὲν
1182 5020 1333 5074 ἄλλοι
1397 5019 1598 5082 πάντες
1631 5019 1839 5088 σχεδὸν,

260 5118 349 5168 τὸν
372 5117 466 5169 τοῦ
483 5116 621 5169 Θεοῦ
652 5117 830 5183 Λόγον
858 5115 936 5184 τῷ
963 5113 1095 5184 παρ’
1130 5115 1265 5184 ἡμῖν
1299 5109 1624 5182 προφορικῷ
1654 5124 1846 5178 παρει-

262 5210 508 5284 κάζουσι,
527 5208 673 5278 λόγῳ
701 5222 717 5239 ·
750 5209 780 5259 ό
811 5207 867 5260 δὲ
898 5208 990 5259 ἐπὶ
1025 5208 1119 5259 τὸν
1144 5206 1292 5258 ἔνδον
1327 5204 1489 5273 λόγον
1518 5204 1611 5256 τὸν
1670 5201 1844 5255 ἐνδιά-

264 5300 416 5354 θετον
446 5302 720 5370 λαμὸἀνει
755 5300 854 5370 τὴν
884 5298 1201 5368 ὁμοιότητα.
1241 5295 1395 5349 Ἑκεῖ
1445 5295 1578 5364 γὰρ,
1636 5294 1729 5346 καὶ
1784 5292 1843 5344 τὸ

265 5393 386 5444 κατ’
417 5394 624 5456 εἰκόνα,
653 5395 749 5446 καὶ
776 5395 804 5447 ὁ
828 5391 1045 5460 πρῶτος
1078 5389 1235 5458 λόγος
1262 5386 1387 5442 καθ’
1411 5386 1470 5441 ὃν
1500 5383 1713 5453 λογικοί
1747 5385 1841 5436 ἑσ-

266 5483 369 5549 μὶν
398 5486 496 5537 καὶ
514 5483 857 5554 καλούμεθα,
898 5483 1008 5536 εἴτε
1044 5481 1183 5552 μετά
1227 5477 1480 5549 σώματός
1508 5480 1695 5544 ἐσμεν,
1726 5475 1838 5528 εἴτε

266 5579 359 5629 aut
392 5578 493 5645 μή.
533 5577 590 5630 ’0
619 5576 674 5630 δὲ
710 5577 801 5631 ἐπὶ
833 5578 903 5632 τά
926 5572 1068 5642 ’ἔξω
1113 5576 1255 5647 ῥέων
1318 5565 1474 5633 οὗτος
1533 5569 1690 5634 λόγος
1746 5568 1837 5621 τοῦ

342 5756 455 5814 («ill
479 5755 594 5810 Lib.
621 5773 669 5809 v.

1948 4665 2013 4705 ac
2045 4649 2357 4718 sequacium
2391 4646 2674 4700 doctorum
2698 4641 3039 4710 exemplum;
3067 4648 3261 4707 estque
3295 4638 3519 4706 reliquis

1947 4740 2360 4798 connaturalius
2433 4751 2500 4791 ac
2553 4734 2729 4804 magis
2798 4730 3130 4803 appositum.
3194 4728 3332 4785 Nam
3390 4744 3517 4783 cum

1946 4848 2135 4888 omnes
2199 4830 2432 4898 theologi
2486 4828 2702 4883 Patrem
2755 4825 2940 4879 dicant
2977 4836 3041 4877 ac
3096 4819 3295 4877 Filiqu
3356 4823 3519 4875 sicae

1945 4924 2085 4979 inter
2134 4938 2193 4977 se
2226 4920 2460 4989 quadam
2489 4921 2839 4989 proportione
2884 4914 3102 4976 habere,
3130 4927 3195 4967 ac
3217 4927 3276 4968 se
3311 4912 3512 4968 habent

1947 5029 2103 5071 mens
2156 5028 2220 5067 ac
2274 5012 2529 5073 verbum;
2584 5008 2677 5062 alii
2728 5005 2948 5077 quidem
2989 5002 3101 5058 fere
3127 5018 3320 5058 omnes
3346 5003 3517 5057 Deum

1952 5106 2188 5162 Verbum
2220 5114 2539 5174 comparant
2568 5118 2697 5157 cum
2729 5102 2919 5168 verbo,
2953 5099 3097 5168 quod
3125 5098 3266 5167 apud
3301 5114 3401 5152 nos
3423 5113 3520 5151 ore

1950 5197 2251 5269 profertur;
2276 5206 2331 5250 at
2353 5196 2713 5266 Augustinus.
2736 5194 2799 5253 in_
2825 5189 3071 5246 interiori
3095 5188 3262 5243 verbo
3284 5204 3345 5244 ac
3368 5188 3515 5257 quod

1948 5290 2003 5345 in
2056 5291 2241 5344 animo
2300 5289 2525 5353 residet,
2605 5285 2838 5342 assumit
2910 5280 3346 5338 similitudinem.
3406 5281 3521 5336 Illic

1948 5383 2092 5439 enim
2150 5392 2264 5437 tum
2319 5396 2440 5437 esse
2475 5380 2542 5435 ad
2597 5377 2890 5447 imaginem
2954 5374 3189 5443 positum
3243 5381 3347 5435 est,
3402 5382 3516 5427 tum

1948 5474 2119 5544 prima
2159 5474 2297 5529 ratio
2350 5487 2416 5530 ac
2458 5485 2661 5538 sermo,
2710 5482 2821 5540 qua
2874 5465 3168 5521 rationales
3217 5464 3514 5537 (sermonis

1945 5567 2153 5622 scilicet
2194 5576 2246 5621 et
2290 5565 2439 5621 verbi
2474 5582 2537 5620 ac
2569 5561 2796 5619 rationis
2827 5557 3128 5629 compotes)
3158 5573 3349 5614 sumus
3380 5560 3519 5628 pari-
