3916 6204
416 292 514 358 551
1647 266 2042 353 MANUELts
2080 293 2387 355 CALEC/‘E

3530 302 3614 365 552

413 411 613 461 cuncta
671 403 999 475 recipientes
1054 416 1118 456 ac
1157 401 1521 457 custodientes
1548 401 1698 456 velut
1750 400 1989 471 Spiritus

2102 421 2226 466 νους
2284 406 2381 459 καὶ
2436 405 2808 481 φυλάττοντας
2854 407 2931 471 ῶς
2961 404 3057 460 τοῦ
3093 405 3392 477 Πνεύματος
3442 426 3616 475 eruam,

416 511 602 560 voces,
661 496 742 550 sic
798 508 977 564 operae
1025 494 1259 562 pretium
1304 507 1576 563 exponere
1629 501 1899 562 Satagant,
1933 499 1993 547 ut

416 594 473 643 et
494 586 964 643 conimunissimis
996 585 1064 640 de
1091 584 1202 640 Deo
1226 584 1677 653 conceptionibus
1707 593 1761 637 et
1791 582 1995 652 princi-

418 677 523 747 piis
552 678 694 740 tidei,
730 690 831 730 nec
865 690 973 729 non
1022 681 1340 730 sanctorum
1379 672 1715 728 multitudini
1746 687 1986 728 consen-

423 770 601 822 tiunt:
639 767 736 841 sic
789 776 998 831 tamen,
1057 767 1186 820 dum
1216 780 1405 819 eorum
1440 764 1596 820 nobis
1630 763 1991 819 sanctimonia

415 859 571 929 pulla
624 858 936 927 suspicione
982 857 1214 911 laboret.
1249 855 1404 921 Quod
1453 856 1561 911 illis
1582 870 1862 913 servemus
1892 870 1989 909 ne-

420 967 570 1008 cesse
615 960 729 1019 est;
788 966 894 1005 non
950 951 1031 1005 sic
1066 960 1275 1015 nostro,
1334 960 1648 1003 sanctorum
1694 948 1991 1005 sententias

417 1042 713 1111 verbaque,
754 1055 1081 1110 usurpemus
1121 1038 1373 1103 consilio,
1414 1049 1474 1093 ut
1505 1037 1641 1092 alios
1681 1039 1805 1093 aliis
1841 1052 1993 1092 com-

418 1134 635 1188 mittere
665 1133 971 1198 videamur,
1005 1146 1068 1187 ac
1094 1131 1240 1185 velut
1266 1130 1362 1199 qui
1391 1146 1450 1184 se
1480 1140 1671 1185 mutuo
1720 1138 1989 1193 evertant,

415 1223 699 1279 inducere.
738 1223 859 1278 Non
895 1223 1040 1277 enim
1089 1237 1307 1290 aequum
1361 1230 1464 1287 est,
1507 1230 1567 1275 ut
1604 1220 1707 1275 sibi
1759 1220 1988 1276 invicem

416 1316 691 1371 adversari
726 1315 1125 1370 existimentur.
1158 1314 1217 1367 ιιι
1246 1313 1390 1368 enim
1440 1327 1538 1367 nec
1574 1314 1641 1368 iis
1673 1313 1990 1368 hominibus

419 1412 554 1467 satis
586 1417 870 1476 congruat,
904 1406 1103 1474 quibus
1120 1402 1397 1471 tantisper
1425 1404 1654 1457 rationis
1687 1402 1779 1456 lux
1826 1400 1989 1456 aﬂul-

414 1511 567 1573 geat;
602 1509 810 1553 tantum
858 1497 1012 1550 abest
1042 1505 1099 1549 ut
1136 1494 1366 1560 sanctis,
1415 1495 1509 1563 qui
1546 1505 1754 1549 motore
1781 1492 1989 1563 Spiritu

415 1603 612 1648 cuncta
643 1598 1018 1662 exposuerunt
1061 1608 1075 1644 :
1117 1605 1227 1658 quo
1273 1590 1486 1646 scilicet
1537 1590 1811 1654 homines,
1869 1589 1980 1645 illis

417 1693 671 1751 tanquam
714 1682 926 1750 pietatis
958 1679 1231 1748 magistris
1257 1680 1501 1733 animum
1541 1678 1888 1743 adhibentes,
1921 1694 1987 1734 ac

2103 495 2248 548 οῦτω
2276 497 2553 567 προσῆκον
2572 498 2872 568 ἐπιχειρεῖν
2903 498 3235 569 ἐξηγεῖσθαι,
3264 498 3392 551 ὥστε
3421 502 3501 552 καὶ
3520 504 3618 564 ταῖς

2104 587 2238 657 περὶ
2264 586 2401 639 Θεοῦ
2427 592 2769 653 κοινοτάταις
2797 590 3032 653 ἐννοίαις
3060 592 3151 643 καὶ
3170 591 3287 652 ταῖς
3309 592 3401 659 τῆς
3420 592 3618 655 πίστεως

2052 746 2054 749 τ
2103 679 2321 750 ἀρχαῖς,
2350 681 2446 733 καὶ
2477 679 2555 751 τῷ
2578 681 2774 754 πλήθει
2802 683 2910 735 τῶν
2930 682 3102 751 ἀγίων
3132 684 3426 752 συμφωνεῖν
3442 702 3465 766 ἰ
3488 686 3621 753 μόνον

2112 774 2164 824 εί
2188 773 2319 842 περὶ
2341 773 2438 841 τῆς
2472 773 2697 827 ἐκείνων
2728 772 3040 843 ἁγιωσύνης
3062 775 3387 843 ἀμφιόολίαν
3402 775 3623 845 οὐδεμίαν

2104 862 2325 932 ἔχομεν.
2350 864 2527 936 ὀπερ
2559 867 2853 933 ἀναγκαῖον
2875 865 3106 929 ἑκείνοις
3137 866 3429 935 τηρεῖσθαι,
3452 868 3534 920 καὶ
3561 869 3623 938 μὴ

2101 954 2189 1007 διὰ
2223 953 2322 1024 τὴν
2351 955 2563 1008 ἑαυτῶν
2603 938 2859 1027 βούλησιν
2878 956 3020 1010 οὕτω
3048 957 3116 1010 τὰ
3139 957 3246 1011 τῶν
3276 957 3440 1025 ἀγίων
3454 959 3625 1029 ἐκλαμ-

2113 1046 2403 1114 6ἀνοντας,
2464 1050 2539 1112 ὡς
2591 1051 2765 1103 ποιεῖν
2826 1050 3072 1113 ὶκείνους
3117 1050 3364 1120 ἀλλήλοις
3403 1049 3626 1120 πολεμεῖν

2090 1138 2307 1203 δοκεῖν,
2334 1140 2431 1193 καὶ
2457 1140 2547 1209 ὑφ’
2590 1141 2802 1194 ἑαυτῶν
2842 1141 3268 1211 ἀνατρέπεσθαι.
3311 1142 3383 1195 Ού
3425 1142 3523 1211 γάρ
3571 1143 3627 1196 ἀν

2102 1233 2331 1295 είκότως
2353 1232 2661 1302 νομίζοιντο
2715 1234 2928 1297 ἑαυτοῖς
2950 1233 3043 1287 καὶ
3083 1232 3331 1304 ἀλλήλοις
3388 1235 3629 1288 ιναντιοῦο

2108 1322 2232 1376 σθαι
2252 1336 2269 1354 ο
2299 1322 2457 1377 τοῦτο
2483 1325 2591 1391 γάρ
2613 1324 2731 1377 οὐδὲ
2752 1327 2865 1388 τοῖς
2892 1323 3142 1378 ὁπωσοῦν
3178 1324 3407 1391 λογικοῖς
3431 1324 3528 1379 τῶν
3548 1327 3627 1378 ἀν-

2103 1413 2340 1482 θρώπων
2373 1415 2628 1485 ἁρμόζει,
2673 1417 2834 1486 μήτοι
2874 1433 2938 1483 γε
2962 1416 3026 1486 δὴ
3043 1419 3156 1479 τοῖς
3185 1417 3378 1485 ἁγίοις,
3398 1417 3445 1469 οἳ
3479 1417 3629 1471 πάντα
3656 1482 3671 1491 Ἀ
3772 1442 3783 1455 ·

2108 1505 2356 1566 ἐξέθεντο
2389 1506 2496 1560 ὑπὸ
2521 1505 2616 1559 τοῦ
2640 1507 2799 1574 ἁγίου
2824 1507 3134 1577 κινούμενοι
3159 1508 3461 1579 Πνεύματος
3478 1525 3490 1538 '
3510 1509 3629 1563 ὥστε

2100 1598 2314 1660 τούτοις
2347 1597 2422 1660 ὡς
2451 1596 2795 1660 διδασκάλοις
2827 1598 3111 1661 εὐσεϐείας
3163 1597 3291 1661 τοὺς
3346 1598 3630 1670 ἀνθρώπους

2103 1690 2497 1760 προσέχοντας,
2521 1690 2617 1743 καὶ
2643 1689 2714 1743 δι’
2747 1689 2928 1745 αὐτῶν
2960 1691 3061 1759 τῆς
3086 1690 3338 1761 ἀληθείας
3370 1692 3631 1759 ἐπιτυγχά-

418 1786 512 1838 per
540 1786 634 1825 eos
670 1770 954 1825 veritatem
989 1770 1394 1834 nanciscentcs,
1426 1771 1480 1825 in
1510 1771 1655 1825 hunc
1681 1770 1900 1825 modum
1937 1771 1989 1823 in

2099 1744 2312 1845 νονταςῖ
2347 1744 2496 1834 οῦτῶ
2525 1782 2907 1852 συνημμένους
2935 1783 2992 1835 ὲν
3134 1744 3350 1853 Χριστῷ
3396 1744 3631 1851 γίνεσθαι.

412 1861 632 1918 Christo
672 1871 1041 1917 necterentur.

487 1954 566 2009 De
592 1955 677 2008 his
699 1954 861 2023 igitur
885 1970 1005 2024 qua:
1035 1955 1242 2012 sanctis
1267 1956 1411 2010 dicta
1437 1964 1587 2017 sunt,
1619 1955 1690 2008 ita
1742 1953 1987 2009 sentien-

414 2046 571 2108 dum,
608 2045 810 2113 talique
837 2045 889 2101 in
925 2046 1181 2102 omnibus
1210 2047 1469 2101 utendum
1505 2045 1689 2115 regula
1736 2056 1839 2099 est.
1891 2044 1987 2099 Sin

413 2134 618 2201 minus,
642 2144 881 2204 praestat,
936 2146 996 2190 ut
1047 2137 1292 2192 dicamus
1345 2152 1445 2191 nos
1511 2152 1619 2191 non
1676 2135 1983 2204 intelligere

414 2243 607 2282 eorum
642 2243 764 2295 quae
802 2227 1060 2282 dicuntur
1088 2228 1377 2283 sententia:
1403 2229 1537 2290 vim,
1563 2243 1726 2297 quam
1783 2242 1987 2284 conve-

415 2320 630 2373 nientes
660 2334 838 2388 exque
862 2320 1074 2373 ratione
1096 2320 1161 2374 de
1193 2320 1302 2373 Deo
1327 2320 1628 2373 sententias
1654 2328 1986 2387 evertamus,

413 2422 491 2465 uti
514 2412 591 2466 ait
621 2426 847 2480 magnus
882 2411 1138 2467 Basilius.
1171 2412 1270 2466 Hie
1290 2419 1469 2465 autem
1509 2426 1805 2480 possumus
1832 2410 1986 2465 dice-

413 2515 494 2564 re,
527 2509 769 2567 sanctos,
810 2503 1109 2555 secundum
1135 2502 1381 2556 diversos
1404 2512 1683 2570 respectus
1716 2503 1856 2554 idem
1881 2501 1986 2555 alia

414 2600 575 2661 atque
593 2591 697 2646 alia
732 2592 941 2647 ratione
964 2593 1263 2648 declarare.
1294 2593 1427 2647 Nam
1468 2592 1637 2647 Filius
1664 2591 1882 2662 quidem
1921 2607 1986 2645 ex

414 2682 572 2739 Patre
600 2694 704 2751 est,
743 2694 994 2754 tanquam
1030 2685 1251 2739 verbum
1306 2701 1371 2738 cx
1426 2696 1628 2739 mente.
1680 2683 1988 2739 Secundum

419 2776 561 2831 hanc
592 2777 1086 2831 considerationem
1122 2777 1283 2831 etiam
1318 2776 1654 2831 voluntatem
1686 2791 1749 2830 ex
1793 2775 1986 2829 volun-

413 2874 524 2922 tate
541 2867 813 2932 dixerunt,
841 2867 1298 2936 quemadmodum
1328 2867 1403 2919 ait
1457 2866 1751 2934 Gregorius
1812 2864 1990 2920 Theo-

415 2956 569 3027 logus
601 2976 615 3013 :
649 2957 823 3014 «Patri
856 2960 1161 3029 generatio,
1189 2957 1449 3028 gignendi
1478 2957 1732 3012 voluntas
1778 2964 1885 3021 est,
1923 2971 1987 3011 ac

414 3050 669 3105 voluntas
720 3066 781 3105 ex
824 3051 1121 3105 voluntate.
1159 3068 1177 3101 ι
1216 3047 1525 3104 Secundum
1585 3063 1743 3119 quem
1796 3050 1983 3120 utique

417 3142 661 3207 modum,
693 3141 888 3196 Filium
922 3142 1245 3210 sapientiam
1269 3157 1334 3198 ex
1393 3142 1664 3210 sapientia
1712 3144 1987 3211 dixerunt,

420 3250 486 3289 ac
509 3235 765 3289 virtutem
789 3250 851 3288 ex
876 3234 1093 3289 virtute.
1116 3235 1384 3314 Cmterum
1420 3233 1663 3304 Spiritus
1686 3244 1906 3290 sanctus
1924 3251 1989 3291 ex

417 3322 579 3379 Patre
605 3332 709 3391 est,
744 3325 890 3380 velut
921 3326 1137 3381 dilectio
1169 3341 1199 3381 a
1230 3325 1508 3381 voluntate
1538 3342 1553 3381 :
1587 3326 1793 3381 idcirco
1826 3328 1989 3381 etiam

2171 1960 2307 2029 Περὶ
2347 1960 2449 2029 μὲν
2494 1955 2589 2013 οὖν
2619 1960 2730 2013 τῶν
2780 1963 2897 2023 τοῖς
2942 1959 3120 2029 ἁγίοις
3173 1960 3466 2029 εἰρημένων
3512 1958 3632 2012 οὕτω

2098 2051 2206 2124 χρὴ
2233 2052 2457 2122 γνώμης
2490 2053 2653 2122 ἔχειν,
2682 2053 2776 2106 xal.
2806 2053 3032 2122 τοιούτῳ
3064 2052 3299 2123 χρῆσθαι
3324 2053 3409 2104 ἐπὶ
3446 2052 3633 2105 πάντων

2101 2148 2307 2203 κανόνι.
2335 2146 2396 2200 El
2423 2147 2480 2199 δὲ
2516 2147 2614 2217 μὴ,
2644 2146 2866 2216 ἄμεινον
2891 2148 3069 2217 λέγειν
3097 2146 3199 2217 τὴν
3228 2146 3333 2200 τῶν
3361 2145 3633 2215 λεγομένοιν

2101 2238 2179 2308 μὴ
2214 2237 2455 2291 συνιέναι
2506 2237 2746 2291 διάνοιαν
2783 2237 2815 2308 ἢ
2866 2237 3197 2307 ἀνατρέπειν
3223 2236 3319 2299 τὰς
3359 2234 3633 2302 ἀξιολόγους

2099 2330 2229 2399 περὶ
2261 2329 2399 2382 Θεοῦ
2441 2328 2764 2399 ὑπολήψεις,
2801 2328 2877 2394 ὡς
2918 2332 2946 2383 ό
2992 2328 3170 2397 μέγας
3216 2327 3317 2398 ἔφη
3368 2328 3633 2382 Βασίλειος.

2110 2420 2383 2475 Ἐνταῦθα
2414 2421 2469 2475 δὲ
2497 2421 2613 2475 ἔστι
2640 2421 2844 2489 λέγειν,
2875 2423 2951 2485 ῶς
2978 2421 3039 2475 τὸ
3063 2422 3197 2476 αὐτὸ
3218 2420 3357 2475 κατά
3379 2420 3632 2488 διαφόρους

2097 2513 2422 2582 ἀποϐλέψεις
2448 2513 2624 2575 ἄλλως
2654 2513 2749 2566 καὶ
2771 2512 2949 2577 ἄλλως
2978 2514 3026 2566 οί
3052 2512 3206 2581 ἅγιοι
3229 2511 3581 2566 ἀποδιδόασινσ
3608 2511 3632 2561 ό

2101 2606 2201 2677 μὲν
2243 2607 2351 2676 γὰρ
2383 2605 2511 2667 Υἱὸς
2547 2606 2611 2658 ὲκ
2648 2604 2743 2658 τοῦ
2790 2596 3005 2676 Πατρός
3048 2607 3219 2670 ἐστιν,
3264 2605 3338 2667 ῶς
3385 2603 3541 2671 Λόγος
3577 2600 3629 2653 ἐκ

2099 2698 2233 2769 ῌοῦ.
2277 2698 2435 2752 Κατά
2477 2698 2634 2751 τοῦτο
2672 2697 2767 2752 καὶ
2805 2698 3028 2768 θέλησιν
3073 2701 3141 2753 ἐκ
3188 2699 3443 2769 θελήσεως
3480 2691 3630 2760 εἶπον,

2092 2763 2172 2854 ib;
2196 2793 2223 2844 ὁ
2252 2789 2509 2856 Θεολόγος
2538 2789 2837 2860 Γρηγόριος
2854 2763 3023 2859 λέγει,
3048 2809 3068 2839 ο
3098 2790 3187 2861 Τῷ
3210 2763 3380 2862 Πατρὶ
3410 2786 3629 2857 γέννησίς

2098 2879 2247 2933 ἐστιν
2275 2882 2308 2951 ἡ
2340 2881 2434 2932 τοῦ
2473 2881 2669 2950 γεννᾷν
2695 2882 2934 2951 Θέλησις,
2963 2882 3057 2933 καὶ
3094 2881 3347 2952 βούλησις
3373 2862 3431 2933 ἐκ
3468 2878 3633 2948 βουλή-

2100 2991 2240 3037 σεως
2261 2988 2278 3005 ο
2304 2972 2430 3026 καθ’
2453 2972 2512 3025 ὃν
2559 2972 2624 3043 δὴ
2649 2973 2852 3041 τρόπον
2878 2968 3031 3027 εἷπον
3052 2973 3248 3042 σοφίαν
3270 2974 3332 3026 ἐκ
3359 2970 3533 3039 σοφίας
3555 2968 3633 3019 τὸν

2096 3066 2247 3131 Υίδν,
2278 3067 2373 3119 καὶ
2398 3064 2630 3136 δύναμιν
2661 3065 2723 3117 ὲκ
2747 3064 3053 3133 δυνάμεως.
3078 3065 3154 3119 Τὸ
3180 3065 3235 3119 δὲ
3266 3065 3413 3134 ἆγιον
3440 3060 3633 3130 Πνεῦμα

2096 3160 2159 3211 ὲκ
2200 3157 2292 3211 τοῦ
2349 3158 2565 3228 Πατρός
2606 3158 2776 3223 ἐστιν,
2811 3157 2887 3222 ὡς
2928 3158 3038 3211 ἀπὸ
3071 3157 3342 3229 θελήσεως
3383 3158 3415 3228 ἡ
3450 3154 3631 3223 ἀγάπη.

2096 3249 2195 3303 Διά
2227 3250 2385 3303 τοῦτο
2436 3250 2545 3320 γάρ
2591 3251 2709 3303 ἐστι
2752 3252 2847 3302 καὶ
2900 3250 3132 3319 πρόοδος
3160 3250 3431 3320 διάφορος.
3490 3246 3546 3301 Ἠ
3585 3244 3633 3296 δὲ

2095 3343 2296 3409 κτίσις,
2330 3344 2405 3405 ὡς
2435 3342 2543 3395 ἀπὸ
2578 3345 2706 3412 μιᾶς
2740 3342 3045 3414 βουλήσεως
3070 3343 3407 3424 τοῦἫατρδς
3443 3339 3530 3394 καὶ
3552 3334 3633 3390 τοῦ

417 3413 675 3469 distincta
707 3414 983 3484 processio
1028 3426 1129 3469 est.
1160 3414 1423 3469 Creatura
1448 3430 1598 3480 vero,
1614 3424 1888 3500 ‘tanqnam
1926 3417 1993 3471 ab

416 3522 529 3585 una
560 3507 856 3575 voluntate,
886 3522 916 3561 a
948 3504 1111 3561 Patre
1138 3516 1221 3562 est
1246 3515 1300 3563 et
1327 3507 1465 3563 Filio
1502 3516 1557 3563 et
1606 3508 1808 3578 Spiritu
1864 3525 1992 3564 san-

416 3610 530 3655 cto.
564 3598 683 3655 Una
744 3601 888 3654 enim
911 3611 995 3656 est
1054 3586 1217 3656 trium
1265 3616 1645 3671 personarum,
1703 3602 1847 3672 quod
1871 3603 1997 3656 atti-

422 3701 514 3746 net
545 3693 614 3746 ad
665 3704 943 3747 creaturas
978 3732 993 3760 ,
1028 3694 1296 3749 voluntas.
1345 3760 1351 3765 _

2096 3434 2232 3489 Υίοῦ
2273 3435 2366 3489 καὶ
2397 3437 2490 3488 τοῦ
2516 3438 2674 3503 ἁγίου
2706 3436 3025 3504 Πνεύματος
3051 3451 3065 3467 ⁸
3113 3438 3211 3509 μία
3234 3438 3339 3508 γὰρ
3365 3435 3465 3491 τῶν
3492 3430 3637 3506 τριῶν

2095 3529 2189 3583 ἐπὶ
2213 3530 2321 3584 τῶν
2351 3532 2667 3602 κτισμάτων
2694 3533 2727 3605 ἡ
2757 3532 2996 3603 θέλησις.

2169 3798 2339 3852 Τοῦτο
2369 3798 2425 3852 δέ
2456 3798 2628 3859 ἐστιν,
2669 3798 2805 3868 ὅπερ
2845 3798 2937 3850 καὶ
2971 3796 3000 3849 ό
3040 3795 3189 3860 θεῖος
3230 3794 3469 3862 Μάξιμος
3497 3790 3548 3841 δν
3574 3784 3632 3853 τῇ

2099 3889 2237 3959 πρὸς
2281 3887 2557 3959 Ἀνόμοιον
2611 3886 2846 3953 διαλέξει
2895 3887 3058 3956 φησίν
3098 3884 3230 3956 (49).
3288 3880 3509 3936 Ἐκείνου
3540 3874 3633 3945 γὰρ

2098 3981 2363 4044 εἰπόντος,
2429 4000 2447 4032 ι
2511 3981 2572 4032 Ei
2623 3980 2802 4042 ἄλλοις
2847 3982 2875 4033 ὁ
2927 3979 3056 4040 Θεὸς
3104 3979 3293 4048 γεννᾷ,
3344 3975 3433 4028 καὶ
3479 3970 3636 4030 ἄλλοις

2100 4069 2298 4136 κτίζει,
2333 4069 2587 4132 σύνθετός
2634 4071 2816 4121 ἐστιν’
2861 4086 2879 4119 ι
2917 4069 3302 4140 ἀποκρίνεται,
3354 4082 3373 4117 ι
3413 4061 3483 4117 Οὐ
3512 4059 3635 4126 λέγω

488 3801 548 3857 1d
614 3819 742 3858 vero
775 3816 883 3869 est,
913 3805 1058 3874 quod
1090 3813 1144 3859 et
1201 3805 1393 3861 beatus
1451 3806 1722 3863 Maximus
1772 3808 1871 3871 ait,
1940 3805 1995 3861 in

417 3893 787 3963 disputatione
819 3910 942 3949 eum
973 3896 1257 3951 Anommo.
1285 3896 1419 3951 Nam
1447 3914 1571 3954 cum
1602 3898 1691 3953 ille
1745 3898 1994 3964 dixisset,

425 3983 512 4039 (Si
545 3982 689 4038 Deus
723 3985 847 4039 aliis
872 3984 1067 4053 gignit,
1101 3995 1267 4054 atque
1305 3989 1428 4043 aliis
1475 3990 1682 4054 condit,
1722 3991 1997 4058 composi-

424 4085 513 4130 tus
543 4084 627 4129 est
653 4093 670 4141 ;
700 4094 718 4127 ι
744 4074 1060 4144 respondet,
1089 4095 1107 4126 ι
1129 4076 1246 4132 Νοιι
1267 4079 1392 4133 dico
1415 4082 1536 4136 aliis
1561 4080 1798 4151 gignere,
1835 4093 1998 4152 atque
2046 4144 2051 4148 ς

421 4165 544 4219 aliis
575 4165 833 4232 condere,
891 4168 1006 4233 sed,
1033 4168 1190 4225 aliter
1236 4169 1481 4240 gignere,
1533 4150 1989 4229 aliterconderea

2099 4164 2281 4226 ἄλλοις
2338 4162 2525 4231 γεννᾷ,
2588 4162 2683 4214 καὶ
2740 4160 2921 4222 ἄλλοις
2977 4158 3190 4223 κτίζειθ
3251 4156 3406 4221 ἀλλά,
3456 4150 3637 4218 ’Δᾉλως

422 4256 695 4312 Caeterum
721 4258 940 4314 divinus
964 4259 1225 4329 Spiritus,
1266 4263 1357 4332 qui
1380 4263 1451 4318 sit
1490 4279 1521 4318 a
1576 4263 1735 4320 Patre
1781 4266 1989 4321 dilectio

2099 4255 2285 4325 γεννᾷ,
2314 4254 2411 4307 καὶ
2437 4252 2609 4317 ἄλλως
2641 4252 2835 4316 κτίζει.
2870 4270 2888 4303 ι
2916 4252 2989 4303 Τὸ
3022 4251 3214 4320 μέντοι
3250 4250 3389 4302 θεῖον
3419 4242 3635 4312 Πνεῦμα,

420 4358 478 4403 ct
508 4350 769 4411 cliaritas.
818 4353 1078 4419 peculiari
1132 4358 1369 4423 quodam
1436 4356 1597 4411 modo
1635 4356 1853 4411 dicitur.
1904 4358 1989 4414 Est

2099 4346 2175 4412 ὡς
2239 4346 2456 4415 Ἀγάπη
2503 4345 2653 4417 παρᾶ
2698 4343 2792 4397 τοῦ
2846 4344 3060 4415 Πατρός
3102 4342 3185 4408 δν,
3233 4338 3507 4405 ἰδιαίτερόν
3532 4347 3666 4387 τινακ

427 4442 573 4497 enim
603 4442 819 4498 dilectio
850 4461 914 4500 ac
950 4446 1192 4502 charitas
1210 4462 1406 4502 nomen
1424 4448 1742 4503 relationem
1770 4450 1989 4518 habens;

2102 4437 2321 4507 λέγεται
2360 4439 2583 4509 τρόπον.
2628 4435 2984 4521 Ἀναφορικδν
3015 4435 3125 4504 γάρ
3158 4437 3307 4488 ἐστιν
3336 4435 3369 4504 ἡ
3409 4428 3598 4497 ’Δγάπη
3619 4436 3633 4454 ⁶

431 4534 576 4589 unde
634 4546 689 4588 et
757 4552 989 4605 persona
1024 4547 1126 4593 est.
1148 4538 1266 4593 Non
1289 4541 1432 4593 enim
1469 4539 1606 4595 sicut
1638 4540 1870 4607 bonitas,
1907 4549 1989 4596 aut

2102 4530 2184 4584 διὸ
2207 4531 2302 4584 καὶ
2327 4528 2619 4601 πρόσωπόν
2651 4531 2820 4583 ὲστινι
2852 4528 2927 4581 Οὐ
2955 4527 3064 4599 γάρ
3092 4528 3284 4596 ῶσπερ
3314 4528 3346 4597 ἠ
3370 4521 3638 4593 ἀγαθότης.

426 4625 510 4680 vis
537 4635 731 4683 tenens
764 4634 947 4685 omnia
972 4648 1035 4689 ac
1074 4648 1431 4698 conservans,
1502 4644 1600 4689 aut
1654 4636 1989 4704 providentia

2100 4623 2131 4693 ἢ
2159 4624 2190 4692 ἡ
2215 4620 2678 4689 παντοκρατορία,
2706 4619 2740 4691 ἢ
2778 4620 2810 4689 ἡ
2852 4620 3103 4690 πρόνοια,
3139 4619 3177 4673 ἃ
3204 4620 3343 4704 πρὸς
3372 4616 3465 4686 τὴν
3486 4610 3640 4704 κτίσιν

428 4734 552 4788 qua:
577 4720 892 4778 relationem
921 4724 1122 4780 habent
1155 4726 1223 4780 ad
1260 4736 1591 4791 creaturam,
1624 4741 1725 4781 nec
1767 4735 1896 4780 sunt
1944 4726 1989 4780 iu

2099 4713 2195 4784 τὴν
2227 4712 2508 4781 ἀναφορὰν
2538 4712 2744 4781 ἔχουσι,
2767 4712 2859 4763 καὶ
2880 4711 2980 4764 οὐκ
3007 4708 3095 4763 ἐπ’
3122 4709 3290 4764 αὐτοῦ
3308 4700 3465 4759 δάλλ*
3488 4701 3638 4756 οὕτως

430 4811 547 4880 ipso
584 4813 724 4879 Deo;
754 4818 847 4870 sed
875 4817 956 4871 sic
996 4827 1078 4871 est
1109 4818 1327 4872 dilectio
1354 4833 1418 4873 ac
1448 4818 1710 4885 charitas,
1730 4817 1876 4887 quod
1907 4832 1989 4871 re-

2099 4804 2247 4857 ἐστὶν
2291 4803 2506 4873 ’Λγὰπη
2550 4802 2611 4855 τὸ
2654 4802 3095 4873 ἐκπορευόμενον
3135 4795 3512 4870 ἀναφορικῶς*
3560 4793 3639 4842 καὶ

429 4903 534 4959 late
562 4909 825 4975 procedit.
852 4910 929 4964 Ac
960 4909 1103 4964 sicut
1137 4910 1361 4964 verbum
1396 4925 1463 4963 ex
1498 4919 1678 4963 mente
1709 4909 1873 4962 relate
1912 4908 1989 4961 di-

2099 4896 2287 4964 ὥσπερ
2316 4898 2343 4948 ό
2371 4894 2528 4962 λόγος
2582 4894 2646 4947 ὲκ
2674 4892 2766 4947 νοῦ
2819 4895 3172 4963 ἀναφορικῶς
3218 4894 3453 4959 λέγεται,
3481 4892 3639 4939 καίτοι

424 4995 565 5050 citur
596 5016 611 5064 ;
641 5015 971 5069 quamquam
996 5001 1220 5056 verbum
1255 5017 1349 5057 seu
1382 5016 1561 5056 sermo
1588 5001 1654 5054 de
1714 5007 1827 5054 toto
1891 5000 1989 5053 Dee

2099 4987 2190 5041 τοῦ
2245 4988 2369 5039 ὅλου
2428 4984 2566 5038 Θεοῦ
2622 4985 2822 5047 κοινῶς
2875 4988 2967 5038 καὶ
3030 4984 3444 5051 ἀπολελυμένως
3498 4975 3638 5039 λόγου

428 5092 797 5145 communiter
817 5104 870 5145 et
892 5092 1141 5147 absolute
1170 5094 1385 5148 dicatur
1424 5109 1438 5147 :
1464 5092 1625 5146 etiam
1655 5091 1879 5145 dilectio
1935 5105 1989 5146 ac

2099 5081 2391 5150 λεγομένου
2430 5080 2526 5132 καὶ
2560 5076 2689 5132 νοῦο
2732 5079 2825 5129 καὶ
2883 5077 3100 5145 Ἀγὰπη
3152 5075 3209 5128 δὲ
3255 5075 3486 5141 λέγεται.
3534 5083 3550 5117 ι
3589 5061 3637 5112 ’0

431 5170 664 5237 cluat-itas
727 5184 949 5239 dicitur.
986 5204 1005 5236 ι
1055 5185 1194 5238 Dens
1258 5186 1428 5251 enim,
1491 5185 1700 5253 inquit,
1762 5182 1989 5235 charitas

2099 5174 2208 5245 γὰρ
2239 5173 2409 5237 Θεὸς,
2441 5189 2460 5223 ι
2511 5170 2697 5241 φησὶν,
2746 5189 2764 5221 ι
2818 5168 3030 5238 Ἀγάπη
3064 5167 3231 5220 ἐστίν.
3281 5185 3300 5216 ι
3351 5161 3482 5215 Ἀλλ’
3510 5159 3640 5223 ὅμως

429 5286 509 5328 est
531 5276 594 5330 “.
643 5297 661 5329 ι
698 5276 921 5348 Proprie
951 5288 1131 5333 tamen
1163 5292 1227 5333 ac
1249 5278 1438 5341 relate,
1475 5277 1701 5330 alterum
1722 5273 1790 5327 de
1812 5271 1989 5327 'Patre

2103 5265 2248 5328 ἰδίως
2277 5266 2372 5318 κοιλ⁸
2403 5262 2753 5333 ἀναφορικῶς
2774 5261 2836 5314 τὸ
2865 5261 2965 5331 μὲν
2991 5260 3082 5312 ἐπὶ
3110 5258 3201 5310 τοῦ
3230 5253 3436 5325 Πατρὸς
3459 5254 3637 5352 κείξαιι

427 5365 649 5431 dicitur,
676 5384 868 5437 nempe
886 5384 1078 5435 mens;
1106 5367 1335 5421 alterum
1364 5368 1429 5421 de
1446 5366 1608 5429 Filio,
1628 5364 1836 5420 scilicet
1863 5364 1989 5419 Ver-

2099 5359 2159 5414 τὸ
2211 5357 2376 5424 Νοῦς,
2422 5355 2483 5409 τδ
2513 5354 2568 5407 δὲ
2622 5353 2792 5422 Λόγος
2822 5353 2915 5406 ἐπὶ
2958 5350 3053 5404 τοῦ
3086 5346 3240 5403 Υίοῦ·
3271 5348 3305 5418 ἡ
3334 5347 3388 5399 δὲ
3426 5344 3639 5410 Ἀγᾱίπη»

440 5536 451 5551 λ
508 5547 551 5578 ⁸⁸
582 5549 598 5603 Ι
627 5548 789 5604 Joan.
823 5566 897 5617 Iv,
926 5550 981 5605 '5.

505 5729 616 5801 (49)
650 5729 785 5783 Dial.
822 5746 839 5785 ι
870 5730 963 5799 qui
995 5741 1047 5785 et
1073 5728 1375 5788 Athanasio
1412 5728 1691 5783 trihuitur.
