3916 6204
185 380 274 442 553

1162 382 1258 440 DE
1303 379 1720 439 PRINCIPIIS
1763 379 1970 436 FlDEl
1999 377 2466 437 C.\TUOLIC.'E.

3307 377 3411 441 554

186 500 267 550 ἐπὶ
302 495 398 549 τοῦ
422 494 762 564 Πνεύματος.
797 497 950 550 Κατὰ
980 498 1133 550 τοῦτο
1162 499 1255 551 καὶ
1280 498 1400 560 νοῦς
1429 499 1487 549 τὸ
1519 496 1736 565 Πνεῦμα

1850 495 1974 548 bntn
2003 511 2017 560 ;
2048 495 2279 548 alterum
2322 495 2386 546 de
2417 492 2648 561 Spiritu,
2714 489 2963 543 nimirum
2987 489 3225 544 cltaritas
3250 502 3303 544 et
3331 491 3416 544 di-

180 589 373 654 λέγοιτ’
407 589 473 642 ἂν
505 590 581 651 ῶς
613 589 774 652 Θεός’
811 591 885 654 ὡς
923 589 1034 660 ἔχει
1073 591 1134 643 τὸ
1173 591 1431 659 ᾀδόμενον
1469 590 1663 639 ἐκεῖνο.

551 848 634 901 Σὺ
659 847 793 916 ζωὴ,
821 849 988 914 ἔρως,
1016 846 1164 915 φῶς,
1187 846 1352 913 νοῦς.

248 941 519 1002 Ὡσαύτως
574 942 667 992 καὶ
722 943 749 992 6
804 939 949 1001 Υἱὸς.
998 940 1137 992 Ἀλλ’
1184 941 1244 992 οὐ
1302 941 1522 1008 λέγεται
1565 941 1735 1004 οὕτως

173 1033 512 1103 ἀναφορικῶς
566 1033 709 1084 κατά
756 1035 824 1083 τὰ
860 1035 998 1100 πρός
1030 1049 1105 1095 τι,
1141 1032 1282 1084 ὥστε
1339 1032 1432 1084 καὶ
1466 1033 1638 1100 Λόγον
1669 1033 1732 1085 ὲκ

175 1127 260 1178 τοῦ
294 1124 420 1177 Υίοῦ
454 1123 487 1194 ἢ
527 1126 589 1176 ὲκ
629 1123 723 1176 τοῦ
777 1123 1095 1191 Πνεῦματος
1130 1124 1399 1192 προιέναι.
1429 1124 1490 1176 El
1524 1125 1600 1194 μὴ
1627 1127 1736 1193 γὰρ

172 1219 334 1279 οὕτως
383 1213 473 1288 ἦν,
531 1217 682 1269 οὐδὲν
717 1215 955 1270 ἐκώλυεν
994 1218 1074 1280 εἰς
1127 1218 1298 1269 πολλὰ
1329 1210 1596 1287 πρόσωπα
1646 1218 1734 1268 τὸν

172 1309 260 1360 ἕνα
310 1308 441 1361 Θεὸν
476 1310 806 1378 προχωρεῖν,
860 1309 998 1378 ὅπερ
1050 1307 1128 1377 τῷ
1173 1309 1268 1377 τῆς
1329 1307 1557 1378 Τριάδος
1593 1308 1734 1376 λόγῳ

175 1398 532 1452 ἐναντιοῦται.
568 1401 686 1453 Καὶ
718 1401 828 1454 πᾶν
860 1400 889 1452 6
927 1401 1019 1452 τὸν
1044 1400 1142 1470 τῆς
1174 1397 1404 1469 Τριάδος
1433 1398 1466 1468 ἢ
1499 1397 1589 1452 τὸν
1637 1399 1734 1466 τῆς

174 1490 402 1554 Μονάδος
429 1490 652 1542 διασείει
683 1490 859 1558 λόγον,
884 1489 1270 1561 ἀπορῤιπτέον.

246 1581 518 1644 Ὡσαύτως
540 1583 567 1633 6
588 1583 723 1645 Θεὸς
744 1582 837 1635 καὶ
857 1583 1027 1650 Σοφία
1045 1582 1264 1649 λέγεται
1289 1581 1729 1649 ἀπολελυμένως’

171 1676 259 1727 καὶ
290 1676 345 1726 τὸ
389 1675 559 1742 ὄνομα
589 1673 750 1727 τοῦτο
782 1673 998 1744 ἀνάγκη
1041 1675 1218 1726 κοινὸν
1246 1669 1392 1726 εἶναι
1435 1675 1610 1744 Πατρὶ
1642 1675 1735 1726 κα)⁹

173 1763 305 1830 ﬁt},
348 1764 442 1817 καὶ
483 1764 547 1834 δὴ
585 1766 679 1817 καὶ⁸
719 1763 1018 1834 Πνεῦματι.
1062 1763 1127 1817 'H
1162 1765 1270 1836 γὰρ
1305 1764 1394 1818 διὰ
1428 1765 1522 1817 τοῦ
1561 1767 1733 1831 Λόγου

1848 584 2025 636 lectio.
2060 583 2159 636 Per
2199 587 2342 636 hunc
2375 583 2596 636 modum
2661 582 2822 636 etiam
2855 579 3093 650 Spiritus
3145 595 3297 636 mens
3316 581 3415 634 di-

1843 687 2020 736 catur,
2045 690 2106 726 ea
2141 676 2346 725 ratione
2374 688 2476 741 qua
2502 685 2584 727 est
2620 671 2760 726 Deus
2795 689 2806 725 :
2853 674 2992 726 velut
3013 682 3098 727 est
3131 673 3278 728 istud
3298 689 3416 728 mo-

1844 764 1978 816 dttli.

2300 849 2375 902 Tu
2406 849 2544 914 Vita,
2577 853 2755 915 Amor,
2795 851 2930 914 Lux,
2981 849 3148 906 Mem.

1914 939 2194 999 Similiter.
2228 942 2390 994 etiam
2424 939 2613 995 Filius.
2648 941 2763 996 Non
2792 952 2968 996 tamen
3011 945 3088 998 sic
3119 944 3282 1000 relate
3337 946 3420 1000 di-

1842 1032 2006 1096 citur,
2031 1041 2088 1086 ιιι
2111 1047 2172 1086 ea
2196 1047 2315 1099 qua:
2344 1043 2471 1085 sunt
2500 1035 2563 1084 ad
2592 1033 2799 1104 aliquid
2832 1052 2846 1098 ;
2885 1035 2955 1088 ita
2983 1036 3234 1090 nimirum
3273 1049 3334 1090 ut
3366 1049 3420 1090 et

1846 1120 2078 1191 Verbum
2108 1138 2172 1176 ex
2195 1121 2327 1175 Filio
2357 1125 2635 1192 procedat,
2669 1126 2746 1177 vel
2784 1141 2848 1176 ex
2877 1124 3110 1194 Spiritu.
3145 1127 3253 1183 Nisi
3273 1129 3417 1183 enim

1842 1213 1919 1266 sic
1942 1227 2001 1266 se
2052 1229 2136 1267 res
2159 1213 2399 1279 haberet,
2433 1226 2641 1268 vetaret
2672 1217 2799 1268 nihil
2835 1218 2965 1284 quin
2997 1232 3136 1271 unus
3177 1218 3320 1273 Deus
3366 1222 3417 1274 itt

1843 1303 2025 1370 plures
2088 1319 2352 1372 personas
2383 1306 2712 1373 procederet,
2743 1307 2886 1375 quod
2931 1309 3215 1364 Trinitatis
3253 1312 3419 1367 ratio-

1843 1395 1897 1447 ni
1920 1394 2258 1450 adversatur.
2291 1396 2556 1467 Quicquid
2592 1413 2718 1451 vero
2745 1399 2825 1451 vel
2851 1399 3154 1466 Trinitatis,
3185 1404 3264 1456 vel
3288 1403 3422 1459 Uni-

1847 1488 1973 1542 tatis
2004 1489 2271 1542 rationem
2321 1490 2606 1554 convellit,
2641 1492 2828 1558 procul
2865 1493 3267 1547 amandandum
3303 1505 3406 1548 est.

1913 1581 2175 1636 Similiter
2237 1580 2377 1636 Deus
2421 1581 2700 1650 Sapientia
2750 1585 2997 1638 absolute
3050 1585 3300 1648 dicitur;
3358 1601 3424 1640 ac

1845 1684 2067 1724 necesse
2091 1680 2176 1725 cst
2218 1670 2364 1724 lSltld
2403 1687 2595 1724 nomen
2621 1687 2907 1725 commune
2931 1687 3051 1726 esse
3075 1673 3216 1728 Patri
3249 1685 3301 1729 et
3334 1673 3422 1728 Fi-

1846 1763 1936 1824 lio,
1971 1777 2070 1816 nec
2095 1778 2202 1816 non
2232 1762 2394 1816 etiam
2427 1761 2675 1832 Spiritui.
2706 1761 2837 1828 Quae
2867 1765 3014 1818 enim
3049 1779 3144 1833 per
3184 1765 3419 1820 Verbum

168 1856 518 1924 ὲκλάμπουσα
575 1857 758 1924 σοφία,
808 1857 928 1926 ἥτις
963 1855 1151 1923 ,αὐτὸς
1190 1859 1218 1909 6
1276 1857 1447 1924 Λόγος
1497 1858 1733 1926 Earini)

1849 1853 2102 1922 sapientia
2136 1855 2334 1917 elucet,
2374 1869 2496 1921 quae
2551 1864 2634 1909 est
2691 1856 2867 1923 ipsum
2933 1853 3190 1922 Verbum,
3246 1856 3424 1913 Patris

169 1949 260 2000 τοῦ
312 1949 528 2018 Πατρός
579 1951 726 2002 ἐστιν
776 1950 956 2003 οὐσία.
1008 1948 1074 2001 Ἦ
1099 1950 1145 2001 δ’
1179 1949 1335 2002 οὐσία
1387 1949 1482 2001 τοῦ
1521 1949 1733 2019 Πατρὸς

169 2041 314 2109 αὐτῷ
343 2044 438 2095 καὶ
464 2043 538 2112 τῷ
569 2041 684 2112 Υίῷ
711 2047 828 2096 ἐστι
863 2044 1036 2112 κοινή.
1089 2042 1228 2096 Ἀλλ’
1255 2044 1406 2113 ὅμως
1443 2042 1734 2112 ἰδιαίτερόν

167 2149 282 2184 τινα
311 2134 511 2203 τρόπον
555 2116 870 2188 ’ἀποδίδοται
919 2133 996 2204 τῷ
1029 2134 1140 2204 Tn};
1181 2137 1213 2205 ἡ
1251 2135 1447 2203 σοφία·
1497 2137 1591 2188 καὶ
1636 2135 1734 2203 μία

166 2219 298 2276 οὖσα
318 2224 393 2294 τῷ
417 2224 638 2296 ἀριθμῷ
672 2225 856 2293 σοφία,
890 2225 964 2288 ὡς
993 2225 1232 2296 εἴρηται,
1265 2224 1359 2276 τοῦ
1405 2225 1613 2295 Πατρὸς
1642 2227 1735 2277 καὶ

168 2315 262 2368 τοῦ
295 2315 447 2380 Υίοῦ,
507 2318 658 2384 ὅμως
712 2319 814 2370 οὐκ
870 2318 1017 2370 ἔστιν
1049 2319 1081 2386 η
1117 2317 1434 2387 γεννωμένη
1485 2317 1648 2386 σοφία
1701 2319 1733 2387 ἡ

169 2406 306 2477 αὑτὴ
332 2410 397 2478 τῇ
426 2408 694 2482 γεννὼσῃ,
725 2408 926 2479 δηλαδὴ
953 2407 1096 2462 κατὰ
1123 2408 1183 2461 τὸ
1207 2409 1521 2475 γεννᾶσθαι.
1551 2409 1735 2461 Ταῦτα

168 2501 224 2552 δὲ
252 2501 345 2554 καὶ
381 2503 642 2572 πρότερον
681 2505 918 2573 είρηται.

244 2598 364 2649 Ὀτι
393 2597 451 2650 δὲ
497 2599 727 2664 είπομεν
757 2599 818 2652 τὸ
847 2599 942 2654 τοῦ
977 2601 1346 2669 Αὑγουστίνου
1383 2600 1736 2670 παράδειγμα

168 2685 233 2736 ὲκ
268 2685 360 2755 τῆς
408 2686 635 2758 Γραφῆς
664 2687 810 2756 ἔχειν
842 2690 940 2752 τὰς
989 2690 1315 2752 ἀποδείξεις,
1345 2688 1544 2757 ἀληθές
1577 2693 1692 2742 ἐστι
1721 2705 1736 2722 ·

168 2775 346 2847 πολλῷ
396 2779 506 2847 γὰρ
554 2777 721 2831 αὐτοῦ
775 2779 1039 2850 πρότερον
1086 2782 1120 2849 η
1171 2780 1292 2832 θεία
1344 2779 1533 2848 Γραφὴ
1579 2779 1737 2832 τοῦτό

171 2883 355 2934 φησιν,
389 2869 446 2919 ὲν
483 2861 564 2930 οἷς
611 2870 640 2921 6
672 2867 933 2937 Θεολόγος
975 2869 1230 2937 Ἰωάννης
1256 2868 1523 2922 διδάσκει.
1561 2862 1732 2930 Οὗτος

169 2959 280 3028 γὰρ
309 2957 495 3023 εἰπὼν,
541 2977 560 3010 t
625 2959 686 3013 '0
732 2959 862 3023 Θεὸς
909 2960 1124 3027 ’Λγάπη
1153 2962 1291 3020 ἐστὶ,
1354 2976 1374 3009 ι
1433 2959 1579 3011 δοκεῖ
1639 2959 1738 3026 μὲν

170 3048 340 3113 οὕτως
375 3051 560 3114 ἁπλῶς
604 3051 931 3123 ἀδιακρίτως
973 3054 1065 3104 τὸν
1098 3051 1230 3104 Θεὸν
1260 3052 1566 3122 εἰρηκέναι,
1600 3053 1736 3120 ὅπερ

1836 1947 2137 2001 substantia
2169 1958 2271 2002 est.
2300 1945 2476 2002 Patris
2499 1957 2676 2002 autem
2701 1948 3022 2011 substantia.
3049 1963 3144 2003 seu
3158 1952 3422 2013 essentia.

1846 2037 1947 2102 ipsi
2002 2036 2246 2107 Filioque
2277 2039 2588 2092 communis
2613 2048 2714 2094 est.
2748 2038 3086 2094 Peculiarius
3120 2051 3298 2096 tamen
3324 2040 3453 2095 S;t-~

1839 2128 2038 2194 pientia
2061 2130 2316 2184 tribuitur
2351 2129 2487 2183 Filio
2514 2147 2528 2194 ;
2553 2144 2789 2198 eumque
2815 2143 3178 2186 una'uumero
3209 2132 3300 2195 sit,
3347 2136 3422 2186 uti

1835 2219 2040 2272 dietum
2089 2231 2189 2282 est,
2218 2218 2390 2272 Patris
2419 2219 2646 2288 Filiique
2676 2221 2961 2288 sapientia,
2995 2236 3102 2274 non
3133 2232 3311 2277 tamen
3333 2238 3425 2291 ge-

1839 2307 1950 2360 nita
1977 2307 2243 2376 sapientia
2273 2310 2458 2363 eadem
2489 2319 2570 2362 est
2594 2320 2754 2378 atque
2777 2312 3028 2380 gignens,
3059 2312 3200 2378 quod
3228 2327 3420 2381 nempe

1836 2399 1901 2452 ad
1958 2398 2059 2452 hoc
2104 2399 2291 2451 attinet
2318 2402 2460 2464 quod
2505 2409 2587 2454 est
2648 2400 2880 2469 genitam
2942 2413 3080 2455 esse.
3117 2399 3232 2456 lloc
3296 2417 3423 2457 vero

1840 2495 2004 2546 etiam
2027 2504 2152 2546 ante
2185 2493 2391 2546 dictum
2418 2501 2524 2546 est.

1913 2583 2070 2648 Quod
2099 2598 2226 2639 vero
2249 2583 2487 2636 diximus
2554 2584 2840 2651 Augustini
2903 2588 3235 2656 exemplum.
3294 2603 3424 2641 suas

1840 2695 1903 2733 ex
1931 2680 2206 2751 Scriptura
2228 2681 2580 2750 probationes
2611 2681 2830 2736 habere.
2858 2697 3045 2736 verum
3077 2691 3179 2738 est.
3235 2681 3424 2752 Longe

1837 2773 1983 2826 enim
2017 2779 2142 2827 ante
2174 2771 2538 2842 Augustinum
2596 2771 2775 2827 divina
2831 2773 3109 2843 Scriptura
3145 2776 3249 2828 ltoc
3285 2775 3423 2828 dixit

1843 2866 1898 2918 in
1931 2862 2210 2919 Catholica
2237 2860 2464 2916 Joannis
2494 2860 2779 2932 Theologi.
2808 2864 2908 2916 llic
2963 2864 3108 2918 enim
3159 2864 3419 2918 dicendo:

1845 2976 1863 3008 ι
1879 2956 2019 3009 Deus
2041 2953 2289 3010 Charitas
2307 2962 2390 3008 est
2408 2953 2473 3018 ³⁵,
2488 2972 2506 3004 ι
2530 2954 2740 3008 videtur
2763 2955 2983 3024 quidem
3010 2955 3088 3009 sic
3107 2955 3428 3024 simpliciter

1839 3058 1886 3103 et
1917 3054 2126 3120 abSque
2161 3047 2511 3103 distinctione
2546 3045 2713 3100 Deum
2749 3047 2976 3111 dixisse,
3008 3064 3072 3101 ac
3101 3050 3146 3101 si
3194 3050 3424 3111 diceret,

169 3141 230 3195 ἂν
280 3143 482 3212 ἔλεγεν,
519 3129 735 3215 ἀληθῶς
787 3144 854 3198 ἀν
885 3139 1028 3208 εἷπε,
1065 3143 1357 3214 σύμφωνον
1413 3144 1520 3214 γὰρ
1581 3143 1736 3196 τοῦτο

1849 3160 1970 3200 vere
2003 3157 2127 3198 eum
2173 3140 2398 3196 dixisse.
2423 3138 2699 3193 Consonat
2731 3138 2874 3192 enim
2913 3141 3014 3192 boc
3043 3141 3318 3192 communi
3357 3142 3427 3194 de

168 3238 229 3304 τῇ
261 3238 411 3306 κοινῇ
446 3237 578 3306 περὶ
607 3235 742 3289 Θεοῦ
779 3236 905 3306 δόξῃ
924 3253 938 3268 ο
971 3237 1135 3299 αὐτὸς
1161 3237 1268 3307 γάρ
1297 3236 1412 3289 ἐστι
1434 3237 1522 3290 καὶ
1549 3237 1736 3306 ἀγάπη

1849 3237 1936 3291 Dei
1965 3232 2376 3291 existimationi.
2407 3231 2530 3300 Ipse
2561 3232 2706 3284 enim
2740 3229 3063 3308 etocbar'ttas
3095 3241 3150 3284 et
3209 3233 3429 3299 sapieuo

167 3327 258 3378 καὶ
284 3325 447 3394 σοφία
479 3330 574 3380 καὶ
604 3329 711 3382 πᾶν
748 3330 954 3397 ἀγαθόν
974 3345 989 3361 ο
1019 3330 1169 3400 ὅμως
1209 3327 1537 3400 βουλόμενος
1567 3329 1741 3383 καθα-

168 3415 402 3486 ρώτερον
451 3419 553 3488 τὴν
616 3420 809 3473 ἑαυτοῦ
870 3419 1100 3490 γνώμην
1156 3420 1414 3490 ἐκφῆναι,
1486 3420 1545 3474 ὃν
1607 3422 1741 3474 Θεὸν

166 3509 595 3581 ἀπροδιορίστως
645 3506 799 3564 εἶπεν
848 3513 1120 3582 Ἀγάπην,
1161 3512 1348 3566 τοῦτον
1396 3515 1486 3566 καὶ
1535 3516 1601 3566 ὲκ
1643 3512 1738 3565 τοῦ

167 3598 296 3652 Θεοῦ
331 3598 473 3655 εἶναι
524 3602 902 3673 προστίθησιν.
952 3601 1140 3674 Εἰπὼν
1173 3605 1304 3676 γὰρ,
1347 3623 1364 3656 ι
1419 3605 1738 3675 Ἀγαπητοὶ,

165 3693 471 3762 ἀγαπῶμεν
527 3686 816 3764 multum,
866 3695 949 3747 ὅτι
1004 3697 1036 3763 ὴ
1087 3696 1278 3764 ἀγάπη
1337 3697 1402 3748 ἐκ
1459 3695 1555 3748 τοῦ
1602 3693 1739 3747 Θεοῦ

165 3783 333 3848 ἐστιν,
375 3803 396 3834 ι
433 3784 657 3853 ὲπάγει,
695 3802 713 3835 ι
755 3784 866 3838 Καὶ
900 3786 1008 3848 πᾶς
1045 3787 1073 3838 6
1104 3785 1336 3854 ἀγαπῶν
1367 3788 1434 3839 ὲκ
1460 3785 1555 3840 τοῦ
1603 3783 1739 3839 Θεοῦ

164 3873 495 3942 γεγέννηται
527 3887 542 3902 ’
582 3891 601 3924 ι
642 3875 705 3926 ἐκ
763 3871 967 3926 τούτων
995 3873 1262 3942 ἐδήλωσεν
1313 3875 1506 3928 ἑαυτὸν
1573 3877 1740 3944 αὐτὴν

166 3963 450 4031 εἰρηκέναι
492 3963 745 4032 Ἀγάπην
794 3962 885 4018 τὸν
916 3963 1071 4028 Θεὸν,
1107 3965 1172 4036 ἣν
1203 3967 1270 4019 ὲκ
1306 3964 1398 4018 τοῦ
1429 3965 1563 4017 Θεοῦ
1594 3962 1737 4020 εἷπε.

164 4052 290 4116 Θεὸς
310 4053 409 4106 οὖν
439 4056 502 4106 ὲκ
534 4052 671 4106 Θεοῦ
695 4057 842 4107 ἐστιν
867 4057 900 4125 ή
945 4056 1180 4128 ’Δγάπη.
1218 4053 1351 4109 Εἷπε
1393 4060 1522 4126 γάρ,
1556 4076 1574 4109 ι
1617 4058 1739 4110 Ὅτι

165 4143 191 4192 ι
213 4143 347 4208 Θεὸς
402 4146 625 4214 Ἀγάπη
649 4146 788 4212 ἐστὶ,
822 4164 840 4198 ι
875 4147 990 4215 καὶ,
1034 4165 1054 4200 ι
1087 4148 1262 4216 Ὀτιή
1304 4148 1518 4219 ’Λγά..η
1556 4151 1616 4201 ἐκ
1644 4148 1740 4202 τοῦ

165 4232 290 4286 Θεοῦ
333 4239 460 4288 ὲοτι
486 4253 500 4266 ·
561 4253 580 4286 ι
634 4240 749 4302 καὶ,
792 4257 809 4289 t
855 4237 978 4290 Ὅτι
1019 4240 1047 4292 6
1096 4239 1325 4306 ἀγαπῶν
1369 4241 1433 4293 ὲκ
1470 4240 1564 4294 τοῦ
1603 4239 1738 4293 Θεοῦ

162 4330 516 4400 γεγέννηται.
578 4349 596 4380 ι
648 4331 771 4394 [Ιῶς
811 4331 865 4386 δὲ
903 4335 1160 4402 γεννᾶται
1193 4337 1220 4384 6
1252 4334 1486 4402 ἀγαπῶν
1539 4338 1604 4386 ἐκ
1644 4335 1739 4387 τοῦ

160 4419 318 4482 Θεοῦ,
357 4421 505 4490 μετά
537 4423 733 4490 μικρὸν
756 4423 890 4491 ἐρεῖ.
925 4421 1090 4477 Ἀλλὰ
1117 4421 1200 4486 τὸ,
1228 4440 1246 4474 ι
1275 4423 1411 4485 Θεὸς
1440 4427 1503 4476 ἐκ
1525 4423 1684 4488 Θεοῦ,
1711 4442 1731 4474 ι

1844 3331 1915 3384 tia
1941 3337 1997 3384 et
2021 3341 2181 3383 omne
2213 3327 2416 3380 bonum
2443 3323 2689 3377 exsistit.
2742 3320 2936 3376 Volens
2986 3331 3167 3378 tamen
3223 3325 3429 3378 clarius

1843 3431 2073 3476 mentem
2101 3433 2257 3474 suam
2293 3416 2527 3487 aperire,
2557 3428 2718 3482 quem
2756 3413 2920 3467 Deum
2976 3414 3290 3472 indistincte
3343 3417 3430 3470 di-‘

1845 3521 1994 3566 serat
2024 3509 2370 3570 cltaritatem,
2402 3518 2528 3560 eum
2560 3501 2724 3558 etiam
2751 3519 2814 3556 ex
2835 3502 2943 3558 Deo
2976 3520 3097 3560 esse
3148 3505 3422 3577 adjungit.

1846 3603 1996 3658 Dicto
2018 3596 2579 3662 enitnthharissimi,
2635 3595 2925 3663 diligamus
2994 3597 3248 3664 invicem,
3295 3601 3424 3669 quia

1841 3696 2073 3750 cltaritas
2090 3708 2153 3746 ex
2187 3690 2293 3767 Deo
2317 3697 2402 3744 est
2428 3707 2477 3753 ,ι
2523 3687 2720 3754 adjecit
2747 3703 2792 3738 τι
2830 3686 3084 3746 Etotttnis
3111 3691 3202 3759 qui
3225 3691 3430 3761 dilig't-

1841 3805 1906 3843 ex
1941 3788 2050 3842 Deo
2079 3794 2239 3839 natus
2261 3779 2668 3848 estuaouibus
2699 3781 2890 3832 ostend
2919 3790 2958 3844 t,
2993 3797 3110 3837 eam
3140 3799 3199 3838 se
3237 3786 3424 3839 ebari-

1841 3890 2005 3935 tatem
2038 3878 2205 3932 Deum
2229 3875 2455 3939 dixisse,
2488 3887 2650 3943 quam
2675 3888 2739 3929 ex
2777 3874 2888 3928 Deo
2909 3873 3138 3929 dixerat.
3181 3875 3273 3928 Est
3325 3877 3427 3948 igi-

1842 3985 1928 4028 tur
1952 3971 2212 4032 Charitas,
2243 3969 2460 4022 Deusex
2499 3965 2630 4020 Deo.
2668 3968 2758 4022 Ait
2801 3967 2947 4022 enim
2981 3985 2994 4020 :
3037 3983 3056 4016 ι
3099 3965 3252 4032 Quoi
3284 3965 3424 4024 Deus

1841 4077 1923 4120 est
1955 4065 2248 4127 charitas,o
2279 4073 2364 4116 et:
2394 4062 2578 4126 «ωηο-ι
2603 4063 2842 4115 Charitas
2873 4077 2937 4114 ex
2958 4061 3066 4114 Deo
3083 4071 3221 4119 est.»
3252 4064 3427 4116 acde-

1843 4158 2003 4227 niqtte
2030 4157 2214 4222 «Quod
2239 4155 2328 4224 qni
2351 4153 2542 4222 diligit,
2578 4169 2640 4205 ex
2668 4152 2776 4206 Deo
2842 4160 3002 4205 natus
3033 4151 3424 4217 eleQuonaut

1845 4265 1972 4302 vero
2003 4248 2184 4310 modo,
2217 4246 2261 4300 is
2303 4246 2394 4314 qui
2429 4245 2605 4314 diligit
2655 4261 2719 4298 ex
2783 4243 2891 4298 Deo
2949 4256 3207 4297 nascatur
3263 4245 3426 4313 paulo

1845 4351 1963 4408 poSt
1998 4339 2150 4394 dicit.
2188 4335 2384 4391 Verum
2417 4337 2568 4400 illud,
2606 4335 2781 4390 «Deus
2807 4350 2869 4388 ex
2917 4335 3056 4387 Deo»
3101 4351 3243 4388 nosse
3277 4353 3338 4389 ex
3370 4354 3428 4390 aa

1847 4434 1997 4501 liquo
2041 4429 2332 4498 signiﬁcat.
2391 4427 2445 4481 ιιι
2503 4443 2629 4482 vero
2698 4426 2846 4481 Patri
2901 4428 3421 4497 tninitnecongruit,

158 4510 215 4560 τὸ
252 4505 409 4563 εἶναι
474 4511 539 4564 ἐκ
575 4528 720 4575 τινος
752 4512 922 4580 δηλοῖ.
985 4511 1155 4566 Τοῦτο
1196 4513 1253 4566 δὲ
1303 4515 1382 4584 τῷ
1438 4516 1608 4586 Πατρὶ
1643 4516 1736 4585 οὑχ

1849 4525 2046 4593 quippe
2069 4536 2191 4574 cum
2221 4519 2480 4571 immunis
2505 4533 2532 4570 a
2564 4533 2727 4571 causa
2752 4517 2864 4581 sit;
2895 4516 2995 4569 hoc
3027 4527 3128 4576 est.
3191 4532 3219 4569 τι
3277 4534 3346 4571 ntt
3373 4519 3425 4572 lo

157 4600 438 4670 ἁρμόζειο
473 4604 715 4665 ἀναίτιος
750 4605 857 4673 γάρ
886 4607 1001 4657 ἐστι
1024 4619 1036 4633 ·
1075 4605 1355 4658 τουτέστιν
1387 4606 1478 4659 ἀπ’
1508 4607 1744 4671 οὐδενός.

158 4694 432 4746 Aetna-rat
459 4695 492 4763 ἢ
532 4696 612 4766 τῷ
643 4695 754 4762 Υἱῴ
782 4694 813 4764 ἦ
849 4696 922 4765 τῷ
955 4696 1094 4767 ἁγίῳ
1118 4697 1394 4767 Πνεῦματι
1423 4700 1742 4768 προσήκειν.

169 4786 334 4839 Ἀλλά
386 4787 503 4854 μὴν
546 4786 623 4856 τῷ
655 4786 797 4858 ἁγίῳ
833 4786 1109 4857 Πνεύματι
1141 4788 1299 4840 τοῦτο
1352 4789 1706 4858 προστίθησιν
1728 4805 1742 4820 ο

157 4873 318 4942 δῆλον
383 4877 474 4931 δέ.
548 4875 776 4946 Ἐφεξῆς
842 4877 948 4944 γὰρ
1015 4875 1114 4946 τὴν
1173 4877 1396 4946 ἀγάπην
1461 4876 1554 4930 τοῦ
1608 4877 1744 4931 Θεοῦ

156 4971 520 5042 ἀναμνήσας,
553 4973 614 5024 οὐ
651 4971 777 5026 καθ’
820 4974 886 5044 ἢν
940 4974 1098 5042 ἡμεῖς
1144 4973 1326 5038 αὑτὸν,
1361 4973 1493 5026 ἀλλὰ
1529 4973 1649 5027 καθ’
1677 4969 1746 5043 ἢν

159 5064 458 5133 ἠγάπησεν
513 5067 682 5135 ἡμᾶς,
723 5083 742 5116 ι
797 5064 1108 5118 Ἀπέστειλε
1159 5065 1248 5117 τὸν
1306 5065 1432 5117 Υίὸν
1483 5064 1672 5128 αὐτοῦ,
1720 5083 1740 5116 ι

157 5158 347 5222 φησὶν,
419 5175 441 5207 ι
509 5157 736 5225 ἱλασμὸν
786 5156 928 5220 ὑπὲρ
973 5157 1079 5208 τῶν
1131 5156 1419 5226 ἁμαρτιῶν
1476 5157 1654 5226 ἡμῶν.
1720 5177 1737 5208 ι

173 5245 477 5298 Ἐντεῦθεν
512 5239 714 5309 ἐδίδαξε
752 5249 868 5301 πῶς
900 5246 992 5297 καὶ
1022 5247 1185 5315 ἡμεῖς
1211 5247 1475 5318 ἀλλήλους
1515 5249 1748 5313 ἀγαπῶ-

164 5351 260 5402 μεν
285 5351 301 5365 ο
341 5335 617 5404 ἀλλήλους
653 5335 710 5387 δὲ
733 5335 1080 5403 ἀγαπῶντες,
1106 5339 1132 5389 6
1158 5337 1288 5400 Θεὸς
1314 5339 1371 5391 ὲν
1396 5339 1525 5408 ἡμῖν
1558 5341 1711 5407 μένει
1730 5354 1746 5372 ο

161 5429 255 5480 καὶ
310 5428 726 5498 ἀντιστρόφως,
768 5430 858 5480 τὸν
901 5429 1034 5481 Θεὸν
1090 5430 1435 5497 ἀγαπῶντες,

159 5521 515 5591 ἀγαπῶμεν,
537 5523 628 5575 καὶ
653 5519 825 5583 οὕτως
852 5522 907 5573 ὲν
927 5522 1004 5591 τῷ
1027 5521 1144 5591 Θεῷ
1175 5522 1430 5589 μένομεν.
1477 5521 1748 5575 Ἐννοιῦν-

163 5631 248 5675 τες
270 5615 384 5683 γὰρ
403 5612 608 5668 ὁπόσον
628 5615 657 5666 6
675 5612 808 5676 Θεὸς
822 5613 1105 5681 ἠγάπησεν
1124 5615 1290 5684 ἡμᾶς,
1308 5615 1749 5685 ἐπιστρεφόμεῦα

1488 5430 1751 5498 ἀλλήλους

236 5799 282 5828 ³⁵
312 5798 329 5850 Ι
365 5795 547 5849 Joan.
589 5810 662 5859 tv,
704 5795 756 5848 8.
836 5795 879 5824 ³⁵
938 5797 1064 5851 ibid.
1105 5798 1155 5852 7.
1235 5799 1276 5830 ³⁷
1313 5797 1445 5851 ibid.
1480 5797 1566 5850 Ill.

428 5895 714 5955 ΡΑτιιυι..
753 5892 868 5953 Gn.
929 5897 1096 5958 CLII.

1849 4629 1965 4668 esse
2006 4609 2216 4664 habeat.
2265 4605 2526 4674 Superest
2553 4606 2718 4674 igitur
2746 4615 2803 4657 ut
2832 4605 2918 4658 vel
2952 4603 3091 4658 Filio
3128 4607 3207 4659 vel
3247 4603 3423 4676 Spiri-

1853 4704 1927 4758 tui
1969 4710 2161 4755 Sancto
2189 4696 2506 4751 conveniat.
2539 4697 2702 4765 Atqui
2737 4694 2968 4764 Spiritui
2999 4706 3196 4751 sancto
3226 4698 3276 4752 id
3331 4715 3422 4754 as-

1851 4793 2028 4846 (τίθη.
2065 4794 2142 4844 Ac
2169 4789 2360 4858 liquet.
2391 4787 2758 4857 Sequentibus
2799 4787 2946 4840 enim
2970 4786 3110 4840 facta
3150 4790 3424 4845 mentione

1855 4883 1945 4938 Dei
1981 4880 2313 4941 dilectionis,
2346 4893 2453 4932 non
2483 4893 2586 4948 qua
2623 4893 2721 4931 nos
2772 4891 2899 4932 eum
2957 4879 3270 4948 diligamus,
3327 4882 3419 4936 sed

1851 4971 2314 5044 quaipsedilexit
2349 4967 2660 5023 nosuMisit
2727 4967 2928 5022 Filium
2983 4985 3164 5031 suum,
3220 4972 3420 5040 inquit,

1853 5064 2288 5136 propitiatiouem
2318 5076 2414 5132 pro
2451 5061 2686 5129 peccatis
2717 5063 2940 5116 nostris.
2964 5063 3039 5115 ³ἰ
3074 5061 3212 5118 Hinc
3238 5065 3424 5119 docuit

1849 5169 1902 5213 et
1930 5157 2170 5219 modum,
2205 5169 2314 5223 quo
2346 5168 2442 5206 nos
2468 5153 2696 5206 invicem
2729 5151 3016 5220 diligamus
3041 5172 3053 5207 ε
3088 5169 3154 5210 ac
3181 5156 3325 5223 qttod
3346 5156 3426 5210 sic

1849 5251 2138 5320 diligamus
2164 5249 2325 5299 Deum
2351 5247 2400 5298 in
2426 5245 2820 5298 nobismanerc
2846 5259 2862 5308 ;
2891 5245 3239 5317 vicissimque
3258 5250 3424 5304 Deum

1850 5342 2160 5410 diligentes,
2200 5337 2432 5390 invicem
2485 5336 2709 5406 diligere
2759 5344 2923 5405 atque
2985 5338 3038 5392 in
3079 5354 3147 5394 eo
3181 5356 3424 5398 manere.

1853 5431 2168 5501 Cogitantes
2263 5429 2407 5481 enim
2476 5438 2742 5497 quantum
2818 5443 2918 5482 nos
2958 5429 3099 5484 Deus
3160 5434 3430 5490 dilexerit

1855 5522 2224 5578 convertimur
2254 5530 2311 5572 ttt
2341 5534 2464 5573 cum
2500 5520 2762 5586 vicissim,
2793 5517 3004 5592 aliique
3031 5526 3169 5580 alios
3233 5527 3432 5595 diliga-

1863 5631 2001 5670 mus.
2044 5611 2156 5667 Nun
2189 5613 2332 5668 enitr.
2363 5610 2478 5667 lieri
2513 5622 2711 5682 potest,
2775 5617 2946 5688 utqui
3009 5617 3179 5672 Drutn
3229 5618 3432 5690 diligit,

3039 5892 3108 5953 18
