3916 6204
504 328 626 391 Ἑῦἶ
1562 360 1565 363 ‘
1764 339 2060 408 'MANUE

2170 354 2519 417 SCALECE

520 460 1111 516 rnmqttenuneupatnr
1142 469 1151 502 :
1188 450 1434 518 quodque
1494 454 1716 507 viriliter
1741 471 1805 507 ae
1863 460 2057 513 fortiter

2196 467 2252 515 τὸ
2277 467 2542 536 ἀνδρείως
2573 473 2794 542 ἀνδρία’
2835 478 2926 530 καὶ
2966 482 3085 534 καθ’
3113 484 3233 538 ὅλου
3288 488 3343 541 τὸ

521 534 779 591 fnrtitulo
824 555 925 593 :ac
956 542 1270 603 universim,
1304 544 1497 607 virtus,
1548 562 1666 615 quze
1702 548 1926 604 honeste
1951 553 2085 603 linnt

454 666 459 685 ,η
518 646 692 696 exque
727 629 941 682 virtutis
981 633 1208 685 ratione.
1239 632 1545 689 Secundum
1583 637 1727 691 hunc
1763 640 1943 705 itaque
1972 659 2083 692 mo—

517 723 666 782 dum.
699 726 862 775 etiam
907 725 1048 790 quod
1105 724 1381 791 sapienter
1431 726 1766 797 intelligitur,
1818 734 2078 798 sapientia

463 806 794 881 ⁷ιλυλιιειιθιιι
834 825 1189 883 ntnicnpatnr.
1257 817 1499 887 Hincque
1523 819 1656 873 adeo
1716 823 2005 889 Apostolus
2068 843 2081 877 :

522 906 827 959 «Christum
864 905 952 959 Dei
979 906 1342 976 Sapirntiarm
1379 912 1701 979 appellat”,
1741 911 2073 982 Sapientiam

517 1012 695 1066 itaque
727 999 777 1050 in
807 997 913 1051 Deo
947 999 1190 1052 tlicatntls
1214 1016 1430 1056 necesse
1451 1012 1554 1068 est,
1612 1012 1880 1071 quatenus
1934 1008 2079 1073 seip-

517 1104 634 1140 snm
668 1088 969 1156 cognoscit,
1005 1088 1094 1141 sed
1131 1105 1225 1156 per
1256 1105 1409 1144 snam
1448 1092 1708 1145 duntaxat
1740 1096 2033 1148 essentiam
2061 1113 2072 1146 :

520 1178 693 1233 «Deus
738 1181 905 1243 enim,
940 1181 1134 1251 inquit,
1171 1182 1280 1248 ipse
1305 1184 1512 1250 seiputn
1545 1199 1606 1237 ex
1644 1187 1799 1238 beata
1830 1202 1925 1239 sua
1988 1202 2076 1240 es-

512 1273 684 1325 sentia
720 1273 1052 1341 cognomini
1083 1275 1171 1325 Dei
1199 1272 1528 1341 Sapientiam
1560 1276 1796 1329 habitum
1828 1278 2073 1332 esseim-

515 1365 770 1430 possibile
804 1372 883 1418 est
913 1382 928 1429 ;
961 1368 1049 1417 sed
1084 1376 1165 1419 est
1190 1368 1309 1434 ejus
1341 1367 1594 1420 essentia.
1619 1368 1804 1436 Neque
1821 1372 1962 1423 enim
1986 1386 2076 1425 res

516 1456 736 1521 patitur,
766 1455 969 1524 aliquid
1006 1473 1111 1509 non
1138 1471 1264 1510 vere
1310 1458 1598 1524 exsistens,
1652 1469 1744 1513 aut
1820 1462 2060 1516 accidens

2184 1470 2354 1564 αὑτῶ.
2389 1474 2557 1538 Αὐτὸς
2587 1477 2663 1543 δὲ,
2689 1481 2716 1531 ό
2745 1455 2854 1550 τῆς
2875 1455 3072 1553 Σοφίας
3100 1487 3271 1555 Λόγος
3295 1455 3350 1543 ἓν
3378 1493 3449 1563 τῷ
3469 1455 3576 1564 Gai];
3600 1455 3697 1549 Gul;

517 1549 567 1600 in
601 1546 709 1600 Deo
734 1549 862 1602 dici.
894 1548 1073 1614 Ipsum
1099 1563 1257 1614 porro
1278 1550 1329 1602 in
1351 1551 1455 1602 Deo
1478 1560 1793 1619 conceptum
1833 1552 2060 1621 Sapien-

2798 1546 2809 1550 ν
2957 1546 2968 1553 υ
3189 1546 3200 1555 -
3252 1546 3267 1551 '
3424 1551 3434 1563 ο
3552 1546 3563 1564 ⁸
3604 1546 3641 1549 ’ἡ

2183 1561 2411 1630 ληφθεὶς
2441 1568 2749 1638 φανέρωσις
2802 1575 2887 1637 τίς
2922 1578 3036 1632 ἐστι
3090 1586 3188 1653 τῆς
3229 1587 3320 1640 τοῦ
3355 1591 3579 1652 νοοῦντος
3618 1594 3698 1644 Σο·

516 1642 600 1693 lite
632 1639 889 1703 Verbum,
926 1640 1044 1709 ejus
1074 1640 1164 1708 qui
1196 1639 1448 1710 intelligit
1514 1640 1805 1710 Sapientia:
1849 1644 2060 1698 manife'

2184 1652 2309 1744 φίας
2338 1671 2352 1685 ·
2382 1655 2573 1726 ὥσπερ
2602 1664 2695 1713 καὶ
2730 1664 2784 1716 αἱ
2809 1666 2864 1717 ὲν
2899 1668 3029 1737 ἡμῖν
3080 1639 3254 1729 πᾱίσαι
3308 1639 3576 1744 ἕξεις
3612 1639 3701 1733 τῶν

518 1734 680 1786 statio
714 1731 965 1793 exsistit,
995 1731 1069 1785 uti
1106 1748 1164 1786 se
1193 1747 1276 1787 res
1309 1733 1467 1786 habet
1493 1734 1542 1786 in
1568 1735 1747 1796 nobis,
1778 1737 1917 1804 apud
1939 1752 2060 1804 quos

2183 1743 2478 1813 ἐνεργειῶν
2504 1751 2886 1820 φανεροῦνται.
2912 1731 3002 1810 de?
3028 1762 3137 1832 γὰρ
3179 1765 3286 1818 ἀπὸ
3311 1731 3412 1819 τῶν
3426 1731 3699 1836 Statii-flat};

510 1825 723 1879 Labitns
764 1836 951 1876 omnes
1006 1822 1563 1904 manifestantnrper
1619 1836 1788 1880 actus.
1847 1828 2060 1884 Necesst

2184 1839 2558 1928 τραγμάτων,
2590 1841 2663 1905 ὡς
2693 1843 2759 1896 δι’
2790 1822 3205 1918 ὑποδειγμάτων
3228 1858 3492 1928 ἀμυδρῶν,
3524 1822 3700 1913 ιπῖτδε)

3605 386 3691 450 560

3394 495 3499 546 κατ’
3530 500 3693 570 ἀρετὴν

2196 559 2384 627 ἀρετή.
2425 564 2579 618 Κατὰ
2608 569 2794 621 τοῦτον
2829 573 3005 626 τοίνυν
3031 575 3121 628 τὸν
3148 579 3335 646 τρόπον
3357 587 3440 636 καί
3469 588 3519 641 τὸ
3547 597 3691 659 σοφῶς

2197 666 2484 718 νοοῦμενον
2517 663 2677 723 σοφία
2705 662 2848 725 τινὸς
2881 666 3118 731 λέγεται.
3155 670 3310 722 Ὀοεν
3337 676 3362 726 δ
3426 677 3694 746 Ἀπόστολος

2198 743 2347 839 ι’τὺν
2383 745 2617 811 Χριστὸν
2646 748 2780 804 Θεοῦ
2812 755 3012 822 Σοφίαν
3068 761 3336 830 ὀνομάζει.
3376 786 3392 818 ι
3431 743 3696 839 Σοφίανμὲν

2192 828 2284 882 οὖν
2312 836 2405 885 ἐπὶ
2428 837 2562 890 Θεοῦ
2590 840 2849 908 λέγεσθαι
2882 848 3115 917 ἀνάγκη,
3165 828 3301 906 ’καθὸ
3348 828 3524 913 ἑαυτὸν
3564 828 3696 928 γινώ·

2190 939 2312 976 σκει
2338 942 2350 953 ·
2387 925 2503 977 ἀλλ’
2541 931 2665 983 ἐπεὶ
2702 934 2893 986 ἑαυτὸν
2922 938 2981 988 οὐ
3011 938 3079 991 δι’
3118 941 3303 1011 ἑτέρου
3356 946 3517 1008 εἴδους
3568 925 3698 1018 γιπιώο

2190 1030 2329 1075 σκει,
2382 1017 2515 1070 ἁ).λά
2539 1020 2627 1073 διὰ
2674 1022 2843 1092 μόνης
2892 1027 2992 1094 τῆς
3039 1030 3232 1083 ἑαυτοῦ
3256 1035 3452 1097 οὐσίας.
3482 1041 3570 1094 «Ὀ
3611 1048 3697 1113 γὰρ

2189 1102 2341 1167 Θεὸς,
2377 1124 2393 1156 ι
2433 1110 2615 1175 φησὶν,
2665 1129 2683 1162 ι
2719 1112 2881 1177 αὐτὸς
2907 1115 3100 1169 ἑαυτὸν
3133 1122 3386 1187 γινώσκει
3424 1131 3478 1179 ὲκ
3504 1130 3589 1199 τῆς
3618 1102 3700 1199 μα.-

2190 1198 2388 1266 καρίας
2417 1202 2603 1264 οὐσίας
2635 1205 2801 1257 αὐτοῦ
2832 1224 2845 1237 ·
2883 1226 2900 1259 ι
2932 1211 3031 1279 τὴν
3063 1212 3155 1264 τοῦ
3187 1214 3317 1267 Θεοῦ
3378 1217 3561 1283 Σοφίαν
3605 1224 3698 1285 ἕξιν

2192 1283 2331 1341 εἶναι
2366 1292 2659 1347 ἀδύνατον
2694 1297 2808 1350 ἀλλ’
2842 1299 2991 1353 ἔστιν
3019 1303 3049 1370 ἡ
3081 1304 3238 1356 οὐσία
3264 1308 3438 1363 αὐτοῦ,
3477 1312 3595 1363 Οὐδὲ
3614 1283 3700 1380 γδρ

2186 1381 2557 1435 ἀνυπόστατόν
2598 1403 2649 1438 τι
2685 1387 2716 1455 ἢ
2770 1392 3118 1462 συμϐεϐηκὸς
3184 1396 3444 1468 ἐνδέχεται
3474 1404 3627 1469 λέγειν
3655 1410 3701 1459 ἐν

503 1918 646 1969 enim
673 1925 754 1970 est
789 1923 845 1968 ut
872 1914 1018 1969 velut
1042 1930 1134 1983 per
1158 1916 1388 1970 obscura
1419 1922 1665 1985 quaedam
1696 1921 1964 1988 exempla,
2008 1938 2074 1975 ex

506 2007 760 2063 Immanis
786 2007 949 2060 rebus
981 2006 1045 2060 ad
1082 2007 1246 2060 Deum
1294 2008 1683 2063 subvehantur.

571 2098 709 2164 Quia
771 2098 934 2167 igitur
976 2097 1243 2166 sapientia
1284 2099 1451 2151 etiam
1506 2099 1595 2152 lux
1641 2100 1970 2169 appellatur,
2019 2101 2070 2154 in

503 2198 761 2259 quantum
792 2190 844 2243 in
878 2190 1020 2242 clara
1060 2190 1303 2244 scicntia:
1332 2192 1646 2258 operatione
1680 2199 1916 2259 aetuque
1946 2208 2073 2247 con-

504 2283 688 2348 sistit;
726 2282 865 2337 lucis
898 2297 1025 2336 vero
1060 2281 1455 2347 manifestatio,
1505 2282 1626 2351 ejus
1663 2283 1920 2351 splendor
1964 2292 2069 2348 est,

503 2386 556 2430 et
586 2392 651 2431 ex
674 2377 762 2431 illa
793 2376 1055 2444 procedit,
1088 2376 1253 2431 etiam
1285 2375 1483 2431 divinae
1513 2377 1791 2446 sapientia:
1832 2378 2067 2432 Verbum

505 2469 897 2522 conuenienter
943 2468 1083 2522 lucis
1133 2468 1387 2536 splendor
1442 2468 1754 2522 nominatur
1810 2471 2070 2538 quemad-

506 2560 727 2615 modum
780 2560 1076 2628 Apostolus
1121 2560 1187 2615 de
1238 2559 1375 2614 Filio
1426 2560 1557 2614 dicit
1593 2578 1604 2612 :
1645 2578 1663 2612 ι
1706 2560 1962 2626 Quicum
1999 2562 2069 2616 sit

500 2650 759 2721 splendor
824 2650 1006 2720 gloriae
1036 2651 1102 2703 “.
1147 2670 1163 2701 ι
1233 2648 1386 2705 Unde
1435 2651 1599 2705 etiam
1654 2649 1845 2716 Filius,
1894 2650 2068 2706 Patris

496 2742 988 2797 manifestationem
1042 2742 1143 2797 sibi
1199 2743 1313 2812 ipse
1361 2742 1550 2797 tribuit
1588 2742 1773 2796 dicens
1826 2760 1839 2795 :
1903 2760 1919 2793 ι
1963 2741 2065 2796 Pa-

496 2848 597 2902 ter,
636 2836 975 2890 tnauifestavi
1013 2851 1207 2891 nomen
1238 2845 1388 2890 tuum
1421 2836 1735 2890 hominibus
1774 2835 1839 2888 “.
1879 2854 1897 2887 ι
1935 2838 2067 2901 Quae

494 2927 660 2982 etiam
702 2929 753 2981 in
787 2936 1096 2982 creaturam
1136 2929 1275 2982 dona
1322 2939 1451 2982 sunt
1481 2944 1543 2983 ac
1583 2928 1791 2987 effecta.
1826 2928 2066 2983 inveniet

492 3022 618 3089 quis
659 3020 796 3074 Filio
846 3037 909 3074 ac
961 3021 1184 3089 Spiritui
1231 3030 1420 3075 sancto
1474 3038 1499 3073 a
1546 3021 1727 3075 divina
1781 3021 2062 3089 Scriptura

493 3113 768 3179 adscribi;
818 3112 974 3166 alteri
1019 3110 1259 3179 quidem,
1300 3127 1361 3167 ea
1416 3114 1624 3168 ratione
1668 3128 1773 3183 qua
1824 3111 2057 3168 Verbum
2089 3134 2131 3192 ο

487 3216 574 3261 est
598 3224 611 3273 ;
639 3206 815 3274 alteri,
838 3222 942 3275 qua
978 3203 1202 3260 Dilectio
1242 3215 1295 3260 et
1324 3204 1574 3262 Charitas
1599 3206 1835 3263 exsistit.

563 3299 680 3350 Hoc
728 3298 1007 3351 enimvero
1048 3295 1396 3351 manifestum
1444 3307 1548 3360 est,
1601 3314 1695 3368 per
1733 3315 1797 3355 ea
1834 3319 2056 3360 munera

490 3404 612 3458 quae
645 3388 960 3443 hominibus
983 3404 1014 3443 a
1047 3389 1155 3442 Deo
1184 3388 1518 3455 tribuuntur,
1538 3390 1640 3445 hoc
1672 3407 1769 3447 nos
1791 3397 2054 3461 nancisci,

491 3489 553 3534 ut
592 3480 1005 3535 similitudinem
1047 3495 1171 3534 cum
1214 3495 1278 3535 eo
1315 3480 1582 3536 ineamus.
1617 3482 1728 3537 lllis
1758 3487 1902 3539 enim
1938 3504 2058 3556 per-

488 3572 636 3637 fecti,
662 3573 729 3631 ad
770 3574 965 3637 Deum,
1002 3573 1095 3639 qui
1124 3572 1553 3641 perfectissimus
1578 3584 1682 3641 est,
1723 3580 2052 3636 accedinms.

485 3664 617 3729 Quae
653 3664 814 3733 igitur
844 3664 1127 3734 sapientiae
1156 3664 1426 3719 exsistunt
1456 3676 1507 3719 et
1536 3682 1657 3735 qua:
1696 3671 1958 3733 veritatis,
1992 3685 2056 3724 ac

485 3755 831 3824 potissimum
868 3770 1227 3825 quaecumque
1253 3756 1373 3810 fidei
1410 3755 1617 3811 haerent
1648 3757 1973 3814 documenta
2003 3771 2057 3816 et

485 3847 996 3916 contemplationes,
1023 3847 1440 3902 convenientius
1470 3849 1592 3917 quis
1611 3849 1664 3902 in
1700 3846 1793 3904 Dei
1822 3850 2052 3909 Verbum

483 3940 723 4011 ejusque.
750 3936 1082 4006 Sapientiam
1120 3937 1336 3993 referat.
1363 3938 1567 3996 Omnes
1590 3940 1736 3995 enim
1769 3942 2053 4000 hominum

485 4045 766 4086 sermones
801 4029 1171 4096 rationesque,
1196 4031 1480 4098 sapientiae
1518 4033 1647 4084 item
1681 4048 1744 4087 ac
1775 4036 2052 4103 veritates,

487 4119 644 4188 primi
692 4118 839 4171 illius
889 4118 1160 4171 sermonis
1191 4134 1254 4173 ac
1285 4120 1513 4175 rationis
1564 4122 1834 4192 Verbique
1862 4137 1914 4179 et
1952 4128 2055 4183 Sa-

482 4206 702 4277 pientiae
742 4207 1003 4276 imagines
1041 4216 1189 4270 sunt,
1225 4208 1441 4277 tixaque
1493 4210 1546 4263 in
1582 4211 1689 4266 Deo
1721 4213 1921 4269 habent
1955 4234 2052 4273 sua

480 4298 830 4367 exemplaria.
883 4298 1031 4352 Unde
1083 4300 1245 4353 etiam
1299 4298 1576 4369 Scriptura
1618 4319 1797 4359 rerum
1846 4306 2050 4365 forma-

482 4393 686 4445 tionem
722 4405 786 4444 ac
816 4389 1221 4444 distinctionem
1249 4391 1344 4446 Dei
1380 4391 1554 4448 Verbo
1591 4396 1800 4461 tribuit,
1824 4400 2052 4458 dicendo

2157 1926 2306 1978 ’Θεὸν
2335 1930 2652 1997 ἀνάγεσθαι.

2256 2104 2410 2158 Ἐπεὶ
2445 2101 2539 2160 οὖν
2570 2110 2664 2163 καὶ
2719 2112 2833 2181 φῶς
2864 2107 3079 2183 λέγεται
3119 2121 3147 2190 ἡ
3202 2122 3391 2191 Σοφία,
3427 2125 3633 2178 καθόσον
3655 2129 3700 2180 ἐν

2174 2194 2392 2289 καθαρᾷ
2417 2197 2668 2265 γνώσεως
2696 2204 2950 2278 ἐνεργείᾳ
2981 2212 3299 2266 συνίσταται
3324 2232 3336 2245 ·
3373 2218 3404 2287 ή
3433 2217 3483 2270 δὲ
3506 2220 3588 2271 τοῦ
3610 2239 3704 2289 φω-

2171 2286 2260 2349 τὸς
2295 2290 2599 2359 φανέρωσις
2632 2296 2975 2366 ἀπαύγασμά
2998 2303 3145 2355 ἐστιν
3181 2307 3344 2360 αὐτοῦ
3377 2308 3466 2361 καὶ
3491 2311 3543 2375 ἐξ
3558 2311 3697 2363 αὑτοῦ

2174 2379 2411 2447 πρόεισι,
2436 2384 2528 2435 καὶ
2549 2386 2575 2438 δ
2597 2385 2694 2454 τῆς
2724 2386 2875 2454 θείας
2902 2392 3105 2461 Σοφίας
3132 2398 3310 2465 Λόγος
3330 2400 3535 2473 οἰκείως
3555 2402 3702 2455 ditati-

2170 2484 2364 2539 γασμα
2398 2474 2574 2537 φωτὸς
2606 2474 2953 2548 ὀνομάζεται,
2981 2485 3165 2549 καθὼς
3194 2490 3222 2541 ὁ
3264 2491 3569 2555 Ἀπὸστολος
3598 2497 3701 2562 περὶ

2168 2560 2262 2613 τοῦ
2287 2562 2419 2616 Υῐοῦ
2474 2582 2661 2639 φησιν,
2704 2589 2722 2622 ι
2762 2573 2857 2636 Ὃς
2910 2574 2986 2625 ὢν
3007 2577 3355 2649 ἀπαύγασμα
3379 2584 3470 2653 τῆς
3500 2560 3696 2653 δόξης..)

2169 2653 2333 2707 ’Όθεν
2369 2656 2461 2707 καὶ
2485 2656 2513 2707 ὀ
2556 2658 2682 2724 Υίὸς
2712 2662 2805 2715 τοῦ
2842 2665 3055 2736 Πατρὸς
3084 2670 3193 2738 τὴν
3220 2673 3520 2743 φανέρωσιν
3550 2676 3700 2744 ἐαυτῷ

2167 2745 2484 2815 ἐπιγράφει,
2522 2748 2713 2818 λέγων,
2745 2772 2763 2805 ι
2797 2755 2999 2828 Πάτερ,
3022 2762 3348 2832 ἐφανέρωσά
3383 2784 3471 2818 σου
3492 2767 3701 2835 τὸόνομα

2166 2837 2279 2899 τοῖς
2330 2838 2427 2892 ἀνθ
2438 2838 2663 2910 ρώποις.
2694 2861 2711 2893 ι
2753 2845 2863 2898 Καὶ
2892 2849 2959 2898 τά
2984 2850 3121 2920 πρὸς
3148 2855 3257 2927 τὴν
3298 2858 3468 2910 κτίσιν
3494 2858 3544 2911 δὲ
3579 2859 3701 2925 γινό-

2170 2945 2308 2997 μενα
2338 2931 2650 3003 χαρίσματα
2678 2935 2771 2987 καὶ
2803 2938 3234 3011 ἀποτελέσματα
3257 2950 3474 3018 εὑρήσει
3495 2968 3567 3014 τις
3596 2951 3703 3001 ἁνα-

2167 3020 2423 3088 τιθέμενα
2484 3025 2631 3094 παρά
2667 3028 2761 3091 τῆς
2794 3028 3015 3099 Γραφῆς
3063 3036 3139 3105 τῷ
3210 3038 3323 3109 Υίῴ
3372 3044 3461 3094 καὶ
3487 3043 3559 3111 τῷ
3588 3042 3702 3111 ἀγίῳ

2167 3112 2474 3182 Πνεῦματι·
2513 3118 2590 3183 τῷ
2622 3118 2719 3186 μὲν
2751 3120 2826 3182 ὠς
2848 3123 3031 3194 Λόγῳ,
3056 3127 3132 3198 τῷ
3171 3129 3230 3182 δὲ
3256 3130 3328 3194 ὼς
3366 3134 3583 3206 Ἀγάπῃ.

2237 3290 2408 3344 Τοῦτο
2440 3292 2537 3361 μὲν
2570 3295 2679 3366 γὰρ
2712 3298 2894 3367 δῆλον,
2918 3302 3002 3355 ὅτι
3034 3305 3121 3359 διὰ
3138 3309 3263 3363 τῶν
3292 3312 3438 3379 παρά
3460 3310 3583 3364 Θεοῦ
3610 3310 3705 3372 τοῖς

2165 3382 2474 3455 ἀνθρώποις
2499 3386 2794 3459 διδομένων
2818 3395 3055 3465 χαρίτων
3078 3401 3108 3468 ἡ
3140 3403 3293 3472 πρὸς
3314 3407 3510 3459 ἐκεῖνον
3539 3403 3710 3474 ὁμοίω-

2168 3498 2251 3544 σις
2280 3486 2415 3552 ἡμῖν
2449 3488 2813 3555 περιγίνεται.
2837 3490 3077 3559 Ταύταις
3102 3500 3222 3569 γὰρ
3252 3501 3619 3571 τελειούμενοι,
3646 3499 3711 3569 τῷ

2163 3575 2488 3665 τελειοτάτῳ
2529 3580 2647 3648 Θεῷ
2676 3586 3130 3657 προσχωροῦμεν.
3158 3593 3251 3645 Τὰ
3287 3594 3385 3664 μὲν
3407 3591 3495 3649 οὖν
3520 3595 3609 3665 τῆς
3640 3610 3713 3645 σο-

2166 3664 2293 3729 φίας
2321 3666 2414 3719 καὶ
2444 3668 2722 3738 ἀληθείας,
2751 3674 2844 3726 καὶ
2870 3675 3109 3743 μάλιστα
3137 3681 3247 3737 ’ὅσα
3269 3664 3579 3753 Θεογνωσίας
3609 3685 3709 3753 ἔχε-

2162 3772 2252 3808 ται
2276 3759 2630 3829 θεωρήματα,
2656 3766 2985 3837 οἰκειότερον
3016 3770 3081 3822 ἄν
3114 3790 3195 3836 τις
3223 3777 3329 3827 ἐπὶ
3361 3777 3450 3831 τὸν
3481 3779 3567 3830 τοῦ
3592 3776 3708 3830 Θεοῦ

2162 3849 2335 3917 Λόγον
2371 3855 2466 3905 καὶ
2495 3856 2595 3925 τὴν
2627 3858 2790 3912 αὑτοῦ
2814 3861 3017 3930 Σοφίαν
3052 3865 3273 3936 ἀνάγοι.
3309 3870 3415 3924 Τοῦ
3447 3872 3547 3940 γὰρ
3575 3870 3707 3937 πρὼο

2162 3957 2254 3993 του
2288 3943 2464 4012 Λόγου
2488 3948 2581 3999 καὶ
2603 3949 2701 4018 τῆς
2725 3953 2840 4004 ἐκεῖ
2870 3954 3067 4023 Σοφίας
3097 3962 3308 4027 πάντες
3333 3965 3381 4016 οἰ
3401 3964 3506 4018 τῶν
3526 3963 3708 4033 ἀνθρὼ-

2162 4050 2279 4087 πων
2306 4035 2473 4104 λόγοι,
2502 4042 2685 4109 σοφίαι
2716 4060 2775 4097 τε
2806 4048 2900 4099 καὶ
2938 4047 3218 4119 ἁλήθειαι,
3256 4056 3465 4120 εἰκόνες
3492 4057 3607 4114 εἰσί,
3633 4056 3709 4106 καὶ

2162 4126 2279 4177 ἐκεῖ
2312 4127 2517 4180 τούτων
2546 4131 2755 4201 ἵδρυται
2779 4136 2837 4188 τὸ
2861 4138 3235 4211 παράδειγμα.
3269 4146 3362 4199 Διὸ
3378 4148 3472 4199 καὶ
3493 4148 3523 4217 ἡ
3548 4145 3711 4214 Γραφὴ

2162 4216 2259 4285 τὴν
2292 4218 2623 4291 εἰδοποίησιν
2674 4225 2780 4277 τῶν
2809 4226 2977 4280 ὄντων
3006 4231 3082 4301 τῷ
3117 4233 3217 4287 τοῦ
3252 4237 3388 4288 Θεοῦ
3418 4238 3568 4305 Λόγῳ
3597 4238 3711 4287 ἀνα·

2159 4308 2363 4379 τίθησι,
2402 4315 2577 4365 πάντα
2610 4315 2678 4367 δι’
2708 4319 2877 4371 αὐτοῦ
2908 4321 3142 4388 λέγουσα
3184 4328 3370 4395 σοφῶς
3400 4329 3707 4397 δημιουργη’

2163 4400 2342 4468 οἧναι;
2380 4402 2551 4456 Τοῦτο
2582 4405 2635 4457 δέ
2658 4407 2826 4471 ἐστιν,
2858 4411 2955 4480 οὐχ
2975 4414 3055 4465 δτι
3082 4416 3159 4487 μὴ
3200 4435 3220 4468 ι
3249 4419 3363 4471 Πᾶν
3396 4420 3612 4488 δώρημα
3642 4417 3713 4467 τέ-

480 4490 675 4535 cuncta
710 4495 803 4547 per
835 4479 1006 4548 ipsum
1040 4479 1312 4548 sapienter
1341 4482 1555 4537 condita
1593 4499 1718 4540 esse
1745 4489 1809 4542 ⁸⁵.
1835 4488 1892 4543 Id
1927 4507 2053 4547 vero

2170 4497 2299 4544 tatov
2349 4495 2552 4549 ἄνωθέν
2605 4499 2743 4561 ἐστι,
2778 4504 3108 4557 καταϐαῖνον
3159 4510 3225 4560 ἐκ
3258 4509 3357 4562 τοῦ
3391 4510 3588 4578 Πατρος
3622 4506 3714 4558 τῶν

480 4581 585 4635 est,
620 4588 724 4624 non
760 4572 887 4640 quin
922 4589 939 4620 ι
969 4571 1140 4626 Omne
1163 4574 1364 4628 donum
1394 4576 1690 4645 perfectum
1724 4581 1786 4635 de
1804 4585 2055 4653 supernis

481 4663 930 4726 sit,descendeus
972 4661 1183 4718 aPatrc
1221 4663 1558 4720 luminum“
1584 4686 1600 4719 ι
1643 4671 1870 4740 (omnia,
1909 4677 2051 4731 enim

481 4755 624 4807 illius
663 4769 756 4823 per
790 4753 1023 4808 Verbum
1054 4764 1106 4808 et
1146 4755 1198 4808 in
1240 4757 1441 4825 Spiritu
1475 4760 1646 4828 sunt),
1680 4763 1773 4817 sed
1799 4770 1940 4833 quod
1971 4767 2054 4822 di-

480 4860 631 4898 versa
674 4846 938 4900 donorum
966 4862 1189 4914 genera,
1218 4848 1475 4919 majorem
1519 4854 1791 4920 quandam
1822 4859 2052 4913 atlinita-

478 4947 585 4991 tem
632 4955 753 4991 rum
806 4939 1035 4992 diversis
1092 4956 1447 5007 personarum
1491 4947 1913 5013 proprietatibus
1966 4950 2048 5003 t'i-

477 5031 677 5084 dentur
700 5031 919 5084 habere.
959 5028 1168 5084 Etenim
1202 5032 1484 5101 sapientia:
1515 5050 1718 5104 sermo,
1747 5054 1856 5109 quo
1882 5041 2045 5096 Deum

480 5123 885 5189 cognoscimus,
921 5137 951 5174 a
1009 5121 1119 5176 Deo
1166 5123 1321 5178 nobis
1365 5128 1725 5195 contraditnr,
1756 5146 1880 5184 cum
1917 5149 2046 5201 pro-

476 5212 653 5279 prium
709 5212 780 5265 sit
839 5224 1244 5281 repraesentans
1288 5213 1531 5271 'Filium.
1593 5216 1859 5275 Similiter
1919 5240 2047 5278 vero

473 5302 639 5355 etiam
676 5304 937 5367 Charitas,
984 5319 1092 5373 qua
1151 5305 1318 5360 Deum
1352 5307 1648 5377 diligimus,
1696 5315 2043 5382 peculiariter

473 5392 800 5463 proprieque
846 5407 1195 5463 repraesentat
1222 5397 1485 5467 Spiritum
1524 5412 1793 5458 sanctum.
1844 5406 2042 5475 Sicque

472 5483 608 5535 adeo
640 5498 759 5551 qua;
791 5484 844 5537 in
875 5486 1033 5542 nobis
1062 5497 1143 5542 est
1175 5489 1436 5555 Charitas,
1475 5507 1788 5563 quanquam
1819 5497 2040 5553 elleetus

472 5579 556 5622 est
592 5568 769 5624 Patris
801 5582 854 5626 et
907 5572 1026 5628 Filii
1078 5586 1132 5630 et
1174 5577 1410 5647 Spiritus
1457 5584 1652 5649 sancti,
1703 5589 1918 5655 propria
1958 5598 2037 5642 ta-

542 5748 612 5782 “'
651 5749 825 5804 lCor.
862 5765 901 5818 I,
939 5752 1031 5808 24.
1112 5755 1159 5787 ⁸³
1190 5753 1355 5813 Hebr.
1420 5776 1457 5827 ι,
1500 5762 1555 5816 5.

1635 5764 1678 5795 ⁸⁸
1700 5763 1856 5821 Joan.
1891 5783 2017 5835 xvu,
2049 5770 2100 5826 6.

2162 4583 2355 4650 φώτων
2388 4604 2405 4636 ι
2451 4589 2667 4651 (πάντα
2721 4592 2827 4661 γὰρ
2862 4594 3072 4647 ἐκείνου
3102 4597 3192 4651 διά
3228 4602 3405 4667 Λόγου
3440 4600 3530 4652 καὶ
3560 4602 3610 4650 ἐν
3651 4595 3716 4664 τῷ

2160 4673 2499 4745 Πνεύματι),
2559 4678 2675 4731 ἀ)λ’
2726 4681 2809 4733 ὅτι
2839 4684 2905 4735 τά
2938 4684 3047 4737 τῶν
3098 4686 3325 4754 δωρεῶν
3345 4689 3574 4759 διάφορα
3614 4687 3716 4750 εῑδη

2156 4770 2269 4830 τοῖς
2307 4769 2589 4839 διαφόροις
2610 4772 2717 4826 τῶν
2758 4776 3065 4843 προσώπων
3092 4771 3389 4848 ἰδιώμασιν
3410 4780 3717 4843 οἰκειότερῖν

2156 4875 2272 4921 πως
2305 4858 2450 4929 ἔχειν
2470 4861 2638 4915 δοκεῖ.
2682 4863 2740 4916 Ὀ
2769 4867 2867 4933 μὲν
2891 4867 3000 4937 γὰρ
3026 4868 3127 4936 τῆς
3160 4874 3361 4939 σοφίας
3383 4872 3556 4940 λόγος,
3585 4868 3645 4921 δι’
3664 4860 3715 4918 οὗ

2153 4951 2244 5004 τὸν
2279 4952 2410 5003 Θεὸν
2435 4954 2798 5026 γινώσκομεν,
2834 4962 2985 5029 παρὰ
3016 4961 3151 5015 Θεοῦ
3183 4966 3323 5034 ἡμῖν
3345 4965 3566 5025 δίδοται,
3605 4963 3717 5014 ίόιτν

2154 5046 2562 5112 παραστατικὸν
2594 5046 2653 5099 δν
2688 5049 2783 5101 τοῦ
2839 5050 2968 5105 Υίοῦ
2989 5070 3000 5080 ·
3024 5055 3229 5125 ὁμοίως
3257 5057 3314 5109 δὲ
3346 5060 3443 5109 καὶ
3474 5054 3715 5127 ﬂarent.»

2152 5129 2184 5206 ᾖ
2216 5134 2305 5186 τὸν
2339 5134 2471 5187 Θεὸν
2517 5139 2841 5208 ἀγαπῶμεν,
2872 5142 3016 5206 ἰδίως
3041 5147 3160 5196 ἐστί
3185 5150 3604 5216 παραστατικὸν
3634 5145 3714 5197 τοῦ

2151 5225 2306 5290 ἁγίου
2368 5228 2703 5298 Πνεῦματος.
2757 5232 3004 5305 Οὖτωςή
3040 5236 3099 5288 ὲν
3127 5238 3268 5305 ἡμῖν
3294 5239 3510 5309 ἀγάπη,
3544 5241 3587 5290 εί
3634 5236 3715 5288 καὶ

2150 5318 2497 5387 ἀποτέλεσμά
2544 5323 2660 5374 ἐστι
2708 5323 2802 5375 τοῦ
2840 5326 3051 5397 [ἰατρὸς
3096 5332 3192 5382 καὶ
3224 5332 3322 5384 τοῦ
3353 5333 3485 5385 Υἰοῦ
3518 5334 3605 5383 καὶ
3634 5326 3715 5380 τοῦ

2153 5409 2310 5476 ἁγίου
2376 5412 2711 5481 Πνεῦματος,
2766 5418 2923 5485 ὅμως
2972 5419 3124 5490 ἰδικῷ
3158 5437 3273 5473 τινι
3328 5423 3472 5492 λόγῳ
3517 5422 3599 5474 δια
3634 5415 3714 5469 τοῦ

2155 5501 2467 5569 Ηνεύματος
2488 5505 2642 5571 ἀγίου
2671 5506 2890 5573 λέγεται
2908 5508 2965 5573 ὲν
2993 5511 3130 5580 ’ἡμῖν
3155 5507 3327 5566 εἶναι.
3364 5512 3471 5566 Καὶ
3502 5509 3716 5565 καθόλου

2155 5593 2188 5661 ὴ
2228 5595 2333 5644 ἀπὸ
2372 5593 2475 5647 τῶν
2530 5598 3209 5671 χαρισμάτων,τελειότης
3233 5643 3248 5666 ,
3298 5604 3384 5656 ὅτι
3418 5604 3505 5658 διὰ
3532 5600 3716 5667 ταύτης

2177 5773 2221 5805 ⁵⁸
2244 5772 2400 5841 Joan,
2437 5790 2472 5840 ι,
2498 5777 2552 5829 5.
2628 5776 2672 5808 ⁸⁸
2695 5748 2812 5833 Jaé.
2838 5792 2877 5843 l,
2905 5768 2992 5834 17.
