3916 6204
237 309 315 374 Sfil

1188 323 1284 380 DE
1330 323 1752 388 PRINCIPIIS
1791 327 1994 388 FiDEI
2039 285 2512 390 C:\TiIt)LlC.E.

3340 327 3447 389 562

238 426 289 491 τῇ
324 421 427 489 θεία
486 421 783 492 τελειότητι
835 425 974 479 κατά
1028 428 1088 481 τὸ
1136 430 1362 484 δυνατῆν
1413 435 1772 506 ὁμοιούμεθα,

1911 457 2002 494 non
2043 457 2105 497 ac
2137 443 2394 511 peculiari
2439 445 2646 497 ratione
2680 442 2730 495 in
2775 442 2928 497 nobis
2968 455 3089 497 esse
3130 440 3330 494 dicitur
3365 443 3458 509 per

233 518 361 588 rupi
404 515 538 570 θεοῦ
602 519 735 588 ἡμῖν
786 517 1028 572 δίδοσθαι
1070 522 1289 591 λέγεται
1317 543 1328 555 ·
1361 527 1551 596 ὥσπερ
1588 530 1782 596 σοφίαν

234 603 542 679 ἡμίῦὀθεὸς
583 610 893 680 χαρίζεται,
948 613 1181 668 καθόσον
1230 619 1298 688 τῇ
1364 619 1482 690 θείᾳ
1518 623 1677 693 σοφίᾳ
1709 622 1782 686 ὡς

229 702 424 754 δυνατδν
446 701 803 770 ἐμοιούμεθα.
835 703 946 756 Καὶ
994 706 1222 776 Πνεῦμα
1251 708 1406 776 ἅγιον
1431 711 1669 765 δίδοσθαι
1699 714 1784 766 te.

232 808 384 858 γεται,
418 789 651 843 καθόσον
705 793 797 845 τὸν
845 794 979 848 Θεὸν
1035 798 1380 868 ἀγαπῶντες,
1438 805 1504 872 τῇ
1569 805 1783 878 Ἀγάπῃ

230 881 534 951 ὁμοιούμεθα
567 881 680 951 (τῷ
724 883 868 953 ἀγίῳ
904 888 1182 959 Πνεῦματι
1213 892 1494 962 δηλονότι)
1517 913 1530 926 ο
1563 895 1589 946 ὃ
1638 899 1780 951 κατά

232 974 306 1024 τὸν
350 977 440 1043 τῆς
495 974 719 1048 ἀγάπης
781 979 996 1040 πρόεισι
1033 981 1254 1051 τρόπον,
1352 987 1378 1036 ὁ
1423 986 1555 1049 Θεὸς
1586 988 1778 1042 ἑαυτὸν

229 1066 415 1136 ἀγαπᾷ,
439 1066 515 1132 ώς
547 1070 914 1138 Αὑγουστῖνος
936 1074 1124 1144 φησίν.

1880 534 2144 600 Spiritum
2181 547 2458 590 sanctum.
2513 533 2952 602 Universimque,
2984 547 3150 603 quam
3185 549 3248 586 ex
3297 531 3456 585 donis

1879 625 2266 692 perfectionem
2299 627 2681 696 adipiscimur,
2716 626 2858 694 quod
2888 640 2980 692 per
3005 639 3151 685 eam,
3185 623 3364 691 quoad
3394 624 3460 675 li‘

1879 727 1982 780 cet,
2015 716 2213 770 divinae
2239 718 2560 784 perfectioni
2599 718 2806 772 similes
2832 718 3135 777 reddimur,
3163 731 3191 769 a
3229 715 3335 768 ilco
3365 731 3433 766 no
3491 709 3495 731 ⁵

1881 808 1963 860 his
2003 809 2164 861 tribui
2199 808 2418 865 dicitur.
2454 809 2923 874 Quemadmodum
2981 807 3313 876 sapientiam
3361 822 3458 858 no-

1891 899 1970 953 bis
2029 901 2171 954 Deus
2229 900 2442 964 tribuit,
2490 902 2541 954 in
2599 909 2862 968 quantum
2910 899 3106 952 divinae
3149 896 3458 966 Sapientia-,

1885 990 2063 1055 qu0nd
2097 991 2216 1057 cjus
2247 991 2361 1044 ﬁeri
2397 1000 2590 1060 potest,
2632 990 2840 1044 similes
2885 989 3185 1044 reddimur.
3216 987 3466 1053 Itemque

1888 1077 2147 1148 Spiritum
2197 1092 2442 1135 sanetum
2495 1083 2626 1136 dare
2680 1081 2903 1141 dicitur.
2948 1081 3001 1134 in
3029 1065 3308 1148 °quantum
3345 1077 3468 1129 dili-

229 1161 380 1225 genfo
414 1162 603 1230 Deum,
632 1165 909 1222 dilectioni
941 1183 1036 1224 seu
1063 1167 1318 1222 charitati
1344 1169 1624 1239 (nimirum
1656 1169 1882 1240 Spiritui
1909 1173 2119 1243 sancto)
2149 1175 2357 1230 similes
2424 1175 2688 1228 ellicimur
2721 1193 2733 1228 :
2795 1176 2887 1244 qui
2947 1173 3201 1228 videlicet
3267 1185 3464 1225 secun—

228 1253 338 1305 dum
377 1255 684 1313 dilectionis
712 1260 937 1314 modum
984 1261 1230 1330 procedit
1265 1277 1371 1330 qua
1426 1262 1568 1318 Deus
1605 1263 1782 1334 diligit
1819 1265 2081 1335 seipsum,
2107 1276 2168 1321 ut
2191 1268 2528 1337 Augustinus
2562 1267 2822 1333 loquitur.

286 1347 452 1416 'Orrsp
486 1344 578 1401 οῦν
611 1349 848 1419 εἴρηται,
882 1352 950 1404 τά
983 1352 1082 1422 μὲν
1111 1353 1206 1406 τοῦ
1239 1354 1398 1423 λόγου
1441 1355 1659 1422 καὶτῆς
1689 1373 1781 1408 σο-

229 1437 335 1504 φὶις
358 1439 671 1507 χαρίσματα
699 1441 792 1493 ἐπὶ
821 1441 905 1493 τὸν
931 1442 1148 1512 πρῶτον
1175 1444 1348 1512 Λόγον
1383 1445 1479 1498 καὶ
1498 1445 1596 1517 τὴν
1627 1445 1778 1499 θείαν

227 1529 403 1595 Σοφίαν
423 1531 740 1585 ἀνενεκτέον
760 1548 774 1560 ·
806 1534 876 1585 τὰ
896 1533 951 1586 δὲ
983 1534 1085 1604 τῆς
1120 1537 1342 1606 ἀγάπης
1365 1536 1501 1608 ἔργα
1527 1537 1602 1608 τῷ
1637 1538 1779 1609 ἁγίῳ

229 1621 488 1690 Πνεῦματι
550 1624 1049 1694 προσχρμοζόμενα
1096 1627 1428 1682 δείκνυνται.
1483 1629 1814 1682 Αὐτίκα-το·

222 1709 302 1758 τὸν
327 1708 452 1760 Θεῆν
485 1710 708 1780 ἀγαπᾷν
729 1712 950 1766 πάντων
974 1713 1083 1767 τῶν
1114 1715 1489 1787 θείωνηδώρων
1516 1722 1541 1771 ὁ
1573 1718 1785 1781 Παῦλος

1965 1354 2028 1410 Ut
2073 1357 2254 1426 itaque
2287 1358 2490 1413 dictum
2536 1369 2640 1418 est,
2674 1356 2902 1412 rationis
2947 1355 3208 1425 verbique
3249 1357 3384 1408 dona
3415 1365 3471 1408 ct

1887 1448 2185 1516 sapientiae,
2217 1449 2404 1524 prima:
2460 1449 2678 1514 rationi,
2715 1447 3006 1516 Verboque
3046 1461 3112 1500 ac
3141 1445 3342 1500 divinae
3369 1445 3468 1497 Sa-

1890 1539 2106 1610 pientia:
2158 1542 2478 1597 ascribenda
2521 1549 2652 1596 sunt
2708 1557 2722 1592 :
2769 1539 3077 1594 dilectionis
3128 1552 3256 1594 vero
3302 1551 3469 1606 opera

1890 1640 1945 1686 et
1972 1632 2274 1698 cbaritatis,
2317 1633 2546 1704 Spiritui
2581 1641 2772 1686 saneto
2826 1630 3076 1699 adaptari
3129 1639 3465 1683 noscuntur.

1895 1720 2136 1791 Denique
2195 1720 2395 1776 Paulus
2455 1721 2548 1776 Dei
2601 1720 2890 1775 dilectione
2917 1736 2945 1768 n
3006 1718 3164 1772 donis
3210 1716 3471 1770 omnibus

228 1803 524 1872 προτίθησι.
565 1823 583 1856 ι
624 1802 706 1857 Τὰ
758 1805 859 1874 μὲν
902 1805 1010 1876 γὰρ
1045 1807 1197 1874 ἄλλα,
1239 1828 1258 1860 ι
1317 1811 1537 1885 φάσκει,
1579 1830 1598 1863 ι
1639 1811 1785 1865 ἔστιν

1911 1813 2196 1882 ιηιενοηίι.
2260 1831 2280 1863 ι
2348 1811 2598 1882 Reliqua,
2658 1811 2827 1872 enim.
2889 1809 3085 1877 inquit,
3139 1809 3470 1878 quandoque

223 1891 298 1943 ὅτε
332 1895 849 1965 καταργηθήσονται
875 1913 890 1928 ο
915 1899 948 1966 ἠ
979 1899 1163 1968 ἀγάπη
1192 1898 1269 1963 δὲ,
1311 1918 1328 1950 ι
1361 1901 1546 1969 φησὶν,
1581 1920 1598 1954 t
1639 1902 1792 1956 οὐδέ-

226 1999 338 2035 ποτε
376 1984 639 2040 ἐκπίπτει
675 2003 688 2017 ο
722 2007 739 2041 ι
781 1989 875 2041 καὶ
901 1990 968 2061 ἡν
988 1992 1112 2054 τοὺς
1141 1991 1215 2061 μὴ
1244 1993 1611 2063 κεκτημένους
1636 2033 1650 2051 .
1689 1994 1792 2049 κᾶν

218 2079 327 2138 ταῖς
347 2077 450 2129 τῶν
488 2079 745 2146 ἀγγέλων
768 2082 864 2134 καὶ
909 2082 1020 2135 τῶν
1051 2083 1358 2152 ἀνθρώπων
1392 2083 1663 2152 γλώσσαις
1698 2088 1793 2139 λα-

221 2167 388 2231 λῶσιν,
440 2171 653 2239 χαλκὸν
702 2174 735 2245 ἢ
801 2165 1087 2245 κύμϐαλον
1142 2175 1412 2241 ἀλαλάζον
1445 2173 1585 2230 εἶναι
1635 2179 1788 2250 φησί.

222 2256 423 2330 Ταύτης
455 2263 645 2314 τοίνυν
679 2263 778 2329 τῆς
811 2263 955 2318 οὕτω
998 2263 1334 2333 περιφανοῦς
1367 2264 1575 2335 δωρεᾶς
1625 2265 1794 2335 μόνην

223 2351 445 2418 εὐλόγως
491 2352 596 2423 τὴν
660 2355 812 2406 θείαν
859 2354 1110 2424 Ἀγάπην
1142 2355 1438 2419 αἰτιατέον,
1483 2353 1575 2424 ἀφ’
1625 2349 1694 2426 ἦς
1739 2356 1792 2408 al

222 2441 380 2511 ψυχαὶ
417 2444 565 2513 πρὸς
625 2443 717 2495 τὸν
773 2445 912 2497 θεῖον
961 2443 1288 2508 ὲξάπτονται
1347 2443 1548 2515 ἔρωτα.
1585 2445 1663 2497 Τὰ
1691 2443 1794 2513 γάρ

226 2536 349 2600 μετά
393 2535 486 2588 τὸν
519 2535 741 2605 πρῶτον
793 2535 947 2608 παρά
977 2536 1070 2590 τοῦ
1123 2535 1362 2608 πρώτου,
1395 2535 1533 2588 ὥστε
1559 2536 1653 2589 καί
1689 2536 1795 2588 πᾶν

222 2626 332 2679 ὅσον
360 2630 425 2680 ἂν
585 2628 716 2700 παρ’
769 2631 897 2699 ἡμῖν
947 2629 1096 2694 θείας
1155 2629 1398 2698 ἀγάπης,
1436 2631 1535 2698 τῆς
1570 2628 1794 2698 πρώτης

233 2711 464 2789 Ἀγάπης
487 2719 724 2783 εἰκότως
757 2720 918 2788 ἔργον
940 2717 1078 2774 εἶναι
1105 2719 1434 2778 πιστεύοιτο.
1476 2719 1639 2776 Ἀλλὰ
1668 2720 1798 2774 ταύ-

224 2823 312 2877 την
341 2811 436 2880 τὴν
467 2812 550 2881 τῷ
578 2812 696 2880 Θεῷ
726 2815 851 2876 τοὺς
898 2813 1221 2882 ἀνθρώπους
1255 2813 1584 2866 συνδέουσαν
1631 2815 1793 2885 χάριν

223 2900 248 2950 ὁ
270 2900 465 2965 Παῦλος
495 2902 581 2971 τῷ
606 2904 745 2974 ἀγίῳ
768 2903 1048 2972 Πνεῦμα-ει
1067 2904 1431 2959 ἀποδέδωκεν.
1468 2922 1488 2957 ι
1522 2905 1585 2957 Ἦ
1609 2906 1794 2976 ἀγάπη

226 2992 341 3062 γάρ,
375 3014 394 3044 ο
435 2998 600 3063 φησὶ,
637 3014 656 3046 ι
694 2995 788 3048 τοῦ
821 2997 957 3049 Θεοῦ
987 2998 1279 3066 ἐκκέχυται
1307 2999 1364 3049 ἐν
1395 2999 1514 3060 ταῖς
1552 2998 1798 3067 καρδίαις

225 3085 387 3150 ἡμῶν,
426 3105 445 3137 ι
496 3087 618 3139 Καὶ
644 3086 941 3154 δυνάμενος
968 3088 1101 3159 ὅλην
1125 3088 1223 3158 τὴν
1247 3088 1476 3159 θεότητα
1502 3089 1599 3158 τῆς
1629 3088 1797 3158 ἀφοοο

1890 1903 2306 1958 evacuahunlur
2343 1919 2356 1955 :
2394 1911 2447 1956 at
2477 1901 2754 1964 Charitas,
2805 1899 3003 1968 inquit.
3058 1913 3334 1968 nunquam
3369 1912 3466 1951 ex-

1891 1995 2022 2049 cidit
2074 1996 2140 2047 ".
2201 2012 2219 2044 ι
2270 1996 2348 2048 Ac
2393 1993 2484 2063 qui
2527 2007 2646 2046 eam
2691 2007 2794 2045 nou
2847 1990 3082 2060 adeptus
3125 1989 3217 2052 sit,
3253 1988 3470 2041 etiamsi

1891 2088 2090 2158 linguis
2145 2087 2464 2157 angelorum
2508 2085 2769 2156 loquatur
2814 2094 2868 2138 ct
2929 2082 3238 2145 hominum,
3295 2079 3472 2133 factus

1890 2187 1976 2235 est
2003 2179 2145 2234 velut
2189 2194 2262 2233 aes
2295 2187 2388 2231 aut
2427 2176 2736 2247 cymbalum
2778 2174 3043 2229 tinniens.
3089 2169 3265 2240 Hujus
3293 2169 3372 2224 sic
3403 2168 3472 2221 il-

1894 2273 2080 2329 lustris
2129 2272 2279 2333 doni,
2331 2271 2477 2325 nulla
2528 2269 2634 2323 alia
2685 2256 3076 2324 convenienter
3114 2277 3281 2326 causa
3329 2261 3472 2317 assi-
3530 2265 3546 2278 ‘

1897 2366 2106 2436 gttauda
2138 2374 2240 2427 est,
2277 2378 2437 2432 quam
2471 2362 2656 2417 divina
2689 2359 2910 2415 dilectio
2953 2372 3018 2413 ac
3065 2355 3330 2414 charitas.
3362 2366 3474 2423 qua

1895 2457 2061 2510 animi
2094 2457 2148 2509 in
2176 2454 2419 2508 divinum
2454 2467 2695 2507 amorem
2727 2450 3124 2506 accenduntur.
3159 2447 3294 2513 Qum
3320 2445 3466 2500 enim

1895 2561 2010 2619 p05t
2043 2548 2278 2616 primum
2309 2552 2458 2610 sunt,
2483 2561 2514 2600 a
2544 2545 2718 2613 primo
2741 2549 2888 2597 sunt.
2919 2538 3290 2606 Quamobrem
3313 2537 3476 2591 etiam

1897 2638 2155 2710 quicquid
2227 2639 2280 2692 in
2353 2635 2513 2691 nobis
2563 2635 2760 2689 divinae
2811 2632 3102 2688 cbaritatis
3137 2639 3242 2694 est,
3290 2627 3481 2698 prima:

1899 2731 2091 2786 merito
2120 2729 2414 2786 Charitatis
2457 2742 2594 2797 opus
2619 2740 2741 2782 esse
2784 2724 3060 2780 credatur.
3094 2721 3326 2784 Verum,
3355 2734 3480 2790 quae

1901 2823 1983 2878 sic
2011 2822 2120 2877 Deo
2153 2821 2406 2876 homines
2442 2820 2756 2888 coniungat,
2802 2815 3033 2884 gratiam
3068 2815 3229 2877 hanc,
3275 2811 3480 2865 Paulus

1900 2913 2087 2970 tribuit
2113 2913 2334 2984 Spiritui
2359 2920 2547 2967 sancto
2576 2926 2590 2973 ;
2644 2927 2662 2960 ι
2695 2909 2933 2964 charitas
2957 2905 3103 2961 enim
3127 2903 3250 2968 Dei,
3279 2903 3478 2973 inquit.

1899 3007 2075 3064 en'usa
2105 3015 2188 3060 est
2215 3007 2270 3059 in
2295 3004 2554 3060 cordibus
2585 3002 2794 3058 nostris
2829 3000 2892 3054 ⁸⁸.
2932 3018 2950 3050 ι
3011 2998 3259 3066 Cumque
3293 2995 3481 3049 liceret

1903 3109 2068 3155 totam
2104 3099 2363 3154 Deitatem
2397 3095 2624 3165 hujusce
2658 3090 3046 3148 muniﬁcentia:
3073 3095 3359 3144 auctorem
3393 3085 3480 3139 dic

226 3175 330 3236 v51;
376 3176 597 3249 ταύτης
629 3178 810 3231 αἰτίαν
846 3181 1042 3245 εἰπεῖν,
1081 3179 1371 3251 ἰδιαίτερόν
1410 3196 1526 3242 πως
1552 3179 1630 3250 τῷ
1659 3181 1799 3252 ἀγίῳ

1911 3207 2049 3256 cere,
2081 3189 2414 3261 peculiarius
2439 3185 2847 3257 quodammodo
2878 3198 3002 3238 eam
3037 3181 3227 3235 tribuit
3252 3177 3481 3248 Spiritui

228 3265 498 3336 Πλεύματι
548 3268 762 3340 ταύτην
793 3272 1081 3340 ἀπένειμε,
1133 3271 1414 3342 προσθεὶς,
1455 3289 1475 3323 ι
1514 3270 1602 3324 διὰ
1627 3272 1800 3325 Πνεῦ-

231 3374 386 3424 ματος
420 3363 594 3429 ἁγίου
627 3361 721 3415 τοῦ
752 3363 996 3426 δοθέντος
1025 3365 1178 3442 ἡμῖν,
1209 3364 1302 3416 ἐπὶ
1325 3363 1420 3434 τὴν
1445 3363 1598 3417 θείαν
1637 3363 1804 3432 Ἀγά-

229 3467 325 3520 πην
353 3454 428 3517 ώς
459 3455 699 3526 πρώτην
723 3456 820 3508 καὶ
847 3457 1046 3518 αἰτίαν,
1073 3458 1171 3526 τὴν
1201 3457 1330 3525 παρ’
1355 3457 1486 3525 ἡμῖν
1515 3456 1804 3526 ἀναφέρων

229 3546 461 3616 ἀγάπην,
502 3550 577 3615 ἢν
608 3547 797 3617 εἴρηκε
821 3548 909 3601 διὰ
948 3548 1040 3602 τοῦ
1071 3548 1387 3618 Πνεῦματος
1415 3549 1766 3620 ὲκκεχύσοαι.

299 3639 460 3691 Ἀλλά
486 3640 586 3692 καὶ
616 3641 712 3708 τὴν
736 3640 1007 3709 ἐνοίκησιν
1029 3639 1119 3693 τοῦ
1143 3639 1300 3705 Θεοῦ,
1333 3639 1425 3693 καὶ
1450 3641 1618 3710 αὐτὴν
1650 3639 1805 3711 ήμῶν

226 3727 276 3775 ὲν
313 3729 536 3798 ἐκείνῳ,
571 3728 604 3781 ὃ
631 3730 697 3798 δὴ
733 3730 991 3799 μέγιστον
1024 3729 1122 3798 τῆς
1157 3730 1502 3800 ἀνθρωπίνης
1534 3732 1804 3802 μακαριόέ

225 3836 399 3889 τητορ,
430 3826 587 3886 τίνος
621 3823 686 3876 ἄν
715 3840 798 3885 τις
831 3824 1084 3895 μᾶλλονῆ
1118 3823 1217 3892 τῆς
1247 3824 1468 3894 ἀγάπης
1515 3824 1673 3894 ἔργον
1699 3824 1772 3894 φή
1793 3854 1805 3865 ,

229 3928 364 3967 σειεν
401 3911 576 3980 εἶναι,
603 3910 672 3986 ἧς
705 3916 852 3968 ἔστιν
879 3916 1131 3986 ἀλλήλοις
1164 3917 1448 3981 ἐνοικίςειν
1478 3920 1604 3980 τοὺς
1641 3917 1808 3987 ἀλλή-

224 4005 337 4070 hu;
391 4008 682 4078 ἐρῶντας
745 4007 910 4060 Ἀλλά
966 4009 1058 4061 καὶ
1108 4009 1299 4060 τούτου
1353 4009 1454 4079 τὴν
1505 4009 1706 4074 αἰτίαν,
1736 4009 1812 4070 ὡς

230 4104 472 4174 εἴπομεν,
502 4108 606 4160 ἐπὶ
629 4106 689 4159 τὸ
714 4106 858 4158 θεῖον
895 4106 1117 4175 Πνεῦμα
1148 4107 1181 4177 ἡ
1215 4105 1408 4176 Γραφὴ
1437 4105 1650 4173 ἀνάγει.
1681 4123 1699 4156 ι
1723 4104 1813 4156 ‘E:

226 4202 392 4266 τούτῳ
428 4202 574 4271 γὰρ,
616 4219 636 4252 ι
674 4199 830 4268 φησὶ,
865 4217 883 4250 ι
919 4201 1260 4268 γινώσκομεν
1294 4199 1376 4251 ὅτι
1409 4199 1565 4261 αὐτὸς
1594 4199 1650 4250 ὲν
1681 4197 1814 4266 ἡμῖν

233 4296 395 4356 μένει,
439 4294 528 4344 ὅτι
567 4293 636 4343 ὲκ
666 4292 761 4342 τοῦ
798 4288 1114 4359 Πνεόματος
1161 4288 1328 4342 αὑτοῦ
1360 4288 1561 4341 ἔδωκεν
1594 4290 1747 4357 ἡμῖν.
1790 4304 1809 4338 ι

239 4381 387 4439 ’ἐπεὶ
415 4387 474 4438 δὲ
506 4390 575 4438 ὲκ
609 4386 708 4455 τῆς
756 4382 968 4451 ἀγαθῆς
1001 4380 1296 4450 θελήσεως,
1321 4383 1389 4451 ἦν
1416 4399 1498 4444 τις
1534 4381 1664 4450 περί
1695 4396 1816 4432 τινα

1906 3292 2116 3346 sancto,
2153 3280 2405 3335 addendo
2431 3296 2443 3333 :
2483 3298 2501 3331 ‹
2524 3279 2626 3333 Per
2651 3275 2918 3346 Spiritum
2959 3281 3236 3334 sanctum,
3259 3270 3352 3338 qui
3383 3269 3482 3322 da-

1906 3383 1994 3430 tus
2025 3382 2106 3428 est
2143 3372 2318 3427 nobis.
2363 3391 2381 3422 ι
2420 3370 2625 3438 Nempe
2665 3369 2732 3422 ad
2781 3367 3022 3422 divinam
3060 3364 3385 3418 charitatem
3426 3370 3487 3416 ut

1907 3469 2136 3536 primam
2177 3479 2240 3518 ae
2267 3473 2542 3517 auctorem
2577 3459 2842 3523 referens,
2877 3471 3000 3527 quae
3030 3456 3086 3509 in
3121 3454 3281 3510 nobis
3309 3453 3487 3509 chari-

1908 3571 1990 3616 tas
2015 3569 2116 3621 est,
2146 3575 2308 3629 quam
2341 3573 2436 3628 per
2465 3556 2724 3624 Spiritum
2754 3553 2888 3608 dixit
2911 3550 3138 3607 effusam
3163 3533 3306 3605 esse.

1980 3651 2084 3706 Sed
2115 3650 2328 3720 etquod
2363 3648 2506 3703 Deus
2541 3648 2593 3700 in
2631 3645 2786 3700 nobis
2815 3645 3045 3704 habitet.
3074 3657 3285 3711 nosque
3315 3642 3369 3694 in
3397 3639 3489 3694 illo

1912 3744 2053 3814 (qua:
2087 3744 2323 3798 maxima
2371 3749 2454 3795 est
2509 3738 2746 3792 hominis
2801 3735 3054 3804 felicitas)
3107 3733 3266 3803 cujus
3305 3732 3489 3801 potius

1913 3850 2075 3904 quam
2107 3830 2416 3887 dilectionis
2446 3845 2509 3883 ac
2539 3827 2824 3883 cbaritatis
2859 3841 2995 3890 opus
3035 3839 3158 3878 esse
3216 3823 3487 3883 dicamus,

1912 3927 2070 3996 cujus
2103 3934 2206 3988 est,
2239 3935 2296 3976 ιιι
2325 3937 2419 3976 eos
2449 3923 2542 3990 qui
2573 3927 2782 3981 amant,
2831 3917 2969 3969 alios
3016 3914 3068 3968 in
3116 3913 3240 3968 aliis
3279 3912 3494 3968 consli-

1917 4000 2245 4081 tuatiQuin
2275 4022 2330 4067 et
2364 4013 2528 4080 hujus
2558 4023 2777 4079 quoque
2827 4021 3074 4067 causam,
3115 4015 3172 4059 ttt
3228 4003 3493 4066 diximus,

1916 4085 2195 4172 Scriptura
2245 4101 2310 4154 ad
2359 4099 2605 4153 divinum
2643 4097 2905 4164 Spiritum
2939 4094 3127 4150 refert.
3171 4094 3262 4146 Ait
3306 4093 3492 4146 enim:

1923 4213 1941 4245 ‹
1983 4195 2036 4247 In
2092 4194 2196 4246 hoc
2239 4192 2644 4259 cognoscimus,
2692 4188 2952 4259 quoniam
2988 4189 3038 4242 in
3088 4202 3155 4241 eo
3189 4202 3498 4250 manemus.

1919 4295 1971 4340 et
2003 4287 2119 4355 ipse
2151 4287 2205 4338 in
2239 4285 2418 4347 nobis,
2447 4285 2703 4348 quoniam
2739 4285 2802 4336 de
2831 4281 3042 4349 Spiritu
3083 4293 3182 4335 suo
3217 4280 3368 4334 dedit
3405 4296 3502 4331 nn-

1920 4378 2024 4433 bis.
2058 4378 2099 4410 ‘9
2142 4376 2319 4443 »ριιὶιι
2351 4390 2478 4429 vero
2529 4391 2592 4428 ex
2644 4375 2781 4427 bona
2828 4372 3131 4437 voluntate,
3180 4386 3344 4440 quam
3379 4370 3504 4438 quis

228 4474 333 4544 ἔχει
374 4483 472 4530 καὶ
519 4481 627 4548 τῆς
688 4476 931 4543 ἀγάπης,
991 4471 1279 4533 συμϐαίνει
1313 4475 1502 4525 τοῦτον
1529 4470 1802 4535 υίοθετεῖν1

1930 4488 2057 4542 erga
2107 4472 2340 4540 aliquem
2397 4470 2577 4530 habet,
2621 4465 2888 4534 contingit
2938 4475 2995 4517 ut
3043 4477 3171 4516 eum
3223 4464 3274 4515 in
3329 4461 3498 4514 lilium

225 4571 350 4624 ὦκ’
389 4575 659 4628 ἐντεῦθεν
691 4574 865 4645 τούτῳ
894 4575 992 4645 τὴν
1032 4572 1126 4627 τοῦ
1158 4567 1527 4627 υίοθετοῦντος
1559 4565 1822 4635 κληρονο-

230 4665 355 4727 μίαν
395 4667 657 4734 ἆνήκειν,
697 4667 922 4726 sintita);
959 4663 1035 4735 τῷ
1091 4663 1232 4733 ἁγίῳ
1286 4659 1562 4725 Πνεύζδατι
1616 4659 1648 4725 ἡ
1711 4656 1819 4708 τῶν

228 4753 354 4804 ιιξῶν
380 4757 710 4824 εἰσποίησις
739 4754 1072 4818 ἀποδίδοται,
1102 4753 1178 4816 ὣς
1210 4769 1375 4822 φησιν
1408 4753 1436 4803 ὁ
1478 4745 1821 4808 ’Λπόστολοςν

237 4857 254 4888 t
299 4843 571 4896 Ἰ-ἷλάῆετε
599 4843 823 4915 Πνεῦμα
855 4844 1154 4911 υἱοθεσίας,
1190 4845 1247 4896 ὲν
1269 4836 1312 4910 ᾧ
1343 4840 1623 4913 κράζομεν
1649 4839 1824 4892 ³Αὸθᾶ

228 4933 254 4984 ὁ
295 4939 515 5009 Ηατῇρ.
558 4957 578 4989 ι

299 5027 467 5082 Ἀλλὰ
490 5031 597 5083 καὶ
626 5031 690 5084 ἐκ
713 5029 806 5082 τοῦ
831 5027 1166 5098 καταστῆναι
1186 5027 1308 5081 τινὰ
1333 5026 1486 5094 φίλον
1505 5023 1653 5086 τινὸς
1682 5024 1831 5076 πᾶσα

236 5122 556 5188 ἀναιρεῖται
587 5119 779 5191 ἔχθρα.
822 5114 995 5172 Τοῦτο
1035 5121 1143 5189 γὰρ
1193 5120 1256 5187 τῇ
1293 5115 1448 5187 φιλίᾳ
1494 5116 1643 5167 ἐστὶν
1673 5116 1831 5184 ἐναν-

237 5215 382 5266 τίον·
409 5218 512 5269 καὶ
547 5217 765 5269 ὅτιτῶν
814 5214 1284 5284 ἁμαρτανομένων
1336 5213 1448 5274 τοῖς
1496 5209 1670 5280 φίλοις
1702 5209 1833 5278 παρ’

237 5307 498 5376 ἀτλήλων
540 5307 844 5376 συγγνώμη
898 5307 1120 5360 δίδοται.
1201 5306 1264 5358 Ἡ
1317 5305 1426 5372 γάρ
1461 5303 1617 5373 φιλία
1674 5301 1770 5354 καὶ
1801 5302 1834 5369 ὴ

235 5398 430 5468 ἀγάπη
482 5400 641 5450 ποιεί
691 5399 815 5460 τοὺς
853 5398 1043 5468 φίλους
1076 5399 1189 5459 τοῖς
1251 5396 1425 5464 φίλοις
1459 5393 1836 5463 ἁμαρτάνουσι

237 5490 677 5559 συγγινώσκειν.
738 5509 758 5542 ι
801 5491 867 5543 Ἠ
919 5491 1027 5560 γὰρ
1084 5488 1297 5556 ἀγάπη,
1327 5505 1346 5538 ι
1385 5487 1539 5554 φησι,
1593 5503 1611 5535 ι
1658 5485 1836 5535 πάντα

239 5583 454 5650 στέγει,
521 5580 702 5636 πάντα
741 5582 1022 5652 ὑπομένει.
1073 5599 1091 5631 ι
1153 5579 1264 5633 Καὶ
1315 5579 1342 5630 ὁ
1395 5573 1830 5646 Παροιμιαστὴς,

309 5692 355 5724 ⁵⁷
385 5693 426 5746 Il
465 5691 615 5746 Cor.
668 5710 760 5756 xu,
811 5692 872 5746 '51
916 5700 1112 5757 etxut,
1145 5690 1198 5744 8.
1309 5689 1350 5719 ⁸⁸
1383 5687 1541 5741 ﬂetu.
1594 5703 1644 5748 ν,
1711 5683 1763 5737 5.

241 5779 360 5826 xui,
399 5765 453 5817 7.

1871 5681 1914 5711 “9
1950 5681 1963 5734 l
1998 5679 2154 5736 Joan.
2209 5695 2284 5745 tv,
2346 5679 2431 5734 l5.

1931 4562 2166 4627 ad0ptet,
2199 4567 2256 4612 ut
2287 4558 2410 4611 inde
2430 4557 2741 4625 adoptantis
2775 4553 3066 4607 hatreditas
3095 4551 3163 4604 ad
3206 4565 3332 4608 eum
3361 4551 3498 4603 atti-

1931 4661 2088 4715 neat;
2140 4650 2330 4703 merito
2375 4648 2609 4700 tiliorum
2642 4644 2861 4712 adoptio
2894 4643 3119 4712 Spiritui
3167 4651 3362 4696 Sancto
3401 4640 3502 4694 tri-

1933 4743 2137 4804 buitur,
2178 4756 2318 4808 quea
2343 4737 2631 4792 admodum
2660 4737 2735 4790 ait
2759 4735 3047 4804 Apostolus
3085 4751 3147 4786 τι
3201 4733 3503 4801 Accepistis

1933 4833 2194 4904 Spiritum
2235 4827 2558 4899 'adoptionis
2608 4830 2866 4894 liliorum,
2903 4829 2955 4880 in
3007 4841 3114 4897 quo
3167 4827 3497 4888 clamamus.

1931 4924 2105 4988 Abba,
2137 4924 2295 4978 Pater
2321 4924 2389 4976 ⁷⁸.
2427 4941 2446 4974 ι
2838 4971 2844 4977 .

2004 5016 2111 5073 Sed
2149 5025 2203 5072 et
2233 5016 2356 5071 inde
2388 5014 2530 5085 quod
2557 5011 2682 5084 quis
2702 5011 2938 5083 alicujus
2956 5017 3170 5067 amicus
3205 5011 3511 5066 constitua-

1932 5121 2040 5176 tur,
2071 5110 2332 5182 quicquid
2355 5108 2764 5164 inimicitiarum
2785 5115 2888 5170 est,
2913 5103 3121 5159 tollitur
3147 5121 3162 5168 ;
3197 5103 3340 5158 istud
3365 5101 3509 5156 enim

1934 5204 2186 5258 amicitiae
2211 5203 2562 5266 adversatur;
2593 5198 2849 5269 quodque
2874 5197 3011 5252 adeo
3045 5197 3207 5250 amici
3235 5195 3327 5248 alii
3388 5193 3511 5248 aliis

1937 5311 2200 5364 propense
2232 5293 2578 5363 indulgeant,
2606 5293 2650 5345 si
2679 5289 2811 5359 quid
2847 5287 3208 5356 deliquerint.
3242 5287 3333 5341 Sic
3362 5287 3509 5338 enim

1944 5386 2182 5440 amicitia
2229 5401 2294 5440 ac
2334 5384 2549 5438 dilectio
2584 5388 2822 5452 praestat,
2868 5387 2927 5433 ut
2963 5379 3053 5432 alii
3099 5379 3222 5433 aliis
3289 5387 3515 5431 utantur

1945 5479 2130 5542 amici,
2181 5491 2245 5530 ac
2293 5475 2483 5529 faciles
2524 5473 2762 5528 oll'ensas
2815 5470 3118 5525 remittant.
3175 5487 3193 5522 ι
3262 5469 3514 5523 Charitas

1943 5569 2112 5630 cutim,
2152 5567 2348 5637 inquit,
2387 5566 2568 5619 omnia
2620 5561 2832 5627 sull‘ert,
2867 5561 3051 5616 omnia
3098 5563 3332 5618 sustinet
3381 5561 3448 5613 ⁷¹.
3491 5577 3511 5612 ι

2539 5677 2585 5707 ⁷ο
2624 5675 2781 5729 llout.
2847 5691 2961 5742 vm,
3031 5675 3116 5732 13.
3223 5677 3263 5708 7‘
3330 5674 3512 5730 lCor.
