3916 6204
246 246 297 302 Et".
307 243 336 300 5

1172 242 1268 304 DE
1310 240 1741 304 PlllNCll’llS
1778 240 1983 299 FiDEI
2029 240 2504 299 CATIIOLICE.

3359 238 3467 303 εδδ

250 362 439 428 ἔχοντα,
494 357 586 408 καὶ
641 355 821 407 ιλείων
844 356 910 408 τὰ
941 356 1225 425 σπλάγχνα
1260 356 1427 408 αὑτοῦ
1460 353 1555 406 ἀπ’
1595 352 1782 415 αὑτοῦ,

1903 352 2114 408 Fratrem
2145 369 2305 408 suum
2358 355 2739 409 necessitatem
2776 355 2996 419 habere,
3041 354 3349 421 clauditque
3381 355 3466 406 vi-

245 454 342 513 πῶς
373 452 402 518 ἠ
428 450 607 516 ἀγάπη
652 447 742 501 τοῦ
765 447 902 500 Θεοῦ
955 452 1108 517 μενεῖ
1146 450 1205 500 ὲν
1234 448 1420 515 αὐτῷ;
1459 466 1476 499 ι
1513 445 1684 497 Τοῦτο
1728 444 1785 496 δὲ

238 543 320 593 ἐπὶ
346 539 430 591 τοῦ
466 538 600 591 Θεοῦ
641 539 876 607 μάλιστα
934 538 1098 591 τόπον
1128 539 1265 608 ἔχει,
1311 532 1373 593 οῦ
1404 540 1464 590 τὸ
1498 536 1786 605 βούλεσθαι

236 632 602 699 ἐνεργέστατον
631 632 766 701 πρδς
785 632 846 683 τὸ
877 634 1051 684 ποιεῖν
1073 646 1086 661 ⁸
1120 632 1215 683 καὶ
1259 630 1346 682 διά
1374 629 1534 682 τοῦτο
1562 627 1787 687 είκότως

235 726 397 776 πάντα
424 723 491 774 τά
513 723 607 775 τοῦ
632 724 771 776 Θεοῦ
816 724 1138 792 χαρίσματα
1164 725 1252 776 διὰ
1283 722 1598 791 Πνεῦματος
1626 722 1783 789 ἁγίου

232 816 461 879 λέγονται
486 813 746 878 δίδοσθαι,
780 816 855 877 ὡς
883 817 911 868 δ
950 816 1276 876 ’Δπόστολος
1304 813 1438 882 φησί
1464 830 1477 845 ·
1514 832 1533 865 ι
1570 812 1784 865 Δίδοται

232 904 309 954 διὰ
328 901 461 953 Πνεύ
470 919 637 968 ματος
660 902 815 969 λόγος
840 902 1033 972 σοφίας
1052 920 1065 933 ·
1097 903 1239 973 ἄλλῳ
1257 902 1313 957 δὲ
1344 903 1501 969 λόγος
1530 900 1786 969 γνώσεως

234 994 358 1047 κατά
414 994 472 1044 τὸ
525 993 660 1048 αὐτὸ
690 994 936 1063 Πνεῦμα.
984 1014 1003 1047 ι
1046 995 1154 1048 Καὶ
1192 996 1327 1063 μετὰ
1354 994 1522 1047 ταῦτα
1575 993 1786 1047 πολλῶν

232 1084 731 1154 ἀπαριθμηθέντων,
758 1104 777 1137 ι
808 1085 996 1139 Ταῦτα
1024 1087 1218 1150 πάντα,
1255 1104 1272 1137 ι
1296 1087 1481 1155 φησὶν,
1521 1104 1539 1136 ι
1572 1086 1789 1156 ἐνεργεῖ

232 1178 280 1226 τὸ
303 1174 357 1228 ἒν
385 1176 479 1227 καὶ
515 1175 576 1229 τὸ
606 1175 739 1229 αὐτὸ
780 1175 1000 1245 Πνεῦμα
1025 1218 1039 1241 ,
1075 1175 1321 1245 διαιροῦν
1348 1176 1568 1246 ἑκάστῳ
1602 1176 1788 1239 καθὼς

231 1265 487 1334 βούλεται.
520 1286 538 1317 ι
1256 1268 1262 1275 ’

292 1357 395 1408 Καὶ
426 1355 583 1410 τοῦτο
605 1356 665 1410 δὲ
716 1356 1165 1429 ὑπερϐαλλούσης
1198 1360 1423 1427 ἀγάπης
1454 1362 1782 1428 τεκμήριον,

228 1446 280 1497 τὸ
303 1444 482 1514 ζητεῖν
512 1449 624 1510 τοῖς
650 1448 826 1515 φίλοις
857 1448 992 1518 ὁμοῦ
1012 1450 1312 1520 διατρίϐειν
1335 1450 1426 1502 τὸν
1458 1450 1614 1518 φίλον
1642 1469 1658 1484 ·
1694 1453 1789 1504 καὶ

231 1541 415 1598 αὐτοὺς
438 1539 651 1611 χαίρειν
680 1542 737 1594 ἐν
768 1545 889 1603 ταῖς
916 1546 1122 1605 κοιναῖς
1149 1544 1461 1606 συνουσίαις
1484 1559 1497 1573 ’
1538 1545 1631 1596 καὶ
1651 1542 1788 1606 ὃλως

227 1632 316 1681 οὐκ
356 1630 649 1699 ἀνέχεσθαι
702 1631 1109 1701 χωριζομένους
1136 1632 1404 1703 ἀλλήλων.
1477 1635 1539 1686 Ἥ
1567 1634 1623 1687 δὲ
1650 1634 1787 1703 μετὰ

228 1721 309 1772 τοῦ
334 1721 470 1774 Θεοῦ
496 1722 603 1775 τῶν
635 1722 942 1792 ἀνθρώπων
973 1724 1224 1796 διατριϐὴ
1246 1725 1337 1780 διὰ
1365 1727 1466 1793 τῆς
1495 1725 1661 1780 αὐτοῦ
1692 1745 1787 1781 πε-

231 1811 488 1877 ριγίνεται
514 1812 766 1880 θεωρίας,
800 1812 874 1876 ὦς
907 1817 1121 1881 φησινδ
1155 1817 1498 1881 Ἀπόστολος,
1536 1836 1555 1871 ι
1598 1817 1789 1889 Ἠμῶν

223 1905 277 1953 τ’,
299 1904 601 1973 πολίτευμα
625 1908 683 1957 ὲν
708 1907 958 1975 οὐρανοῖς
988 1909 1247 1979 ὑπάρχει.
1277 1929 1296 1962 ι
1344 1910 1500 1964 Ἐπεὶ
1524 1910 1706 1965 τοίνυν
1729 1913 1791 1964 τὸ

231 1992 445 2062 Πνεῦμα
504 1996 564 2046 τὸ
615 1995 769 2062 άγιον
826 1996 1063 2064 ἐραστὰς
1108 2000 1256 2067 ἡμᾶς
1311 2002 1460 2054 ποιεῖ
1489 2000 1587 2053 τοῦ
1632 2001 1791 2064 Θεοῦ,

227 2085 442 2145 εἰκότως
476 2085 543 2136 δι’
567 2086 733 2138 αὑτοῦ
759 2088 855 2139 καὶ
879 2086 1075 2157 θεωροὶ
1106 2090 1199 2142 τοῦ
1219 2090 1356 2143 Θεοῦ
1380 2090 1790 2161 καθιστάμεθα.

228 2177 427 2229 Ὀθενδ
464 2178 625 2240 αὐτὸς
648 2180 836 2249 φησὶν,
904 2199 927 2231 ιι
966 2183 1157 2252 Ἡμεῖς
1181 2181 1237 2235 δὲ
1272 2182 1474 2245 πάντες
1520 2183 1795 2235 ἀνακεκα-

226 2268 280 2320 λυ
289 2270 485 2339 μμένῳ
513 2270 791 2341 προσώπῳ
813 2272 912 2344 τὴν
932 2272 1089 2340 δόξαν
1114 2276 1207 2327 τοῦ
1230 2274 1436 2343 Κυρίου
1488 2291 1794 2344 κατοπτρις

229 2360 462 2428 ξάμενοι,
495 2364 574 2426 είς
600 2363 698 2433 τὴν
730 2364 906 2433 αὐτὴν
933 2365 1119 2418 είκόνα
1156 2366 1661 2435 μεταμορφούμεθα
1686 2366 1797 2419 ἀπὸ

229 2455 372 2524 δόξης
397 2456 485 2517 είς
521 2457 700 2521 δόξαν,
734 2456 987 2526 καθάπερ
1026 2458 1133 2511 ἀπὸ
1158 2457 1367 2528 Κυρίου
1398 2458 1741 2526 Πνεύματος.
1770 2475 1789 2510 ι

296 2550 453 2601 Ἐστι
503 2548 562 2601 δὲ
612 2549 793 2618 φιλίας
824 2550 955 2603 ἴδιον
987 2550 1049 2603 τδ
1077 2551 1170 2603 καὶ
1201 2551 1259 2603 ἐν
1284 2552 1350 2621 τῇ
1387 2550 1670 2619 παρουσία⁴
1700 2548 1794 2601 τοῦ

232 2642 371 2704 ςέλου
402 2642 621 2712 χαίρειν
647 2643 740 2695 τὸν
770 2642 946 2711 φίλον,
998 2644 1227 2705 καὶτοῖς
1265 2640 1432 2696 αὐτοῦ
1463 2641 1645 2710 ἔργοις
1704 2641 1797 2693 καὶ

230 2734 399 2799 λόγοις
460 2734 725 2803 {1650604.-
772 2734 904 2805 παρ’
960 2733 1126 2788 αὐτοῦ
1178 2751 1239 2787 τε
1271 2733 1629 2805 παραμυθίαν
1662 2734 1799 2804 πρὸς

229 2829 394 2889 πάσας
421 2825 520 2889 τὰς
548 2828 869 2899 δυσχερείας
900 2828 1200 2899 εὑρίσκειν.
1232 2828 1394 2882 Ὅθεν
1431 2830 1489 2879 ἐν
1541 2829 1663 2890 ταῖς
1700 2825 1798 2878 λῦ-

232 2936 349 2979 ππις
403 2920 763 2990 παραμυθίας
793 2921 956 2973 ἓνεκα
987 2924 1125 2990 πρὸς
1147 2921 1275 2983 τοὺς
1320 2920 1509 2988 φίλους
1565 2919 1799 2989 μάλιστα

231 3010 665 3081 καταφεύγομεν.
708 3012 864 3066 Ἐπεὶ
885 3012 1063 3064 τοίνυν
1085 3012 1147 3063 τὸ
1178 3009 1404 3080 Πνεῦμα
1436 3012 1496 3063 τὸ
1518 3011 1673 3078 ἅγιον
1709 3008 1799 3079 φίο

230 3102 341 3164 λους
391 3104 545 3172 ἡμᾶς
581 3102 873 3172 καθίστησι
910 3101 1005 3155 τοῦ
1042 3102 1199 3166 Θεοῦ,
1260 3104 1356 3156 καὶ
1394 3103 1555 3156 αὐτὸν
1578 3102 1635 3156 ἐν
1663 3103 1797 3172 ἡμῖν

232 3196 315 3245 καὶ
341 3197 495 3264 ἡμᾶς
522 3200 580 3249 ἐν
610 3196 758 3266 αὐτῷ
785 3198 931 3249 ποιεῖ
958 3199 1257 3262 κατοικεῖν,
1294 3197 1367 3259 ὼς
1408 3195 1799 3264 προαποδεδει-

232 3307 344 3341 κται
362 3308 375 3320 ·
408 3290 562 3353 είκός
586 3291 702 3342 ἐστι
724 3289 791 3341 δι’
822 3288 988 3343 αὑτοῦ
1015 3289 1359 3359 εὐφροσύνην
1387 3290 1537 3358 ἡμᾶς
1557 3289 1651 3341 καὶ
1690 3304 1798 3339 πα-

236 3382 499 3451 μάκλησιν
550 3381 856 3450 λαμϐάνειν
886 3380 1037 3451 παρὰ
1066 3380 1201 3435 Θεοῦ
1234 3380 1369 3449 πρὸς
1396 3381 1575 3441 πάσας
1608 3380 1706 3439 τὰς
1736 3380 1800 3432 ὲκ

232 3472 314 3524 τοῦ
342 3474 555 3542 κόσμου
584 3472 874 3535 δυσκολίας
901 3474 994 3526 καὶ
1026 3473 1225 3543 μάχας.
1262 3470 1425 3523 Ὅθεν
1462 3472 1556 3523 καὶ
1582 3474 1610 3524 ὁ
1646 3470 1800 3523 Ψαλ-

239 3566 400 3633 μῳόδς
433 3564 610 3632 λέγει,
646 3581 665 3615 ι
716 3564 934 3626 Ἀπόδος
961 3580 1049 3633 μοι
1076 3564 1175 3634 τὴν
1207 3563 1533 3631 ἀγαλλίασιν
1569 3563 1662 3615 τοῦ
1698 3580 1803 3615 σω-

234 3658 413 3725 τηρίου
447 3674 566 3720 σου,
598 3659 693 3710 καὶ
733 3658 1010 3727 Πνεῦματι
1041 3656 1352 3725 ἡγεμονικῷ
1384 3654 1635 3725 στήριξόν
1663 3672 1751 3724 με.
1778 3673 1796 3705 ι

240 3750 337 3800 Καὶ
358 3750 386 3799 ό
459 3746 804 3807 ⁹Λττόστολος,
864 3765 881 3795 ι
934 3746 999 3798 Ἠ
1027 3744 1275 3814 βασιλεία
1305 3745 1398 3797 τοῦ
1434 3745 1570 3797 Θεοῦ
1598 3746 1806 3799 δικαιο-

238 3839 361 3907 σύνη
388 3838 491 3890 καὶ
523 3837 715 3907 εἰρήνη
742 3835 835 3888 καὶ
868 3836 1013 3904 χαρὰ
1052 3837 1108 3887 ὲν
1141 3836 1420 3905 Πνεύματι
1452 3836 1609 3906 ἁγίῳ.
1648 3856 1665 3888 ι
1697 3839 1807 3891 Καὶ

239 3931 428 3991 huic
481 3930 718 3999 Πράξεσι
779 3929 886 3980 τῶν
939 3928 1250 3980 ἀποστόλων
1299 3928 1517 3996 λέγεται
1547 3929 1677 3994 περὶ
1706 3928 1805 3998 τῆς

670 4038 687 4071 ι
755 4021 1097 4091 ᾭκοδομεῖτο
1146 4020 1492 4091 πορευομένη
1549 4020 1608 4070 ἐν
1655 4020 1806 4090 φόϐῳ

240 4112 386 4175 Θεοῦ,
420 4112 641 4181 καὶτῆς
677 4114 1072 4182 παρακλήσεως
1119 4113 1211 4165 τοῦ
1267 4112 1423 4177 ἁγίου
1488 4112 1806 4182 Πνεῦματος

241 4203 558 4274 ἐπληροῦτο.
595 4222 613 4254 ι
656 4205 753 4255 Διὰ
773 4202 929 4255 τοῦτο
958 4207 1049 4255 καὶ
1083 4204 1112 4256 ὁ
1136 4202 1341 4273 Κύριος
1374 4204 1434 4257 τὸ
1461 4203 1691 4274 Πνεῦμα
1744 4204 1807 4257 τὸ

243 4294 383 4361 ἅγιον
417 4295 766 4363 Παρήγορον
802 4294 1058 4365 ὀνομάζει
1070 4336 1083 4349 .

248 4021 595 4089 Ἐκκλησίας,

1890 461 2041 500 scera
2066 461 2163 499 sua
2199 446 2268 499 ab
2302 460 2387 510 eo,
2423 446 2699 514 quomodo
2734 445 2973 499 mancliit
3002 446 3244 499 cliaritas
3286 445 3376 497 Dei
3410 446 3463 498 in

1890 537 1981 589 illo
2011 536 2099 589 7°?
2136 555 2153 587 ι
2188 537 2352 606 quue
2383 538 2435 589 in
2472 537 2579 590 Deo
2614 538 2847 590 maxime
2872 537 3050 591 locum
3083 538 3262 597 habet.
3297 538 3455 607 cujus

1888 628 2025 681 velle
2048 640 2105 680 ut
2138 626 2305 682 faciat
2344 628 2783 683 eliicacissimum
2824 640 2927 684 est.
2965 631 3205 696 Eamque
3238 631 3308 683 ob
3352 646 3464 683 rem

1890 718 2033 771 haud
2078 718 2357 772 immerito
2395 734 2423 772 a
2478 720 2589 773 Deo
2634 721 2817 773 omnia
2871 720 3015 773 dona
3049 720 3167 773 dari
3212 720 3468 772 dicuntur

1889 823 1983 877 per
2024 809 2286 877 Spiritum
2312 822 2589 875 sanetum,
2628 813 2701 866 uti
2745 812 3041 881 Apostolus
3073 813 3194 865 ait:
3239 830 3256 860 ι
3300 811 3468 864 Datur

1889 914 1983 969 per
2043 899 2304 970 Spiritum
2365 918 2544 957 sermo
2604 903 2920 973 sapientia);
2968 902 3059 956 alii
3109 916 3239 957 vero
3284 914 3467 954 sermo

1887 989 2128 1045 scientiae
2157 994 2459 1047 secundum
2494 993 2747 1047 eumdem
2786 993 3049 1060 Spiritum
3074 993 3144 1046 ⁶⁰.
3181 1011 3198 1044 ι
3236 992 3467 1046 Postea-

1889 1095 1995 1151 que
2042 1081 2231 1137 multis
2284 1083 2664 1137 enumeratis:
2726 1100 2745 1133 ι
2808 1081 2935 1136 Hzec
2992 1082 3198 1145 omnia,
3259 1081 3467 1149 inquit,

1892 1184 2151 1242 operatur
2186 1189 2331 1227 unus
2355 1183 2521 1242 atque
2570 1173 2710 1228 idem
2757 1172 3019 1243 Spiritus.
3055 1172 3304 1225 dividens
3352 1171 3468 1225 sin-

1888 1263 2028 1333 gulis
2053 1272 2214 1331 prout
2244 1264 2358 1317 vult
2382 1263 2452 1317 ⁸³.
2500 1282 2519 1313 ι

1962 1354 2103 1420 Quin
2145 1356 2246 1408 hoc
2282 1370 2503 1423 quoque
2548 1355 2760 1410 eximiae
2796 1355 3081 1410 charitatis
3130 1361 3342 1409 certum
3384 1354 3467 1406 in-

1889 1444 2093 1498 dicium
2127 1454 2231 1509 est,
2270 1456 2327 1497 ut
2358 1444 2572 1498 amicus
2608 1461 2731 1498 CUlIl
2761 1446 2940 1499 amico
2983 1446 3191 1498 versari
3235 1451 3468 1513 quaerat,

1890 1548 1952 1587 ac
1977 1544 2165 1587 mutuo
2192 1535 2530 1588 delet-tentur
2559 1550 2853 1605 congressu
2873 1574 2889 1599 ,
2928 1550 3028 1589 nec
3062 1549 3287 1601 prorsus
3326 1534 3469 1588 alius

1891 1626 1958 1680 ab
1993 1626 2098 1680 alio
2150 1629 2389 1695 srparati
2439 1628 2729 1682 sustineat.
2778 1627 2931 1691 Quod
2985 1635 3167 1681 autem
3222 1625 3471 1680 homines

1890 1733 2012 1773 cum
2059 1719 2170 1773 Deo
2203 1729 2512 1783 versentur,
2548 1735 2644 1788 per
2679 1720 2826 1773 illius
2856 1720 3088 1789 obtingit
3135 1716 3471 1783 e0ntempla-

1894 1810 2118 1875 tionem,
2164 1812 2307 1867 sicut
2336 1812 2411 1865 ait
2451 1812 2785 1881 Apostolus:
2827 1830 2845 1862 ι
2886 1811 3083 1866 Nostra
3122 1821 3300 1866 autem
3335 1825 3471 1864 ron-

1894 1906 2127 1959 versatio
2158 1905 2210 1959 in
2254 1906 2411 1960 caelis
2441 1913 2526 1959 est
2574 1904 2641 1959 ⁸³.
2680 1923 2697 1956 ι
2737 1903 2877 1970 Quia
2900 1919 3031 1973 ergo
3081 1903 3313 1973 Spiritus
3341 1916 3473 1956 san-

1894 2008 2014 2052 ctus
2049 2005 2276 2067 praestat
2323 2006 2382 2051 ut
2434 1995 2527 2051 Dei
2582 2004 2859 2051 amatores
2903 1997 3097 2061 simus,
3142 1996 3338 2049 merito
3379 2010 3475 2063 per

1892 2105 2018 2145 eum
2048 2091 2208 2143 etiam
2239 2089 2344 2143 hoc
2389 2090 2783 2153 nanciSrimur,
2820 2098 2879 2144 ut
2923 2088 3090 2144 Deum
3127 2090 3475 2158 contemple-

1895 2198 2041 2245 mur,
2067 2179 2221 2235 Unde
2249 2180 2324 2233 ait
2354 2179 2496 2234 idem
2531 2178 2822 2249 Apostolus
2856 2197 2869 2234 :
2897 2180 3009 2235 Nos
3034 2190 3212 2235 autem
3237 2180 3474 2235 revelata

1897 2273 2058 2334 facie,
2091 2270 2321 2341 gloriam
2363 2269 2580 2325 Domini
2611 2272 2770 2341 quasi
2799 2288 2863 2325 ex
2902 2272 3127 2341 speculo
3171 2286 3478 2341 reprtesen-

1898 2376 2094 2427 tantes.
2137 2364 2189 2417 in
2218 2366 2464 2421 eamdem
2499 2364 2789 2436 imaginem
2821 2364 3280 2418 transformamur
3310 2380 3339 2418 a
3368 2363 3479 2417 cla-

1898 2468 2057 2519 ritate
2101 2465 2154 2519 in
2203 2464 2532 2524 claritatem,
2561 2459 2719 2530 quasi
2756 2475 2785 2511 a
2836 2457 3052 2512 Domini
3102 2457 3312 2526 Spiritu
3344 2458 3408 2509 ⁸³.
3455 2475 3474 2509 ι

1970 2554 2140 2609 Porro
2170 2553 2424 2608 amicitias
2458 2552 2740 2622 proprium
2771 2558 2876 2615 est,
2905 2560 2964 2603 ut
2991 2556 3044 2603 et
3075 2549 3289 2603 amicus
3318 2548 3479 2603 amiti

1902 2648 2186 2719 praesentia
2216 2647 2467 2715 gaudeat,
2498 2645 2728 2714 ejusque
2764 2653 2815 2697 et
2852 2642 3009 2697 factis
3038 2650 3089 2696 et
3129 2641 3292 2695 dictis
3332 2641 3480 2695 delc-

1902 2751 2117 2805 ctetur;
2160 2750 2320 2809 atque
2368 2739 2435 2793 ab
2492 2754 2577 2801 eo,
2614 2734 2873 2806 quicquid
2930 2734 3142 2789 moli-sti
3199 2733 3481 2788 acciderit.

1902 2833 2327 2889 consolationem
2378 2842 2539 2900 atque
2598 2831 2846 2884 levamen
2908 2828 3171 2882 inveniat.
3228 2826 3479 2896 "int-que

1902 2928 2039 2982 adeo
2072 2936 2175 2989 est.
2225 2934 2285 2979 ut
2334 2940 2455 2980 cum
2487 2937 2633 2995 σιειο
2670 2921 2853 2976 animo
2886 2937 3099 2984 sumus,
3161 2923 3227 2975 ad
3273 2922 3484 2977 amicos

1904 3019 2158 3084 maxime,
2192 3017 2403 3073 levandi
2436 3018 2692 3071 maeroris
2728 3030 2886 3070 causa
2908 3013 3314 3084 confugiamus.
3344 3014 3483 3080 Quia

1906 3110 2071 3179 igitur
2113 3106 2355 3180 Spiritus
2405 3115 2627 3164 sanctus
2658 3105 2868 3160 amicos
2900 3104 2988 3159 Dei
3038 3122 3141 3161 nos
3175 3104 3481 3168 constituit,
3512 3166 3517 3179 λ

1905 3200 2196 3270 ipsumque
2224 3200 2275 3254 in
2312 3199 2491 3263 nobis,
2531 3214 2594 3253 ac
2629 3212 2729 3253 nos
2753 3198 2806 3251 iu
2836 3197 2931 3251 il'lo
2964 3198 3213 3250 habitare
3244 3196 3395 3261 facit,
3425 3207 3484 3248 ιιι

1905 3291 1958 3346 in
1995 3291 2385 3359 superioribus
2419 3298 2697 3345 ostensum
2749 3297 2855 3352 est,
2884 3305 2979 3358 par
3004 3300 3087 3343 est
3113 3301 3171 3343 ut
3210 3288 3328 3357 ejus
3362 3304 3483 3341 mu-

1906 3396 2035 3434 nere
2059 3380 2296 3434 la-titiam
2310 3396 2374 3435 ac
2406 3380 2833 3435 consolationem
2858 3384 3123 3436 adversus
3154 3381 3337 3435 san-tali
3366 3396 3486 3434 mo-

1906 3472 2093 3527 lestias
2116 3487 2304 3525 omnes
2334 3487 2649 3541 pugnasque
2674 3486 2702 3526 a
2733 3471 2842 3525 Deo
2869 3486 3290 3541 consequamur.
3330 3471 3487 3528 Unde

1905 3567 2068 3621 etiam
2122 3564 2197 3618 ait
2242 3562 2531 3617 Psalmista
2574 3581 2587 3616 :
2623 3580 2642 3615 ι
2682 3561 2865 3617 Redde
2895 3548 3027 3617 mihi
3057 3565 3478 3618 exsultationem

1908 3658 2167 3713 salutaris
2196 3657 2299 3721 tui,
2328 3665 2381 3711 et
2410 3655 2620 3724 Spiritu
2648 3655 2938 3725 principali
2966 3656 3229 3710 conﬁrma
3259 3671 3342 3709 me
3374 3653 3482 3709 ⁸⁸.»

1907 3750 2201 3820 Apostolus
2218 3763 2437 3818 quoque
2465 3765 2477 3799 :
2508 3746 2785 3817 tRegnum
2814 3749 2905 3803 Dei
2942 3757 3025 3803 est
3056 3749 3265 3819 jttslitia
3300 3758 3347 3803 et
3382 3764 3485 3818 pax

1909 3852 1959 3896 et
1990 3841 2245 3910 gaudium
2281 3842 2331 3894 in
2365 3840 2569 3909 Spiritu
2605 3851 2795 3894 sancto
2826 3841 2893 3895 ⁸⁸.
2927 3860 2946 3893 ι
2983 3840 3224 3910 lietnquu
3253 3842 3304 3894 in
3338 3843 3487 3896 Artis

1908 3938 2286 4005 apostolorum
2323 3934 2525 3988 dicitur
2562 3934 2628 3989 de
2655 3933 2899 3988 Ecclesia
2940 3950 2954 3988 :
2999 3952 3016 3985 ι
3065 3934 3217 4000 Quod
3255 3934 3488 3988 aediﬁca-

1908 4027 2072 4082 batur
2129 4025 2421 4079 ambulans
2485 4025 2537 4077 in
2596 4026 2794 4079 timore
2850 4024 2967 4093 Dei,
3019 4034 3073 4079 et
3107 4025 3489 4079 consolatione

1911 4120 2149 4189 Spiritus
2180 4120 2353 4173 sancti
2394 4117 2704 4187 replebatur
2731 4117 2798 4170 ⁸⁸.
2836 4137 2854 4170 ι
2884 4118 3061 4188 Atque
3098 4117 3150 4171 id
3197 4132 3378 4172 causa:
3407 4128 3490 4171 est

1909 4226 2008 4265 cur
2037 4222 2090 4265 et
2119 4208 2384 4264 Dominus
2439 4208 2704 4278 Spiritum
2739 4220 2990 4263 sanctum
3038 4218 3193 4263 vocet
3224 4207 3489 4263 Consola-

1911 4312 2081 4358 torem
2114 4302 2181 4353 ⁸⁷.

320 4387 477 4439 Ἀλλὰ
514 4388 617 4455 μὴν
644 4387 739 4439 καὶ
766 4386 825 4438 τὸ
859 4386 1048 4457 μηδενὶ
1082 4385 1442 4442 δεδουλῶσθαι
1474 4389 1624 4461 καὶὴ
1655 4389 1796 4444 ὲλευ-

1985 4395 2129 4461 Quin
2159 4404 2208 4448 et
2274 4395 2476 4448 nullius
2524 4393 2806 4448 servitutis
2840 4394 2971 4464 jugo
3023 4394 3191 4461 premi
3229 4404 3394 4462 atque
3428 4395 3490 4445 ii-

241 4478 386 4548 θερί)
429 4480 505 4543 ὼς
534 4482 787 4549 μέγιστον
818 4480 1023 4547 ἀγαθὸν
1056 4481 1149 4532 καὶ
1195 4479 1560 4544 σπουδάζεται
1582 4484 1678 4534 καὶ
1714 4500 1804 4548 φιο

240 4572 425 4624 litat.
489 4574 551 4624 Οί
609 4573 741 4640 γοῦν
774 4573 834 4625 οὐ
868 4573 1021 4642 φόϐῳ
1053 4573 1350 4636 κολάσεως,
1385 4572 1575 4643 ὥσπερ
1608 4573 1805 4636 δοῦλοι,

244 4663 373 4714 ἀλλὰ
406 4663 496 4716 διὰ
520 4663 617 4733 τὴν
639 4663 732 4716 τοῦ
761 4663 895 4717 Θεοῦ
922 4664 1141 4732 ἀγάπην
1166 4665 1263 4717 καὶ
1298 4665 1489 4733 φιλίαν
1516 4664 1806 4734 ἐπιμελού-

250 4771 393 4820 μενοι
428 4756 682 4826 ἀρέσκειν
729 4756 869 4827 Θεῷ,
899 4750 1043 4809 οῦτοί
1090 4758 1196 4808 εἱσι
1230 4756 1473 4827 μόνιμοι,
1507 4756 1806 4825 ἐλευθέρως

248 4846 335 4895 καὶ
379 4846 637 4909 ἑκουσίως
691 4848 824 4917 πρὸς
880 4847 1012 4900 αὐτὸ
1044 4848 1405 4917 διακείμενοι,
1443 4848 1556 4900 ἀλλ’
1585 4850 1683 4919 οὐχ
1713 4849 1805 4901 ὑπ’

250 4938 481 5008 ἀνάγκης
507 4940 539 5011 ἢ
569 4940 690 5009 βίας
722 4938 957 5005 τάγαθὸν
988 4940 1058 5002 ὡς
1082 4941 1258 4993 δοῦλοι
1287 4940 1643 5010 πράττοντες.
1700 4940 1808 4994 Καὶ

249 5029 292 5077 οἱ
322 5030 551 5083 τοιοῦτοι
576 5032 687 5083 υἱοὶ
715 5033 809 5083 καὶ
838 5032 983 5100 φίλοι
1022 5033 1158 5085 εἰσὶν
1185 5034 1326 5099 ἄξιοι
1380 5032 1663 5085 καλεῖσθαι
1716 5033 1808 5085 τοῦ

250 5120 401 5174 θεοῦ.
446 5123 508 5177 Ἠ
536 5122 667 5190 γοῦν
702 5124 970 5194 παντελὴς
993 5126 1089 5177 καὶ
1109 5128 1312 5188 παντὸς
1343 5125 1496 5183 δέους
1527 5124 1809 5196 ἀπηλλαγο

254 5216 388 5283 μένη
432 5216 709 5287 ἐλευθερία
733 5257 747 5283 ,
784 5218 841 5268 ὲν
958 5218 1191 5287 μάλιστα
1227 5220 1323 5273 καὶ
1371 5220 1405 5286 ἡ
1436 5219 1532 5287 τῆς
1574 5219 1811 5289 ἀρχαίας

325 5392 369 5422 ’⁵
410 5392 601 5450 lJoau.
654 5412 735 5456 ιιι,
797 5397 885 5449 17.
991 5396 1087 5448 ⁸⁸1
1134 5368 1259 5450 εον.
1298 5414 1395 5456 xtt.
1431 5400 1483 5454 8.

254 5460 316 5511 ⁸⁵.
358 5461 485 5523 l‘sal.
543 5483 596 5530 ι,
655 5467 733 5518 H.
846 5467 891 5497 "

251 5668 334 5721 tit.

1606 5398 1647 5429 ⁸¹
1678 5398 1695 5451 l
1730 5396 1857 5453 Cor.
1894 5413 1990 5461 xit,
2033 5398 2119 5454 ll.

956 5465 1110 5521 ῐίυιιι.
1178 5484 1285 5528 xw,
1343 5469 1425 5522 Π.
1501 5472 1545 5502 ⁸⁵
1581 5470 1917 5529 Act.tx,5l.

1908 4487 2110 4547 bertas,
2138 4494 2398 4554 tanquam
2432 4487 2731 4538 maximum
2762 4486 2961 4538 bonum
3000 4496 3055 4538 et
3099 4484 3329 4538 solicitis
3369 4486 3485 4536 ani-

1907 4578 2010 4630 mis
2041 4578 2304 4645 quaaritur
2334 4586 2386 4630 et
2425 4578 2731 4629 adamatur.
2765 4575 2868 4641 Qui
2904 4590 3034 4643 ergo
3081 4591 3187 4628 non
3225 4576 3481 4642 supplicii

1908 4678 2079 4728 metu.
2108 4678 2163 4721 ut
2195 4669 2361 4731 servi,
2394 4670 2485 4721 sed
2517 4669 2699 4721 divina
2728 4668 2999 4721 charitate
3038 4682 3102 4720 ac
3151 4683 3338 4720 amore
3377 4667 3484 4721 Deo

1908 4760 2119 4828 placere
2151 4759 2390 4822 studt-nt,
2430 4760 2483 4812 lii
2534 4758 2901 4812 Constantiam
2940 4769 3148 4824 tenent,
3183 4763 3273 4829 qui
3319 4761 3489 4813 lllli‘l'c

1911 4867 1975 4905 ac
2010 4864 2205 4920 sponte
2244 4852 2384 4905 bono
2416 4852 2747 4915 adlnereaut,
2774 4866 2873 4905 nec
2900 4852 3006 4905 ulla
3044 4858 3368 4909 neechitate
3394 4868 3489 4910 aut

1910 4942 1986 5007 vi,
2026 4956 2307 4995 servorum
2347 4957 2517 5005 mare,
2550 4942 2681 4994 illud
2738 4954 3047 4999 exerceant.
3091 4947 3284 5016 Aequi
3341 4950 3488 5015 ejus‘

1914 5034 2059 5087 modi
2124 5044 2275 5093 sunt,
2322 5050 2536 5120 agnum
2599 5049 2679 5090 est
2722 5048 2777 5089 ut
2830 5038 2921 5090 lilii
2972 5054 3034 5091 ac
3066 5040 3224 5091 amici
3273 5040 3365 5101 De}
3397 5055 3494 5091 au-

1913 5128 2086 5180 diant.
2119 5125 2283 5180 Plena
2305 5143 2456 5196 ergo,
2487 5129 2746 5197 omnique
2776 5141 2920 5183 metu
2948 5132 3121 5185 soluta
3158 5132 3382 5185 libertas
3415 5134 3490 5200 (in

1917 5235 2022 5288 qua
2075 5220 2237 5274 etiam
2300 5221 2534 5275 maxime
2593 5224 2828 5292 antiquae
2882 5223 3134 5290 imaginis
3190 5226 3495 5296 ingenuitas

2232 5399 2275 5429 ³⁸
2308 5397 2546 5470 Philipp.
2582 5417 2661 5465 ιιι,
2695 5402 2784 5456 20.

2896 5400 2942 5434 ⁸³
2980 5403 3040 5467 ΙΙ,
3086 5405 3212 5460 Cor.
3271 5421 3355 5469 ιιι,
3408 5407 3492 5458 18.

1994 5469 2037 5499 ⁸⁷
2071 5468 2230 5523 Joan.
2268 5484 2377 5534 xw,
2408 5473 2456 5522 7.

252 5612 359 5681 non
392 5600 496 5671 ipsa
524 5606 687 5658 vei-lia
722 5614 776 5658 ut
800 5606 1021 5675 legerat.
1072 5607 1158 5661 Sic
1193 5608 1438 5675 sequenti
1472 5610 1796 5665 auctoritate
1839 5607 2101 5664 omissum
2138 5610 2217 5673 τὸ,
2253 5610 2380 5681 ἰδίᾳ,
2418 5612 2561 5681 quod
2593 5622 2769 5668 tamen
2814 5614 2935 5670 aliis
2972 5614 3101 5671 locis
3174 5630 3283 5671 non
3328 5615 3493 5671 omit-
