3916 6204
491 211 596 268 ἶῆτ

1761 220 2150 279 MANUELIS
2189 222 2490 282 CALECxE
3572 234 3664 296 εδδ

489 324 687 375 elucvtt
724 325 866 376 reiut
901 342 928 375 ιι
963 324 1145 376 divina
1181 324 1480 386 Cbaritate,
1515 327 1582 378 ab
1619 327 1822 394 Spiritu
1867 338 2054 379 saneto

2164 328 2371 391 εἰκόνος
2396 331 2646 396 εὐγένεια
2678 329 3092 398 καταφαίνεται,
3121 331 3191 392 ὡς
3224 333 3359 401 παρὰ
3383 333 3514 399 Θείας
3530 335 3662 405 Ἀγά.
3743 336 3754 351 '

491 416 784 482 prmbetur,
822 417 923 475 bis.
959 417 1048 482 qui
1111 431 1204 482 per
1243 415 1470 483 gratiam
1508 427 1565 470 ut
1600 416 1692 469 [illi
1740 416 1831 470 Dei
1870 419 1977 469 sint.
2008 429 2060 469 et

490 508 743 562 dicantur
770 507 1044 561 consecuti
1072 517 1198 573 sunt
1233 523 1246 559 :
1285 507 1655 575 «Quicumque
1685 509 1850 571 enim,
1887 510 2060 573 inquit

496 598 715 657 Paulus.
748 598 949 666 Spiritu
995 597 1084 651 Dei
1116 608 1369 662 aguntur,
1407 601 1456 652 bi
1495 612 1622 654 Sunt
1655 603 1744 655 lilii
1800 601 1890 653 Dei
1927 599 1994 652 ⁸³.
2035 619 2051 649 ι

496 711 514 742 ι
565 691 625 742 Ει
683 705 947 742 rursum:
1014 687 1114 743 Ubi
1173 689 1408 757 Spiritus
1467 692 1699 748 Domini.
1772 694 1840 745 ibi

496 789 575 830 Ias
607 778 675 830 ⁸³³.
716 796 734 827 ι
774 778 836 832 Et
869 797 881 832 :
924 797 941 829 t
983 777 1038 832 Si
1074 778 1278 848 Spiritu
1316 781 1603 846 ducimini,
1645 797 1751 834 non
1781 784 1915 836 estis
1953 783 2056 834 sub

486 875 605 941 lege
643 874 710 929 ⁸ο.
749 895 766 926 ι

561 965 697 1022 llinc
737 978 820 1022 est
865 969 1084 1034 etquod
1124 967 1383 1038 Spiritus.
1429 969 1609 1022 carnis
1642 983 1805 1036 opera
1854 967 2056 1022 dicitur

487 1061 839 1128 mortiﬁcare,
892 1073 1167 1132 quatenus
1224 1079 1318 1131 per
1367 1063 1548 1116 carnis
1606 1062 1859 1115 libidines
1895 1071 2057 1130 atque

486 1151 615 1204 \itia
646 1165 676 1205 a
714 1167 844 1205 vero
880 1152 1023 1207 bono
1053 1153 1378 1214 recedimus,
1405 1153 1468 1207 ad
1504 1152 1648 1222 quod
1688 1167 1784 1206 nos
1817 1151 2054 1221 Spiritus

487 1255 715 1300 sanctus
765 1261 861 1314 per
908 1245 1246 1299 Cbaritatem
1307 1245 1512 1314 dirigit,
1547 1245 1622 1297 nti
1661 1244 1957 1312 Apostolus
1986 1243 2052 1296 ad

486 1335 764 1391 llutnanos
794 1337 999 1401 scribit,
1037 1356 1055 1388 ι
1093 1335 1152 1390 Si
1180 1334 1389 1405 Spiritu
1449 1350 1609 1404 opera
1650 1336 1832 1390 carnis
1866 1333 2056 1387 morti-

489 1427 783 1481 licaveritis
807 1467 822 1489 ,
856 1426 1050 1480 vivetis
1075 1427 1141 1480 ⁹¹.
1185 1445 1202 1478 ι
1223 1426 1405 1500 Ill-lulta
1435 1441 1563 1480 vero
1594 1426 1756 1480 etiam
1791 1425 1892 1477 alia
1920 1439 2045 1493 pos-

484 1519 556 1570 sit
583 1518 705 1582 quis
741 1517 1010 1582 invenire,
1041 1517 1240 1586 quibus
1269 1532 1432 1584 opera
1478 1517 1773 1570 Cbaritatis
1831 1515 2048 1584 proprie

488 1607 710 1674 Spiritui
749 1617 940 1663 saneto
969 1608 1373 1662 accommodari
1407 1617 1740 1665 monstretur
1768 1625 1783 1671 ;
1819 1617 1876 1661 ut
1925 1607 2052 1661 inde

487 1699 663 1764 p-tlatn
700 1698 812 1761 ﬂat,
855 1696 1119 1767 Spiritum
1182 1707 1433 1753 sanctum
1491 1713 1557 1753 ex
1593 1697 1702 1751 Deo
1759 1698 2052 1766 procedere

487 1795 547 1837 ut
577 1785 920 1852 charitatem,
979 1788 1435 1855 quemadmodum
1471 1788 1641 1843 Filius
1695 1798 1754 1842 ut
1814 1787 2051 1842 Verbum

489 1878 700 1940 notitia,
731 1893 827 1932 st-u
877 1892 1000 1929 cum
1060 1879 1222 1932 ambo
1274 1893 1336 1933 ex
1382 1878 1565 1932 divina
1602 1887 1780 1933 mente
1810 1887 1863 1932 et
1898 1877 2053 1932 Patre

483 1969 857 2023 exsistentiam
888 1969 1143 2024 habeant.

552 2055 732 2126 Atque
758 2056 872 2111 Inec
904 2057 1190 2113 hactenus.
1239 2059 1394 2112 Alius
1425 2072 1553 2114 vero
1578 2058 1800 2128 quidam
1837 2069 2056 2113 saneto-

482 2161 626 2211 rutn,
664 2147 769 2202 hoc
797 2157 1066 2218 satagens,
1105 2158 1162 2203 ut
1196 2148 1396 2208 solum
1423 2151 1674 2206 unionem
1729 2168 1793 2206 ac
1863 2153 2056 2207 distin-

483 2237 724 2294 etiunetn
796 2241 1066 2310 tantisper
1107 2241 1432 2305 declararet,
1463 2253 1572 2297 tres
1631 2242 1777 2300 faces
1806 2245 1950 2300 inter
1997 2260 2055 2298 se

482 2332 716 2399 :r-qualcs
753 2333 935 2386 animo
963 2334 1242 2402 cogitavit,
1267 2335 1322 2389 in
1354 2350 1458 2389 una
1495 2349 1754 2390 accensas
1785 2335 1970 2390 domo.
1997 2335 2053 2390 In

482 2439 547 2478 ea
579 2438 812 2492 namque
855 2425 1014 2478 trium
1073 2424 1254 2478 lumen
1304 2432 1564 2494 tanquam
1603 2439 1668 2478 ex
1717 2440 1847 2488 una,
1886 2439 2053 2477 unum

482 2514 890 2582 conspicimus;
925 2529 1141 2583 unaque
1187 2515 1425 2577 sublata,
1459 2515 1585 2584 ejus
1618 2516 1798 2569 lumen
1849 2515 1924 2569 illi
1966 2530 2058 2570 co-

482 2621 600 2659 mes
641 2606 906 2675 sequitur,
953 2621 1078 2660 cum
1121 2605 1232 2662 duo
1265 2606 1469 2676 reliqua
1505 2607 1707 2660 lumina
1757 2607 2054 2662 secundum

485 2712 549 2753 se
577 2713 676 2752 nec
707 2698 1002 2768 quidquam
1038 2699 1353 2754 minuantur
1403 2714 1579 2766 neque
1606 2708 1930 2768 augeantur.
1963 2698 2056 2752 Li-

481 2802 611 2860 quet
666 2791 827 2858 igitur
857 2790 957 2842 tria
990 2793 1102 2843 haec
1146 2788 1310 2843 trium
1375 2789 1571 2844 facium
1605 2789 1832 2854 lumina,
1873 2805 1995 2844 cum
2026 2807 2066 2844 a‘

481 2882 642 2936 nobis
678 2891 844 2936 unum
877 2880 1344 2948 conspicerentur,
1387 2880 1681 2934 secundum
1723 2895 1782 2933 se
1820 2879 2055 2936 discreta

478 2986 532 3029 et
566 2990 671 3028 non
710 2973 935 3029 confusa
971 2974 1270 3030 exstitisse.
1321 2973 1510 3042 Neque
1552 2972 1697 3027 enim
1733 2972 1934 3042 alioqui
1972 2973 2055 3026 in-

479 3169 838 3231 posteaquam
880 3159 1206 3214 subductum
1239 3166 1345 3220 est,
1381 3164 1725 3210 cerneretur.
1759 3153 1850 3209 Sic
1887 3155 2054 3222 igitur

477 3254 640 3306 etiam
695 3263 805 3306 tres
862 3264 1148 3315 personas,
1200 3246 1265 3301 ad
1321 3245 1616 3302 essentiam
1658 3247 1802 3314 quod
1839 3247 2049 3311 attinet,

477 3353 645 3399 Ilttllm
684 3343 1012 3414 cogitamus,
1045 3355 1164 3410 qua:
1192 3349 1395 3402 tamen,
1434 3338 1630 3408 quibus
1681 3336 1787 3391 illis
1842 3337 2052 3391 iucotn-

477 3432 658 3487 ntistae
693 3446 757 3486 ac
792 3428 1094 3486 inconfusze
1125 3427 1487 3499 proprietates
1526 3435 1779 3491 manent,
1819 3425 1961 3480 inter
1991 3427 2051 3481 s'e

477 3525 626 3578 Velut
677 3524 905 3579 circuitu
964 3519 1141 3576 redire
1182 3535 1247 3576 ac
1299 3533 1609 3575 commeare
1647 3517 2048 3586 intelligantur;

476 3616 576 3670 etsi
618 3631 771 3670 mens
795 3625 1003 3678 nostra,
1053 3628 1150 3683 pro
1178 3627 1243 3667 eo
1271 3626 1335 3666 ac
1370 3612 1550 3682 decet,
1583 3624 1688 3663 non
1735 3609 1868 3664 satis
1899 3623 2048 3664 asse-

476 3718 696 3776 quatur.

551 3799 776 3870 Magnus
807 3806 987 3850 autem
1022 3789 1365 3856 Basilius,ad
1418 3806 1538 3845 eam
1588 3803 1701 3843 rem
1767 3787 2052 3842 declarano

476 3897 602 3947 dam
633 3907 820 3948 arcum
853 3891 1130 3945 caelestem
1165 3883 1415 3939 assumit.
1457 3883 1510 3940 Is
1544 3881 1684 3936 casio
1737 3879 1913 3949 pluria
1968 3894 2055 3934 ro-

477 3975 656 4045 ranie,
693 3996 925 4050 aereque
951 3978 1292 4039 circumﬂuo,
1337 3974 1576 4042 solisque
1609 3970 1758 4024 radio
1792 3986 1855 4024 ex
1917 3971 2054 4024 obli-

480 4091 592 4146 quo
621 4074 847 4130 nubium
887 4071 1208 4127 densitatem
1261 4068 1548 4133 subeunte,
1583 4082 1646 4120 ac
1692 4075 1802 4118 tum
1865 4063 2050 4116 orbem

477 4179 640 4220 suum
675 4163 890 4217 cuidam
944 4159 1170 4214 nubium
1227 4160 1432 4214 directe
1491 4159 1781 4230 deligente,
1838 4160 2055 4229 conspi-

478 4271 618 4309 enus
651 4259 897 4321 apparet.
943 4249 1412 4316 Quemadmodum
1487 4251 1633 4305 enim
1689 4267 1872 4316 arcus,
1929 4269 2051 4307 cum

1900 693 2060 745 libet-‘-

2161 433 2292 486 πης.
2352 418 2446 472 τοῦ
2481 419 2638 485 ἁγίου
2690 420 3027 488 Πνεῦματος,
3068 420 3264 473 δίδοται
3294 424 3397 481 τοῖς
3425 424 3511 490 τῆς
3537 426 3664 491 θείας

2159 509 2403 575 υίὸτητος
2425 511 2562 563 κατὰ
2593 511 2752 579 χάριν
2774 509 3101 576 ἀξιωθεῖσιν.
3138 529 3155 562 ι
3191 512 3342 563 Ὅσοι
3364 513 3480 582 γὰρ,
3516 535 3532 567 ι
3555 519 3667 584 φησι

2161 601 2393 663 Παῦλος,
2433 621 2451 653 t
2490 602 2768 670 Πνεύματι
2808 602 2944 656 Θεοῦ
2967 602 3208 670 ἄγονται,
3233 597 3373 657 οὗτοί
3418 608 3540 657 εἰσιν
3583 610 3668 662 υἱοὶ

2159 691 2316 745 Θεοῦ.
2350 712 2366 743 ι
2411 694 2522 746 Καὶ
2550 693 2733 758 πάλιν,
2765 713 2783 744 ι
2817 695 2992 746 Ὅπου
3020 696 3078 746 τὸ
3101 695 3321 763 Πνεῦμα
3348 697 3554 765 Κυρίου,
3573 701 3670 751 ἐκεῖ

2158 780 2465 848 ἐλευθερία.
2506 798 2523 830 ι
2563 781 2691 844 Καὶ,
2735 800 2751 832 ι
2793 783 2852 836 Εἰ
2897 783 3172 852 Πνεῦμα-,ιι
3209 783 3419 852 ἄγεσθε,
3445 786 3535 838 οὐκ
3568 787 3668 838 ἐστὶ

2161 871 2264 923 ὑπὸ
2297 873 2478 938 νόμον.
2517 891 2535 924 ι

2243 961 2523 1018 Ἐντεῦθεν
2548 967 2667 1017 ἐστὶ
2705 967 2764 1018 τὺ
2793 965 2886 1020 καὶ
2915 966 2981 1018 τὰ
3031 966 3128 1033 τῆς
3163 968 3357 1037 σαρκδς
3379 967 3505 1036 ἔργα
3533 969 3669 1021 θανα-

2157 1053 2283 1106 τοῦν
2305 1055 2363 1108 τὸ
2389 1056 2612 1126 Πνεῦμα
2637 1057 2912 1124 λέγεσθαι,
2938 1057 3126 1110 καθότι
3153 1058 3240 1109 διὰ
3273 1059 3374 1110 τῶν
3405 1057 3572 1111 παθῶν
3593 1059 3672 1126 τῆς

2160 1148 2360 1214 σαρκὸς
2393 1148 2786 1218 ἀποχωροῦμεν
2822 1145 2885 1202 ἐκ
2927 1148 3020 1201 τοῦ
3052 1149 3265 1217 ἀληθῶς
3313 1148 3527 1214 ἀγαθοῦ,
3559 1151 3671 1217 προς

2156 1240 2184 1292 ὃ
2215 1240 2282 1291 δι’
2309 1240 2530 1308 ἀγάπης
2554 1241 2700 1309 ἡμᾶς
2732 1241 2792 1294 τὸ
2821 1239 3044 1310 Πνεῦμα
3076 1241 3132 1291 τὸ
3174 1239 3328 1307 ἅγιον
3353 1241 3543 1302 τάττει,
3568 1241 3674 1302 ὼςὸ

2169 1331 2490 1391 Ἀπόστολος
2511 1332 2645 1400 πρὸς
2662 1315 3006 1402 ”Ρωμαίους,
3039 1351 3056 1382 t
3095 1332 3154 1384 Ei
3188 1331 3453 1399 Πνεῦματι
3476 1331 3534 1382 τὰ
3561 1330 3675 1400 ἔργα

2156 1421 2255 1491 τῆς
2290 1422 2488 1492 σαρκὸς
2516 1422 2875 1493 ὲνεκρώσατε,
2905 1424 3158 1493 ζήσεσθε.
3206 1444 3223 1474 ι
3274 1423 3438 1476 Πολλὰ
3465 1421 3505 1474 δ’
3528 1423 3584 1475 ἄν
3607 1440 3674 1484 τις

2157 1514 2306 1585 εὖροι
2340 1515 2436 1566 καὶ
2462 1513 2618 1576 ἄλλα,
2671 1514 2737 1567 δι’
2765 1509 2840 1566 ὧν
2867 1514 2932 1567 ἂν
2969 1516 3113 1578 ἰδίως
3151 1515 3227 1584 τῷ
3261 1515 3397 1582 ἁγίῳ
3429 1515 3672 1581 ﬂes-ipset

2157 1607 2644 1677 προσαρμοξόμενα
2687 1609 2756 1661 τὰ
2785 1608 2883 1676 τῆς
2917 1607 3164 1675 Ἀγάπης
3212 1606 3346 1673 ἔργα
3372 1603 3642 1657 δεικνύοιτο
3662 1618 3674 1632 ο

2151 1697 2227 1760 ὡς
2266 1699 2424 1766 δῆλον
2473 1699 2722 1753 ἐντεῦθεν
2773 1699 3020 1768 γίνεσθαι
3072 1698 3148 1760 ὡς
3188 1699 3428 1768 Ἀγάπην
3473 1698 3530 1748 ἐκ
3557 1694 3672 1746 Θεοῦ

2155 1791 2399 1858 προϊέναι
2426 1789 2485 1842 τὸ
2511 1790 2665 1858 ᾶγιον
2690 1789 2934 1859 Πνεῦμα,
2961 1788 3150 1856 ὥσπερ
3172 1788 3261 1840 τὸν
3293 1787 3414 1840 Υίὸν
3439 1785 3507 1848 ὡς
3532 1786 3676 1852 Λόγον

2154 1882 2186 1950 ἢ
2219 1882 2443 1950 Νόησιν,
2471 1883 2815 1953 ἀμφοτέρους
2847 1884 2998 1950 παρὰ
3027 1879 3122 1933 τοῦ
3164 1879 3298 1933 Θεοῦ
3330 1879 3434 1932 Νοῦ
3468 1879 3554 1931 καὶ
3588 1878 3680 1929 ﬂa-

2153 1973 2284 2045 τρδς
2314 1976 2410 2046 τὴν
2443 1974 2743 2027 ὑπόστασιν
2775 1973 3022 2043 ἔχοντας.

2227 2065 2409 2118 Ταῦτα
2441 2065 2496 2118 δὲ
2525 2065 2896 2118 ὲπιτοσοῦτον.
2936 2064 3127 2125 Ἄλλος
3173 2062 3228 2115 δὲ
3271 2061 3375 2114 τῶν
3401 2061 3554 2128 ἁγίων
3600 2062 3680 2119 τὴν

2156 2157 2348 2209 ἕνωσιν
2405 2156 2571 2226 μόνην
2628 2157 2727 2212 καὶ
2757 2154 2856 2225 τὴν
2882 2155 3162 2223 διάκρισιν
3219 2153 3445 2223 μετρίως
3474 2152 3680 2221 δηλῶσαι

2159 2245 2463 2316 βουληθεὶς,
2519 2249 2669 2317 τρεῖς
2725 2247 3015 2315 λαμπάδας
3077 2244 3385 2315 ὲνεθυμὴθη
3440 2243 3679 2311 ἀλλήλαις,

2159 2339 2470 2408 ἁπτομένας
2526 2341 2583 2391 ὲν
2631 2338 2715 2391 ἑνὶ
2767 2339 2921 2409 οἴκῳ.
2967 2339 3076 2392 Καὶ
3113 2336 3224 2408 γὰρ
3272 2341 3326 2389 ἐν
3352 2335 3491 2403 αὐτῷ
3511 2335 3562 2386 τὸ
3587 2333 3680 2401 φῶς

2156 2429 2263 2482 τῶν
2291 2429 2458 2500 τριῶν
2501 2430 2576 2493 ὡς
2603 2432 2668 2485 ὲκ
2712 2431 2843 2499 μιᾶς
2878 2429 2936 2482 ἓν
2989 2428 3210 2499 ὁρῶμεν
3229 2444 3244 2458 ⁸
3278 2428 3370 2482 καὶ
3395 2427 3514 2497 μιᾶς
3533 2424 3682 2477 αὐτῶν

2158 2521 2652 2592 ὑπεξαιρουμένης,
2701 2522 2759 2574 τ’)
2804 2523 2921 2589 φῶς
2951 2522 3124 2590 αὐτῆς
3157 2523 3290 2591 αὑτῇ
3326 2516 3680 2580 συνακολουθεῖ,

2156 2614 2263 2667 τῶν
2297 2607 2758 2684 περιλειπομένων
2782 2614 2874 2666 δύο
2909 2614 3104 2682 φώτων
3140 2614 3261 2668 καθ’
3293 2614 3459 2666 ἑαυτᾶ
3491 2606 3680 2681 μηδαμῆ

2161 2705 2286 2774 μήτ’
2319 2705 2729 2774 ἐλαττουμένων
2762 2706 2891 2775 μήτ’
2921 2705 3266 2773 αὐξομένων.
3311 2704 3473 2773 Δῆλον
3495 2699 3577 2754 οὖν
3615 2699 3681 2750 ὅτι

2158 2796 2226 2850 τὰ
2245 2797 2372 2867 τρία
2404 2793 2576 2852 ταῦτα
2602 2799 2711 2850 τῶν
2733 2797 2900 2868 τριῶν
2922 2798 3232 2868 λαμπάδων
3263 2797 3432 2866 φῶτα,
3465 2795 3543 2847 ὅτε
3576 2791 3682 2860 ἡμῖν

2155 2888 2232 2950 ὡς
2283 2888 2341 2943 ἓν
2397 2888 2667 2958 ἑωρῶντο,
2721 2888 2844 2942 καθ’
2893 2889 3063 2945 ἑαυτὰ
3109 2887 3499 2958 διακεκριμένα
3527 2884 3609 2936 καὶ
3631 2879 3680 2932 οὐ

2081 3002 2124 3063 c
2159 2980 2540 3050 συγκεχυμένοι
2580 2976 2742 3051 ἦσαν.
2797 2981 2932 3035 Οὐδὲ
2972 2981 3084 3048 γὰρ
3115 2981 3184 3034 ἂν
3234 2981 3445 3051 ἁμιγῶς
3471 2978 3551 3030 καὶ
3589 2969 3683 3027 οἷον

478 3067 760 3122 comtuiste
815 3083 879 3123 ac
929 3068 1076 3122 velut
1113 3081 1209 3136 per
1272 3079 1332 3121 se
1385 3064 1658 3121 exsistens
1689 3080 1855 3118 unum
1897 3064 2048 3128 illud,
2095 3102 2098 3112 ι

2156 3074 2538 3128 ίδιοῦπόστατα
2593 3073 2886 3145 ὲθεωρεῖτο
2918 3074 2977 3126 τὸ
3023 3072 3081 3126 ἓν
3120 3075 3261 3144 μετὰ
3291 3074 3385 3143 τὴν
3414 3069 3684 3139 ὑφαίρεσιν.

2153 3165 2339 3228 Οὕτως
2376 3161 2473 3220 οῦν
2523 3167 2619 3220 καὶ
2670 3166 2737 3219 τὰ
2767 3165 2894 3236 τρία
2931 3167 3203 3235 πρόσωπα
3252 3162 3610 3236 φανταζόμεθα
3639 3159 3687 3212 ἓν

2156 3257 2254 3326 μὲν
2286 3253 2423 3311 εἶναι
2474 3257 2617 3311 κατὰ
2671 3256 2769 3327 τὴν
2808 3257 3030 3310 οὑσίαν⁰
3077 3259 3303 3327 ἀμιγεῖς
3348 3259 3402 3311 δὲ
3443 3259 3579 3325 ὅμως
3610 3254 3688 3306 καὶ

2152 3347 2490 3417 ἀσυγχύτους
2531 3347 2824 3416 φυλάττειν
2877 3351 2977 3411 τὰς
3038 3348 3334 3419 ἰδιότητας,
3362 3350 3438 3413 είς
3482 3345 3686 3415 ἀλλήλας

2154 3441 2322 3503 αὐτὰς
2351 3439 2450 3504 τὰς
2484 3439 2814 3500 ὑποστάσεις
2852 3440 3271 3510 περιχωρούσας
3298 3457 3312 3472 ·
3368 3443 3416 3494 εί
3463 3440 3548 3492 καὶ
3581 3435 3691 3505 περὶ

2153 3533 2356 3586 τούτων
2387 3535 2419 3602 ἡ
2458 3532 2672 3587 διάνοια
2704 3533 2860 3603 ἡμῶν
2894 3533 2995 3587 οὐκ
3037 3534 3336 3601 ἐξικνεῖται
3369 3534 3443 3596 ὡς
3473 3531 3567 3585 δεῖ.

2235 3795 2365 3849 ’θδὲ
2387 3794 2557 3864 μέγας
2583 3795 2858 3858 Βασίλειος
2874 3795 2952 3858 εἶς
2969 3795 3204 3865 δήλωσιν
3228 3797 3318 3851 τοῦ
3347 3795 3569 3850 τοιοῦτον
3592 3789 3690 3858 (5'2)

2153 3887 2214 3939 τὸ
2271 3888 2328 3939 έν
2377 3887 2590 3956 οὐρανῷ
2641 3885 2820 3963 τόξονῤ
2853 3887 3150 3956 λαμϐάνει,
3196 3891 3331 3959 ὅπερ
3360 3889 3481 3942 ὅταν
3511 3885 3689 3954 ὄμϐρος

2155 3975 2380 4046 γένηται
2405 3976 2674 4044 φαίνεται,
2709 3975 3008 4046 ὑγρότητος
3028 3981 3165 4047 περὶ
3190 3980 3281 4031 τὴν
3309 3981 3441 4048 ἀέρα
3475 3992 3688 4031 συνιστα-

2158 4067 2346 4136 μένης,
2384 4067 2479 4120 καὶ
2527 4067 2623 4136 τῆς
2655 4069 2748 4120 τοῦ
2779 4070 2928 4139 ἡλίου
2960 4070 3184 4132 ἀκτῖνος
3227 4070 3368 4123 κατὰ
3406 4071 3465 4120 τὸ
3491 4066 3689 4133 πλάγιον

2159 4159 2557 4229 ὑποτρεχούσης
2587 4159 2685 4230 τὴν
2719 4160 3031 4230 πυκνότητα
3052 4161 3160 4214 τῶν
3191 4164 3397 4232 νεφῶν·
3439 4157 3547 4214 εἶτα
3569 4157 3686 4212 κατὰ

2157 4253 2216 4307 τὸ
2248 4253 2375 4306 εὐθὺ
2405 4255 2556 4321 νέφει
2581 4254 2684 4305 τινὶ
2712 4253 2801 4305 τὸν
2834 4252 3033 4307 κύκλον
3066 4254 3157 4308 τὸν
3191 4256 3322 4309 ῖδιον
3371 4251 3688 4326 ἐπερειδομέ-

481 4361 629 4399 uuus
661 4343 778 4413 ipse
801 4343 1099 4396 secundum
1133 4342 1278 4394 aeris
1305 4340 1665 4395 substantiam
1700 4341 1790 4406 sit,
1854 4343 2052 4396 inultos

2156 4361 2271 4414 νης.
2300 4344 2509 4413 ’Ὠσπερ
2543 4343 2648 4413 γὰρ
2680 4343 2854 4394 ἐκεῖνο
2884 4342 2942 4395 ἓν
2971 4345 3067 4412 μὲν
3091 4343 3208 4397 ἔστι
3245 4345 3382 4396 κατὰ
3403 4347 3496 4412 τὴν
3525 4340 3691 4394 οὐσίαν

481 4441 534 4491 in
569 4452 628 4494 se
694 4441 1052 4505 reptaasentat
1128 4433 1359 4494 colores,
1416 4449 1717 4503 eorumque
1762 4437 1937 4503 palam
1974 4436 2053 4488 di-

481 4529 704 4585 stinctio
757 4525 916 4582 nobis
949 4525 1278 4589 iunotescit;
1313 4540 1624 4594 quanquam
1691 4525 1779 4578 alii
1838 4527 1906 4579 ab
1930 4525 2050 4579 aliis

482 4621 711 4678 seorsim
744 4636 772 4673 a
806 4617 968 4674 nobis
1014 4633 1178 4673 sensu
1244 4617 1444 4685 percipi
1510 4633 1616 4670 non
1670 4619 1899 4686 possint,
1957 4618 2051 4672 sed

478 4711 881 4784 quodammodo
902 4719 954 4763 et
978 4708 1271 4763 continuus
1303 4714 1355 4760 et
1393 4707 1664 4761 discretus
1695 4716 1798 4771 est,
1835 4723 1898 4762 ac
1920 4723 2055 4776 pene

482 4821 704 4863 sensum
739 4803 894 4865 fallit,
925 4811 982 4856 ut
1038 4803 1184 4872 quod
1235 4802 1472 4856 medium
1536 4817 1598 4855 ex
1626 4818 1685 4855 se
1729 4803 2055 4856 commiscet

480 4897 850 4963 discernitque
874 4893 1159 4947 distinctos
1187 4890 1242 4944 in
1277 4905 1344 4945 eo
1366 4889 1602 4953 colores,
1639 4889 1886 4959 diguosci
1939 4905 2047 4942 non

482 4989 670 5058 possit.
723 4985 814 5039 Sic
862 4992 915 5038 et
984 4983 1039 5038 in
1123 4983 1400 5037 communi
1478 4983 1702 5036 Deitatis
1786 4981 2046 5046 essentia,

485 5076 845 5151 insi'gnientes
899 5077 1257 5145 proprietates
1289 5075 1523 5141 elucent,
1556 5065 1704 5136 Eunt,
1757 5073 1822 5126 ad
1857 5087 2048 5127 essen-

481 5171 613 5225 tiam
650 5167 792 5237 quod
827 5173 1058 5234 spectat,
1121 5165 1268 5220 nulla
1322 5166 1374 5219 in
1424 5164 1671 5235 personis
1722 5161 2054 5232 intelligatur

480 5262 798 5326 distinctio;
829 5274 1001 5330 eaque
1021 5258 1199 5314 omnis
1251 5261 1311 5325 iu
1370 5257 1793 5329 proprietatibus
1843 5257 2050 5310 solum-

547 5447 594 5482 "
628 5447 782 5498 llum.
823 5457 941 5509 VIII,
975 5442 1058 5499 15.

551 5635 658 5702 (διε)
694 5634 861 5704 Epist.
895 5633 980 5687 ιε.

1141 5445 1182 5475 θ’
1207 5439 1245 5495 ll
1281 5441 1403 5496 Cor.
1438 5456 1520 5508 ιιι,
1553 5439 1635 5494 l7.
1668 5440 1712 5472 ’°
1745 5439 1862 5495 Gal.
1892 5456 1942 5504 ν,
1979 5439 2064 5495 18.

2155 4436 2249 4491 τοῦ
2287 4437 2466 4506 ἀέρος,
2523 4434 2692 4488 πολλὰ
2749 4434 2804 4487 δὲ
2851 4436 2909 4487 ἐν
2943 4436 3090 4506 αὑτῷ
3123 4435 3392 4505 χρώματα
3420 4435 3690 4502 φαίνονται,

2160 4533 2256 4584 καὶ
2287 4527 2534 4596 φανερῶς
2565 4527 2661 4590 τὰς
2702 4527 2966 4596 διαφορὰς
3015 4529 3225 4580 τούτων
3255 4526 3660 4593 διαγινώσκομεν
3679 4535 3691 4550 ·

2162 4619 2223 4673 οὑ
2253 4618 2476 4672 δυνατὸν
2497 4617 2554 4672 δὲ
2585 4620 2652 4689 τῇ
2683 4617 2935 4685 αἰσθήσει
2958 4617 3290 4671 καταλαϐεῖν
3327 4619 3423 4688 τὴν
3445 4617 3694 4672 διάστασιν

2163 4710 2256 4765 τοῦ
2295 4711 2481 4781 ἑτέρου
2517 4709 2651 4780 πρὸς
2698 4711 2757 4763 τὸ
2816 4710 3000 4779 ἕτερον
3026 4724 3043 4742 ο
3071 4710 3208 4763 ἀλλὰ
3256 4710 3453 4780 τρόπον
3479 4708 3591 4761 τινὰ
3615 4705 3694 4760 καὶ

2166 4801 2385 4867 συνεχές
2435 4801 2550 4853 ἐστι
2592 4801 2686 4854 καί¹
2716 4801 3115 4872 διαιρούμενον,
3150 4798 3249 4867 τὴν
3285 4799 3529 4856 αἴσθησιν
3554 4797 3694 4867 ἡμῶν

2152 4887 2510 4952 ὑποκλέπτον,
2541 4888 2614 4952 ὡς
2646 4891 2721 4958 μὴ
2755 4890 3138 4958 διαγινώσκειν
3171 4895 3262 4946 τὸν
3308 4892 3400 4946 τοῦ
3428 4888 3511 4947 διὰ
3543 4886 3689 4957 μέσου

2150 4980 2238 5031 τδιν
2289 4979 2582 5048 μιγνύοντα
2625 4979 2691 5032 δι’
2749 4981 2944 5034 ἑαυτοῦ
2980 4984 3075 5034 καὶ
3128 4984 3431 5053 χωρίζοντα
3487 4974 3695 5046 τὴντῶν

2149 5071 2325 5142 χροῶν
2357 5073 2652 5140 ἑτερότητα
2673 5089 2686 5102 ο
2727 5073 2871 5125 οὕτω
2897 5076 2991 5129 καὶ
3020 5076 3077 5127 ἐν
3107 5077 3172 5146 τῇ
3199 5075 3474 5146 κοινότητι
3503 5073 3594 5141 τῆς
3622 5067 3696 5120 οὐ·

2151 5165 2266 5229 σίας
2294 5163 2390 5217 τοῦ
2412 5163 2546 5218 Θεοῦ
2571 5166 2622 5218 αἱ
2645 5170 3004 5236 γνωριστικαὶ
3025 5167 3288 5239 ἰδιότητες
3319 5168 3691 5237 ἐπιλάμπουσιν

2151 5257 2288 5311 κατὰ
2327 5257 2426 5326 μὲν
2481 5256 2581 5326 τὴν
2630 5255 2816 5310 οὐσίαν
2839 5257 3095 5328 οὐδεμιᾶς
3147 5258 3206 5312 ὲν
3237 5261 3358 5324 ταῖς
3387 5254 3694 5314 ὑποστάσεσι

2141 5440 2182 5473 ⁹¹
2220 5436 2378 5500 Rom,
2417 5451 2534 5508 VIII,
2574 5437 2658 5494 l5.
