3916 6204
325 261 416 326 5r9
1287 266 1384 326 DE
1432 265 1852 328 PRINCIPIIS
1879 271 2086 330 FlDEl
2119 272 2585 340 C.—\TIIOLIC/E.

3440 286 3549 352 570

320 370 600 439 νοουμένης
651 369 940 440 διαφορᾶς,
999 373 1138 427 κατά
1171 374 1229 428 δὲ
1265 376 1363 437 τὰς
1389 378 1570 430 αὐτῶν
1603 377 1853 446 ίδιᾶτητσιέ

1975 383 2136 436 modo
2165 396 2444 440 versetur:
2481 399 2536 439 ut
2575 399 2629 443 et
2655 389 2912 445 unionem
2945 391 2998 444 in
3021 390 3284 457 essentia,
3334 402 3386 448 et
3427 395 3546 450 dis-

323 468 468 533 μὸνον
501 463 602 530 τῆς
641 463 904 532 διαφορᾶς
936 462 1102 533 οὔσης
1127 479 1140 494 ·

315 828 490 897 ὲτ⁵ρου
540 828 601 880 τι
630 829 848 899 ἕτερον·
880 832 1022 886 οὕτω
1055 833 1334 886 κάνταῦθα
1375 834 1436 885 τὸ
1467 834 1525 886 ἓν
1553 832 1648 885 τοῦ
1681 833 1866 900 ἐτέρου

313 917 684 987 διεζευγμένον
710 924 810 974 οὐκ
841 923 958 975 ἐστι
988 925 1126 976 νοεῖν
1159 923 1248 978 διὰ
1270 922 1367 994 τὴν
1397 923 1705 993 ἀκροτάτην
1727 923 1865 974 ’ἐνωο

313 1027 407 1063 σιν.
447 1011 585 1064 Εἰδὲ
619 1014 709 1065 ἐπὶ
740 1015 846 1066 τῶν
875 1015 997 1068 καθ’
1038 1016 1186 1084 ἡμᾶς
1210 1015 1312 1068 οὐκ
1333 1014 1569 1084 ὲξισχύει
1600 1014 1698 1084 τὴν
1726 1013 1864 1066 ἕνω-

311 1120 384 1155 σιν
423 1105 517 1156 καὶ
570 1105 670 1172 τὴν
708 1105 980 1174 διάκρισιν
1011 1107 1235 1170 τελείως
1275 1105 1624 1170 καταλαὸεϊν,
1655 1105 1770 1166 πῶς
1802 1103 1862 1156 ού

308 1195 479 1263 πολλῷ
522 1197 726 1263 μᾶλλον
758 1199 848 1249 ἐπὶ
876 1199 976 1263 τῆς
999 1199 1157 1265 ἁγίας
1178 1195 1404 1267 Τριάδος
1439 1197 1533 1250 τοῦ
1564 1198 1677 1254 ἑνὸς
1703 1194 1861 1256 Θεοῦ,

305 1287 390 1351 τῆς
425 1288 563 1356 ὑπὲρ
593 1288 770 1341 πάντα
799 1289 892 1342 καὶ
927 1292 1108 1343 πᾶσαν
1144 1283 1327 1358 νόησιν
1363 1275 1711 1360 ἀσυγκρίτως
1737 1288 1863 1359 65n-

307 1378 565 1449 ρημένης,
597 1381 630 1448 ή
660 1379 766 1431 τῶν
786 1380 1060 1449 λογισμῶν
1101 1379 1403 1450 κατάληψις
1428 1381 1786 1450 ἁδυνατήσει;

893 1491 1134 1548 ΚΕΦΑΛ.
1192 1494 1260 1547 E'.

305 1581 435 1649 Περὶ
481 1581 590 1649 τῆς
634 1585 995 1650 σαρκώσεως
1019 1582 1124 1636 τοῦ
1168 1584 1314 1638 Θεοῦ
1341 1586 1534 1653 Λόγου
1561 1582 1712 1637 κατὰ
1750 1581 1858 1649 τὰς

841 1655 1005 1718 θείας
1032 1653 1298 1722 Γραφάς.

1180 467 1320 520 ὥστε
1369 472 1462 522 καὶ
1500 470 1560 520 τὸ
1587 471 1869 538 συνημμέ-

318 572 398 607 νον
451 555 508 605 ὲν
563 557 629 624 τῇ
686 555 868 624 οὐσίᾳ,
929 557 1022 609 καὶ
1079 560 1138 611 τὸ
1171 559 1576 630 κεχωρισμένον
1608 562 1748 614 κατὰ
1773 562 1869 620 τὰς

318 645 630 708 ὑποστάσεις
658 647 1034 712 διδάσκεσθαι,
1070 653 1118 704 εἰ
1156 652 1270 715 καὶ,
1305 651 1496 719 ὥσπερ
1533 642 1622 703 ἐπὶ
1650 651 1743 703 τοῦ
1783 651 1868 702 τό·

315 734 419 799 ξου,
451 735 511 788 ού
539 736 811 804 δυνάμεθα
847 741 1048 804 ἱκανῶς
1086 745 1152 812 τῇ
1190 743 1440 813 αἰσθήσει
1471 743 1744 812 διακρῖναι
1775 741 1868 793 τοῦ

1974 476 2271 551 cretinnem
2347 477 2400 528 in
2478 481 2726 546 personis
2799 482 3152 546 noverimus;
3228 499 3540 553 quanquam

1974 568 2116 620 sicut
2141 567 2192 619 in
2217 582 2347 621 arcu
2391 570 2624 624 alterum
2649 572 2716 625 ab
2747 558 2921 626 altero
2945 573 3086 628 haud
3141 577 3276 629 satis
3329 576 3540 629 discer-

1974 671 2104 710 nere
2129 671 2426 726 possumus
2457 675 2472 723 ;
2509 662 2587 714 sic
2619 676 2837 730 quoque
2863 664 2974 726 hic,
3013 665 3243 718 alterum
3283 666 3349 718 ab
3367 667 3540 719 altero

1971 747 2304 816 disjnnctum
2343 754 2564 807 minime
2586 754 2940 823 intelligatur,
2964 771 3070 824 qua
3097 772 3307 812 summa
3340 758 3540 811 unione

1970 846 2285 891 nectuntur.
2321 838 2415 892 Sin
2448 849 2628 894 autem
2659 841 2712 896 in
2746 842 2813 898 iis
2839 860 2960 913 qua:
2993 845 3230 899 humano
3260 862 3357 900 usu
3395 847 3538 900 didi-

1967 926 2165 992 cimus,
2191 929 2303 996 ipsa
2332 947 2359 983 a
2384 932 2538 986 nobis
2559 933 2689 988 unio
2710 948 2774 987 ac
2795 935 3046 989 discretio
3077 935 3220 990 haud
3250 938 3386 991 satis
3415 953 3539 1005 per-

1965 1017 2200 1085 cipitur;
2255 1022 2528 1089 quomodo
2566 1039 2668 1078 non
2701 1026 2858 1091 longe
2880 1026 3222 1095 potiorijure
3249 1026 3302 1080 in
3347 1037 3536 1081 sancta

1967 1109 2235 1166 Trinitate
2263 1112 2424 1167 unius
2457 1116 2572 1175 Dei,
2607 1132 2728 1186 quae
2753 1118 3007 1173 omnibus
3031 1121 3262 1184 eminet,
3295 1133 3536 1172 omnem-

1965 1214 2071 1268 que
2102 1203 2480 1272 cogitationem
2523 1208 3042 1279 inrmnparabilibus
3071 1211 3244 1266 modis
3301 1208 3534 1271 excedit.

1962 1292 2234 1348 rationum
2261 1298 2677 1364 comprehensio
2702 1300 3056 1370 impossibilia
3078 1303 3218 1357 erit?

2589 1498 2817 1556 CAPUT
2853 1500 2916 1556 V.

2049 1583 2124 1638 De
2175 1585 2268 1640 Dei
2319 1585 2471 1642 Verbi
2519 1590 2879 1646 incarnatione
2923 1595 3080 1662 juxta
3140 1591 3460 1664 Scripturas.

362 1743 585 1796 Τούτων
609 1744 664 1796 δὲ
695 1711 1374 1814 θεωρηθέντωνκατὰντὴν
1397 1746 1496 1815 τῆς
1517 1745 1738 1813 Γραςρῆς
1763 1746 1853 1798 καὶ

2039 1740 2130 1794 llis
2160 1741 2232 1796 ita
2261 1743 2621 1798 consideratis
2675 1745 2831 1814 juxta
2866 1743 3166 1815 Seripturae
3193 1760 3256 1801 ac
3319 1756 3534 1801 sancto—

294 1836 392 1887 τῶν
426 1835 601 1902 ἁγίων
629 1835 994 1898 διδασκαλίαν,
1046 1836 1125 1888 ἔτι
1167 1836 1496 1906 πιστεύομεν
1535 1839 1629 1888 καὶ
1667 1837 1861 1904 ὁμολο-

294 1925 494 1995 γοῦμεν
523 1928 605 1978 ὅτι
625 1929 654 1980 6
684 1923 761 1988 εἷς
791 1925 886 1993 τῆς
918 1927 1077 1994 ἁγίας
1124 1924 1351 1996 Τριάδος
1373 1930 1400 1980 6
1434 1928 1562 1990 Υἱὸς
1590 1927 1688 1981 τοῦ
1719 1927 1855 1981 Θεοῦ

294 2016 374 2069 ἐπ’
398 2019 654 2086 ἐσχάτων
672 2017 780 2069 τῶν
801 2017 1013 2072 αἰώνων
1038 2019 1124 2071 διὰ
1152 2020 1250 2089 τὴν
1274 2019 1552 2088 ἡμετέραν
1583 2020 1858 2090 σωτηρίαν

293 2106 706 2180 ύπερῆαλλούσῃ
741 2108 1122 2180 φιλανθρωπίᾳ
1150 2110 1454 2178 προσέλαϐε
1478 2112 1537 2164 τὸ
1569 2111 1729 2180 σῶμα
1762 2111 1858 2164 ἀν-

293 2199 564 2266 θρώπινον
614 2200 677 2252 ὲκ
711 2201 812 2269 τῇ
847 2202 1009 2268 ἁγίας
1061 2202 1323 2254 Θεοτόκου
1375 2203 1467 2254 καὶ
1497 2203 1856 2271 ἀειπαρθὲνου

291 2290 525 2361 Μαρίας,
557 2293 650 2344 καὶ
681 2291 944 2360 ἐγεννήθη
978 2292 1036 2356 ἐξ
1064 2294 1232 2361 αὐτῆς
1255 2294 1330 2355 ὡς
1363 2293 1650 2361 ἅνθρωπος
1684 2296 1857 2364 χωρὶς

291 2382 586 2452 ἁμαρτίας,
642 2385 669 2435 6
720 2385 883 2446 αὐτὸς
915 2381 989 2436 ὢν
1018 2385 1148 2446 Θεὸς
1197 2385 1403 2448 τέλειος
1442 2388 1535 2438 καὶ
1567 2387 1858 2455 ἄνθρωπος

288 2475 509 2539 τέλειος,
542 2479 600 2528 ὲν
633 2476 730 2546 μιᾷ
761 2475 1058 2530 ὑποστάσει
1081 2477 1175 2531 δύο
1203 2478 1396 2544 φύσεις
1424 2478 1586 2547 ἔχων,
1624 2479 1719 2530 καὶ
1762 2479 1856 2531 δύο

289 2567 520 2637 διάφορα
543 2567 825 2639 θελήματα
850 2570 971 2633 ταῖς
997 2570 1191 2638 φύσεσι
1221 2570 1529 2640 κατάλληλα
1565 2573 1661 2624 καὶ
1689 2588 1855 2641 προσ-

293 2658 492 2725 ήκοντα
512 2675 530 2692 ο
589 2660 650 2711 τὸ
700 2661 796 2729 μὲν
822 2661 966 2714 θεῖον
992 2661 1251 2731 δηλονότι,
1305 2662 1366 2714 τὸ
1396 2662 1451 2716 δὲ
1489 2663 1853 2730 ἀνθρώπινον.

289 2745 382 2799 Καὶ
403 2749 522 2817 γὰρ
544 2748 677 2800 ποτὲ
711 2751 811 2817 μὲν
837 2749 914 2814 ὡς
964 2751 1098 2814 Θεὸς
1122 2753 1342 2822 ἐνήργει
1367 2769 1380 2783 ο
1419 2753 1548 2806 ποτὲ
1579 2752 1634 2806 δὲ
1664 2751 1740 2816 ὡς
1760 2753 1856 2807 ἄνα

287 2839 502 2908 eorum;
529 2837 768 2908 ἐπραττέ
806 2856 864 2893 τε
889 2841 984 2894 καὶ
1005 2840 1235 2911 ἔπασχε.
1261 2841 1335 2893 Τὸ
1362 2842 1462 2909 μὲν
1487 2841 1597 2911 γὰρ
1629 2841 1855 2911 ἀνιστᾷν

284 2928 403 2988 τοὺς
441 2929 678 2996 νεκροὺς
709 2929 806 2980 καὶ
841 2929 1185 3000 παραλύτους
1223 2930 1569 2998 σοσφίγγειν,
1604 2929 1699 2982 καὶ
1728 2931 1854 2992 τοὺς

284 3014 521 3082 τυφλοὺς
572 3015 880 3084 ὀμματοῦν,
911 3017 1006 3070 καὶ
1037 3018 1108 3068 τὰ
1149 3017 1313 3085 ὅμοια
1341 3015 1552 3078 τούτοις
1581 3017 1852 3085 ἐνεργεῖν,
1880 3043 1927 3106 C

286 3104 540 3175 Θεότητος
565 3101 710 3175 ἦσαν
749 3106 846 3158 καὶ
901 3106 1073 3176 ἁληθῆ
1108 3105 1240 3160 Θεὸν
1282 3108 1444 3159 αὑτὸν
1471 3107 1853 3179 ἐμαρτύρουν·

283 3196 340 3248 τὸ
373 3197 430 3249 δὲ
466 3197 664 3265 πεινῇν
692 3199 787 3248 καὶ
813 3195 974 3266 διψῇν
1006 3197 1100 3250 καὶ
1126 3197 1345 3268 κοπιᾷν,
1366 3196 1460 3252 καί
1488 3199 1707 3268 σταυρῷ
1744 3216 1854 3252 πα·

289 3287 697 3359 ραδοθῆναικαὶ
723 3289 870 3356 ταφῇ
922 3289 1013 3341 καὶ
1063 3288 1301 3360 θανάτῳ,
1353 3290 1524 3344 ταῦτα
1587 3291 1854 3358 δήπουθεν

285 3379 605 3449 ἀνθρώπινα
627 3373 788 3449 ἦσαν,
819 3378 914 3430 καὶ
945 3378 1158 3449 ἀληθῶς
1181 3381 1469 3452 ἄνθρωπον
1489 3382 1648 3434 αὐτὸν
1676 3385 1782 3452 ὲμα
1793 3399 1857 3452 ρ-

281 3469 480 3542 τύρουν

355 3565 420 3616 Ὃ
445 3564 516 3631 δὴ
547 3566 868 3635 μυστήριον,
897 3565 957 3616 τὸ
982 3562 1072 3615 τὸν
1101 3562 1233 3616 Θεὸν
1262 3561 1550 3634 ἄνθρωπον
1573 3565 1852 3630 γενέσθαι,

281 3653 384 3704 τῶν
405 3656 466 3720 ἐξ
492 3655 690 3718 αἰῶνος
733 3654 1104 3709 άκουσθένῡων
1133 3653 1424 3722 Θαυμάτων
1469 3655 1586 3706 ἐστὶ
1639 3654 1850 3719 θαυμαο

282 3746 566 3816 σιὼτερον,
597 3747 717 3798 οὐδὲ
753 3747 858 3814 γὰρ
893 3747 950 3797 ὲν
982 3744 1058 3814 τῷ
1083 3743 1299 3815 Χριστῷ
1329 3748 1496 3814 μόνην
1521 3748 1619 3814 μὲν
1643 3746 1853 3816 ἀνθρω-

280 3836 441 3904 πίνην
479 3836 644 3904 φύσιν
671 3837 705 3906 ἡ
735 3837 996 3908 καθολικὴ
1029 3838 1208 3900 πίστις
1239 3838 1337 3906 τῆς
1372 3836 1696 3906 Ἐκκλησίας
1721 3840 1854 3905 ὁμο-

279 3924 447 3992 λογεῖ,
490 3925 592 3996 τὴν
652 3926 709 3978 δὲ
747 3925 976 3996 Θεότητα
1032 3925 1095 3977 ού
1151 3924 1292 3978 κατὰ
1316 3924 1497 3991 φύσιν,
1537 3923 1675 3976 ἀλλὰ
1714 3926 1852 3976 κατὰ

281 4018 521 4086 μετοχὴν
553 4017 609 4068 ὲν
637 4015 784 4084 αὖτῷ
814 4014 1084 4078 γενέσθαι,
1111 4013 1290 4076 καθὼς
1325 4015 1541 4084 ἐφρόνει
1587 4013 1850 4074 Φωτεινδς

279 4108 364 4157 καὶ
392 4106 612 4168 Παῦλος
633 4109 660 4159 6
702 4105 1048 4172 Σαμοσατεύς
1069 4121 1083 4135 ’
1121 4105 1230 4156 οὐδ’
1261 4106 1342 4157 ὅτι
1376 4106 1514 4156 κατὰ
1547 4101 1848 4172 φαντασίαν

276 4198 306 4256 6~
347 4197 441 4249 τοῦ
471 4195 611 4249 Θεοῦ
652 4196 777 4257 Υἱὸς
805 4195 1017 4261 ἐγένετο
1044 4195 1138 4248 ἄνθ
1151 4211 1348 4260 ρωπος,
1373 4193 1561 4260 ὥσπερ
1594 4193 1852 4261 ἐφρόνουν

277 4289 326 4339 0i
356 4289 678 4356 Μανιχαῖοι.
713 4287 844 4338 Οὐδὲ
897 4285 1139 4337 διδάσκει
1174 4285 1206 4352 ἡ
1238 4285 1332 4336 τοῦ
1369 4282 1504 4335 Θεοῦ
1550 4282 1848 4351 Ἐκκλησία

1963 1847 2082 1884 rum
2118 1833 2442 1897 doctrinam,
2495 1835 2674 1890 adhuc
2728 1837 3004 1896 credimus
3061 1846 3117 1891 et
3187 1837 3531 1900 confitemur,

1961 1938 2127 1976 mium
2161 1939 2224 1977 ex
2270 1935 2460 1980 sancta
2509 1926 2803 1987 Trinitate.
2861 1925 3056 1981 Filium
3129 1927 3245 1992 Dei,
3298 1927 3534 1983 novissi-

1960 2016 2062 2070 mis
2091 2016 2303 2071 saaculis
2324 2025 2546 2086 propter
2579 2026 2822 2073 nostram
2875 2017 3104 2072 salutem
3162 2017 3366 2072 eximia
3427 2033 3526 2074 sua

1959 2110 2244 2164 clementia
2279 2125 2344 2165 ac
2374 2109 2732 2180 benignitate,
2757 2110 3056 2164 humanum
3083 2125 3284 2179 c0rpus
3319 2124 3534 2163 assum-

1959 2201 2136 2269 psisse
2163 2217 2225 2255 ex
2249 2211 2444 2256 sancta
2479 2202 2572 2258 Dei
2605 2202 2878 2258 Genitrice
2921 2216 3248 2272 semperque
3307 2201 3529 2271 Virgine

1957 2291 2165 2356 Maria;
2200 2306 2376 2361 exque
2407 2306 2470 2347 ea
2507 2299 2694 2346 natum
2720 2293 2927 2361 absque
2978 2301 3225 2360 peccato,
3272 2290 3525 2346 eumdem

1959 2383 2125 2437 Deum
2156 2384 2454 2454 perfectum
2501 2397 2554 2440 et
2595 2385 2868 2440 hominem
2918 2384 3261 2454 perfectum:
3324 2383 3528 2452 duplici

1960 2481 2153 2527 natura
2183 2474 2238 2528 in
2288 2490 2395 2529 una
2433 2489 2692 2543 persona,
2749 2474 3064 2545 duplicique
3116 2474 3372 2527 distincta
3428 2488 3530 2542 pro

1961 2571 2278 2618 naturarum
2326 2564 2539 2620 ratione
2567 2565 2784 2635 illisque
2832 2573 3222 2625 consentanea.
3252 2565 3531 2617 voluntate

1959 2654 2241 2723 praeditum
2278 2671 2292 2708 :
2326 2653 2492 2710 altera
2530 2655 2772 2724 quidem,
2797 2657 3060 2710 nimirum
3088 2656 3272 2710 divina
3309 2671 3322 2710 :
3352 2658 3524 2711 altera

1957 2759 2110 2807 vero,
2171 2744 2435 2798 humana.
2501 2743 2843 2814 Quandoque
2891 2747 3035 2800 enim
3087 2745 3416 2814 operabatur
3471 2754 3531 2798 ut

1960 2835 2144 2890 Deus:
2189 2833 2518 2906 quandoque
2543 2849 2672 2892 vero
2721 2846 2780 2890 ut
2814 2836 2976 2891 homo
3041 2836 3237 2907 agebat
3293 2850 3358 2890 ac
3403 2850 3530 2906 per-

1958 2927 2280 2997 petiebatur.
2351 2927 2482 2982 Nam
2552 2936 2800 2984 mortuos
2849 2929 3064 2999 quidem
3125 2929 3410 2995 suscitare,
3473 2937 3531 2981 et

1956 3018 2282 3089 paralyticos
2302 3019 2624 3088 astringere,
2676 3019 2954 3086 caecisque
2999 3019 3188 3074 oculos
3252 3033 3526 3087 reparare,

1958 3118 2123 3179 atque
2153 3109 2207 3165 id
2231 3104 2404 3180 genus
2463 3125 2630 3179 opera
2702 3121 2963 3180 praestare
3017 3109 3316 3164 divinitatis
3349 3117 3526 3170 erant.

1956 3217 2194 3272 eumque
2214 3216 2403 3255 verum
2440 3199 2610 3256 Deum
2637 3216 2780 3260 esse.
2815 3210 2962 3254 certa
3019 3210 3338 3268 argumenta
3361 3213 3376 3250 2
3397 3215 3490 3255 esu
3510 3230 3525 3240 -

1955 3291 2066 3346 rire
2087 3305 2213 3346 vero
2243 3298 2298 3345 et
2333 3292 2488 3346 sitire
2520 3299 2574 3346 et
2603 3289 2807 3345 fessum
2843 3304 2983 3353 esse,
3032 3289 3292 3358 crucique
3335 3299 3388 3343 et
3437 3305 3526 3343 se-

1955 3381 2280 3450 pulturae-et
2320 3382 2485 3436 morti
2529 3379 2701 3436 fuisse
2739 3379 3023 3444 traditum,
3050 3381 3166 3435 haec
3230 3395 3364 3436 sane
3417 3381 3519 3436 liu-

1956 3488 2112 3527 mana
2146 3481 2301 3527 erant
2333 3482 2388 3527 et
2434 3488 2556 3542 qua:
2572 3487 2696 3526 eum
2726 3487 2850 3527 vere
2891 3472 3166 3527 hominem
3205 3473 3523 3544 proderent.

2025 3561 2137 3617 Hoc
2163 3577 2297 3616 sane
2360 3547 2677 3632 misterium
2749 3562 2938 3630 (Deum
2985 3562 3195 3617 scilicet
3251 3563 3522 3615 hominem
3595 3624 3600 3628 η

1955 3670 2076 3710 esse
2103 3655 2326 3724 factum)
2385 3653 2774 3708 miraculorum
2828 3669 2949 3723 qua:
3004 3670 3032 3708 a
3077 3655 3280 3709 saeculo
3342 3654 3526 3707 audita

1953 3757 2099 3812 sunt,
2151 3760 2314 3801 omne
2370 3745 2541 3800 vincit
2612 3745 2957 3799 miraculum.
3017 3745 3201 3813 Neque
3259 3746 3403 3800 enim
3469 3751 3523 3798 in

1954 3835 2171 3890 Christo
2223 3835 2512 3888 humanam
2567 3833 2736 3888 solum
2796 3842 3041 3887 naturam
3091 3833 3378 3888 conﬁtetur
3429 3832 3528 3887 Ec-

1953 3926 2132 3981 clesiae
2184 3924 2314 3979 ﬁdes
2367 3942 2382 3979 :
2431 3922 2694 3978 Deitatem
2764 3938 2893 3978 vero
2956 3915 3064 3977 n'on
3136 3934 3368 3987 natura,
3431 3924 3524 3977 sed

1955 4016 2368 4086 participatione
2402 4014 2456 4068 in
2491 4029 2556 4068 eo
2587 4013 2884 4080 exstitisse,
2922 4021 2980 4068 ut
3031 4024 3324 4069 senserunt
3380 4012 3522 4066 Pho-

1955 4111 2098 4163 tinus
2120 4117 2173 4162 et
2201 4107 2396 4162 Paulus
2423 4107 2808 4161 Samosatenus
2835 4123 2848 4159 :
2875 4121 2978 4160 nec
3007 4106 3291 4160 dumtaxat
3341 4105 3524 4173 Specie

1953 4210 2108 4255 tenus
2132 4207 2186 4253 et
2229 4198 2541 4267 apparentia
2579 4197 2672 4251 Dei
2705 4194 2901 4250 Filium
2944 4196 3146 4250 factum
3174 4211 3293 4252 esse
3349 4196 3525 4249 homi-

1955 4306 2101 4352 nem,
2137 4291 2282 4358 quod
2316 4287 2598 4342 Manichaei
2631 4298 2946 4344 senserunt.
2994 4285 3104 4342 Nec
3129 4287 3287 4342 docet
3339 4285 3526 4340 Eccle-

274 4379 356 4430 ὅτι
408 4380 438 4430 6
475 4381 571 4431 τοῦ
624 4376 761 4430 Θεοῦ
820 4377 940 4437 Υἱὸς
999 4375 1080 4436 είς
1105 4373 1508 4443 ζάνθρωπίνην⁴
1541 4373 1842 4443 μελεόλήῠη

1962 4383 2027 4436 εἰει
2072 4382 2163 4436 Dei
2197 4381 2389 4436 Filium
2447 4380 2502 4434 in
2552 4381 2845 4433 humanam
2902 4394 3225 4434 conversum
3282 4392 3525 4439 carnem,

278 4472 485 4538 σάρκα,
519 4467 594 4531 ὡς
620 4470 648 4519 6
690 4466 1097 4534 ’Λπολλινάριος
1140 4464 1325 4531 ἔλεγεν
1347 4479 1363 4493 ⁸
1416 4463 1524 4516 οὐδ’
1556 4464 1638 4516 ὃτι
1671 4463 1844 4532 μῦνην

278 4562 377 4627 μὲν
411 4561 640 4612 ἀνέλαϐε
696 4559 905 4622 σάρκαο
940 4557 1145 4625 ἄψυχον
1183 4555 1364 4624 μέντοι
1411 4555 1504 4606 καὶ⁸
1531 4554 1722 4621 ἄλογον
1754 4560 1847 4607 καὶ

277 4652 467 4715 ἄνουν,
499 4652 616 4702 ἀντὶ
644 4649 698 4701 δὲ
729 4648 904 4718 ψυχῆς
930 4649 1097 4717 μόνην
1123 4645 1269 4716 αύτῷ
1301 4645 1398 4715 τὴν
1429 4646 1659 4715 θεότητα
1687 4663 1848 4715 γεγο-

278 4745 455 4807 νέναι,
491 4743 678 4812 ὥσπερ
704 4743 922 4810 ’Ἄρειος
953 4741 1082 4810 περὶ
1109 4738 1347 4809 Χριστοῦ
1377 4738 1652 4793 καὶτοῦτο
1678 4737 1841 4809 ἐφρό-

280 4853 436 4903 νησε,
474 4837 568 4889 καὶ
613 4834 1019 4902 Ἀπολλινὰριος
1057 4833 1411 4902 ἐλεγχόμενος
1442 4830 1546 4883 ὑπὸ
1582 4829 1678 4900 τῆς
1713 4831 1854 4898 Γρα-

280 4926 410 4994 φῆτ,
444 4925 608 4979 ὅτιού
645 4924 951 4994 μετεϐλήθη
984 4925 1012 4977 6
1042 4923 1136 4977 τοῦ
1169 4923 1305 4976 Θεοῦ
1352 4923 1480 4985 Υἱὸς
1513 4925 1594 4984 εἰς
1643 4921 1855 4990 ἀνθρω-

280 5015 450 5082 sti-Inv
485 5015 682 5083 σάρκα,
715 5014 812 5066 καὶ
851 5013 1196 5084 μεταϐαίνων
1239 5013 1319 5076 είς
1341 5011 1524 5077 τοῦτο,
1554 5013 1635 5064 ὅτι
1670 5010 1848 5081 ψυχὴν

280 5104 606 5176 αἰσθητικὴν
651 5104 816 5158 ἔλαϐε
877 5104 1057 5174 μόνον,
1102 5104 1229 5158 ἄνευ
1264 5105 1448 5174 μέντοι
1495 5102 1735 5166 διανοίας
1759 5104 1856 5157 καὶ

277 5196 397 5260 νοῦ,
422 5197 463 5250 ἃ.
492 5198 586 5268 τῆς
618 5199 843 5268 ἳογικῆς
883 5198 1062 5268 ψυχῆς
1091 5199 1242 5250 ἐστιν
1292 5198 1418 5262 ἴδια,
1469 5197 1544 5261 ὡς
1573 5196 1669 5249 καὶ
1695 5197 1856 5252 τοῦτο

289 5288 348 5340 Ἀ
360 5289 704 5362 πολλινὰριος
758 5279 842 5344 ἕλε
858 5307 942 5358 (εν
966 5305 981 5320 ’
1025 5291 1132 5343 οὐδ’
1158 5291 1242 5343 ὅτι
1265 5290 1298 5360 ἡ
1324 5289 1415 5341 τοῦ
1446 5287 1683 5358 Χριστοῦ
1707 5288 1854 5358 ψυχὴ

223 5437 240 5452 ο
279 5380 388 5449 πρὸ
422 5379 522 5433 τοῦ
556 5383 763 5451 κόσμου
812 5382 1058 5451 ἐκτίσθη,
1116 5381 1191 5444 ὡς
1232 5381 1514 5452 Ὦριγένης
1546 5383 1641 5432 καὶ
1693 5379 1851 5432 τοῦτο

278 5470 610 5539 ἐφρόνησεν.
1079 5539 1098 5546 ⁸

353 5560 493 5614 (κδ’
530 5565 605 5618 ὅτι
654 5565 970 5636 ἁνθρῶπίνη
998 5565 1142 5636 ψυχὴ
1175 5565 1271 5618 καὶ
1319 5564 1478 5634 σῶμα
1510 5562 1850 5628 ἀνθρώπινον

283 5654 364 5716 τίς
392 5651 459 5706 ἓν
497 5658 932 5727 συνέστησανέπὶ
983 5657 1076 5710 τοῦ
1127 5659 1364 5725 Χριπτετῠ
1402 5657 1522 5710 καθ’
1556 5654 1851 5725 δενιίδττὶτλ

1959 4473 2030 4525 uti
2064 4471 2241 4525 aiebat
2269 4469 2639 4538 Apollinarius
2675 4484 2886 4538 :neque
2931 4469 3103 4524 solam
3131 4484 3255 4521 eum
3313 4482 3526 4521 aSsuni-

1958 4566 2130 4628 psisse
2163 4575 2408 4622 carnem,
2465 4558 2760 4610 inanimem
2832 4565 3012 4611 tamen
3058 4557 3395 4625 rationisque
3454 4570 3521 4610 ac

1960 4651 2153 4706 mentis
2192 4657 2486 4719 expertem,
2509 4662 2573 4702 ac
2621 4647 2707 4702 cui
2753 4647 2872 4701 loco
2928 4647 3124 4701 anima:
3173 4661 3280 4701 una
3338 4645 3522 4700 Deitas

1960 4741 2275 4800 exstitisset,
2317 4741 2461 4809 quod
2496 4741 2675 4809 ipsum
2705 4739 2866 4793 Arius
2921 4739 3092 4793 sensit
3153 4738 3221 4792 de
3260 4738 3516 4793 Christo:

1961 4829 2323 4901 Apollinarins
2344 4845 2472 4884 vero
2495 4844 2561 4884 ex
2615 4827 2898 4898 Scriptura
2943 4829 3227 4883 convictus
3273 4845 3336 4884 ac
3400 4841 3520 4897 per-

1958 4936 2170 4985 suasus,
2199 4936 2302 4974 non
2328 4926 2590 4973 mutatum
2628 4932 2748 4972 esse
2778 4911 2870 4972 Dei
2908 4917 3100 4972 Filium
3139 4917 3192 4971 in
3231 4917 3521 4969 humanam

1961 5030 2200 5075 carnem,
2234 5027 2403 5081 eoque
2443 5009 2738 5072 transiens,
2777 5011 2920 5078 quod
2966 5009 3307 5064 solummodo
3367 4994 3528 5058 sdnti-

1959 5118 2137 5162 cntetn
2171 5105 2404 5158 animam
2435 5102 2815 5172 assumpscrit,
2841 5103 3045 5169 absque
3107 5109 3282 5154 tamen
3331 5096 3527 5151 intelli-

1962 5200 2142 5270 gentia
2182 5207 2234 5250 et
2273 5206 2468 5258 mente,
2501 5209 2624 5262 quae
2655 5202 2782 5248 sunt
2815 5192 3031 5263 propria
3083 5192 3277 5245 anima:
3328 5187 3529 5241 utentis

1971 5293 2195 5350 ratione,
2230 5288 2306 5342 uti
2335 5287 2435 5340 hoc
2493 5286 2668 5353 ipsum
2722 5285 2931 5338 dicebat
2979 5281 3363 5353 Apollinarius.
3413 5277 3522 5331 Nec

1965 5383 2307 5450 quolanima
2342 5377 2696 5432 Christiante
2744 5377 2998 5430 mundum
3064 5374 3277 5428 condita
3339 5369 3520 5435 fuerit,

1965 5472 2110 5540 quod
2138 5471 2309 5540 ipsum
2338 5467 2602 5536 Origenes
2632 5466 2823 5522 sensit.

2026 5561 2130 5616 Nec
2158 5538 2304 5630 quod
2339 5560 2576 5614 hmnana
2620 5538 2904 5611 anima'et
2953 5567 3150 5625 corpus
3201 5552 3514 5612 humanum,

1953 5658 2004 5711 in
2041 5654 2254 5710 Christo
2290 5651 2342 5705 in
2393 5663 2560 5706 unum
2595 5646 2877 5709 coiverint.
2914 5648 2987 5702 uti
3029 5659 3084 5703 se
3110 5661 3194 5700 res
3243 5642 3402 5697 habet
3460 5642 3513 5691 in
