3916 6204
480 250 577 313 τιτι

1740 244 2135 307 ΜᾹΝΙΙΕΙᾸΞ
2170 243 2409 304 CALEC
2435 240 2476 298 Ε
3566 240 3651 302 572

482 364 707 434 reliquis
735 361 1074 422 hominibus,
1102 360 1266 429 inque
1297 373 1362 414 eo
1401 359 1618 413 homine
1654 368 1711 412 ut
1757 358 1810 412 in
1851 359 2050 427 templo

2158 355 2263 408 τῶν
2318 353 2492 409 ἄλλων
2535 348 2859 420 ἀνθρώπων,
2909 346 3002 398 καὶ
3049 346 3107 397 ἐν
3143 345 3309 414 τούτῳ
3339 345 3407 415 τῷ
3425 347 3650 417 ἀνθρώπω

481 456 707 526 preprio
745 454 998 510 Christus
1026 452 1358 507 habitaverit
1397 452 1518 521 (per
1565 452 1796 520 gratiam
1822 451 2052 521 scilicet)

481 547 629 601 velut
673 547 724 599 in
762 543 987 613 reliquis
1013 543 1270 597 omnibus
1298 543 1527 608 sanctis,
1580 541 1657 596 uti
1708 541 1892 596 docuit
1951 541 2056 595 Ne-

482 638 707 691 storius.
735 634 921 703 Neque
947 636 1081 688 duas
1116 634 1438 703 hypostases
1474 648 1571 688 seu
1623 648 1907 702 personas.
1950 646 2052 686 nec

482 744 645 781 unam
679 737 926 781 naturam
961 708 1055 780 aut
1082 727 1439 780 voluntatem.
1468 725 1613 780 Nihil
1642 727 1788 780 enim
1854 728 2050 779 horum

480 819 645 874 sentit
679 818 923 873 Ecclesia
951 818 1243 880 catholica,
1276 833 1396 887 quae
1432 816 1716 886 nugaciter
1747 818 2043 872 commenti

482 916 610 962 sunt
642 906 904 970 hzeretici,
938 906 1030 975 qui
1071 916 1124 960 et
1152 906 1419 974 reprobati
1455 912 1583 961 sunt
1643 905 1712 960 ab
1767 905 2053 959 universa-

482 1000 622 1053 lihus
658 998 904 1068 synodis.
939 1000 1007 1052 ab
1040 998 1146 1052 illis
1179 998 1400 1063 abjecti,
1437 1006 1495 1052 ut
1521 998 1613 1068 qui
1656 997 1832 1052 aliena
1866 1013 1893 1051 a
1919 1012 2050 1051 sana

481 1092 585 1144 tide
607 1092 673 1143 de
702 1090 920 1145 Christo
961 1090 1235 1145 senserint
1269 1107 1283 1143 :
1319 1090 1414 1144 sed
1448 1089 1735 1144 conﬁtetur
1766 1098 1819 1143 et
1861 1088 2053 1157 praedi-

480 1191 567 1235 cat
603 1182 656 1235 in
686 1182 903 1237 Christo
932 1182 1171 1237 divinam
1204 1190 1457 1236 naturam
1499 1179 1820 1251 perfectam,
1857 1192 1911 1234 et
1936 1176 2047 1232 ἰιιι-

482 1287 695 1325 manam
740 1285 989 1325 natm-am
1027 1272 1347 1340 perfectam,
1381 1287 1444 1325 ex
1488 1273 1664 1325 anima
1714 1273 1923 1327 scilicet
1969 1286 2053 1324 ra-

485 1363 677 1416 tionali
740 1374 793 1417 et
848 1364 1083 1416 humana
1122 1378 1282 1416 carne
1315 1364 1692 1422 constitutam.
1758 1364 2051 1428 unitasque

480 1454 655 1507 fuisse
691 1455 878 1508 amhas
912 1455 1008 1507 has
1054 1465 1302 1517 naturas,
1340 1470 1449 1508 non
1476 1470 1570 1523 per
1614 1455 1783 1509 solam
1842 1456 2054 1509 inhabi-

482 1546 769 1610 tationem,
801 1562 898 1600 nec
942 1547 1239 1600 secundum
1290 1546 1509 1615 aliquod
1576 1546 1857 1609 accidens,
1906 1546 2052 1600 velut

483 1635 643 1687 homo
677 1636 861 1687 unitur
894 1638 1213 1689 vestimento
1242 1653 1254 1687 :
1294 1652 1392 1691 nec
1426 1637 1538 1690 sola
1569 1637 1843 1705 personali
1907 1638 2050 1693 rela-

478 1726 628 1778 tione
655 1740 717 1777 ac
755 1726 1230 1795 proprietate(hoc
1272 1738 1375 1786 est.
1431 1729 1854 1793 necessitudine,
1911 1731 2054 1785 solo-

478 1830 585 1881 que
642 1816 904 1883 nomine),
971 1818 1064 1871 sed
1170 1819 1472 1872 secundum
1516 1834 1677 1872 unam
1730 1821 2051 1890 hypostasin

479 1921 759 1975 unumque
791 1909 1121 1977 subjectum.
1162 1911 1237 1962 Ac
1262 1910 1404 1965 sicut
1434 1911 1488 1964 in
1520 1910 1787 1967 Trinitate
1833 1898 1891 1966 in.
1947 1928 2050 1966 uua

480 2008 671 2051 natura
718 2000 898 2068 plures
935 2016 1177 2069 persona:
1217 2002 1569 2057 consistunt:
1625 2004 1703 2059 sic
1766 2004 1816 2057 in
1875 2005 2055 2059 incar-

482 2091 717 2142 nationis
744 2093 1024 2160 mysterio,
1050 2093 1100 2145 in
1132 2093 1377 2161 pluribus
1428 2097 1636 2150 naturis
1670 2097 1886 2165 (nempe
1921 2094 2053 2150 dua-

484 2180 607 2245 hus)
642 2196 744 2233 una
794 2182 1100 2236 consistens
1139 2200 1370 2251 persona
1413 2195 1517 2240 est.
1564 2185 1773 2241 Etenim
1815 2189 1917 2241 hoc
1970 2202 2053 2242 so-

480 2268 760 2324 lummodo
792 2280 937 2325 stare
961 2282 1186 2341 possunt
1214 2291 1331 2343 qua:
1355 2277 1408 2328 in
1440 2276 1740 2345 Scripturis
1771 2279 1838 2332 de
1870 2280 2051 2332 int-ar-

482 2364 702 2417 natione
738 2366 932 2420 tradita
965 2377 1111 2422 Stlltl.
1172 2370 1303 2422 Cum
1356 2369 1501 2422 enim
1554 2369 1835 2439 Scriptura
1899 2374 2050 2427 nullo

480 2453 798 2507 viscuimine
830 2470 948 2523 qua:
980 2456 1069 2510 Dei
1104 2465 1251 2519 sunt,
1315 2458 1520 2511 homini
1577 2460 1798 2523 tribuat,
1840 2471 1893 2514 et
1931 2478 2052 2530 qua:

480 2556 608 2598 sunt
642 2546 898 2612 hominis,
924 2547 1032 2601 Deo
1067 2558 1299 2603 :utcum
1328 2550 1493 2604 dicit:
1529 2549 1625 2605 Hic
1664 2551 1827 2603 homo
1853 2552 2050 2604 cmlum

479 2660 490 2681 ι
517 2645 535 2689 t
568 2647 764 2690 terram
791 2639 1079 2693 ﬁrmavit”
1105 2659 1117 2695 :
1155 2650 1228 2707 et,
1264 2642 1525 2696 Dominus
1554 2643 1739 2711 glarite
1759 2643 2053 2697 crucifixus

481 2738 535 2775 et
573 2737 829 2782 mortuus
857 2730 1029 2793 est";
1084 2746 1304 2785 necesse
1334 2744 1417 2785 est
1473 2749 1640 2786 unum
1693 2734 2055 2803 emudemque

480 2832 624 2878 esse.
652 2819 717 2873 «le
753 2837 859 2888 quo
894 2831 1125 2892 utraque
1158 2824 1298 2878 dicta
1362 2825 1467 2879 sint
1501 2843 1515 2891 ;
1548 2835 1601 2880 et
1645 2825 1772 2896 quia
1821 2826 1888 2880 de
1960 2826 2052 2881 illo

479 2909 736 2962 dicuntur
766 2913 1062 2976 contraria,
1102 2925 1160 2968 ut
1187 2923 1335 2980 sunt,
1367 2915 1662 2969 obnoxium
1695 2917 2045 2985 passnonibus

480 3013 532 3055 et
560 3016 666 3053 non
687 3002 1005 3068 obnoxium,
1048 3006 1278 3059 mortale
1310 3014 1365 3059 et
1405 3006 1710 3063 immortale
1745 3024 1759 3073 ;
1800 3016 1852 3062 et
1891 3025 1904 3061 :
1943 3006 2049 3074 Qui
2078 3044 2123 3102 α

478 3098 583 3152 est,
629 3090 724 3146 lit:
753 3100 807 3145 et
849 3089 1127 3148 lncreatus
1160 3107 1401 3159 creatur,
1441 3105 1496 3150 et
1555 3112 1676 3166 qua:
1724 3107 1854 3152 sunt
1908 3099 2052 3169 ejus-

481 3180 623 3232 modi
660 3198 674 3244 ;
709 3196 810 3235 nec
865 3182 979 3236 lleri
1021 3192 1216 3253 potest,
1255 3194 1314 3238 ut
1344 3185 1458 3239 haec
1483 3184 1551 3241 de
1579 3187 1772 3241 eodem
1838 3196 1893 3241 et
1968 3204 2055 3243 se-

478 3290 493 3320 ι
516 3276 713 3324 un;le
745 3273 885 3328 idem
918 3289 1046 3329 vere
1080 3275 1333 3330 dicantur
1363 3278 1480 3347 (qui
1511 3279 1657 3333 enim
1683 3279 1793 3345 ﬂat,
1821 3288 1875 3334 ut
1910 3280 2051 3335 idem

479 3362 771 3414 sa-cuudum
808 3363 948 3416 idem
1000 3366 1228 3419 mortale
1257 3366 1420 3421 simul
1453 3378 1504 3421 et
1534 3368 1859 3436 immortale,
1897 3386 2054 3425 crea-

482 3462 592 3505 ιειιιι
641 3465 693 3506 et
740 3454 1041 3509 increatum
1073 3457 1370 3529 exsistat?)
1404 3461 1692 3514 conﬁtetur
1730 3459 1823 3515 Dei
1865 3460 2052 3516 Eccle-

476 3546 580 3605 sia,
635 3546 932 3601 secundum
960 3547 1126 3602 alium
1161 3548 1440 3618 aliumque
1469 3549 1692 3605 modum
1742 3551 1847 3605 dici
1872 3552 2053 3605 omnia

476 3651 595 3701 q'ue
624 3635 690 3689 de
710 3636 927 3691 Christo
951 3638 1211 3693 dicuntur
1247 3655 1261 3693 :
1297 3640 1370 3693 ita
1417 3639 1701 3703 nimirum,
1762 3649 1821 3695 ut
1866 3640 2051 3695 divina

472 3728 695 3795 quidem
745 3729 821 3782 illi
858 3730 1207 3795 conveniant,
1240 3732 1540 3786 secundum
1572 3733 1716 3800 quod
1754 3739 1837 3786 est
1867 3733 2006 3786 Deus
2037 3749 2049 3785 :

478 3821 715 3873 humana
754 3831 957 3884 autem,
987 3832 1259 3890 quatenus
1298 3823 1461 3877 homo
1494 3822 1672 3878 factus
1706 3833 1810 3878 est.
1834 3824 2044 3879 Etenim

472 3912 776 3964 secundum
819 3910 908 3965 Dei
948 3912 1176 3967 formam
1206 3930 1219 3967 :
1265 3931 1283 3964 ι
1317 3912 1514 3967 Omnia
1538 3929 1634 3983 per
1667 3915 1843 3984 ipsum
1909 3915 2051 3971 facta

474 4002 699 4053 S'ml”:
744 4019 761 4050 ι
806 4002 1025 4069 ipseque
1048 4010 1101 4055 et
1133 4003 1295 4055 Pater
1329 4019 1493 4056 unum
1527 4013 1675 4058 sunt.
1703 4005 1766 4058 Et
1798 4023 1810 4059 :
1847 4024 1865 4057 ι
1898 4004 2051 4062 Sicut

478 4092 635 4143 l’ntcr
662 4092 823 4145 habet
857 4093 1021 4145 vitam
1059 4095 1109 4147 in
1142 4096 1454 4161 semetipso,
1499 4095 1578 4149 sic
1611 4097 1758 4151 dedit
1799 4107 1853 4153 et
1909 4097 2047 4153 Filio

477 4186 640 4234 vitam
671 4183 869 4237 habere
896 4183 949 4236 in
982 4184 1274 4253 semetipso
1301 4185 1346 4215 ”
1382 4204 1400 4236 ι
1470 4186 1684 4256 (nempe
1710 4189 1896 4256 genuit
1924 4204 2048 4242 eum

474 4278 661 4342 sitam,
697 4278 771 4330 uti
801 4277 1022 4346 exponit
1044 4278 1260 4332 divinus
1294 4279 1760 4351 Chrysostomus).
1785 4282 1850 4336 Et
1884 4299 1900 4331 ι
1932 4281 2049 4349 ipse

2155 445 2436 513 ὥσπερέν
2491 440 2604 511 ίδίῳ
2650 437 2764 507 ναῷ
2810 437 2836 489 ὁ
2886 434 3122 505 Χριστὸς
3152 432 3444 503 κατῴκησεν
3473 434 3650 502 (χάριτι

2153 534 2396 605 δηλονότι
2420 534 2460 601 ),
2490 532 2564 594 ὡς
2592 533 2649 584 ἐν
2679 532 2793 590 τοῖς
2812 527 2998 586 ἄλλοις
3030 526 3192 579 πᾶσιν
3214 525 3399 591 ἁγίοις,
3431 525 3548 593 ὅπερ
3572 525 3654 576 Νε-

2155 627 2366 696 στόριος
2422 624 2797 691 ἐδογμάτισεν.
2858 620 2993 674 Ο)δέ
3051 618 3146 671 δύο
3192 616 3508 678 ὑποστάσεις,
3554 616 3653 666 οὐδέ

2158 720 2286 788 μίαν
2315 718 2475 787 φύσιν
2506 717 2538 786 ἦ
2588 716 2825 783 Θέλησιν.
2859 713 3026 768 Οὐδέν
3051 728 3105 763 τι
3133 710 3329 763 τούτων
3361 708 3392 775 ἠ
3438 706 3657 775 καθολικὴ

2163 808 2464 878 Ἐκκλησία
2515 808 2720 878 φρονεῖ,
2775 806 2919 875 ἅπερ
2964 803 3306 871 ἐφλυάρησαν
3342 800 3387 851 οἱ
3416 798 3659 866 αἱρετικοὶ,

2152 904 2322 957 οἱκαὶ
2366 899 2886 969 ἀπεδοκιμάσθησαν
2940 894 3045 948 ὑπὸ
3118 890 3407 945 καθολικῶν
3467 890 3664 941 συνόδων

2154 994 2603 1067 ἀπορῤιφῦέντες,
2628 990 2702 1054 ὡς
2727 989 2982 1056 ἀλλότρια
2996 989 3093 1056 τῆς
3116 983 3297 1051 ὑγιοῦς
3321 981 3531 1042 πίστεως
3558 978 3664 1044 περὶ

2153 1084 2247 1138 τοῦ
2284 1082 2520 1155 Χριστοῦ
2546 1083 2947 1155 φρονήσαντες*
2977 1076 3091 1130 ἀλλ’
3116 1074 3355 1144 ὁμολογεῖ
3383 1072 3468 1124 καὶ
3493 1069 3667 1139 κηρύτ·

2152 1192 2235 1227 τει
2260 1175 2317 1226 ἐν
2346 1173 2423 1244 τῷ
2454 1170 2681 1243 Χριστῷ
2712 1166 2856 1224 εἶναι
2895 1166 3049 1220 θείαν
3090 1164 3249 1233 φύσιν
3272 1162 3468 1215 τελείαν
3490 1159 3573 1212 καὶ
3594 1158 3670 1210 ἀν·

2155 1267 2434 1338 θρωπίνην
2480 1263 2713 1327 τελείαν,
2747 1264 2811 1314 ἐκ
2853 1260 3030 1330 ψυχῆς
3054 1257 3299 1327 δηλονότι
3335 1253 3539 1319 λογικῆς
3564 1267 3670 1302 συν·

2154 1362 2447 1430 εστηκυῖαν
2468 1357 2562 1410 καὶ
2589 1354 2938 1425 ἀνθρωπίνης
2964 1351 3168 1420 σαρκός
3193 1366 3206 1379 ’
3240 1349 3330 1400 καὶ
3358 1347 3436 1399 ὅτι
3457 1338 3595 1396 αὗται
3624 1344 3670 1393 αἱ

2153 1453 2245 1506 δύο
2282 1452 2473 1519 φύσεις
2503 1449 2744 1519 ἧνωνται
2771 1444 2832 1497 οὐ
2871 1442 3011 1496 κατὰ
3067 1441 3226 1509 μόνον
3292 1436 3544 1501 ἐνοίκησ.ν
3575 1432 3675 1483 οὐδὲ

2154 1546 2295 1596 κατά
2342 1559 2394 1593 τι
2460 1536 2828 1607 συμϐεϐηκὸς,
2861 1533 3051 1601 ὥσπερ
3102 1530 3317 1583 ἐνοῦται
3342 1525 3415 1595 τῷ
3450 1523 3676 1593 ίματὶῳό

2154 1633 2440 1702 ἄνθρωπος
2458 1647 2473 1661 ο
2500 1628 2623 1683 οὗτε
2653 1629 2710 1680 ἐν
2742 1627 2877 1696 μόνῃ
2909 1622 3237 1694 προσωπικῇ
3262 1618 3435 1689 σχέσει
3461 1615 3545 1667 καὶ
3574 1612 3678 1664 ἰδιό-

2154 1743 2295 1795 τητι,
2323 1722 2603 1777 τουτέστιν
2640 1718 2932 1786 οἰκειότητι
2973 1717 3065 1768 καὶ
3088 1713 3314 1782 ὀνόματι
3355 1716 3504 1779 μόνον
3523 1724 3536 1738 ο
3566 1705 3677 1758 ἀλλὰ

2155 1819 2297 1871 κατὰ
2325 1816 2455 1885 μίαν
2487 1813 2787 1867 ὑπόστασιν
2820 1812 2917 1863 καὶ
2954 1807 3318 1874 ὑποκείμενον
3342 1802 3422 1855 ἐν.
3467 1801 3565 1854 Καὶ
3593 1797 3680 1849 ὣσ-

2155 1927 2260 1980 περ
2283 1911 2342 1962 ἐν
2380 1908 2446 1977 τῇ
2472 1905 2664 1976 Τριάδι
2685 1906 2744 1958 ἐν
2780 1904 2879 1973 μιᾷ
2910 1902 3069 1971 φύσει
3104 1898 3280 1952 πλείω
3312 1897 3415 1949 είσὶ
3453 1893 3682 1960 πρόσωπα

2156 2002 2460 2072 ὑφεστῶτα,
2486 1998 2631 2051 οὕτω
2662 2000 2717 2050 ἐν
2742 1996 2820 2066 τῷ
2852 1995 2952 2064 τῆς
2979 1994 3316 2064 σαρκῶσεως
3346 1986 3607 2059 μυστηρίῳ
3636 1984 3683 2032 ἐν

2158 2095 2368 2148 πλείοσι
2427 2090 2643 2161 φύσεσι,
2698 2089 2980 2143 τουτέστιν
3028 2090 3087 2139 ἐν
3134 2086 3311 2145 δυσὶν,
3338 2084 3394 2135 ἓν
3428 2079 3682 2150 πρόσωπον

2158 2182 2425 2249 ὑφεστὼς.
2482 2181 2591 2231 Καὶ
2641 2178 2749 2247 γὰρ
2801 2177 2941 2229 κατὰ
2988 2173 3367 2242 “omnem
3400 2167 3485 2221 τδν
3514 2164 3685 2232 τρόπον

2156 2269 2409 2321 δύνανται
2435 2264 2702 2330 σώζεσθαι
2730 2263 2801 2317 τὰ
2823 2265 2880 2316 ἐν
2899 2264 3016 2321 ταῖς
3042 2262 3291 2331 Γραφαῖς
3318 2249 3685 2327 παραδεδομένα

2158 2360 2285 2429 περὶ
2312 2360 2409 2428 τῆς
2428 2357 2776 2427 σαρκώσεως.
2813 2356 2965 2408 Ἐπεὶ
2993 2354 3102 2420 γὰρ
3126 2355 3164 2420 ὴ
3190 2349 3377 2420 Γραφὴ
3396 2343 3686 2442 ἀδιακρίτως

2153 2452 2233 2522 τῷ
2287 2450 2557 2521 ἀνθρώπῳ
2605 2449 2673 2501 τὰ
2709 2449 2807 2502 τοῦ
2862 2446 2997 2499 Θεοῦ
3056 2445 3374 2505 ἀποδίδωσι,
3414 2438 3503 2492 καὶ
3525 2435 3685 2522 τὰνξτοῦ

2153 2520 2441 2614 ἀνθρώπου
2470 2545 2547 2611 τῷ
2569 2543 2686 2612 Θεῷ
2703 2583 2717 2607 ,
2738 2541 2814 2604 ὡς
2837 2542 2964 2594 ὅταν
2983 2539 3117 2610 λέγῃ
3138 2554 3156 2567 ⁸
3179 2538 3239 2589 Ὀ
3266 2535 3537 2628 Mllerom;
3560 2520 3686 2628 οῦτρς

2151 2635 2377 2705 οὐρανὸν
2430 2635 2526 2688 καὶ
2554 2635 2659 2702 γῆν
2722 2633 3056 2703 ἐστερέωσε·
3108 2631 3231 2694 καὶ,
3281 2628 3337 2679 't)
3374 2624 3560 2691 Κύριος
3608 2624 3689 2684 τῆς

2153 2728 2311 2798 δόξης
2342 2725 2661 2796 ἐσταυρώθη
2693 2727 2786 2779 καὶ
2812 2724 3083 2777 ἀπέθανεν
3105 2735 3120 2753 ⁸
3165 2723 3374 2788 ἀνάγκη
3402 2717 3493 2769 ἐνα
3515 2714 3596 2766 καὶ
3616 2710 3690 2760 τὸν

2154 2818 2317 2871 αὐτὸν
2345 2812 2482 2869 είναι
2518 2818 2648 2883 περὶ
2674 2810 2733 2868 οὗ
2756 2815 3043 2884 ἀμφότερα
3070 2816 3328 2881 εἴρηνται
3351 2827 3364 2841 ⁸
3395 2810 3487 2862 καὶ
3508 2806 3617 2859 ἐπεὶ
3636 2801 3690 2853 τὰ

2155 2909 2371 2963 ἐναντία
2418 2908 2663 2974 λέγονται
2706 2907 2835 2975 περὶ
2885 2905 3075 2966 αὑτοῦ,
3124 2905 3210 2967 ὥς
3247 2904 3307 2957 τδ
3366 2898 3589 2968 παθητὸν
3617 2896 3693 2944 καὶ

2154 3000 2401 3065 ἀπαθὲς,
2451 3000 2543 3054 καὶ
2594 2999 2654 3053 τδ
2682 2998 2876 3068 θνητὸν
2910 2997 3007 3051 καὶ
3058 2996 3365 3050 ἀθάνατον·
3413 2993 3524 3055 καὶ,
3561 2987 3613 3039 ὐ
3634 2984 3695 3036 ὣν

2155 3094 2384 3163 γίνεται,
2410 3094 2523 3157 καὶ,
2566 3090 2633 3147 '0
2656 3093 2907 3154 ᾶκτιστος
2944 3089 3221 3155 κτίζεται,
3256 3090 3349 3141 καὶ
3376 3084 3441 3138 τὰ
3464 3080 3659 3135 τοιαῦτα
3681 3094 3693 3108 ο

2156 3185 2414 3239 ἀδύνατον
2457 3185 2513 3238 δέ
2562 3182 2818 3252 λέγεσθαι
2854 3181 3030 3236 ταῦτα
3091 3182 3246 3237 κατὰ
3306 3179 3399 3233 τοῦ
3430 3174 3582 3233 αὖτοῦ
3623 3170 3699 3223 καὶ

2155 3275 2295 3329 κατὰ
2314 3275 2374 3326 τὸ
2407 3274 2537 3329 αὐτὸ
2571 3273 2787 3344 ἀληθῶς
2821 3274 2976 3344 (πῶς
3006 3275 3117 3344 γὰρ
3140 3275 3304 3328 ἔσται
3338 3274 3397 3327 τὸ
3435 3269 3556 3324 αὐτο
3580 3263 3699 3319 κατὰ

2154 3368 2215 3422 τὸ
2247 3368 2379 3423 αὐτὸ
2410 3369 2502 3421 καὶ
2533 3367 2727 3438 θνητὸν
2769 3367 2905 3437 ὁμοῦ
2930 3367 3030 3421 καὶ
3059 3367 3358 3429 ἀθάνατον,
3399 3364 3489 3419 καὶ
3514 3358 3702 3414 κτιστδν

2156 3460 2251 3513 καὶ
2271 3459 2525 3513 ἄκτιστον
2545 3478 2558 3525 ;
2667 3459 2924 3529 ὁμολογεῖ
2955 3460 3108 3530 ἡντοῦ
3137 3458 3287 3513 Θεοῦ
3332 3452 3606 3523 Ἐκκλησία
3634 3451 3703 3501 ὅτι

2156 3552 2276 3605 καθ’
2303 3551 2491 3621 ἕτερον
2517 3553 2611 3606 καὶ
2641 3554 2830 3622 ἕτερον
2859 3552 3062 3623 τρόπον
3092 3551 3355 3622 λέγονται
3378 3549 3442 3603 τὰ
3466 3544 3705 3612 λεγόμενα

2156 3639 2333 3693 πάντα
2369 3644 2497 3713 περὶ
2528 3640 2622 3694 τοῦ
2659 3640 2930 3711 Χριστοῦο
2973 3640 3229 3710 δηλονότι
3265 3640 3334 3693 τὰ
3373 3639 3468 3709 μὲν
3496 3636 3600 3689 Osi:
3626 3632 3706 3700 ἁρ-

2160 3730 2418 3796 μόζουσιν
2441 3732 2612 3803 αὐτῷ,
2643 3732 2830 3785 καθότι
2862 3734 2979 3786 ἐστὶ
3010 3731 3139 3795 Sed;
3172 3748 3187 3765 '
3220 3732 3290 3785 τὰ
3318 3732 3373 3784 δὲ
3400 3725 3704 3796 ἀνθρώπινα.

2156 3823 2342 3876 καθότι
2382 3822 2599 3891 ἐγένετο
2643 3822 2954 3893 ἄνθρωπος.
3017 3821 3124 3875 Καὶ
3181 3824 3295 3894 γὰρ
3332 3821 3469 3874 κατὰ
3508 3816 3597 3887 μὲν
3623 3812 3706 3879 τὴν

2152 3915 2249 3970 τοῦ
2282 3916 2421 3970 Θεοῦ
2452 3915 2667 3988 μορφὴν
2703 3936 2721 3969 ι
2757 3918 2942 3971 Πάντα
2970 3915 3038 3969 δι’
3067 3915 3242 3969 αὐτοῦ
3278 3916 3491 3978 ἐγένετο
3519 3925 3531 3942 ο
3566 3928 3583 3960 ι
3624 3902 3707 3958 καὶ

2154 4007 2316 4071 αὐτὸς
2350 4010 2445 4062 καὶ
2473 4011 2499 4061 ό
2529 4009 2718 4080 Πατὴρ
2744 4009 2801 4061 ἓν
2826 4011 2931 4062 εἰσι
2955 4025 2968 4039 ·
3016 4011 3133 4071 καὶ,
3175 4032 3194 4064 ι
3245 3996 3508 4075 Ὠσπερό
3544 3997 3706 4065 Πατὴρ

2152 4100 2262 4170 ἔχει
2292 4101 2434 4169 ζωὴν
2465 4102 2522 4154 ὲν
2560 4100 2765 4171 ἐαυτῷ,
2796 4102 2974 4168 οὕτως
3017 4104 3190 4156 ἔδωκε
3219 4105 3317 4158 καὶ
3345 4102 3421 4170 τῷ
3450 4098 3559 4166 Υἱῷ
3586 4091 3708 4158 Chilo”

2151 4194 2295 4262 ἔχειν
2325 4195 2381 4245 ἐν
2424 4194 2599 4264 ἐαυτῷ
2623 4213 2641 4246 ι
2687 4194 3006 4266 (τουτέστιν,
3033 4196 3333 4264 ἐγέννησεν
3367 4191 3526 4246 αὑτὸν
3563 4184 3706 4251 ζωὴν.

2152 4283 2333 4346 καθὼς
2361 4287 2388 4337 ὁ
2415 4286 2556 4347 Gaio;
2592 4286 2974 4355 Χρυσόστομος
3005 4283 3339 4354 ἐξηγεῖται),
3372 4283 3468 4335 καὶ
3519 4298 3536 4330 ι
3565 4274 3707 4333 αὐτὸς

473 4378 557 4421 cst
586 4385 745 4424 verus
778 4369 938 4434 Deus,
965 4370 1071 4425 vita
1090 4380 1288 4426 :eterna
1321 4372 1387 4427 ’⁸.
1408 4392 1425 4423 ι
1463 4370 1701 4442 Itemque
1718 4372 1900 4426 omnia
1924 4389 2045 4443 qua:

2158 4377 2301 4429 ἐστιν
2332 4378 2358 4428 ὁ
2387 4376 2643 4444 ἀληθινὸς
2667 4378 2817 4439 Θεὸς,
2844 4376 2877 4447 ἡ
2901 4376 3067 4447 ζωὴή
3101 4376 3327 4439 αἰώνιος
3347 4393 3364 4410 ⁸
3395 4397 3413 4429 ι
3445 4375 3538 4429 καὶ
3556 4370 3713 4425 πάντα

470 4461 629 4514 Lahet
657 4460 833 4526 Pater,
892 4462 1009 4530 ejus
1057 4472 1204 4517 sunt.
1258 4462 1347 4517 Ait
1404 4464 1548 4517 enim
1588 4482 1602 4517 :
1644 4464 1881 4520 «Omnia
1931 4479 2048 4520 mea

470 4563 568 4603 'lun
601 4565 764 4607 sunt:
802 4562 853 4606 et
883 4563 971 4607 tua
1025 4569 1141 4608 mea
1174 4565 1302 4609 sunt
1333 4564 1424 4610 :et
1450 4553 1780 4611 clat'illcatus
1811 4571 1930 4610 sum
1994 4556 2047 4611 in

473 4645 556 4696 eis
588 4646 652 4697 ”.
692 4665 709 4696 ι
738 4644 1047 4699 Secundum
1070 4660 1198 4699 vero
1245 4645 1493 4700 servilem
1522 4645 1765 4702 hominis
1789 4645 2044 4711 formam,

471 4750 637 4803 quam
676 4738 970 4805 assumpsit
1002 4752 1019 4790 :
1058 4755 1076 4788 ι
1110 4734 1311 4792 Factus
1336 4747 1506 4793 estex
1542 4738 1790 4805 muliere,
1871 4738 2047 4795 lactus

478 4829 576 4879 sui)
609 4829 721 4899 lege
755 4830 840 4883 ’δι
874 4852 891 4882 ι
923 4839 976 4884 et
1011 4848 1024 4885 :
1064 4849 1080 4880 ι
1138 4830 1256 4887 Non
1312 4831 1455 4884 venit
1478 4840 1535 4884 ut
1593 4832 1799 4885 faceret
1861 4830 2051 4887 volun-

476 4927 639 4983 tatem
688 4937 863 4983 suam,
895 4920 987 4975 sed
1018 4922 1137 4992 ejus
1191 4924 1280 4989 qui
1329 4922 1473 4976 misit
1526 4937 1649 4975 eum
1675 4923 1741 4976 9°.
1776 4941 1792 4968 ι

553 5008 709 5064 Multa
740 5014 922 5080 itaque
950 5013 1015 5067 de
1045 5012 1260 5066 Christo
1286 5012 1541 5066 dicuntur
1570 5015 1810 5077 nomina,
1840 5013 2047 5068 idcirco

481 5102 734 5156 nimirum
765 5105 905 5173 quod
935 5104 1105 5158 ambae
1138 5115 1346 5158 natura:
1392 5106 1443 5157 in
1482 5121 1642 5159 uuam
1674 5121 1962 5175 personam
1995 5107 2047 5159 in

475 5210 547 5247 eo
595 5197 893 5251 coivcruut.
920 5196 992 5250 Ex
1034 5196 1161 5259 illis,
1197 5200 1446 5267 quaedam
1502 5197 1549 5251 ei
1597 5198 1949 5263 conveniunt,
1992 5210 2051 5254 ut

480 5285 627 5338 l‘u-us
674 5298 773 5349 cst,
822 5291 1277 5357 quemadmodum
1333 5289 1602 5353 diximus;
1642 5288 1867 5358 Iunoque
1914 5289 2051 5344 adeo

484 5378 704 5431 nomint
752 5380 816 5434 de
869 5382 960 5438 illo
1012 5383 1267 5438 dicuntur
1319 5391 1443 5435 ante
1500 5382 1807 5447 unionem;
1864 5381 1959 5436 sed
1999 5391 2053 5436 ct

561 5578 606 5606 θ’
633 5576 773 5631 Psal.
824 5597 985 5639 um.
1048 5583 1079 5634 6
1175 5582 1258 5635 ⁸³1
1316 5580 1441 5637 Cor.
1502 5599 1560 5643 ll,
1622 5582 1671 5636 8.
1751 5584 1795 5614 θλ
1836 5583 1993 5639 Joan.
2034 5600 2070 5648 ι,
2120 5586 2172 5639 5.

497 5662 627 5710 Mn,
670 5650 745 5701 l0.
826 5653 867 5681 9‘
900 5653 1073 5705 Calat.
1106 5668 1176 5717 tv,
1212 5653 1261 5705 αἱ.
1344 5654 1387 5683 ⁹⁹
1437 5651 1595 5705 Juan.
1648 5670 1721 5717 vi,
1774 5655 1859 5708 '53.

2155 4468 2257 4522 ὅσα
2285 4467 2396 4538 ἔχει
2425 4469 2453 4521 ό
2483 4468 2691 4538 Πατὴρ,
2720 4469 2886 4523 αὑτοῦ
2924 4470 3049 4524 εἰσι,
3091 4491 3109 4520 ι
3152 4473 3347 4525 Πάντα
3380 4472 3509 4539 γὰρ,
3530 4486 3545 4516 ι
3574 4463 3711 4532 φησὶ.

2162 4576 2181 4608 ι
2222 4557 2289 4609 τὰ
2317 4557 2427 4626 ἐμὰ
2455 4558 2525 4610 σά.
2547 4559 2684 4619 ἐστι,
2720 4560 2817 4611 καὶ
2869 4559 2938 4612 τὰ
2970 4558 3037 4613 σὰ
3068 4560 3184 4628 ἐμά
3207 4578 3219 4591 ·
3260 4562 3361 4613 καὶ
3407 4557 3713 4621 δεδόξασμαι

2157 4650 2214 4701 ἐν
2246 4649 2464 4711 αὐτοῖς’
2512 4669 2528 4702 ι
2574 4650 2719 4705 κατὰ
2768 4650 2825 4703 δέ
2869 4650 2969 4720 τὴν
2999 4649 3093 4703 τοῦ
3149 4652 3450 4722 ἀνθρώπου
3484 4642 3714 4711 δουὶικὴν
3774 4724 3777 4729 ν

2158 4739 2394 4809 μορφὴν,
2431 4739 2499 4810 ἣν
2535 4739 2922 4810 προσελάὸετο,
2984 4760 3002 4794 ι
3052 4740 3312 4809 Ἐγένετο
3351 4744 3417 4795 ἐκ
3451 4734 3711 4808 γυναικὸς.

2155 4830 2372 4898 ἐγένετο
2413 4831 2515 4882 ὑπὸ
2570 4832 2751 4900 νόμον,
2796 4850 2816 4883 ι
2854 4832 2969 4896 καὶ,
3010 4849 3028 4883 ι
3072 4832 3189 4885 Οὐκ
3225 4828 3363 4903 ἦλθε
3396 4828 3615 4899 ποιῆσαι
3663 4820 3717 4872 τὺ

2158 4923 2368 4993 Θέλημα
2399 4924 2586 4987 αὐτοῦ,
2624 4924 2758 4977 ἀλλά
2793 4923 2885 4975 τοῦ
2918 4922 3241 4992 πέμψαντος
3270 4923 3459 4977 αὐτόν.
3508 4938 3527 4971 ι

2226 5011 2401 5066 Πολλὰ
2431 5012 2609 5065 τοίνυν
2644 5012 2737 5065 ἐπὶ
2766 5011 2858 5064 τοῦ
2891 5011 3129 5070 Χριστοῦ
3171 5012 3428 5081 ὀνόματα
3465 5010 3718 5075 λέγονται,

2154 5108 2244 5161 διὰ
2285 5108 2381 5177 τὴν
2436 5107 2543 5160 τῶν
2595 5106 2689 5160 δύο
2749 5106 2967 5175 φύσεων
3028 5105 3349 5176 συνδρομὴν
3410 5104 3551 5157 κατὰ
3611 5094 3723 5167 μίαν

2156 5199 2453 5252 ὑπόστασιν
2480 5215 2493 5229 θ
2531 5199 2598 5253 τὰ
2634 5200 2733 5269 μὲν
2763 5200 2871 5269 γὰρ
2905 5196 3248 5269 ἁρμόζουσιν
3302 5195 3457 5265 αὐτῷ
3486 5196 3559 5253 ὡς
3595 5185 3719 5253 Θεῷο

2159 5291 2413 5361 καοάπερ
2466 5292 2734 5362 εἴπομεν·
2795 5292 2889 5345 καὶ
2944 5293 3116 5344 ταῦτα
3180 5289 3438 5360 ὀνόματα
3484 5284 3590 5355 πρὸ
3639 5279 3724 5344 τῆς

2161 5380 2405 5446 ἐνώσεως
2462 5383 2548 5437 ἐπ’
2584 5383 2749 5437 αὐτοῦ
2786 5382 3075 5436 καλοῦνται
3105 5399 3119 5414 σ
3154 5381 3473 5451 ἀρμόζουσι
3528 5377 3581 5429 δέ
3633 5368 3725 5437 πρδ

2249 5587 2292 5617 θ’
2350 5584 2510 5638 Joan.
2547 5584 2714 5647 3,50.
2794 5585 2837 5615 "
2907 5582 3120 5637 lJoan.
3194 5597 3245 5645 ν,
3308 5583 3407 5637 ‘20.
3488 5579 3531 5611 "
3583 5573 3724 5629 Joan.
