3916 6204
439 256 544 321 575
1640 308 1659 321 ν
1719 267 1768 324 M
1778 268 1876 330 AN
1884 266 2061 328 UELI
2070 268 2109 326 S
2140 268 2228 328 CA
2239 269 2443 330 LEC/E
3556 270 3643 332 576

439 379 603 433 etiam
637 393 764 434 vere
799 381 1031 446 dicetur,
1064 380 1167 446 Qui
1196 389 1357 436 natus
1393 391 1474 437 est
1504 397 1564 435 ex
1596 382 1839 452 Virgine,
1870 382 1977 437 Deu

2135 401 2256 446 ,ειος
2285 400 2297 414 ’
2355 382 2434 435 διὸ
2476 382 2572 435 καὶ
2620 381 2846 443 δικαίως
2892 382 3239 451 λεχθήσεται,
3272 378 3392 432 Ὅτι
3422 381 3447 431 ὁ
3478 378 3681 449 γεννη-“

439 483 524 528 est
560 475 772 531 saeculis
804 476 1058 530 omnibus
1098 476 1376 545 antiquior
1405 487 1670 529 creaturae
1722 475 1902 544 opifex
1950 492 1985 530 at

2115 475 2228 534 θεὶς
2264 478 2326 526 ὲκ
2358 475 2635 545 Παρθένου
2664 473 2794 534 Θεός
2829 475 2945 524 ἐστι
2998 471 3321 540 προαιώνιος
3353 470 3646 539 δημιουργὶς

442 567 710 620 conditor.
742 565 873 632 Quae
915 574 1037 634 post
1062 568 1322 621 unionem
1355 567 1631 629 dicuntur,
1665 569 1779 623 haec
1810 576 1863 622 et
1890 578 1988 622 antt

2114 568 2211 635 τῆς
2251 567 2503 629 κτίσεως.
2553 567 2631 619 Τὰ
2671 566 2810 633 μετὰ
2859 564 2956 635 τὴν
3007 564 3199 615 ἕνωσιν
3238 563 3475 631 οὐδαμῶς
3503 581 3647 633 προσ-

443 656 589 709 illam
649 671 989 725 nequaquam
1045 657 1227 712 dicere
1286 661 1562 713 convenit.
1632 658 1819 729 Neque
1867 662 1989 715 enin

2113 661 2239 729 ήκει
2280 661 2373 712 καὶ
2423 658 2528 726 πρὸ
2562 662 2658 728 τῆς
2700 658 2949 718 ἐνοῦσεως
2977 655 3230 720 λέγεσθαι
3257 671 3271 683 ’
3306 655 3399 705 καὶ
3434 656 3531 723 γὰρ
3557 657 3645 721 πρὸ

444 753 572 799 ante
600 744 1033 801 incarnationem
1066 758 1226 802 natus
1256 757 1336 802 est
1374 764 1439 802 ex
1475 746 1693 817 Virgine
1716 790 1729 811 ,
1765 759 1858 805 aut
1886 766 1990 805 cun

2115 749 2209 804 τοῦ
2266 750 2614 821 σαρκωθῆναι
2674 750 2774 803 οὐκ
2828 748 3020 815 ἐτέχθη
3080 747 3144 798 ὲκ
3200 746 3485 814 παρθένου,
3550 748 3646 797 οὐδὲ

444 835 759 890 hominibus
786 846 1176 894 conversatus.
1228 838 1373 893 Nihil
1425 841 1609 909 itaque
1647 855 1859 905 eorum,
1893 857 1990 909 qua

2115 842 2228 903 τοῖς
2304 840 2612 910 ἀνθρώποις
2679 835 3117 905 συνανεστράφη.
3182 834 3348 886 Οὐδὲν
3410 830 3500 887 οὖν
3560 836 3648 886 τῶν

445 928 703 981 unionem
738 937 1062 996 sequuntur,
1107 940 1231 984 ante
1271 922 1421 985 illam
1452 931 1518 985 de
1546 931 1639 985 illo
1673 930 1852 986 dit-ere
1884 948 1986 987 con

2123 930 2260 999 μετὰ
2321 930 2419 999 τὴν
2484 930 2679 982 ἕνωσιν
2752 929 3008 995 λέγεσθαι
3069 927 3155 979 ἐπ’
3215 925 3377 979 αὐτοῦ
3429 926 3525 993 πρὸ
3569 926 3648 989 τῆς

444 1016 611 1073 venit.
662 1016 765 1072 nisi
823 1016 964 1073 forte
1020 1020 1354 1090 praphetice,
1414 1023 1491 1077 uti
1543 1023 1746 1078 dictum
1779 1041 1810 1080 a
1857 1025 1983 1079 uobi

2120 1017 2363 1082 ἐνώσεως
2425 1022 2714 1089 προσήκει,
2767 1023 2815 1073 εί
2881 1022 3014 1090 μήτι
3075 1037 3137 1088 γε
3200 1015 3557 1086 προφητικῶς.
3590 1016 3647 1077 ὼς

446 1112 553 1160 est.

2122 1112 2334 1181 ἔφημεν

517 1195 812 1252 Conveniet
842 1196 1027 1265 itaque
1056 1206 1180 1267 post
1208 1198 1491 1266 unionem,
1524 1215 1645 1270 qua}
1693 1211 1901 1258 natura:
1936 1204 2021 1258 di-

2201 1205 2459 1273 ⁹Αρμόσει
2505 1221 2681 1258 τοινυν
2718 1206 2855 1273 μετὰ
2907 1203 3005 1275 τὴν
3053 1202 3253 1256 ινωσιν
3300 1202 3366 1254 τὰ
3402 1199 3493 1270 μὶν
3536 1198 3654 1252 κατὰ

446 1283 587 1338 vinas
638 1286 855 1355 propria
889 1294 1044 1351 sunt,
1075 1302 1306 1356 quaeque
1341 1303 1405 1343 ex
1464 1299 1615 1359 parte
1643 1294 1986 1354 :humanitati

2120 1295 2219 1365 τὴν
2249 1294 2401 1349 θείαν
2433 1296 2614 1363 φύσιν,
2647 1296 2715 1348 τὰ
2743 1296 2799 1349 δὲ
2830 1296 2937 1348 ἀπὸ
2986 1295 3077 1348 τοῦ
3107 1294 3444 1362 ἀνθρωπίνου
3483 1292 3651 1361 μέρους

449 1384 663 1443 sumpta
692 1384 841 1439 sunt,
881 1376 948 1429 de
976 1376 1068 1432 illo
1099 1377 1302 1442 dicere,
1343 1380 1647 1449 cujusmodi
1691 1393 1792 1447 est,
1831 1394 1988 1453 partu

2123 1385 2452 1455 εἰλημμένα,
2487 1386 2744 1455 λέγεσθαι
2777 1389 2864 1440 ἐπ’
2899 1385 3066 1439 αὑτοῦ
3092 1402 3105 1416 ·
3141 1380 3275 1441 οἷον.
3309 1386 3337 1437 ὁ
3376 1384 3436 1438 ὲκ
3468 1382 3654 1453 Παρθέ-

449 1480 517 1517 ex
562 1464 802 1535 Virgine,
848 1468 1026 1521 aetatis
1066 1480 1453 1536 augmentum;
1495 1482 1690 1526 cuncta
1738 1475 1976 1544 denique

2124 1491 2214 1527 νου
2244 1474 2419 1538 τόκος,
2453 1476 2486 1545 ἡ
2521 1475 2640 1529 καθ’
2674 1475 2893 1544 ἠλικίαν
2923 1473 3177 1542 αὕξησις,
3219 1474 3394 1526 πάντα
3420 1474 3547 1539 πλὴν
3567 1473 3656 1523 τῶν

450 1572 572 1624 quae
607 1568 793 1626 postea
827 1559 897 1612 ob
928 1568 1206 1628 peccatum
1244 1556 1738 1636 naturaghumaute
1781 1567 1990 1622 advene

2124 1564 2212 1617 διὰ
2264 1566 2362 1635 τὴν
2416 1566 2695 1636 ἁμαρτίαν
2744 1566 2968 1636 ὕστερον
3025 1568 3089 1635 τῇ
3156 1564 3465 1633 ἀνθρωπίνῃ
3523 1562 3658 1629 φύσει

452 1660 603 1712 runt,
635 1649 865 1717 quorum
902 1651 1035 1704 nulli
1069 1635 1535 1724 subjacebat,1ui
1565 1657 1630 1711 de
1656 1657 1856 1726 Spiritu
1890 1678 1998 1716 san.

2127 1635 2562 1725 ὲπισυμϐἁντων,
2594 1658 2650 1722 ἐξ
2675 1648 2750 1712 ὧν
2782 1635 2953 1710 οὐδενὶ
2972 1657 3250 1720 ὑπέκειτο,
3306 1657 3367 1708 ὲκ
3384 1653 3660 1722 Πνεύματος

452 1750 541 1797 cto
579 1754 875 1812 conceptus
903 1754 1038 1808 erat,
1066 1760 1131 1800 ac
1168 1762 1260 1815 per
1285 1748 1465 1800 omnia
1508 1748 1576 1801 ab
1611 1752 1759 1806 omni
1809 1764 1995 1822 peccat

2137 1749 2293 1816 ἁγίου
2352 1748 2700 1817 συλληφθεὶς,
2754 1749 2846 1803 καὶ
2891 1748 2981 1801 διὰ
3036 1749 3257 1801 πάντων
3312 1743 3660 1813 καθαρώτατος

452 1834 573 1888 labe
598 1835 923 1904 purissimus
953 1847 1248 1892 manserat.
1293 1837 1426 1904 Qua:
1463 1839 1630 1911 igitur
1659 1846 1901 1913 corporis
1936 1863 1998 1902 ra

2134 1840 2315 1907 πάσης
2346 1841 2620 1909 ἁμαρτίας
2669 1838 3014 1909 μεμενηκώς.
3044 1839 3126 1891 Τὰ
3159 1838 3289 1905 γοῦν
3329 1835 3430 1889 ἀπὸ
3459 1832 3544 1886 τοῦ
3574 1832 3663 1885 σώ-

453 1929 603 1982 tione
630 1929 694 1981 tle
716 1924 940 1983 Christo
970 1929 1249 1994 dicuntur,
1279 1932 1585 1999 cujusmodi
1615 1945 1765 2001 sunt,
1805 1940 1997 1992 esuriit

2140 1948 2310 2000 ματος
2358 1931 2448 1985 ἐπὶ
2480 1929 2574 1983 τοῦ
2603 1929 2841 1998 Χριστοῦ
2885 1930 3179 1997 λεγόμενα,
3213 1924 3343 1991 οἷον,
3391 1927 3660 1983 ἐπείνασεν.

438 2019 650 2081 'sitivit,
687 2020 973 2084 laboravit,
1005 2022 1204 2085 oravit,
1231 2021 1282 2074 in
1320 2023 1513 2093 agonia
1555 2022 1677 2091 fuit,
1712 2042 1832 2095 qua:
1859 2030 1984 2086 nimi

2138 2024 2414 2094 ἐδίψησεν,
2482 2022 2763 2086 ἐκοπίασε,
2835 2019 3206 2090 προσηύξατο,
3272 2019 3582 2089 ἠγωνίασεν,
3634 2017 3663 2069 ἃ

456 2125 578 2164 rum
630 2113 907 2165 naturales
955 2114 1205 2180 corporis
1256 2115 1537 2182 passiones
1579 2130 1727 2184 sunt,
1782 2122 2002 2190 nulliqtn

2139 2110 2204 2181 δὴ
2249 2110 2342 2164 τοῦ
2392 2110 2642 2180 σώματός
2688 2115 2797 2165 είσι
2833 2109 3100 2179 δήπουθεν
3154 2108 3362 2175 φυσικὰ
3407 2107 3494 2159 καὶ
3540 2105 3665 2158 ἀδιά-

456 2200 564 2255 labi
606 2200 872 2263 obnoxize,
907 2201 975 2254 ita
1034 2200 1310 2263 dicuntur,
1344 2212 1402 2257 ut
1444 2206 1589 2259 nulla
1636 2223 1863 2276 prorsus
1900 2211 2002 2265 ῘΙΙάι

2142 2203 2312 2271 ὁὶητα
2350 2203 2520 2272 πάθη,
2558 2203 2699 2257 οὕτω
2728 2202 3003 2270 λέγονται,
3037 2200 3113 2261 ὡς
3165 2200 3265 2266 τῆς
3300 2198 3443 2259 θείας
3483 2196 3664 2264 φύσεως

458 2290 715 2363 passione
741 2290 920 2344 divina
952 2300 1143 2345 natura
1172 2291 1460 2358 afﬁciatur,
1489 2298 1701 2352 tametsi
1732 2298 1822 2353 Dei
1853 2300 2004 2355 Filiu:

2141 2294 2293 2349 οὐδὲν
2334 2295 2512 2348 ὁτιοῦν
2562 2292 2891 2354 πεπονθυίας
2915 2309 2931 2324 ο
2966 2294 3014 2344 εἰ
3051 2292 3208 2361 καὶ.ηὸ
3246 2290 3367 2352 Υἱὸς
3412 2287 3497 2342 τοῦ
3534 2286 3662 2345 Θεοῦ,

459 2380 672 2434 dicatur
700 2382 957 2436 esuriisse
987 2397 1047 2435 ac
1080 2383 1303 2447 sitiisse,
1363 2386 1433 2438 ob
1472 2400 1740 2442 summam
1791 2394 2005 2458 undiqut

2142 2388 2395 2455 λέγομεν,
2431 2386 2683 2440 ὲπείνασε
2733 2385 2829 2438 καὶ
2878 2382 3183 2453 ὴγωνίασε,
3220 2380 3360 2435 κατὰ
3394 2379 3452 2431 τὸ
3494 2376 3667 2445 ἀνθρώ-

466 2472 870 2526 immeatiouem
914 2487 977 2526 ac
1020 2474 1276 2528 unionem
1312 2477 1523 2532 'divinze
1573 2490 1782 2536 natura:
1822 2483 2012 2538 incom.

2144 2496 2298 2530 πινον
2355 2478 2616 2547 δηλονότι,
2669 2475 2758 2529 διὰ
2810 2475 2909 2545 τὴν
2968 2474 3285 2545 ἀκροτάτην
3344 2468 3668 2539 περιχὼρησιν

463 2565 625 2618 Iniste
668 2564 912 2635 citraque
959 2580 1176 2620 omnem
1224 2567 1603 2624 confusionem
1654 2588 1777 2626 cum
1829 2589 1992 2631 carne

2146 2567 2238 2617 καὶ
2277 2564 2470 2618 ἕνωσιν
2500 2564 2601 2633 τῆς
2651 2563 2802 2628 θείας
2833 2563 3069 2632 φύσεως,
3107 2563 3328 2632 ἀμιγῶς
3356 2562 3445 2615 καὶ
3470 2554 3669 2624 ἀσυγχὺ-

465 2655 610 2712 haud
647 2671 806 2713 secus
837 2673 902 2712 ac
937 2658 1116 2712 anima
1168 2658 1221 2711 in
1253 2675 1476 2729 corpus,
1520 2663 1765 2734 ignisque
1812 2666 1864 2720 in
1901 2668 2009 2724 ferr

2144 2674 2253 2719 τως
2276 2656 2413 2727 πρὸς
2445 2656 2542 2723 τὴν
2576 2656 2776 2727 σάρκα,
2807 2655 3065 2723 καθάπερ
3096 2654 3249 2724 ψυχὴ
3280 2652 3410 2722 πρὸς
3438 2651 3494 2704 τὸ
3520 2648 3669 2715 σῶμα,

464 2758 718 2801 naturam
756 2748 1101 2803 incommiste
1142 2750 1409 2818 pervadit,
1461 2753 1657 2823 suique
1703 2757 1937 2825 copiam,
1975 2775 2005 2812 ιι

2147 2748 2179 2819 ἢ
2219 2765 2327 2819 πυρ
2367 2749 2501 2819 πρὸς
2533 2748 2630 2817 τὴν
2660 2747 2752 2800 τοῦ
2791 2747 3010 2817 σιδήρου
3050 2745 3220 2814 φύσιν
3247 2743 3456 2815 ἁμιγῶς
3484 2742 3672 2794 διικνεῖ-

466 2839 569 2893 sub
595 2840 843 2909 exemplo
876 2840 1090 2911 loquar,
1120 2842 1357 2897 materiae
1385 2842 1539 2899 facit.

2130 2856 2258 2903 ται,
2308 2842 2400 2894 καὶ
2455 2839 2616 2892 ἑαυτὸ
2682 2840 2799 2902 ταῖς
2848 2838 3002 2900 ὖλαις
3062 2837 3406 2908 μεταδίδωσι,
3456 2833 3672 2903 παραδει-

2148 2933 2437 3004 γματικῶς
2480 2934 2675 2986 εἰπεῖν.

539 3016 617 3095 Ad
661 3016 1052 3071 humanitatem
1084 3016 1251 3087 igitur
1280 3017 1511 3074 attinent
1542 3021 1726 3076 omnia
1774 3037 1895 3092 quae
1937 3002 2085 3078 ιιιι-⁴

2162 2999 2307 3093 ⁷’Τῷ
2341 3022 2668 3094 ἀνθρωπίνῳ
2705 3022 2860 3094 μέρει
2888 3023 3067 3076 τοίνυν
3103 3024 3287 3078 πάντα
3320 3017 3671 3091 ἀνήκουσινὸσα

469 3105 655 3159 milius
696 3104 974 3170 dicuntur,
1012 3116 1070 3161 ut
1098 3116 1181 3163 est
1206 3108 1382 3163 illud:
1424 3128 1443 3161 ι
1483 3108 1625 3176 Quid
1667 3128 1754 3166 me
1799 3116 2012 3184 quaeriti

2144 3116 2530 3184 ταπεινότερον
2553 3114 2793 3181 λέγεται,
2827 3114 2902 3178 ὡς
2933 3113 3015 3179 τδ,
3072 3131 3091 3164 ι
3135 3112 3210 3167 Τί
3241 3131 3308 3184 με
3337 3112 3533 3181 ζητεῖτε
3567 3108 3676 3160 ἀπο-

471 3198 775 3253 interficcre
795 3198 850 3253 ’τ
886 3216 905 3250 ι
949 3197 1105 3265 Quod
1147 3201 1273 3254 item
1312 3200 1631 3271 interrogat,
1670 3222 1688 3255 ι
1725 3206 1826 3261 Ubi
1860 3211 2015 3277 posui

2149 3211 2395 3273 κτεῖναι;
2426 3226 2445 3260 ι
2479 3208 2571 3260 καὶ
2601 3206 2663 3259 τὸ
2707 3207 2941 3277 ἐρωτᾷν,
2981 3224 2998 3256 ι
3028 3204 3139 3257 Ποῦ
3202 3204 3469 3258 τεθείκατε
3534 3198 3677 3261 Λάζα-

472 3293 572 3345 stis
599 3290 866 3344 Lazarum
896 3291 953 3345 '2
991 3310 1011 3344 ›
1047 3292 1201 3358 Quod
1240 3294 1344 3347 sub
1380 3294 1540 3348 ficum
1591 3299 1853 3364 cucurrit,
1901 3317 2018 3369 quot

2153 3315 2279 3370 ρον;
2312 3316 2330 3351 ι
2381 3301 2410 3353 ὁ
2450 3298 2555 3352 ὑπὸ
2592 3300 2691 3365 τὴν
2750 3297 2924 3366 συκῆν
2960 3297 3192 3367 δρόμος,
3225 3297 3283 3351 τὸ
3326 3290 3679 3361 ὑπαναχωρεῖν,

474 3382 731 3445 secessit;
769 3382 897 3436 illud
931 3382 1164 3451 denique
1194 3401 1206 3437 :
1239 3401 1256 3435 ι
1295 3381 1478 3439 Finxit
1502 3399 1559 3440 se
1586 3387 1800 3457 longius
1830 3392 1907 3444 ire
1938 3390 1981 3443 '.

2153 3391 2236 3459 τὸ,
2312 3408 2329 3440 ι
2395 3390 2840 3461 Προσεποιήσατο
2915 3388 3258 3458 πορρωτέρω
3312 3382 3676 3456 πορεύεσθαι.ι

478 3471 680 3527 Eodem
743 3474 906 3527 etiam
968 3473 1098 3528 illud
1163 3484 1395 3545 spectat,
1446 3477 1620 3533 «Deus
1676 3495 1849 3545 meus,
1910 3481 2016 3536 Den

2154 3484 2249 3545 Εἰς
2289 3482 2446 3535 τοῦτο
2482 3481 2539 3535 δὲ
2569 3482 2760 3550 ἀνήκει
2810 3480 2907 3533 καὶ
2945 3478 3029 3542 τὸ,
3089 3497 3108 3530 ι
3145 3478 3247 3532 Θεέ
3280 3496 3399 3546 μου,
3437 3475 3530 3526 Θεέ
3577 3488 3679 3539 μου,

481 3580 663 3630 meus,
717 3574 777 3619 ut
826 3565 956 3635 quid
1008 3582 1093 3621 me
1146 3568 1565 3639 dereliquisti'?
1620 3588 1639 3621 ι
1691 3570 1826 3625 Illud
1875 3574 2003 3627 item

2154 3575 2240 3627 ἵνα
2275 3575 2326 3628 τί
2359 3590 2425 3644 με
2454 3572 2845 3639 ὲγκατέ).ιπες;
2884 3590 2901 3624 ι
2936 3571 3045 3624 Καὶ
3070 3570 3155 3634 τὸ,
3198 3589 3217 3622 ι
3260 3570 3535 3637 Γενόμενος
3565 3563 3682 3628 ὑπὲρ

488 3676 507 3708 σ
531 3657 729 3712 Factus
761 3673 857 3728 pro
894 3659 1053 3716 nobis
1088 3660 1433 3715 maledictum
1465 3663 1507 3716 ’.
1546 3680 1564 3713 ›
1597 3660 1709 3716 Nec
1738 3679 1841 3716 non
1870 3665 1996 3718 illud

2153 3666 2311 3736 ἡμῶν
2340 3664 2574 3733 κατάρα.
2613 3682 2631 3715 ι
2690 3664 2797 3717 Καὶ
2851 3661 2933 3727 τὸ,
2972 3682 2989 3714 ι
3041 3662 3219 3725 Αὐτὸς
3271 3662 3298 3713 ὁ
3358 3659 3477 3718 Υἱὸς
3516 3656 3683 3708 farrata-

485 3769 503 3799 ς
520 3748 632 3817 lpse
650 3748 821 3803 Filius
842 3750 1160 3819 subjicietur
1181 3751 1253 3814 ei,
1269 3752 1361 3819 qui
1380 3751 1605 3820 subjecit
1629 3753 1727 3806 sibi
1747 3756 1929 3809 omnia
1953 3756 2031 3810 “-

2155 3760 2385 3828 γήσεται
2422 3756 2498 3825 τῷ
2532 3756 2861 3822 ὑποτάξαντι
2914 3755 3063 3825 αὑτῷ
3119 3755 3189 3809 τὰ
3235 3756 3424 3807 πάντα.
3468 3770 3484 3802 ι
3530 3748 3683 3800 Ταῦτα

484 3841 609 3896 llaec
640 3843 783 3896 enim
816 3842 1031 3896 dicebat
1062 3856 1155 3910 per
1187 3843 1624 3911 arrogationcm,
1659 3846 1762 3899 sibi
1795 3845 1911 3915 ipse
1959 3847 2030 3902 ho

2156 3853 2263 3921 γὰρ
2300 3848 2421 3902 κατ’
2450 3847 2722 3901 οίκείωσιν
2774 3847 2947 3914 ἔλεγε,
2981 3846 3042 3899 τὸ
3110 3847 3377 3918 ἡμέτερον
3417 3839 3683 3906 οἰκειούμε-

484 3933 649 3987 minis
689 3946 975 4002 personam
1014 3932 1341 3996 attribuens,
1375 3944 1428 3987 et
1452 3948 1511 3987 sc
1541 3935 1593 3987 in
1627 3936 1814 3990 eadem
1863 3938 2020 3993 nobis

2158 3959 2244 4006 νος
2296 3941 2606 4010 πρόσωπον,
2678 3938 2773 3993 καὶ
2832 3938 2948 4007 μεθ’
3020 3940 3184 4008 ἡμῶν
3252 3945 3453 3993 τάττων
3506 3930 3683 3985 ἑαυτόν.

482 4037 609 4074 cum
666 4022 844 4076 classe
912 4021 1279 4084 constituens,
1326 4020 1439 4075 Nos
1484 4023 1630 4077 enim
1695 4042 1913 4082 eramus
1961 4045 2028 4098 qu

2170 4035 2362 4104 Ἡμεῖς
2415 4032 2523 4101 γὰρ
2552 4028 2694 4102 ἦμεν
2745 4033 2794 4084 οἱ
2842 4030 3405 4101 ἐγκαταλελειμμένα
3452 4028 3536 4079 καὶ
3582 4023 3687 4073 ὑπο-

483 4112 731 4166 derelicti
765 4111 1038 4166 fueramus
1064 4126 1127 4167 ac
1160 4111 1359 4181 quibus
1390 4126 1527 4182 opus
1554 4124 1698 4169 esset
1733 4127 1791 4171 ut
1824 4120 2029 4191 subiice

2158 4125 2330 4196 ταγῆς
2363 4123 2627 4194 δεόμενοι,
2663 4122 2737 4187 ὡς
2772 4123 3049 4195 ἁμαρτίας
3087 4124 3187 4176 καὶ
3241 4122 3469 4175 θανάτου
3522 4115 3688 4180 ἔνοχοι.

488 4216 693 4263 remur,
733 4212 792 4255 ut
826 4204 917 4271 qui
957 4212 1177 4285 peccatu
1227 4206 1495 4276 mortique
1537 4210 1765 4283 obnoxii
1816 4226 2032 4269 eramus

2160 4221 2255 4275 καὶ
2313 4217 2423 4279 τοῖς
2490 4212 2582 4267 τοῦ
2655 4215 2790 4269 Θεοῦ
2857 4214 3280 4283 προστάγμασιν
3343 4206 3686 4266 ἀπειθοῦντες.

494 4313 595 4352 nec
670 4297 872 4353 divinis
922 4301 1204 4369 praceptis
1273 4302 1727 4371 obsequebamur.
1782 4304 1874 4363 Ille
1933 4325 2040 4365 vert

2162 4311 2332 4375 Αὐτὸς
2376 4312 2454 4375 δὲ,
2497 4331 2516 4364 ι
2572 4311 2686 4379 Οὐχ
2731 4308 3002 4378 ⁴ἥμαρτεν,
3065 4305 3190 4359 οὐδὲ
3246 4302 3439 4373 εὑρέθη
3475 4300 3607 4358 δόλιε
3645 4295 3689 4389 ξίν

495 4407 516 4442 ι
554 4387 839 4445 Peccatum
885 4407 991 4445 non
1043 4392 1189 4457 fecit,
1226 4409 1327 4448 nec
1360 4396 1519 4450 dolus
1572 4398 1825 4455 inventus
1874 4411 1959 4457 est
2006 4403 2041 4457 it

2160 4404 2236 4474 τῷ
2301 4404 2528 4469 στόματι
2585 4400 2775 4455 αὐτοῦ.
2836 4417 2854 4451 ι
2917 4400 3019 4452 Διά
3086 4398 3247 4450 τοῦτο
3303 4395 3421 4450 οὔτε
3470 4392 3540 4452 ὠς
3583 4385 3690 4445 Θεὸς

490 4497 588 4535 ore
618 4484 737 4551 ejus
762 4482 934 4539 ¹¹·¹².ι
967 4485 1336 4551 Quamobrem
1385 4505 1556 4557 neque
1590 4500 1649 4545 ut
1696 4491 1834 4547 Deus
1868 4494 2034 4549 dereli

2162 4494 2554 4563 ἐγκατελείφθη
2579 4487 2680 4562 (εἷς
2712 4490 2821 4561 γὰρ
2852 4491 2980 4554 Θεὸς
3003 4491 3119 4541 ἐστι
3158 4490 3296 4559 μετὰ
3328 4487 3418 4538 τοῦ
3470 4477 3688 4549 ἰητρὸς).

494 4584 620 4630 ctus
657 4586 740 4632 est
770 4584 916 4649 (cum
942 4580 1011 4633 sit
1033 4595 1172 4634 unus
1196 4580 1337 4635 Deus
1362 4596 1484 4635 cum
1504 4582 1713 4654 Patre),
1739 4601 1917 4655 neque
1938 4602 2040 4642 veri

2162 4588 2267 4641 οὐδ’
2308 4583 2373 4640 αὖ
2430 4586 2505 4647 ὡς
2541 4584 2829 4655 ἄνθρωπος
2883 4583 3098 4652 ἥμαρτε
3130 4597 3145 4611 ⁸
3202 4581 3286 4634 διὸ
3341 4576 3454 4630 οὐδὲ
3500 4574 3692 4639 ἐγκατε·

498 4671 744 4736 peccavit
774 4680 831 4724 ut
871 4671 1065 4735 homo;
1095 4689 1263 4744 quare
1298 4690 1476 4743 neque
1501 4676 1793 4733 derelictus
1829 4689 1930 4746 est,
1965 4694 2044 4734 “8t

2164 4678 2377 4750 λείφθη,
2408 4677 2515 4731 οὐδ’
2547 4676 2825 4745 ὑποταγῆς
2875 4666 3087 4743 ἐδεήθη.
3147 4672 3307 4725 Ἀλλὰ
3333 4668 3499 4722 ταῦτα
3531 4664 3691 4750 εἴρηκε

498 4775 641 4827 Opus
677 4761 866 4816 habuit
901 4775 957 4817 ut
986 4765 1384 4833 subjiceretur;
1418 4768 1513 4823 sed
1544 4768 1659 4821 inec
1693 4745 2025 4826 locutusiest

2166 4772 2226 4825 τὸ
2262 4745 2535 4841 ημετερον
2572 4766 2962 4834 οἰκειούμενος,
3020 4763 3277 4832 καθάπερ
3310 4760 3539 4829 εἴρηται.
3587 4745 3694 4843 Περξ

498 4853 605 4906 sibi
655 4867 914 4925 arrogans
949 4856 1091 4926 quod
1138 4857 1438 4913 humanum
1469 4868 1574 4923 est,
1608 4862 1684 4915 uti
1719 4863 1925 4916 dictum
1960 4872 2043 4917 est

2170 4858 2331 4912 αὑτοῦ
2369 4861 2475 4928 γὰρ
2512 4857 2751 4923 λέγεται,
2808 4872 2826 4904 ι
2888 4854 2946 4906 '0
2979 4853 3147 4922 αίρων
3197 4852 3296 4913 τὰς
3343 4844 3596 4917 ἁμαρτίας
3619 4852 3695 4889 του

502 4943 581 4999 De
613 4947 703 5001 illo
734 4948 876 5001 enim
910 4950 1144 5005 dicitur:
1173 4950 1305 5015 ιριιὶ
1339 4953 1476 5007 tollit
1508 4964 1727 5023 peccata
1762 4955 1948 5009 mundi
1971 4954 2033 5007 ¹³.

2172 4954 2401 5019 κόσμου,
2437 4970 2455 5002 ι
2488 4951 2599 5013 καὶ,
2639 4970 2655 5001 ι
2688 4949 2858 5011 Αὐτὸς
2909 4947 3008 5009 τὰς
3039 4944 3323 5007 ἀσθενείας
3368 4938 3516 5011 ἡμῶν
3543 4929 3694 4991 ἔλαθεν

506 5040 610 5099 Et:
645 5061 663 5095 ‹
698 5041 814 5112 Ipse
837 5042 1182 5100 inﬁrmitates
1203 5056 1415 5101 nostras
1446 5048 1672 5119 accepit,
1710 5059 1762 5103 et
1791 5049 2052 5118 languore:

1480 5048 1672 5119 ccepit,
1710 5059 1762 5103 et
1791 5049 2074 5118 languores
2174 5050 2265 5099 καὶ
2299 5046 2394 5107 τὰς
2442 5045 2628 5106 νόσους
2670 5041 2959 5094 ὲὸἀστασε.
3007 5057 3024 5090 ι

509 5143 729 5190 nostros
759 5140 992 5206 portavit
1026 5140 1092 5194 “.
1127 5159 1147 5193 ι
3524 5170 3533 5181 ⁸

580 5225 716 5281 illud
746 5200 930 5285 autem
952 5269 967 5293 ,
1002 5246 1023 5281 ι
1063 5232 1221 5287 Pater
1253 5233 1427 5301 major
1462 5248 1548 5287 me
1578 5240 1663 5287 est
1687 5232 1750 5283 η.
1792 5250 1809 5282 ι
1849 5230 2067 5299 quidam

2250 5227 2323 5279 Τὸ
2359 5225 2435 5290 δὲ,
2475 5242 2494 5276 ι
2542 5223 2599 5275 Ὀ
2630 5224 2815 5290 Πατὴρ
2852 5221 3053 5291 μείζων
3077 5217 3174 5289 μού
3205 5218 3341 5277 ἐστι,
3384 5232 3401 5264 ι
3448 5208 3577 5301 τινὲς
3601 5200 3697 5301 Δμὲν

515 5329 832 5375 sanctorum
874 5323 1080 5378 dictum
1144 5326 1599 5380 existimaverunt
1645 5326 1853 5379 ratione
1900 5338 2061 5378 causa

2184 5319 2289 5372 τῶν
2318 5317 2484 5383 ἁγίων
2507 5315 2620 5386 (54)
2670 5314 2811 5366 κατὰ
2857 5312 2915 5364 τὸ
2955 5311 3127 5365 αἴτιον
3158 5306 3402 5376 εἰρῆσθαι
3450 5293 3696 5366 ἐξέλαϐον·

584 5433 785 5491 l’Joan.
816 5453 869 5501 ν,
896 5437 981 5490 l9.
1062 5439 1081 5471 ⁸
1113 5438 1271 5493 Joan.
1315 5455 1388 5493 ιιι.
1425 5440 1513 5493 54.
1623 5438 1643 5469 ⁷
1678 5435 1863 5490 Matth.
1899 5450 2011 5497 tm,
2045 5434 2142 5496 ll);
2175 5432 2337 5485 Marc.
2368 5428 2719 5501 x1,i'5;Luc.
2749 5443 2821 5488 Ix,
2856 5427 2946 5501 19ζ
3040 5424 3201 5501 ‘_l_.tl_c
3236 5416 3503 5501 ιλινο

625 5477 785 5491 ην...
824 5477 839 5489 ν
902 5477 981 5490 ..η
1113 5477 1271 5493 ........
1318 5477 1388 5493 η..
1425 5477 1513 5493 υ-..
1900 5477 2011 5497 .....,
2049 5477 2059 5486 .

513 5518 682 5569 xxvlt,
711 5508 797 5562 46.
854 5477 895 5543 ’9
926 5507 1102 5564 Galat.
1130 5527 1208 5574 ιιι,
1248 5510 1328 5561 l3.
1410 5508 1451 5541 ὀ
1482 5510 1497 5561 l
1530 5507 1656 5561 Cor.
1693 5522 1778 5567 sv,
1810 5507 1898 5559 ‘28.
2002 5505 2059 5535 ¹¹·

2152 5477 2971 5563 ιέξιῖ’ἶ.ὶιῖ,”9’;ἰ’ὖὲῐὲζιῖ,ἑὲ.
3074 5488 3477 5551 ¹³1οίιιι.ι,29.
3551 5477 3698 5527 “Isa.

513 5590 628 5639 ιιιι,
661 5579 727 5642 4;
753 5578 939 5635 Matth.
977 5595 1085 5647 vnn,
1128 5581 1171 5633 7.
1259 5580 1298 5610 ⁸⁵
1340 5579 1493 5634 Joan.
1525 5594 1633 5643 xiv,
1670 5578 1736 5629 9.8

591 5695 699 5762 (λι)
728 5694 885 5763 Greg.
926 5694 1071 5747 Ομιι.
1114 5697 1197 5747 36.
