3916 6204
462 359 570 425 533

1721 357 2118 417 MANUELIS
2149 354 2450 420 CALECE
3542 358 3625 422 584

463 479 643 533 Verbo
676 479 825 533 unita
859 484 1041 538 esset,
1074 489 1229 528 serva
1260 480 1422 542 atque
1465 471 1718 543 ignorans
1750 469 1908 525 foret.
1939 471 2015 525 Oli

2126 474 2285 541 σὰρξ,
2320 473 2478 541 δούλη
2519 467 2587 541 ἦν
2619 473 2711 524 καὶ
2739 467 3027 537 ἀγθοοῦσα.
3074 469 3228 522 Ἀλλά
3275 467 3355 521 διὰ
3395 470 3483 539 τὴν
3528 474 3625 526 καθ’

458 571 717 622 unionem
762 577 938 619 tamen
974 565 1362 634 hypostaticam
1392 601 1406 626 ,
1441 578 1540 615 nec
1572 576 1728 616 serva
1754 571 1893 625 erat,
1921 578 2021 617 nec

458 676 555 729 pro
596 660 830 712 humana
867 655 1236 709 imbecillitate
1260 694 1274 717 ,
1309 654 1612 721 ignorantia
1666 654 1773 707 ulla
1812 654 2024 707 labora-

459 754 571 804 bat.
606 749 915 803 Secundum
954 747 1099 801 hunc
1126 748 1367 812 modum,
1398 748 1559 802 etiam
1593 749 1804 802 Patrem
1841 748 2024 817 appel-

378 867 393 879 ν
457 840 585 891 lavit
620 837 782 891 Deum
808 851 968 890 suum
988 835 1055 889 ³³.

529 930 660 982 (tum
724 928 908 995 itaque
962 927 1128 979 multa
1178 926 1398 979 nomina
1444 925 1745 980 secundum
1777 927 2022 983 diversas

456 1019 694 1072 rationes
730 1018 797 1071 de
823 1016 1048 1071 Christo
1076 1017 1218 1069 dicta
1250 1017 1361 1071 sint
1383 1057 1397 1079 ,
1425 1031 1603 1085 operae
1648 1018 1879 1085 pretium
1916 1031 2019 1082 eat,

452 1120 514 1165 ut
536 1125 656 1181 quae
688 1110 1008 1163 sublimiora
1046 1118 1193 1170 sunt,
1226 1108 1421 1162 divina:
1444 1117 1653 1162 natura:
1676 1108 2016 1177 tribuamus;

451 1218 573 1270 quae
599 1216 731 1256 vero
760 1200 1085 1265 humiliora,
1121 1201 1317 1254 divina'.
1353 1217 1366 1252 :
1407 1216 1527 1269 quae
1562 1209 1740 1253 autem
1772 1216 2019 1254 commu-

453 1295 542 1347 nia
573 1302 724 1358 sunt,
749 1293 1058 1362 composito
1079 1292 1211 1358 ;'uui
1241 1292 1451 1347 scilicet
1484 1292 1724 1356 Christo,
1757 1294 1847 1361 qui
1884 1294 2020 1347 Deus

447 1394 537 1441 est
574 1394 629 1439 et
668 1386 854 1438 homo.
903 1387 981 1439 Ac
1033 1400 1257 1439 necesse
1291 1394 1372 1438 est
1397 1427 1411 1445 .
1447 1394 1506 1437 ut
1541 1387 1852 1438 communia
1906 1386 2019 1439 haec

454 1477 680 1529 nomina
739 1490 803 1530 ac
872 1478 1010 1545 parti
1080 1477 1300 1545 utrique
1374 1476 1797 1539 convenientia,
1856 1477 2019 1531 unius

450 1566 655 1621 Christi
693 1583 817 1622 esse
874 1567 1264 1635 intelligamus,
1321 1579 1626 1637 cunctaque
1666 1584 1731 1622 ex
1764 1569 1865 1622 illo
1891 1586 2018 1640 pro-

450 1658 620 1713 licisci
652 1673 836 1726 opera,
872 1667 930 1711 ut
953 1674 1015 1711 ex
1038 1674 1144 1713 una
1175 1675 1427 1727 persona,
1460 1676 1583 1714 cum
1613 1670 1794 1715 tamen
1821 1678 2019 1717 unum-
2060 1708 2075 1723 ,

449 1750 711 1818 quodque
739 1763 877 1819 opus
929 1749 994 1803 ad
1028 1748 1079 1802 id
1101 1787 1116 1812 ,
1143 1751 1286 1818 quod
1319 1751 1367 1804 ei
1396 1752 1671 1820 prOprium
1704 1761 1827 1818 est,
1873 1753 2014 1808 refe-
2053 1804 2087 1829 η

450 1849 604 1893 ratur
634 1856 648 1903 ;
674 1840 757 1893 ita
790 1838 1049 1893 nimirum
1094 1850 1153 1895 ut
1187 1840 1434 1895 divinum
1487 1857 1624 1910 Opus
1652 1880 1667 1905 ,
1706 1842 1761 1896 in
1794 1844 2017 1897 deitatis

448 1933 751 1987 referamus
786 1940 1038 1987 naturam
1067 1948 1084 1998 ;
1142 1932 1440 1987 humanum
1471 1950 1598 1989 vero
1632 1974 1647 1999 ,
1692 1936 2019 1990 humanitati

448 2024 813 2078 ascribamus.
842 2023 1000 2077 Aliud
1048 2038 1210 2089 rorro
1249 2034 1329 2078 est
1366 2025 1613 2080 divinum
1656 2041 1834 2095 opus;
1871 2026 2017 2081 aliud

451 2122 630 2165 autem
687 2113 1011 2167 humanum.
1060 2112 1307 2183 Dumque
1341 2129 1459 2168 eam
1514 2124 1796 2169 teneamus
1835 2118 2013 2177 tidem,

450 2216 559 2255 non
613 2204 945 2259 errabimus.
976 2203 1056 2258 Ex
1108 2204 1309 2273 quibus
1360 2204 1619 2259 omnibus
1674 2215 2015 2270 naturarum,

447 2310 570 2365 qua:
601 2295 765 2350 inuitae
802 2305 951 2360 sunt,
992 2295 1273 2351 distinctio
1308 2297 1554 2351 noscitur
1578 2336 1593 2360 ,
1622 2299 1878 2367 quodque
1908 2340 1922 2365 ,
1961 2309 2018 2354 ut

448 2384 623 2438 sancti
659 2384 745 2452 (ac
777 2385 1047 2455 imprimis
1082 2385 1457 2441 divinissimus
1486 2385 1746 2457 Cyrillus)
1781 2388 2016 2457 loquun-

446 2482 557 2538 tur,
586 2488 691 2526 nou
730 2474 869 2528 idem
917 2476 1028 2529 sint
1080 2474 1136 2529 in
1173 2476 1406 2529 naturali
1457 2476 1718 2544 qualitate
1754 2476 1932 2533 Deitas
1964 2487 2018 2531 et

446 2562 793 2632 humanitas;
828 2566 1042 2621 tametsi
1093 2580 1234 2620 unus
1264 2566 1335 2620 sit
1364 2563 1533 2622 Filius
1581 2577 1635 2622 et
1664 2568 1916 2625 Christus
1961 2578 2016 2624 et

446 2658 731 2722 Dominus,
759 2658 854 2727 qui
887 2658 1149 2712 nimirum
1188 2673 1436 2727 persona:
1477 2660 1688 2715 ratione
1727 2661 1797 2715 sit
1833 2677 2012 2726 unus,

443 2760 569 2799 cum
605 2746 754 2801 nullo
781 2746 946 2801 modo
978 2747 1108 2801 unio
1160 2747 1501 2818 hypostatica
1535 2749 1660 2805 inde
1713 2751 2009 2816 dividatur,

443 2836 587 2905 quod
619 2837 925 2891 naturalem
960 2836 1367 2892 distinctionem
1396 2841 1770 2910 agnoscimus.

513 2930 651 2984 Cum
703 2929 806 2983 hac
848 2938 1028 2983 autem
1067 2930 1475 2995 incarnatione,
1523 2932 1660 2985 nihil
1696 2932 1906 2986 Patrem
1949 2947 2013 2988 ac

445 3021 709 3088 Spiritum
744 3020 998 3074 habuisse
1051 3029 1342 3076 commune
1395 3020 1755 3085 conﬁtemur,
1789 3033 2009 3090 praeter-

2126 566 2425 618 ὑπόστασιν
2457 562 2656 616 ἒνωσιν
2709 560 2832 615 οὒτε
2864 561 3021 628 δούλη
3048 556 3115 630 ἦν
3148 559 3264 612 οὔτε
3310 562 3475 628 ἠγνόει
3516 568 3631 619 κατὰ

2123 655 2223 723 τὴν
2263 655 2613 723 ἀνθρωπίνην
2644 654 2949 706 ἀσθένειαν.
2982 653 3129 705 Κατὰ
3162 652 3250 703 τὸν
3271 654 3455 723 τρόπον
3475 656 3633 708 τοῦτον

2124 748 2218 799 καὶ
2246 745 2379 799 Θεὸν
2412 744 2578 798 αὐτοῦ
2612 746 2702 797 τὸν
2731 744 2950 813 Πατέρα
2982 743 3223 796 ἐκάλεσε.

2196 925 2414 978 Πολλῶν
2442 925 2622 977 τοίνυν
2652 924 2933 993 ὀνομάτων
2978 924 3069 975 ἐπὶ
3124 923 3214 975 τοῦ
3267 921 3489 991 Χριστοῦ
3521 924 3637 975 κατὶ

2121 1016 2412 1084 διαφόρους
2444 1015 2679 1084 τρόπους
2708 1014 3037 1083 εἰρημένων,
3066 1014 3145 1065 δεῖ
3171 1014 3237 1065 τὰ
3265 1012 3547 1082 ὑψηλότερα
3570 1013 3638 1061 διο

2122 1108 2288 1170 δόναι,
2318 1110 2382 1177 τῇ
2418 1107 2539 1177 θείᾳ
2574 1107 2752 1174 φύσει,
2789 1108 2855 1157 τὰ
2878 1107 2933 1159 δὲ
2972 1107 3349 1175 ταπεινότερα,
3376 1106 3436 1173 τῇ
3460 1105 3641 1173 ἀνορωο

2124 1200 2253 1269 πίνῃ
2277 1215 2289 1229 ’
2323 1199 2393 1251 τὰ
2419 1198 2475 1251 δὲ
2518 1198 2672 1250 κοινὰ
2704 1197 2780 1266 τῷ
2816 1196 3076 1260 συνθέτῳ,
3111 1198 3276 1266 ῆ·ςουν
3311 1197 3384 1263 τῷ
3417 1197 3489 1247 ὲνὶ
3527 1199 3642 1267 Χρι-

2124 1289 2254 1358 στῷ,
2284 1292 2342 1353 ὃς
2373 1291 2489 1342 ἐστι
2513 1289 2641 1352 Θεὸς
2663 1292 2754 1341 καὶ
2783 1289 3088 1357 ἄνθρωπος·
3122 1290 3214 1340 καὶ
3242 1290 3307 1339 τὰ
3336 1290 3478 1342 κοινὰ
3499 1292 3586 1344 ταῦ
3617 1312 3643 1343 α

2123 1383 2217 1435 καὶ
2250 1384 2537 1452 ἀμφότερα
2584 1382 2872 1449 ὀφείλομεν
2926 1380 3212 1448 γινώσκειν
3245 1377 3380 1435 εἶναι
3422 1383 3507 1435 τοῦ
3548 1386 3643 1446 ἐνὸς

2123 1473 2383 1540 Χριστοῦ·
2421 1473 2511 1526 καὶ
2545 1474 2718 1524 πάντα
2752 1472 2820 1524 τὰ
2859 1473 3124 1541 γενόμενα
3148 1471 3274 1542 παρ’
3302 1471 3478 1535 αὐτοῦ,
3505 1473 3570 1534 ὡς
3595 1477 3643 1525 ἐκ

2125 1568 2253 1633 μιᾶς
2281 1566 2652 1628 ὑποστάσεως,
2684 1563 2916 1616 ἑκάστου
2946 1563 3108 1632 ἔργον
3147 1564 3534 1633 ἀναφερομένου
3580 1566 3644 1625 εἰς

2121 1657 2180 1710 τὸ
2210 1656 2404 1709 ἑαυτοῦ
2443 1658 2663 1709 οἰκεῖον
2697 1656 2941 1709 τουτέστι
2972 1658 3033 1708 τὸ
3061 1657 3161 1725 μὲν
3194 1656 3333 1707 θεῖον
3361 1656 3508 1723 ἔργον
3531 1658 3640 1707 ἀνι-

2124 1750 2313 1819 φέρειν
2346 1752 2410 1818 τῇ
2441 1749 2540 1817 τῆς
2571 1748 2824 1817 θεότητος
2854 1746 3035 1815 φύσει,
3073 1746 3135 1798 τὸ
3166 1745 3220 1798 δὲ
3250 1746 3643 1816 ἁνθρτύπιντντῇ

2122 1839 2459 1909 ἀνθρωπίνῃ.
2498 1839 2661 1890 ’Ἄλλο
2695 1838 2751 1890 δὲ
2786 1840 2926 1890 θεῖον
2955 1838 3140 1907 ἔργονο
3181 1840 3307 1892 ἄλλο
3330 1839 3381 1889 δὲ
3405 1838 3647 1904 ἀνθρὼπ-

2120 1918 2229 1981 νονί
2254 1929 2363 1980 Καὶ
2394 1927 2538 1980 οὕτω
2570 1929 2934 1991 πιστεύοντες,
2971 1928 3031 1980 οὐ
3063 1926 3527 1997 πλανηθησόμεθα.
3575 1926 3649 1990 Ἐξ

2120 2013 2191 2071 ὧν
2218 2020 2471 2073 ἁπάντων
2502 2019 2608 2071 τῶν
2651 2019 2749 2088 μὲν
2780 2020 3086 2073 ὲνωθεισῶν
3116 2019 3331 2088 φύσεων
3374 2020 3404 2089 ἠ
3448 2018 3651 2087 διαφορὰ

2119 2110 2470 2173 γινώσκεται,
2498 2114 2591 2164 καὶ
2620 2112 2723 2178 ὅτι,
2752 2112 2825 2174 ὡς
2856 2114 3019 2180 φασὶν
3047 2115 3093 2165 oi
3126 2114 3291 2181 ἅγιοι,
3316 2114 3407 2165 καὶ
3447 2112 3647 2181 μάλιστα

2118 2205 2145 2255 6
2169 2202 2444 2266 θειότατος
2475 2203 2761 2273 Κύριλλος,
2788 2206 2861 2257 Οὐ
2891 2208 3085 2258 ταυτὸν
3114 2209 3176 2260 ὲν
3212 2208 3447 2276 ποιότητι
3475 2208 3646 2275 φυσικῇ

2119 2298 2311 2366 θεότης
2348 2298 2443 2351 καὶ
2470 2298 2852 2368 ἀνθρωπότης·
2885 2294 2966 2361 εἷς
2996 2315 3058 2367 γε
3117 2299 3383 2367 μὴνηΐὶδς
3417 2300 3500 2351 καὶ
3539 2298 3649 2363 Χρι-

2121 2391 2244 2451 στὸς
2276 2392 2369 2442 καὶ
2398 2388 2602 2460 Κύριος
2630 2390 2748 2452 ἐνὸς
2780 2389 2932 2451 ὄντος
2970 2388 3145 2443 αὐτοῦ
3201 2391 3340 2444 κατὰ
3372 2393 3426 2442 τὸ
3467 2390 3649 2458 πρόσω·

2119 2498 2220 2533 πον
2247 2497 2261 2512 ο
2298 2482 2415 2534 κατ’
2438 2482 2627 2535 οὐδένα
2660 2483 2859 2551 τρόπον
2887 2481 2973 2535 διὰ
3002 2483 3100 2551 τὴν
3138 2481 3424 2549 ἐπίγνωσιν
3450 2485 3536 2550 τῆς
3561 2498 3648 2546 φυ-

2120 2573 2277 2641 σικῆς
2333 2572 2597 2643 διαφορᾶς
2659 2574 3021 2643 μεριζομένης
3070 2574 3177 2644 τῆς
3214 2573 3333 2627 καθ’
3390 2574 3648 2627 ὑπόστασιν

2119 2664 2389 2728 ἐνώσεως.

2186 2930 2403 3001 Ταύτης
2432 2929 2489 2983 δὲ
2518 2931 2615 2999 τῆς
2651 2930 2975 3001 σαρκώσεως
3022 2928 3398 2999 ὁμολογοῦμεν
3438 2927 3513 2980 ὅτι
3547 2923 3648 2977 κατ’

2115 3024 2303 3077 οὐδένα
2330 3023 2534 3095 τρόπον
2572 3023 2601 3074 6
2637 3022 2823 3091 Πατὴρ
2856 3023 2951 3075 καὶ
2972 3024 3029 3074 τὸ
3057 3022 3289 3091 Πνεῦμα
3319 3023 3377 3073 τὸ
3408 3019 3548 3087 ἅγιον
3574 3033 3651 3069 κε-

443 3129 605 3180 qu.un
663 3112 995 3168 voluntatem
1025 3113 1196 3167 solam
1240 3127 1302 3167 ac
1349 3113 1789 3183 beneplacitum:
1843 3115 2008 3169 bene-

2118 3115 2479 3184 κοινώνηκεν,
2505 3116 2553 3166 εἰ
2592 3114 2667 3184 μὴ
2700 3114 2820 3166 κατ’
2847 3115 3091 3166 εὐδοκέαν
3120 3115 3223 3167 καὶ
3261 3114 3470 3179 θέλησιν
3497 3110 3647 3179 μόνον.

445 3204 704 3272 placitum
743 3216 919 3260 autem
951 3212 1007 3259 et
1031 3204 1362 3259 voluntatem
1395 3219 1518 3258 cum
1553 3204 1822 3268 dicimus,
1858 3206 1926 3259 ab
1946 3220 2012 3260 eo

446 3296 781 3365 heneplacito
828 3297 1079 3363 bonaque
1153 3309 1283 3365 erga
1340 3312 1441 3351 nos
1471 3296 1750 3351 voluntate
1808 3295 2006 3351 Filium

444 3389 868 3458 haudquaquam
932 3389 1293 3457 sejungimus.
1348 3389 1502 3446 Unus
1547 3392 1691 3445 enim
1749 3389 1893 3446 Deus
1930 3399 2014 3444 est

444 3490 568 3530 cum
599 3477 755 3531 Patre
786 3487 837 3531 et
868 3476 1097 3546 Spiritu,
1134 3493 1355 3547 unaque
1396 3486 1448 3533 et
1487 3478 1764 3533 individua
1794 3490 2010 3533 natura.

446 3563 600 3623 Unde
628 3567 789 3621 etiam
820 3583 942 3622 cum
969 3567 1206 3623 dicimus
1234 3606 1249 3633 ,
1282 3567 1434 3634 Quod
1473 3570 1524 3623 in
1555 3571 1761 3623 mundo
1796 3577 1913 3623 erat
1943 3569 2014 3622 ob

442 3668 783 3727 assumptam
840 3673 1060 3715 carnem
1084 3700 1098 3723 ,
1132 3661 1387 3729 quodque
1417 3676 1514 3729 per
1540 3676 1660 3716 eam
1714 3662 1891 3730 ipsum
1928 3661 2016 3716 Fi-

441 3749 575 3804 lium
607 3749 697 3805 Dei
722 3765 786 3805 ac
814 3750 993 3805 Deum
1023 3765 1469 3822 agnosceremus,
1516 3767 1791 3822 nunquam
1829 3762 2011 3808 tamen

440 3836 590 3893 Patri
641 3840 841 3894 absens
889 3849 1043 3905 erat;
1089 3840 1185 3894 sed
1246 3848 1302 3893 et
1351 3846 1513 3895 natus
1541 3856 1605 3894 ex
1641 3840 1863 3910 Virgine
1887 3857 2009 3896 ver-

440 3945 683 4000 sausque
715 3931 768 3984 in
799 3934 981 3999 eterra,
1030 3943 1094 3982 ac
1142 3937 1337 3984 cuncta
1384 3938 1447 3985 ut
1496 3930 1658 3986 homo
1706 3932 2010 3997 sustinens,

442 4020 824 4089 inseparabilis
856 4035 981 4073 cum
1015 4019 1124 4073 Deo
1153 4028 1207 4073 et
1253 4018 1413 4075 Patre
1440 4033 1508 4075 ex
1544 4036 1653 4089 quo
1678 4024 2014 4077 mternaliter

444 4110 716 4176 nascitur,
760 4121 971 4165 etcum
1019 4109 1203 4163 divino
1251 4108 1455 4178 Spiritu
1481 4150 1495 4174 ,
1539 4122 1677 4165 erat.
1714 4111 2007 4183 Nunquam

440 4200 586 4253 enim
626 4200 768 4254 Deus
798 4198 898 4253 fuit
926 4198 1083 4253 Verbi
1139 4214 1360 4269 expers.
1398 4200 1718 4258 Meminisse
1747 4206 1891 4259 enim
1923 4206 2017 4261 de-

442 4294 676 4352 bemus,
735 4306 840 4344 Ilnn
905 4290 1158 4347 decuisse
1227 4302 1284 4347 ut
1316 4362 1323 4369 _
1358 4308 1595 4365 unquam
1657 4295 1830 4353 Filius
1864 4300 2012 4355 Patri

2116 3207 2289 3262 Ὅταν
2336 3207 2393 3261 δὲ
2442 3207 2563 3259 κατ’
2607 3205 2856 3258 εὐδοκίαν
2896 3207 2990 3258 καὶ
3042 3205 3274 3274 θέλησιν
3324 3204 3571 3272 λέγωμεν,
3596 3199 3651 3252 οὐ

2113 3298 2417 3369 χωρίζομεν
2463 3298 2554 3350 τὸν
2585 3297 2714 3349 Υίὸν
2745 3299 2842 3366 τῆς
2877 3297 3123 3358 εὐδοκίας
3191 3297 3392 3362 ταύτης
3440 3294 3526 3347 καὶ
3568 3291 3651 3359 τῆς

2114 3390 2326 3457 ἀγαθῆς
2352 3389 2485 3458 πρός
2507 3390 2654 3457 ἡμᾶς
2677 3387 2945 3456 θελήσεως
2967 3404 2980 3417 ο
3007 3383 3088 3450 εἷς
3107 3390 3227 3458 γὰρ
3251 3389 3379 3451 Θεός
3403 3390 3507 3439 ἐστι
3538 3383 3654 3445 neti

2112 3483 2206 3534 τοῦ
2241 3482 2450 3551 Πατρὸς
2481 3483 2575 3534 καλ⁸
2610 3480 2704 3534 τοῦ
2757 3481 3103 3549 Πνεύματος*
3146 3484 3243 3535 καὶ
3276 3482 3371 3550 μεα
3402 3480 3551 3546 φύσις
3577 3475 3654 3525 καὶ

2115 3576 2379 3642 ἄτμητος.
2412 3573 2576 3626 Ὅθεν
2608 3575 2655 3624 εἰ
2690 3574 2784 3625 καὶ
2816 3572 3047 3639 λέγομεν
3098 3571 3232 3625 Ὅτι
3276 3574 3334 3624 ἐν
3373 3570 3447 3639 τῷ
3490 3570 3655 3633 κόσμῳ

2113 3662 2182 3736 ἦν
2210 3667 2297 3718 διὰ
2324 3666 2419 3735 τὴν
2436 3666 2536 3734 τῆς
2561 3664 2759 3733 σαρκὸς
2788 3661 3115 3733 πρόσληψιν,
3161 3663 3254 3714 καὶ
3284 3661 3343 3716 τὸ
3370 3661 3455 3713 διὰ
3478 3657 3655 3723 ταύτης

2116 3758 2277 3811 αὐτὸν
2329 3756 2457 3808 Υίὸν
2505 3756 2597 3807 τοῦ
2647 3753 2781 3807 Θεοῦ
2839 3756 2934 3806 καὶ
2967 3754 3099 3806 Θεὸν
3168 3755 3314 3823 ἡμᾶς
3350 3750 3654 3820 ἐπιγνῶναιο

2114 3847 2230 3902 ἀλλ’
2263 3847 2514 3899 οὐδέποτε
2533 3844 2628 3898 τοῦ
2685 3845 2893 3913 Πατρός
2929 3844 3075 3908 ἀπῆν
3100 3859 3115 3875 ⁸
3158 3844 3294 3898 ἀλλὰ
3344 3846 3432 3896 καὶ
3477 3839 3655 3908 γεννώ-

2118 3954 2277 4007 μενος
2305 3938 2367 3989 ὲκ
2397 3935 2672 4002 Παρθένου
2710 3937 2803 3987 καὶ
2832 3936 3129 4006 διατρίϐων
3187 3939 3245 3988 ἐν
3283 3939 3351 4003 γῇ
3385 3936 3472 3987 καὶ
3504 3933 3657 3983 πάντα

2115 4028 2339 4096 πάσχων
2359 4028 2430 4089 ὼς
2456 4026 2763 4095 ἅνθρωπος,
2794 4026 3095 4095 ἀχώριστος
3120 4027 3203 4096 τῷ
3224 4027 3344 4097 Θεῷ
3373 4028 3463 4080 καὶ
3485 4020 3654 4089 “arpi.

2114 4117 2176 4181 ἐξ
2198 4113 2259 4171 οὗ
2280 4117 2462 4179 ἁῖδίως
2487 4118 2762 4184 γεννᾶται,
2790 4118 2975 4185 συνῆν,
3006 4116 3102 4169 καὶ
3119 4117 3198 4186 τῷ
3231 4116 3361 4185 θείῳ
3384 4114 3654 4178 Πνεύματι.

2117 4208 2192 4260 Οὐ
2227 4206 2335 4276 γὰρ
2367 4201 2434 4275 ἦν
2466 4223 2596 4258 ποτε
2627 4206 2757 4268 Θεὸς
2787 4206 3000 4271 ἄλογος.
3028 4206 3449 4275 Μνημονευτέον
3475 4203 3572 4268 γὰρ
3594 4198 3657 4256 ὡς

2116 4300 2215 4352 οὐκ
2236 4299 2474 4368 ἔπρεπεν
2495 4296 2765 4349 ἐλλείπειν
2795 4298 2926 4347 ποτὲ
2952 4295 2984 4366 ἡ
3018 4295 3149 4348 Υἱὸν
3173 4296 3373 4365 Πατρὶ,
3399 4293 3431 4362 ἦ
3462 4289 3659 4357 Πνεῦμα

441 4385 677 4447 deesset,
707 4393 800 4438 aut
830 4382 967 4439 Filio
997 4383 1234 4455 Spiritus
1258 4425 1274 4452 ,
1307 4402 1408 4443 nec
1442 4388 1555 4441 ﬁeri
1588 4403 1746 4457 posse
1768 4431 1782 4454 ,
1815 4402 1875 4445 ut
1901 4393 2009 4447 ulla

2118 4390 2230 4459 Υίῷ
2256 4407 2268 4420 ·
2302 4390 2399 4443 καὶ
2427 4389 2500 4451 ὡς
2532 4390 2633 4442 οὐκ
2667 4390 2781 4441 ἐστι
2812 4387 3035 4440 δυνατὸν
3067 4388 3162 4440 ἐπὶ
3197 4389 3296 4456 τῆς
3325 4388 3481 4453 ἁγίας
3516 4382 3663 4450 Τριά-

439 4474 614 4531 sectio
645 4484 741 4529 aut
780 4474 977 4531 divisio
1008 4474 1063 4528 in
1109 4485 1295 4530 sancta
1340 4475 1606 4533 Trinitate
1640 4480 1974 4550 intelligatur
1996 4522 2010 4546 ,

2118 4483 2201 4543 δος
2229 4482 2401 4551 τομὴν
2430 4482 2462 4551 ἢ
2489 4481 2754 4549 διαίρεσιν
2776 4477 3129 4547 ἐπινοηθῆναι
3154 4495 3169 4507 ·
3200 4479 3276 4540 ὡς
3304 4479 3339 4549 ἢ
3367 4477 3490 4529 Υἰὸν
3511 4489 3616 4544 χωρ
3640 4488 3660 4532 ς

442 4570 519 4624 ita
558 4570 836 4636 nimirum,
870 4579 926 4624 ut
956 4578 1052 4624 aut
1078 4567 1252 4625 Filius
1279 4585 1308 4623 a
1352 4570 1512 4625 Patre
1534 4612 1549 4637 ,
1581 4582 1675 4627 aut
1710 4573 1946 4641 Spiritus
1986 4591 2014 4629 a

2118 4573 2329 4643 Πατρὶς
2358 4571 2641 4642 νοηθῆναι,
2675 4571 2707 4639 ἢ
2736 4570 2793 4622 τὸ
2822 4568 3049 4638 Πνεῦμα
3071 4569 3168 4621 τοῦ
3202 4570 3336 4622 Υἱοῦ
3369 4566 3664 4635 διαζευχθῆ-

439 4661 577 4716 Filio
609 4661 954 4732 disjunqatur
979 4702 995 4727 ,
1020 4661 1164 4731 quod
1189 4663 1342 4716 aiunt
1372 4662 1665 4733 Gregorius
1710 4664 2015 4736 Theologus

2118 4682 2199 4718 ναι
2227 4681 2241 4696 ο
2276 4664 2419 4733 ἅπερ
2470 4664 2497 4714 6
2549 4662 2807 4727 Θεολογος
2861 4660 3163 4729 Γρηγόριος
3193 4660 3314 4730 (62)
3359 4661 3450 4713 καὶ
3480 4659 3507 4709 6
3536 4657 3664 4715 θεῖος

437 4764 495 4810 et
533 4754 690 4809 divus
715 4754 948 4810 Basilius
978 4757 1269 4824 docetque,
1302 4756 1426 4810 illos
1451 4767 1700 4820 secutus,
1728 4756 2015 4812 Damasce-

2118 4756 2394 4817 Βασίλειος
2431 4753 2542 4823 (65)
2574 4753 2759 4821 φασίν.
2788 4745 2884 4812 Οἷς
2912 4752 3009 4803 καὶ
3033 4752 3060 4802 6
3085 4752 3451 4821 Δαμασκηνὸς
3478 4750 3665 4814 ἑπόμε-

441 4863 566 4912 uus,
598 4847 680 4901 his
714 4846 934 4901 verbis:
977 4866 996 4898 ι
1036 4846 1279 4902 Necesse
1312 4862 1440 4903 vero
1465 4859 1549 4903 est
1581 4849 1814 4904 Verbum
1844 4851 2006 4904 etiam

2118 4864 2200 4908 νος
2235 4846 2371 4912 (64),
2431 4863 2449 4896 ι
2492 4848 2584 4897 Δεῖ
2612 4845 2667 4897 δὲ
2700 4838 2790 4898 τὸν
2842 4845 3014 4913 Λόγον
3048 4845 3142 4896 καὶ
3191 4844 3418 4912 Πνεῦμα
3447 4842 3601 4910 ἔχειν,
3644 4851 3660 4885 I

440 4938 556 5008 Spit
573 4940 703 4992 itum
738 4930 962 4993 habere.
1000 4956 1019 4990 ι

2118 4939 2372 4991 διδάσκει.

512 5029 650 5097 Quia
690 5045 820 5084 vero
866 5030 1181 5089 dicebamus
1231 5050 1355 5090 esse
1399 5033 1616 5106 quidem
1646 5033 1814 5089 Deum
1844 5051 2004 5089 unam

2197 5029 2350 5081 Ἐπεὶ
2386 5028 2443 5081 δὲ
2479 5030 2761 5100 ἐλέγομεν,
2798 5031 2920 5084 Ὀτι
2972 5032 3069 5101 μία
3125 5031 3227 5100 μὲν
3268 5032 3416 5084 ἔστιν
3464 5026 3610 5081 οὐσία
3644 5025 3669 5076 6

446 5120 802 5173 substantiam
837 5162 851 5186 ,
921 5135 1042 5188 quae
1121 5132 1175 5177 et
1232 5122 1477 5180 Trinitas
1506 5133 1589 5180 est
1619 5164 1634 5188 ,
1684 5124 2008 5193 Patremque

2118 5119 2267 5190 Θεὸς,
2292 5124 2327 5194 ἥ
2357 5124 2450 5176 καὶ
2494 5123 2661 5192 Τριὰς
2697 5124 2813 5175 ἐστι
2839 5138 2850 5150 ·
2885 5126 2978 5177 καὶ
3006 5125 3035 5175 6
3070 5124 3265 5194 Πατὴρ
3305 5124 3505 5183 τέλειος
3530 5120 3665 5179 Θεὸς.

442 5207 612 5262 Deum
638 5212 936 5278 perlectum
968 5226 1113 5278 esse,
1146 5228 1209 5268 ac
1237 5215 1488 5270 similiter
1518 5212 1741 5279 Filium,
1775 5229 1873 5268 nec
1899 5230 2007 5266 non

2118 5217 2210 5266 καὶ
2241 5216 2267 5266 6
2294 5215 2419 5275 Υἱὸς
2448 5213 2726 5276 ὡσαύτως,
2759 5214 2852 5265 καὶ
2884 5214 2944 5265 τὸ
3007 5214 3237 5282 Πνεῦμα
3272 5215 3333 5267 τὸ
3378 5213 3532 5279 ἅγιον
3557 5227 3567 5237 ·
3593 5205 3668 5257 διὰ

450 5301 717 5371 Spiritum
755 5313 1010 5360 sanctum
1041 5323 1055 5372 ;
1092 5304 1298 5360 idcirco
1325 5305 1585 5371 dicimus,
1609 5306 1762 5375 juxta
1794 5320 1854 5359 ac
1885 5321 2015 5359 san-

2127 5305 2286 5356 τοῦτο
2317 5306 2494 5373 φαμὲν
2524 5304 2665 5356 κατὰ
2699 5305 2788 5357 τὸν
2820 5303 2973 5372 ἅγιον
2996 5307 3277 5358 Διονύσιον
3302 5305 3414 5374 (65)
3442 5302 3532 5353 καὶ
3560 5298 3668 5355 τοὺέ

514 5487 559 5519 ³³
595 5486 752 5541 Joau.
788 5504 877 5553 xx,
916 5488 1001 5546 ΓΙ.

514 5669 626 5737 (δε)
664 5671 815 5727 Orat.
845 5673 938 5735 εδ,
968 5688 1019 5740 ρ.
1048 5673 1171 5727 ut.

515 5678 626 5737 (δε)
664 5678 815 5727 Orat.
845 5678 938 5735 25,
968 5688 1019 5740 ρ.
1048 5678 1171 5727 ut.

515 5743 627 5811 (ϋὸ)
659 5740 804 5795 Lihr.
842 5743 874 5795 5
903 5752 1087 5797 contra
1117 5742 1376 5810 Euneon,
1408 5751 1512 5800 etc.

2191 5678 2302 5749 (66)
2335 5679 2451 5733 Lib.
2491 5695 2526 5744 ι,
2557 5694 2606 5735 c.
2639 5680 2693 5734 7.

2187 5750 2299 5811 (65)
2330 5750 2404 5803 De
2429 5751 2592 5805 divin.
2612 5768 2693 5805 nat

2187 5750 2299 5822 (65)
2330 5750 2404 5803 De
2429 5751 2592 5805 divin.
2612 5768 2750 5806 nam.
2784 5768 2832 5807 c.
2853 5751 2905 5807 9..
