  <div class='ocr_page' id='page_1' title='image "/cluster/home/n/w/nwhite01/storage/ocr_20150623/152/hvd.32044073502635/305.png"; bbox 0 0 3916 6204; ppageno 0'>
   <div class='ocr_carea' id='block_1_1' title="bbox 435 332 541 399">
    <p class='ocr_par' dir='ltr' id='par_1_1' title="bbox 435 332 541 399">
     <span class='ocr_line' id='line_1_1' title="bbox 435 332 541 399; baseline -0.009 0"><span class='ocrx_word' id='word_1_1' title='bbox 435 332 541 399; x_wconf 83' lang='grc'><strong>587</strong></span> 
     </span>
    </p>
   </div>
   <div class='ocr_carea' id='block_1_2' title="bbox 1677 325 3605 410">
    <p class='ocr_par' dir='ltr' id='par_1_2' title="bbox 1677 325 3605 410">
     <span class='ocr_line' id='line_1_2' title="bbox 1677 325 3605 410; baseline 0 -21"><span class='ocrx_word' id='word_1_2' title='bbox 1677 325 2071 390; x_wconf 75' lang='lat' dir='ltr'><strong>MANUELIS</strong></span> <span class='ocrx_word' id='word_1_3' title='bbox 2111 327 2416 389; x_wconf 69' lang='lat' dir='ltr'><strong>CALECAZ</strong></span> <span class='ocrx_word' id='word_1_4' title='bbox 3516 342 3605 410; x_wconf 69' lang='lat'><strong>583</strong></span> 
     </span>
    </p>
   </div>
   <div class='ocr_carea' id='block_1_3' title="bbox 439 443 1998 530">
    <p class='ocr_par' dir='ltr' id='par_1_3' title="bbox 439 443 1998 523">
     <span class='ocr_line' id='line_1_3' title="bbox 439 443 1998 523; baseline -0.007 -13"><span class='ocrx_word' id='word_1_5' title='bbox 439 468 579 511; x_wconf 82' lang='lat' dir='ltr'><strong>novo</strong></span> <span class='ocrx_word' id='word_1_6' title='bbox 635 449 873 523; x_wconf 87' lang='lat' dir='ltr'><strong>quodam</strong></span> <span class='ocrx_word' id='word_1_7' title='bbox 939 446 1160 516; x_wconf 78' lang='lat' dir='ltr'><strong>vimque</strong></span> <span class='ocrx_word' id='word_1_8' title='bbox 1208 458 1423 500; x_wconf 87' lang='lat' dir='ltr'><strong>omnem</strong></span> <span class='ocrx_word' id='word_1_9' title='bbox 1479 443 1683 501; x_wconf 86' lang='lat' dir='ltr'><strong>mentis</strong></span> <span class='ocrx_word' id='word_1_10' title='bbox 1708 453 1998 515; x_wconf 85' lang='lat' dir='ltr'><strong>superante</strong></span> 
     </span>
    </p>
   </div>
   <div class='ocr_carea' id='block_1_4' title="bbox 2099 443 3607 530">
    <p class='ocr_par' dir='ltr' id='par_1_4' title="bbox 2104 446 3607 530">
     <span class='ocr_line' id='line_1_4' title="bbox 2104 446 3607 530; baseline 0.007 -31"><span class='ocrx_word' id='word_1_11' title='bbox 2104 446 2307 514; x_wconf 75' lang='grc' dir='ltr'>τρόπον</span> <span class='ocrx_word' id='word_1_12' title='bbox 2336 448 2366 501; x_wconf 82' lang='grc' dir='ltr'><strong>ὁ</strong></span> <span class='ocrx_word' id='word_1_13' title='bbox 2395 447 2588 520; x_wconf 78' lang='grc' dir='ltr'>Σωτὴρ</span> <span class='ocrx_word' id='word_1_14' title='bbox 2613 448 2773 520; x_wconf 73' lang='grc' dir='ltr'>ἡμῶν</span> <span class='ocrx_word' id='word_1_15' title='bbox 2808 452 2900 504; x_wconf 79' lang='grc' dir='ltr'>καὶ</span> <span class='ocrx_word' id='word_1_16' title='bbox 2926 450 3198 523; x_wconf 76' lang='grc' dir='ltr'><strong>ἄφθαρτον</strong></span> <span class='ocrx_word' id='word_1_17' title='bbox 3225 454 3355 523; x_wconf 81' lang='grc' dir='ltr'>μετὰ</span> <span class='ocrx_word' id='word_1_18' title='bbox 3383 457 3470 530; x_wconf 77' lang='grc' dir='ltr'>τὴν</span> <span class='ocrx_word' id='word_1_19' title='bbox 3502 460 3607 517; x_wconf 79' lang='grc' dir='ltr'>ἀνά.</span> 
     </span>
    </p>
   </div>
   <div class='ocr_carea' id='block_1_5' title="bbox 392 538 2003 610">
    <p class='ocr_par' dir='ltr' id='par_1_5' title="bbox 392 538 2003 610">
     <span class='ocr_line' id='line_1_5' title="bbox 392 538 2003 610; baseline -0.004 -12"><span class='ocrx_word' id='word_1_20' title='bbox 392 538 396 543; x_wconf 76' lang='grc'><em>’</em></span> <span class='ocrx_word' id='word_1_21' title='bbox 435 542 623 610; x_wconf 82' lang='lat' dir='ltr'><strong>modo,</strong></span> <span class='ocrx_word' id='word_1_22' title='bbox 677 542 923 597; x_wconf 75' lang='lat' dir='ltr'><strong>Salvator</strong></span> <span class='ocrx_word' id='word_1_23' title='bbox 955 546 1138 594; x_wconf 88' lang='lat' dir='ltr'><strong>noster</strong></span> <span class='ocrx_word' id='word_1_24' title='bbox 1162 578 1177 603; x_wconf 92' lang='lat'><strong>,</strong></span> <span class='ocrx_word' id='word_1_25' title='bbox 1234 552 1435 607; x_wconf 85' lang='lat' dir='ltr'><strong>corpus</strong></span> <span class='ocrx_word' id='word_1_26' title='bbox 1472 552 1635 593; x_wconf 82' lang='lat' dir='ltr'><strong>suum</strong></span> <span class='ocrx_word' id='word_1_27' title='bbox 1666 545 1789 607; x_wconf 89' lang='lat' dir='ltr'><strong>post</strong></span> <span class='ocrx_word' id='word_1_28' title='bbox 1820 552 2003 593; x_wconf 89' lang='lat' dir='ltr'><strong>resur-</strong></span> 
     </span>
    </p>
   </div>
   <div class='ocr_carea' id='block_1_6' title="bbox 436 630 1999 703">
    <p class='ocr_par' dir='ltr' id='par_1_6' title="bbox 436 630 1999 703">
     <span class='ocr_line' id='line_1_6' title="bbox 436 630 1999 703; baseline -0.007 -8"><span class='ocrx_word' id='word_1_29' title='bbox 436 638 729 695; x_wconf 76' lang='lat' dir='ltr'><strong>rectionem</strong></span> <span class='ocrx_word' id='word_1_30' title='bbox 762 642 817 689; x_wconf 88' lang='lat' dir='ltr'><strong>et</strong></span> <span class='ocrx_word' id='word_1_31' title='bbox 862 631 1274 703; x_wconf 85' lang='lat' dir='ltr'><strong>incorruptibile</strong></span> <span class='ocrx_word' id='word_1_32' title='bbox 1302 630 1552 686; x_wconf 73' lang='lat' dir='ltr'><strong>exhibuit</strong></span> <span class='ocrx_word' id='word_1_33' title='bbox 1596 639 1652 686; x_wconf 90' lang='lat' dir='ltr'><strong>et</strong></span> <span class='ocrx_word' id='word_1_34' title='bbox 1694 630 1999 701; x_wconf 79' lang='lat' dir='ltr'><strong>palpabile,</strong></span> 
     </span>
    </p>
   </div>
   <div class='ocr_carea' id='block_1_7' title="bbox 437 721 2000 803">
    <p class='ocr_par' dir='ltr' id='par_1_7' title="bbox 437 721 2000 803">
     <span class='ocr_line' id='line_1_7' title="bbox 437 721 2000 803; baseline -0.004 -19"><span class='ocrx_word' id='word_1_35' title='bbox 437 741 494 784; x_wconf 91' lang='lat' dir='ltr'><strong>ut</strong></span> <span class='ocrx_word' id='word_1_36' title='bbox 539 740 732 797; x_wconf 84' lang='lat' dir='ltr'><strong>nempe</strong></span> <span class='ocrx_word' id='word_1_37' title='bbox 778 721 1554 803; x_wconf 64' lang='lat' dir='ltr'><strong>exhibendoincorruptibile,</strong></span> <span class='ocrx_word' id='word_1_38' title='bbox 1614 721 1681 776; x_wconf 90' lang='lat' dir='ltr'><strong>ad</strong></span> <span class='ocrx_word' id='word_1_39' title='bbox 1736 721 2000 792; x_wconf 73' lang='lat' dir='ltr'><strong>spiritalia</strong></span> 
     </span>
    </p>
   </div>
   <div class='ocr_carea' id='block_1_8' title="bbox 433 811 2000 884">
    <p class='ocr_par' dir='ltr' id='par_1_8' title="bbox 433 811 2000 884">
     <span class='ocr_line' id='line_1_8' title="bbox 433 811 2000 884; baseline -0.002 -12"><span class='ocrx_word' id='word_1_40' title='bbox 433 816 735 872; x_wconf 75' lang='lat' dir='ltr'><strong>certamina</strong></span> <span class='ocrx_word' id='word_1_41' title='bbox 762 825 925 884; x_wconf 86' lang='lat' dir='ltr'><strong>atque</strong></span> <span class='ocrx_word' id='word_1_42' title='bbox 948 814 1167 882; x_wconf 62' lang='lat' dir='ltr'><strong>premis</strong></span> <span class='ocrx_word' id='word_1_43' title='bbox 1224 811 1411 867; x_wconf 82' lang='lat' dir='ltr'><strong>ﬁdeles</strong></span> <span class='ocrx_word' id='word_1_44' title='bbox 1461 823 1789 882; x_wconf 83' lang='lat' dir='ltr'><strong>provocaret</strong></span> <span class='ocrx_word' id='word_1_45' title='bbox 1807 852 1823 879; x_wconf 94' lang='lat'><strong>,</strong></span> <span class='ocrx_word' id='word_1_46' title='bbox 1852 812 2000 882; x_wconf 89' lang='lat' dir='ltr'><strong>quod</strong></span> 
     </span>
    </p>
   </div>
   <div class='ocr_carea' id='block_1_9' title="bbox 433 904 2003 981">
    <p class='ocr_par' dir='ltr' id='par_1_9' title="bbox 433 904 2003 981">
     <span class='ocr_line' id='line_1_9' title="bbox 433 904 2003 981; baseline -0.002 -16"><span class='ocrx_word' id='word_1_47' title='bbox 433 926 561 967; x_wconf 88' lang='lat' dir='ltr'><strong>vero</strong></span> <span class='ocrx_word' id='word_1_48' title='bbox 597 909 874 981; x_wconf 69' lang='lat' dir='ltr'><strong>praebebat</strong></span> <span class='ocrx_word' id='word_1_49' title='bbox 901 905 1202 978; x_wconf 86' lang='lat' dir='ltr'><strong>palpabile,</strong></span> <span class='ocrx_word' id='word_1_50' title='bbox 1236 907 1303 962; x_wconf 88' lang='lat' dir='ltr'><strong>ad</strong></span> <span class='ocrx_word' id='word_1_51' title='bbox 1334 906 1492 961; x_wconf 81' lang='lat' dir='ltr'><strong>[idem</strong></span> <span class='ocrx_word' id='word_1_52' title='bbox 1534 904 1904 961; x_wconf 78' lang='lat' dir='ltr'><strong>conﬁrmaret.</strong></span> <span class='ocrx_word' id='word_1_53' title='bbox 1935 905 2003 962; x_wconf 88' lang='lat' dir='ltr'><strong>Ut</strong></span> 
     </span>
    </p>
   </div>
   <div class='ocr_carea' id='block_1_10' title="bbox 432 998 1999 1075">
    <p class='ocr_par' dir='ltr' id='par_1_10' title="bbox 432 998 1999 1075">
     <span class='ocr_line' id='line_1_10' title="bbox 432 998 1999 1075; baseline -0.005 -16"><span class='ocrx_word' id='word_1_54' title='bbox 432 1004 617 1075; x_wconf 64' lang='lat' dir='ltr'><strong>itaque</strong></span> <span class='ocrx_word' id='word_1_55' title='bbox 657 1001 900 1072; x_wconf 83' lang='lat' dir='ltr'><strong>ejusdem</strong></span> <span class='ocrx_word' id='word_1_56' title='bbox 947 1000 1231 1055; x_wconf 88' lang='lat' dir='ltr'><strong>nobiscum</strong></span> <span class='ocrx_word' id='word_1_57' title='bbox 1281 1006 1489 1052; x_wconf 80' lang='lat' dir='ltr'><strong>naturae</strong></span> <span class='ocrx_word' id='word_1_58' title='bbox 1512 1037 1527 1061; x_wconf 94' lang='lat'><strong>,</strong></span> <span class='ocrx_word' id='word_1_59' title='bbox 1558 998 1789 1052; x_wconf 69' lang='lat' dir='ltr'><strong>diversa:</strong></span> <span class='ocrx_word' id='word_1_60' title='bbox 1819 1007 1999 1052; x_wconf 84' lang='lat' dir='ltr'><strong>tamen</strong></span> 
     </span>
    </p>
   </div>
   <div class='ocr_carea' id='block_1_11' title="bbox 431 1088 2002 1163">
    <p class='ocr_par' dir='ltr' id='par_1_11' title="bbox 431 1088 2002 1163">
     <span class='ocr_line' id='line_1_11' title="bbox 431 1088 2002 1163; baseline -0.006 -11"><span class='ocrx_word' id='word_1_61' title='bbox 431 1097 719 1159; x_wconf 87' lang='lat' dir='ltr'><strong>claritatis,</strong></span> <span class='ocrx_word' id='word_1_62' title='bbox 770 1107 972 1163; x_wconf 90' lang='lat' dir='ltr'><strong>corpus</strong></span> <span class='ocrx_word' id='word_1_63' title='bbox 1035 1105 1193 1146; x_wconf 91' lang='lat' dir='ltr'><strong>suum</strong></span> <span class='ocrx_word' id='word_1_64' title='bbox 1254 1090 1603 1154; x_wconf 82' lang='lat' dir='ltr'><strong>ostenderet,</strong></span> <span class='ocrx_word' id='word_1_65' title='bbox 1660 1088 1898 1158; x_wconf 88' lang='lat' dir='ltr'><strong>seipsum</strong></span> <span class='ocrx_word' id='word_1_66' title='bbox 1947 1097 2002 1142; x_wconf 88' lang='lat' dir='ltr'><strong>et</strong></span> 
     </span>
    </p>
   </div>
   <div class='ocr_carea' id='block_1_12' title="bbox 430 1180 1998 1257">
    <p class='ocr_par' dir='ltr' id='par_1_12' title="bbox 430 1180 1998 1257">
     <span class='ocr_line' id='line_1_12' title="bbox 430 1180 1998 1257; baseline -0.004 -15"><span class='ocrx_word' id='word_1_67' title='bbox 430 1188 753 1257; x_wconf 87' lang='lat' dir='ltr'><strong>palpabilem</strong></span> <span class='ocrx_word' id='word_1_68' title='bbox 809 1184 1057 1240; x_wconf 80' lang='lat' dir='ltr'><strong>exhibuit</strong></span> <span class='ocrx_word' id='word_1_69' title='bbox 1101 1194 1154 1238; x_wconf 87' lang='lat' dir='ltr'><strong>et</strong></span> <span class='ocrx_word' id='word_1_70' title='bbox 1200 1182 1690 1251; x_wconf 84' lang='lat' dir='ltr'><strong>incorruptibilem.</strong></span> <span class='ocrx_word' id='word_1_71' title='bbox 1751 1180 1998 1247; x_wconf 85' lang='lat' dir='ltr'><strong>Quandiu</strong></span> 
     </span>
    </p>
   </div>
   <div class='ocr_carea' id='block_1_13' title="bbox 430 1273 2001 1350">
    <p class='ocr_par' dir='ltr' id='par_1_13' title="bbox 430 1273 2001 1350">
     <span class='ocr_line' id='line_1_13' title="bbox 430 1273 2001 1350; baseline -0.006 -15"><span class='ocrx_word' id='word_1_72' title='bbox 430 1283 618 1350; x_wconf 78' lang='lat' dir='ltr'><strong>igitur,</strong></span> <span class='ocrx_word' id='word_1_73' title='bbox 658 1288 715 1331; x_wconf 90' lang='grc' dir='ltr'><strong>ιιι</strong></span> <span class='ocrx_word' id='word_1_74' title='bbox 749 1292 913 1347; x_wconf 87' lang='lat' dir='ltr'><strong>supra</strong></span> <span class='ocrx_word' id='word_1_75' title='bbox 941 1275 1257 1331; x_wconf 86' lang='lat' dir='ltr'><strong>dicebamus</strong></span> <span class='ocrx_word' id='word_1_76' title='bbox 1278 1313 1294 1337; x_wconf 96' lang='lat'><strong>,</strong></span> <span class='ocrx_word' id='word_1_77' title='bbox 1328 1274 1380 1327; x_wconf 88' lang='lat' dir='ltr'><strong>in</strong></span> <span class='ocrx_word' id='word_1_78' title='bbox 1414 1273 1619 1327; x_wconf 89' lang='lat' dir='ltr'><strong>mundo</strong></span> <span class='ocrx_word' id='word_1_79' title='bbox 1662 1273 2001 1338; x_wconf 85' lang='lat' dir='ltr'><strong>versabatur,</strong></span> 
     </span>
    </p>
   </div>
   <div class='ocr_carea' id='block_1_14' title="bbox 430 1362 2000 1437">
    <p class='ocr_par' dir='ltr' id='par_1_14' title="bbox 430 1362 2000 1437">
     <span class='ocr_line' id='line_1_14' title="bbox 430 1362 2000 1437; baseline -0.005 -12"><span class='ocrx_word' id='word_1_80' title='bbox 430 1371 592 1425; x_wconf 81' lang='lat' dir='ltr'><strong>morti</strong></span> <span class='ocrx_word' id='word_1_81' title='bbox 635 1369 877 1437; x_wconf 90' lang='lat' dir='ltr'><strong>pariter,</strong></span> <span class='ocrx_word' id='word_1_82' title='bbox 939 1366 1118 1435; x_wconf 89' lang='lat' dir='ltr'><strong>iisque</strong></span> <span class='ocrx_word' id='word_1_83' title='bbox 1174 1364 1430 1420; x_wconf 82' lang='lat' dir='ltr'><strong>omnibus</strong></span> <span class='ocrx_word' id='word_1_84' title='bbox 1465 1402 1480 1425; x_wconf 90' lang='lat'><strong>,</strong></span> <span class='ocrx_word' id='word_1_85' title='bbox 1541 1379 1678 1434; x_wconf 88' lang='lat' dir='ltr'><strong>quas</strong></span> <span class='ocrx_word' id='word_1_86' title='bbox 1740 1362 2000 1429; x_wconf 77' lang='lat' dir='ltr'><strong>diximus,</strong></span> 
     </span>
    </p>
   </div>
   <div class='ocr_carea' id='block_1_15' title="bbox 429 1454 2003 1526">
    <p class='ocr_par' dir='ltr' id='par_1_15' title="bbox 429 1454 2003 1526">
     <span class='ocr_line' id='line_1_15' title="bbox 429 1454 2003 1526; baseline -0.006 -9"><span class='ocrx_word' id='word_1_87' title='bbox 429 1462 773 1517; x_wconf 81' lang='lat' dir='ltr'><strong>naturalibus</strong></span> <span class='ocrx_word' id='word_1_88' title='bbox 820 1474 885 1514; x_wconf 88' lang='lat' dir='ltr'><strong>ac</strong></span> <span class='ocrx_word' id='word_1_89' title='bbox 928 1458 1163 1513; x_wconf 74' lang='lat' dir='ltr'><strong>innoxiis</strong></span> <span class='ocrx_word' id='word_1_90' title='bbox 1200 1456 1549 1526; x_wconf 79' lang='lat' dir='ltr'><strong>passionibus</strong></span> <span class='ocrx_word' id='word_1_91' title='bbox 1590 1455 1867 1511; x_wconf 79' lang='lat' dir='ltr'><strong>obnoxius</strong></span> <span class='ocrx_word' id='word_1_92' title='bbox 1897 1454 2003 1510; x_wconf 76' lang='lat' dir='ltr'><strong>fuit</strong></span> 
     </span>
    </p>
   </div>
   <div class='ocr_carea' id='block_1_16' title="bbox 433 1546 2000 1623">
    <p class='ocr_par' dir='ltr' id='par_1_16' title="bbox 433 1546 2000 1623">
     <span class='ocr_line' id='line_1_16' title="bbox 433 1546 2000 1623; baseline -0.003 -17"><span class='ocrx_word' id='word_1_93' title='bbox 433 1556 662 1623; x_wconf 62' lang='lat' dir='ltr'><strong>(idcirco</strong></span> <span class='ocrx_word' id='word_1_94' title='bbox 689 1552 973 1612; x_wconf 87' lang='lat' dir='ltr'><strong>nimirum,</strong></span> <span class='ocrx_word' id='word_1_95' title='bbox 1005 1550 1150 1619; x_wconf 92' lang='lat' dir='ltr'><strong>quod</strong></span> <span class='ocrx_word' id='word_1_96' title='bbox 1181 1556 1553 1617; x_wconf 86' lang='lat' dir='ltr'><strong>assumpserat</strong></span> <span class='ocrx_word' id='word_1_97' title='bbox 1574 1546 1874 1617; x_wconf 83' lang='lat' dir='ltr'><strong>perlectum</strong></span> <span class='ocrx_word' id='word_1_98' title='bbox 1901 1548 2000 1602; x_wconf 85' lang='lat' dir='ltr'><strong>ho-</strong></span> 
     </span>
    </p>
   </div>
   <div class='ocr_carea' id='block_1_17' title="bbox 429 1641 2003 1715">
    <p class='ocr_par' dir='ltr' id='par_1_17' title="bbox 429 1641 2003 1715">
     <span class='ocr_line' id='line_1_17' title="bbox 429 1641 2003 1715; baseline -0.006 -11"><span class='ocrx_word' id='word_1_99' title='bbox 429 1646 659 1715; x_wconf 83' lang='lat' dir='ltr'><strong>minem)</strong></span> <span class='ocrx_word' id='word_1_100' title='bbox 700 1646 754 1699; x_wconf 92' lang='lat' dir='ltr'><strong>in</strong></span> <span class='ocrx_word' id='word_1_101' title='bbox 806 1644 1010 1714; x_wconf 76' lang='lat' dir='ltr'><strong>quibus</strong></span> <span class='ocrx_word' id='word_1_102' title='bbox 1057 1651 1116 1697; x_wconf 92' lang='lat' dir='ltr'><strong>ut</strong></span> <span class='ocrx_word' id='word_1_103' title='bbox 1162 1644 1324 1698; x_wconf 91' lang='lat' dir='ltr'><strong>homo</strong></span> <span class='ocrx_word' id='word_1_104' title='bbox 1375 1641 1625 1706; x_wconf 83' lang='lat' dir='ltr'><strong>certavit,</strong></span> <span class='ocrx_word' id='word_1_105' title='bbox 1670 1641 2003 1710; x_wconf 87' lang='lat' dir='ltr'><strong>modumque</strong></span> 
     </span>
    </p>
   </div>
   <div class='ocr_carea' id='block_1_18' title="bbox 427 1730 2001 1808">
    <p class='ocr_par' dir='ltr' id='par_1_18' title="bbox 427 1730 2001 1808">
     <span class='ocr_line' id='line_1_18' title="bbox 427 1730 2001 1808; baseline -0.005 -16"><span class='ocrx_word' id='word_1_106' title='bbox 427 1754 538 1808; x_wconf 84' lang='lat' dir='ltr'><strong>quo</strong></span> <span class='ocrx_word' id='word_1_107' title='bbox 581 1739 691 1790; x_wconf 64' lang='lat' dir='ltr'><strong>haec</strong></span> <span class='ocrx_word' id='word_1_108' title='bbox 736 1735 791 1788; x_wconf 89' lang='lat' dir='ltr'><strong>in</strong></span> <span class='ocrx_word' id='word_1_109' title='bbox 846 1733 1003 1787; x_wconf 87' lang='lat' dir='ltr'><strong>nobis</strong></span> <span class='ocrx_word' id='word_1_110' title='bbox 1046 1733 1378 1787; x_wconf 87' lang='lat' dir='ltr'><strong>moderanda</strong></span> <span class='ocrx_word' id='word_1_111' title='bbox 1419 1731 1550 1794; x_wconf 91' lang='lat' dir='ltr'><strong>sint,</strong></span> <span class='ocrx_word' id='word_1_112' title='bbox 1580 1730 1820 1785; x_wconf 88' lang='lat' dir='ltr'><strong>ostendit</strong></span> <span class='ocrx_word' id='word_1_113' title='bbox 1856 1746 1870 1783; x_wconf 90' lang='lat'><strong>:</strong></span> <span class='ocrx_word' id='word_1_114' title='bbox 1901 1744 2001 1784; x_wconf 89' lang='lat' dir='ltr'><strong>nec</strong></span> 
     </span>
    </p>
   </div>
   <div class='ocr_carea' id='block_1_19' title="bbox 427 1825 2001 1893">
    <p class='ocr_par' dir='ltr' id='par_1_19' title="bbox 427 1825 2001 1893">
     <span class='ocr_line' id='line_1_19' title="bbox 427 1825 2001 1893; baseline -0.005 -7"><span class='ocrx_word' id='word_1_115' title='bbox 427 1826 873 1886; x_wconf 83' lang='lat' dir='ltr'><strong>committendum</strong></span> <span class='ocrx_word' id='word_1_116' title='bbox 912 1837 970 1879; x_wconf 90' lang='lat' dir='ltr'><strong>ut</strong></span> <span class='ocrx_word' id='word_1_117' title='bbox 1001 1825 1162 1879; x_wconf 88' lang='lat' dir='ltr'><strong>bruto</strong></span> <span class='ocrx_word' id='word_1_118' title='bbox 1193 1825 1427 1892; x_wconf 85' lang='lat' dir='ltr'><strong>quodam</strong></span> <span class='ocrx_word' id='word_1_119' title='bbox 1479 1825 1684 1893; x_wconf 92' lang='lat' dir='ltr'><strong>impetu</strong></span> <span class='ocrx_word' id='word_1_120' title='bbox 1738 1832 2001 1893; x_wconf 76' lang='lat' dir='ltr'><strong>extraque</strong></span> 
     </span>
    </p>
   </div>
   <div class='ocr_carea' id='block_1_20' title="bbox 426 1917 1607 1985">
    <p class='ocr_par' dir='ltr' id='par_1_20' title="bbox 426 1917 1607 1985">
     <span class='ocr_line' id='line_1_20' title="bbox 426 1917 1607 1985; baseline -0.006 -8"><span class='ocrx_word' id='word_1_121' title='bbox 426 1925 715 1985; x_wconf 82' lang='lat' dir='ltr'><strong>rationem,</strong></span> <span class='ocrx_word' id='word_1_122' title='bbox 756 1927 965 1973; x_wconf 71' lang='lat' dir='ltr'><strong>natura:</strong></span> <span class='ocrx_word' id='word_1_123' title='bbox 997 1928 1197 1972; x_wconf 63' lang='lat' dir='ltr'><strong>nostra1</strong></span> <span class='ocrx_word' id='word_1_124' title='bbox 1233 1917 1607 1971; x_wconf 86' lang='lat' dir='ltr'><strong>dominentur.</strong></span> 
     </span>
    </p>
   </div>
   <div class='ocr_carea' id='block_1_21' title="bbox 497 2007 1998 2075">
    <p class='ocr_par' dir='ltr' id='par_1_21' title="bbox 497 2007 1998 2075">
     <span class='ocr_line' id='line_1_21' title="bbox 497 2007 1998 2075; baseline -0.004 -8"><span class='ocrx_word' id='word_1_125' title='bbox 497 2013 710 2069; x_wconf 82' lang='lat' dir='ltr'><strong>Etenim</strong></span> <span class='ocrx_word' id='word_1_126' title='bbox 740 2019 801 2066; x_wconf 88' lang='lat' dir='ltr'><strong>ut</strong></span> <span class='ocrx_word' id='word_1_127' title='bbox 828 2011 1013 2075; x_wconf 88' lang='lat' dir='ltr'><strong>homo,</strong></span> <span class='ocrx_word' id='word_1_128' title='bbox 1043 2011 1334 2063; x_wconf 79' lang='lat' dir='ltr'><strong>humanam</strong></span> <span class='ocrx_word' id='word_1_129' title='bbox 1386 2007 1722 2062; x_wconf 76' lang='lat' dir='ltr'><strong>voluntatem</strong></span> <span class='ocrx_word' id='word_1_130' title='bbox 1759 2007 1951 2063; x_wconf 83' lang='lat' dir='ltr'><strong>habuit</strong></span> <span class='ocrx_word' id='word_1_131' title='bbox 1981 2021 1998 2061; x_wconf 88' lang='lat'><strong>:</strong></span> 
     </span>
    </p>
   </div>
   <div class='ocr_carea' id='block_1_22' title="bbox 426 2096 2002 2169">
    <p class='ocr_par' dir='ltr' id='par_1_22' title="bbox 426 2096 2002 2169">
     <span class='ocr_line' id='line_1_22' title="bbox 426 2096 2002 2169; baseline -0.008 -8"><span class='ocrx_word' id='word_1_132' title='bbox 426 2121 615 2161; x_wconf 86' lang='lat' dir='ltr'><strong>verum</strong></span> <span class='ocrx_word' id='word_1_133' title='bbox 668 2104 759 2159; x_wconf 90' lang='lat' dir='ltr'><strong>illa</strong></span> <span class='ocrx_word' id='word_1_134' title='bbox 809 2100 1056 2169; x_wconf 82' lang='lat' dir='ltr'><strong>subjecta</strong></span> <span class='ocrx_word' id='word_1_135' title='bbox 1100 2108 1221 2156; x_wconf 76' lang='lat' dir='ltr'><strong>erat</strong></span> <span class='ocrx_word' id='word_1_136' title='bbox 1254 2096 1564 2153; x_wconf 87' lang='lat' dir='ltr'><strong>divinitatis</strong></span> <span class='ocrx_word' id='word_1_137' title='bbox 1601 2097 1777 2167; x_wconf 87' lang='lat' dir='ltr'><strong>ipsius</strong></span> <span class='ocrx_word' id='word_1_138' title='bbox 1804 2097 2002 2152; x_wconf 87' lang='lat' dir='ltr'><strong>volun-</strong></span> 
     </span>
    </p>
   </div>
   <div class='ocr_carea' id='block_1_23' title="bbox 428 2189 2001 2273">
    <p class='ocr_par' dir='ltr' id='par_1_23' title="bbox 428 2189 2001 2273">
     <span class='ocr_line' id='line_1_23' title="bbox 428 2189 2001 2273; baseline -0.007 -20"><span class='ocrx_word' id='word_1_139' title='bbox 428 2199 547 2263; x_wconf 86' lang='lat' dir='ltr'><strong>tati,</strong></span> <span class='ocrx_word' id='word_1_140' title='bbox 578 2210 679 2251; x_wconf 88' lang='lat' dir='ltr'><strong>uec</strong></span> <span class='ocrx_word' id='word_1_141' title='bbox 705 2195 981 2250; x_wconf 86' lang='lat' dir='ltr'><strong>contrarie</strong></span> <span class='ocrx_word' id='word_1_142' title='bbox 1013 2191 1334 2273; x_wconf 78' lang='lat' dir='ltr'><strong>movebatur</strong></span> <span class='ocrx_word' id='word_1_143' title='bbox 1360 2207 1374 2255; x_wconf 85' lang='lat'><strong>;</strong></span> <span class='ocrx_word' id='word_1_144' title='bbox 1407 2189 1502 2244; x_wconf 84' lang='lat' dir='ltr'><strong>sed</strong></span> <span class='ocrx_word' id='word_1_145' title='bbox 1546 2190 1661 2243; x_wconf 68' lang='lat' dir='ltr'><strong>haec</strong></span> <span class='ocrx_word' id='word_1_146' title='bbox 1690 2203 1916 2259; x_wconf 90' lang='lat' dir='ltr'><strong>quoque</strong></span> <span class='ocrx_word' id='word_1_147' title='bbox 1945 2198 2001 2242; x_wconf 89' lang='lat' dir='ltr'><strong>ut</strong></span> 
     </span>
    </p>
   </div>
   <div class='ocr_carea' id='block_1_24' title="bbox 428 2281 1998 2353">
    <p class='ocr_par' dir='ltr' id='par_1_24' title="bbox 428 2281 1998 2353">
     <span class='ocr_line' id='line_1_24' title="bbox 428 2281 1998 2353; baseline -0.008 -8"><span class='ocrx_word' id='word_1_148' title='bbox 428 2295 591 2345; x_wconf 90' lang='lat' dir='ltr'><strong>homo</strong></span> <span class='ocrx_word' id='word_1_149' title='bbox 647 2287 866 2343; x_wconf 87' lang='lat' dir='ltr'><strong>volebat</strong></span> <span class='ocrx_word' id='word_1_150' title='bbox 912 2301 978 2340; x_wconf 91' lang='lat' dir='ltr'><strong>ac</strong></span> <span class='ocrx_word' id='word_1_151' title='bbox 1025 2283 1298 2348; x_wconf 76' lang='lat' dir='ltr'><strong>faciebat;</strong></span> <span class='ocrx_word' id='word_1_152' title='bbox 1338 2296 1684 2353; x_wconf 59' lang='lat' dir='ltr'><strong>quaecunque</strong></span> <span class='ocrx_word' id='word_1_153' title='bbox 1736 2281 1998 2337; x_wconf 87' lang='lat' dir='ltr'><strong>nimirum</strong></span> 
     </span>
    </p>
   </div>
   <div class='ocr_carea' id='block_1_25' title="bbox 425 2374 1999 2451">
    <p class='ocr_par' dir='ltr' id='par_1_25' title="bbox 425 2374 1999 2451">
     <span class='ocr_line' id='line_1_25' title="bbox 425 2374 1999 2451; baseline -0.007 -13"><span class='ocrx_word' id='word_1_154' title='bbox 425 2374 609 2438; x_wconf 82' lang='lat' dir='ltr'><strong>divina</strong></span> <span class='ocrx_word' id='word_1_155' title='bbox 640 2381 760 2451; x_wconf 82' lang='lat' dir='ltr'><strong>ejus</strong></span> <span class='ocrx_word' id='word_1_156' title='bbox 811 2378 1066 2433; x_wconf 74' lang='lat' dir='ltr'><strong>voluntas</strong></span> <span class='ocrx_word' id='word_1_157' title='bbox 1115 2376 1403 2432; x_wconf 82' lang='lat' dir='ltr'><strong>suadebat.</strong></span> <span class='ocrx_word' id='word_1_158' title='bbox 1445 2375 1797 2431; x_wconf 73' lang='lat' dir='ltr'><strong>Concedente</strong></span> <span class='ocrx_word' id='word_1_159' title='bbox 1852 2375 1999 2429; x_wconf 84' lang='lat' dir='ltr'><strong>enim</strong></span> 
     </span>
    </p>
   </div>
   <div class='ocr_carea' id='block_1_26' title="bbox 424 2454 2001 2541">
    <p class='ocr_par' dir='ltr' id='par_1_26' title="bbox 424 2454 2001 2541">
     <span class='ocr_line' id='line_1_26' title="bbox 424 2454 2001 2541; baseline -0.004 -12"><span class='ocrx_word' id='word_1_160' title='bbox 424 2454 611 2529; x_wconf 82' lang='lat' dir='ltr'><strong>divina</strong></span> <span class='ocrx_word' id='word_1_161' title='bbox 661 2482 892 2537; x_wconf 88' lang='lat' dir='ltr'><strong>natura,</strong></span> <span class='ocrx_word' id='word_1_162' title='bbox 920 2470 1159 2541; x_wconf 84' lang='lat' dir='ltr'><strong>propriis</strong></span> <span class='ocrx_word' id='word_1_163' title='bbox 1210 2468 1467 2524; x_wconf 69' lang='lat' dir='ltr'><strong>humanae</strong></span> <span class='ocrx_word' id='word_1_164' title='bbox 1496 2476 1711 2523; x_wconf 71' lang='lat' dir='ltr'><strong>natura:</strong></span> <span class='ocrx_word' id='word_1_165' title='bbox 1757 2468 2001 2524; x_wconf 80' lang='lat' dir='ltr'><strong>innoxiis</strong></span> 
     </span>
    </p>
   </div>
   <div class='ocr_carea' id='block_1_27' title="bbox 426 2558 1998 2637">
    <p class='ocr_par' dir='ltr' id='par_1_27' title="bbox 426 2558 1998 2637">
     <span class='ocr_line' id='line_1_27' title="bbox 426 2558 1998 2637; baseline -0.006 -15"><span class='ocrx_word' id='word_1_166' title='bbox 426 2565 780 2637; x_wconf 85' lang='lat' dir='ltr'><strong>passionibus</strong></span> <span class='ocrx_word' id='word_1_167' title='bbox 820 2576 920 2632; x_wconf 92' lang='lat' dir='ltr'><strong>pro</strong></span> <span class='ocrx_word' id='word_1_168' title='bbox 948 2568 1196 2629; x_wconf 88' lang='lat' dir='ltr'><strong>tempore</strong></span> <span class='ocrx_word' id='word_1_169' title='bbox 1227 2558 1565 2614; x_wconf 76' lang='lat' dir='ltr'><strong>adiciebatur</strong></span> <span class='ocrx_word' id='word_1_170' title='bbox 1586 2599 1601 2623; x_wconf 88' lang='lat'><strong>,</strong></span> <span class='ocrx_word' id='word_1_171' title='bbox 1650 2567 1710 2612; x_wconf 92' lang='lat' dir='ltr'><strong>ut</strong></span> <span class='ocrx_word' id='word_1_172' title='bbox 1738 2566 1795 2614; x_wconf 86' lang='lat' dir='ltr'><strong>et</strong></span> <span class='ocrx_word' id='word_1_173' title='bbox 1832 2573 1998 2630; x_wconf 86' lang='lat' dir='ltr'><strong>spon-</strong></span> 
     </span>
    </p>
   </div>
   <div class='ocr_carea' id='block_1_28' title="bbox 429 2653 1999 2723">
    <p class='ocr_par' dir='ltr' id='par_1_28' title="bbox 429 2653 1999 2723">
     <span class='ocr_line' id='line_1_28' title="bbox 429 2653 1999 2723; baseline -0.005 -9"><span class='ocrx_word' id='word_1_174' title='bbox 429 2653 905 2715; x_wconf 78' lang='lat' dir='ltr'><strong>taneam&#39;mortem</strong></span> <span class='ocrx_word' id='word_1_175' title='bbox 936 2654 1204 2723; x_wconf 72' lang='lat' dir='ltr'><strong>eligeret;</strong></span> <span class='ocrx_word' id='word_1_176' title='bbox 1244 2668 1309 2710; x_wconf 89' lang='lat' dir='ltr'><strong>ac</strong></span> <span class='ocrx_word' id='word_1_177' title='bbox 1334 2654 1529 2709; x_wconf 77' lang='lat' dir='ltr'><strong>rursus</strong></span> <span class='ocrx_word' id='word_1_178' title='bbox 1574 2657 1765 2708; x_wconf 88' lang='lat' dir='ltr'><strong>eadem</strong></span> <span class='ocrx_word' id='word_1_179' title='bbox 1794 2666 1999 2708; x_wconf 82' lang='lat' dir='ltr'><strong>conce-</strong></span> 
     </span>
    </p>
   </div>
   <div class='ocr_carea' id='block_1_29' title="bbox 427 2742 1997 2816">
    <p class='ocr_par' dir='ltr' id='par_1_29' title="bbox 427 2742 1997 2816">
     <span class='ocr_line' id='line_1_29' title="bbox 427 2742 1997 2816; baseline -0.005 -12"><span class='ocrx_word' id='word_1_180' title='bbox 427 2750 589 2805; x_wconf 83' lang='lat' dir='ltr'><strong>dente</strong></span> <span class='ocrx_word' id='word_1_181' title='bbox 624 2748 794 2816; x_wconf 85' lang='lat' dir='ltr'><strong>ipsam</strong></span> <span class='ocrx_word' id='word_1_182' title='bbox 825 2752 1130 2801; x_wconf 89' lang='lat' dir='ltr'><strong>recusaret.</strong></span> <span class='ocrx_word' id='word_1_183' title='bbox 1185 2745 1275 2799; x_wconf 79' lang='lat' dir='ltr'><strong>Ait</strong></span> <span class='ocrx_word' id='word_1_184' title='bbox 1309 2745 1457 2799; x_wconf 84' lang='lat' dir='ltr'><strong>enim</strong></span> <span class='ocrx_word' id='word_1_185' title='bbox 1494 2744 1607 2815; x_wconf 89' lang='lat' dir='ltr'><strong>ipse</strong></span> <span class='ocrx_word' id='word_1_186' title='bbox 1637 2761 1652 2799; x_wconf 89' lang='lat'><strong>:</strong></span> <span class='ocrx_word' id='word_1_187' title='bbox 1693 2764 1711 2797; x_wconf 77' lang='grc' dir='ltr'><strong>ι</strong></span> <span class='ocrx_word' id='word_1_188' title='bbox 1743 2742 1997 2799; x_wconf 82' lang='lat' dir='ltr'><strong>Potesta-</strong></span> 
     </span>
    </p>
   </div>
   <div class='ocr_carea' id='block_1_30' title="bbox 428 2837 1996 2908">
    <p class='ocr_par' dir='ltr' id='par_1_30' title="bbox 428 2837 1996 2908">
     <span class='ocr_line' id='line_1_30' title="bbox 428 2837 1996 2908; baseline -0.003 -13"><span class='ocrx_word' id='word_1_189' title='bbox 428 2853 534 2896; x_wconf 81' lang='lat' dir='ltr'><strong>tem</strong></span> <span class='ocrx_word' id='word_1_190' title='bbox 598 2841 772 2895; x_wconf 82' lang='lat' dir='ltr'><strong>habeo</strong></span> <span class='ocrx_word' id='word_1_191' title='bbox 824 2837 1063 2908; x_wconf 89' lang='lat' dir='ltr'><strong>ponendi</strong></span> <span class='ocrx_word' id='word_1_192' title='bbox 1117 2838 1357 2893; x_wconf 78' lang='lat' dir='ltr'><strong>animam</strong></span> <span class='ocrx_word' id='word_1_193' title='bbox 1421 2852 1631 2903; x_wconf 85' lang='lat' dir='ltr'><strong>meam,</strong></span> <span class='ocrx_word' id='word_1_194' title='bbox 1688 2848 1743 2893; x_wconf 90' lang='lat' dir='ltr'><strong>et</strong></span> <span class='ocrx_word' id='word_1_195' title='bbox 1799 2839 1996 2892; x_wconf 88' lang='lat' dir='ltr'><strong>iterum</strong></span> 
     </span>
    </p>
   </div>
   <div class='ocr_carea' id='block_1_31' title="bbox 427 2930 1992 2988">
    <p class='ocr_par' dir='ltr' id='par_1_31' title="bbox 427 2930 1992 2988">
     <span class='ocr_line' id='line_1_31' title="bbox 427 2930 1992 2988; baseline -0.003 -1"><span class='ocrx_word' id='word_1_196' title='bbox 427 2933 676 2988; x_wconf 85' lang='lat' dir='ltr'><strong>sumendi</strong></span> <span class='ocrx_word' id='word_1_197' title='bbox 694 2946 815 2987; x_wconf 88' lang='lat' dir='ltr'><strong>eam</strong></span> <span class='ocrx_word' id='word_1_198' title='bbox 840 2932 907 2986; x_wconf 80' lang='lat'><strong>&quot;.</strong></span> <span class='ocrx_word' id='word_1_199' title='bbox 936 2950 955 2983; x_wconf 76' lang='grc' dir='ltr'><strong>ι</strong></span> <span class='ocrx_word' id='word_1_200' title='bbox 981 2931 1076 2986; x_wconf 82' lang='lat' dir='ltr'><strong>Et:</strong></span> <span class='ocrx_word' id='word_1_201' title='bbox 1102 2948 1120 2981; x_wconf 73' lang='grc' dir='ltr'><strong><em>ο</em></strong></span> <span class='ocrx_word' id='word_1_202' title='bbox 1144 2931 1398 2986; x_wconf 85' lang='lat' dir='ltr'><strong>Nondum</strong></span> <span class='ocrx_word' id='word_1_203' title='bbox 1426 2932 1569 2987; x_wconf 85' lang='lat' dir='ltr'><strong>venit</strong></span> <span class='ocrx_word' id='word_1_204' title='bbox 1595 2932 1729 2985; x_wconf 86' lang='lat' dir='ltr'><strong>hora</strong></span> <span class='ocrx_word' id='word_1_205' title='bbox 1754 2945 1875 2987; x_wconf 87' lang='lat' dir='ltr'><strong>mea</strong></span> <span class='ocrx_word' id='word_1_206' title='bbox 1893 2930 1992 2984; x_wconf 77' lang='grc'><strong>³⁸.»</strong></span> 
     </span>
    </p>
   </div>
   <div class='ocr_carea' id='block_1_32' title="bbox 427 3023 1997 3094">
    <p class='ocr_par' dir='ltr' id='par_1_32' title="bbox 427 3023 1997 3094">
     <span class='ocr_line' id='line_1_32' title="bbox 427 3023 1997 3094; baseline -0.001 -16"><span class='ocrx_word' id='word_1_207' title='bbox 427 3024 485 3079; x_wconf 88' lang='lat' dir='ltr'><strong>In</strong></span> <span class='ocrx_word' id='word_1_208' title='bbox 522 3024 680 3080; x_wconf 89' lang='lat' dir='ltr'><strong>nobis</strong></span> <span class='ocrx_word' id='word_1_209' title='bbox 715 3033 897 3078; x_wconf 86' lang='lat' dir='ltr'><strong>autem</strong></span> <span class='ocrx_word' id='word_1_210' title='bbox 928 3038 1040 3079; x_wconf 85' lang='lat' dir='ltr'><strong>non</strong></span> <span class='ocrx_word' id='word_1_211' title='bbox 1072 3024 1146 3076; x_wconf 90' lang='lat' dir='ltr'><strong>ita</strong></span> <span class='ocrx_word' id='word_1_212' title='bbox 1184 3024 1387 3077; x_wconf 87' lang='lat' dir='ltr'><strong>accidit</strong></span> <span class='ocrx_word' id='word_1_213' title='bbox 1417 3039 1433 3087; x_wconf 86' lang='lat'><strong>;</strong></span> <span class='ocrx_word' id='word_1_214' title='bbox 1468 3024 1600 3093; x_wconf 87' lang='lat' dir='ltr'><strong>quin</strong></span> <span class='ocrx_word' id='word_1_215' title='bbox 1629 3027 1812 3094; x_wconf 86' lang='lat' dir='ltr'><strong>potius</strong></span> <span class='ocrx_word' id='word_1_216' title='bbox 1840 3023 1997 3079; x_wconf 85' lang='lat' dir='ltr'><strong>liberi</strong></span> 
     </span>
    </p>
   </div>
   <div class='ocr_carea' id='block_1_33' title="bbox 2104 534 3689 615">
    <p class='ocr_par' dir='ltr' id='par_1_33' title="bbox 2104 534 3689 615">
     <span class='ocr_line' id='line_1_33' title="bbox 2104 534 3689 615; baseline 0.008 -26"><span class='ocrx_word' id='word_1_217' title='bbox 2104 552 2298 590; x_wconf 88' lang='grc' dir='ltr'>στασιν</span> <span class='ocrx_word' id='word_1_218' title='bbox 2333 536 2431 591; x_wconf 78' lang='grc' dir='ltr'>καὶ</span> <span class='ocrx_word' id='word_1_219' title='bbox 2457 537 2780 611; x_wconf 80' lang='grc' dir='ltr'>ψηλαφητὸν</span> <span class='ocrx_word' id='word_1_220' title='bbox 2807 541 2868 593; x_wconf 80' lang='grc' dir='ltr'>τὸ</span> <span class='ocrx_word' id='word_1_221' title='bbox 2892 540 3096 595; x_wconf 78' lang='grc' dir='ltr'>’ἑαυτοῦ</span> <span class='ocrx_word' id='word_1_222' title='bbox 3123 540 3284 608; x_wconf 78' lang='grc' dir='ltr'>ιδειξε</span> <span class='ocrx_word' id='word_1_223' title='bbox 3321 545 3464 615; x_wconf 75' lang='grc' dir='ltr'>σῶμα</span> <span class='ocrx_word' id='word_1_224' title='bbox 3487 565 3499 579; x_wconf 71' lang='grc'><strong><em>⁸</em></strong></span> <span class='ocrx_word' id='word_1_225' title='bbox 3539 550 3609 605; x_wconf 78' lang='grc' dir='ltr'>ἵνα</span> <span class='ocrx_word' id='word_1_226' title='bbox 3668 534 3689 561; x_wconf 44' lang='grc' dir='ltr'><em>δ</em></span> 
     </span>
    </p>
   </div>
   <div class='ocr_carea' id='block_1_34' title="bbox 2101 627 3611 706">
    <p class='ocr_par' dir='ltr' id='par_1_34' title="bbox 2101 627 3611 706">
     <span class='ocr_line' id='line_1_34' title="bbox 2101 627 3611 706; baseline 0.01 -26"><span class='ocrx_word' id='word_1_227' title='bbox 2101 627 2190 682; x_wconf 86' lang='grc' dir='ltr'><strong>διὰ</strong></span> <span class='ocrx_word' id='word_1_228' title='bbox 2219 629 2321 698; x_wconf 79' lang='grc' dir='ltr'>μὲν</span> <span class='ocrx_word' id='word_1_229' title='bbox 2351 630 2448 685; x_wconf 80' lang='grc' dir='ltr'>τοῦ</span> <span class='ocrx_word' id='word_1_230' title='bbox 2481 631 2762 703; x_wconf 76' lang='grc' dir='ltr'><strong>ἄφθαρτον</strong></span> <span class='ocrx_word' id='word_1_231' title='bbox 2784 634 2955 699; x_wconf 80' lang='grc' dir='ltr'>δεῖξαι</span> <span class='ocrx_word' id='word_1_232' title='bbox 2984 635 3076 688; x_wconf 71' lang='grc' dir='ltr'><strong>ἐπὶ</strong></span> <span class='ocrx_word' id='word_1_233' title='bbox 3101 635 3231 700; x_wconf 53' lang='grc' dir='ltr'>τοὺς,</span> <span class='ocrx_word' id='word_1_234' title='bbox 3256 644 3611 706; x_wconf 53' lang='grc' dir='ltr'>πνευματικῶς</span> 
     </span>
    </p>
   </div>
   <div class='ocr_carea' id='block_1_35' title="bbox 2101 720 3611 801">
    <p class='ocr_par' dir='ltr' id='par_1_35' title="bbox 2101 720 3611 801">
     <span class='ocr_line' id='line_1_35' title="bbox 2101 720 3611 801; baseline 0.005 -24"><span class='ocrx_word' id='word_1_235' title='bbox 2101 722 2321 791; x_wconf 81' lang='grc' dir='ltr'>ἀγῶνας</span> <span class='ocrx_word' id='word_1_236' title='bbox 2356 724 2450 777; x_wconf 82' lang='grc' dir='ltr'>καὶ</span> <span class='ocrx_word' id='word_1_237' title='bbox 2477 724 2546 780; x_wconf 85' lang='grc' dir='ltr'><strong>τά</strong></span> <span class='ocrx_word' id='word_1_238' title='bbox 2590 720 2729 778; x_wconf 78' lang='grc' dir='ltr'>ἆθλα</span> <span class='ocrx_word' id='word_1_239' title='bbox 2756 726 2885 789; x_wconf 80' lang='grc' dir='ltr'>τοὺς</span> <span class='ocrx_word' id='word_1_240' title='bbox 2919 726 3144 791; x_wconf 75' lang='grc' dir='ltr'>πιστοὺς</span> <span class='ocrx_word' id='word_1_241' title='bbox 3176 730 3611 801; x_wconf 77' lang='grc' dir='ltr'>προσκαλέσηται·</span> 
     </span>
    </p>
   </div>
   <div class='ocr_carea' id='block_1_36' title="bbox 2100 812 3613 893">
    <p class='ocr_par' dir='ltr' id='par_1_36' title="bbox 2100 812 3613 893">
     <span class='ocr_line' id='line_1_36' title="bbox 2100 812 3613 893; baseline 0.005 -26"><span class='ocrx_word' id='word_1_242' title='bbox 2100 812 2189 867; x_wconf 78' lang='grc' dir='ltr'><strong>διὰ</strong></span> <span class='ocrx_word' id='word_1_243' title='bbox 2242 814 2302 869; x_wconf 71' lang='grc' dir='ltr'>δὲ</span> <span class='ocrx_word' id='word_1_244' title='bbox 2345 814 2441 870; x_wconf 82' lang='grc' dir='ltr'>τοῦ</span> <span class='ocrx_word' id='word_1_245' title='bbox 2497 815 2819 887; x_wconf 79' lang='grc' dir='ltr'>ψηλαφητδν</span> <span class='ocrx_word' id='word_1_246' title='bbox 2851 818 2982 872; x_wconf 80' lang='grc' dir='ltr'>αὐτὸ</span> <span class='ocrx_word' id='word_1_247' title='bbox 3012 822 3306 890; x_wconf 71' lang='grc' dir='ltr'><strong>παρασχεῖν</strong></span> <span class='ocrx_word' id='word_1_248' title='bbox 3361 823 3485 892; x_wconf 79' lang='grc' dir='ltr'>πρὸς</span> <span class='ocrx_word' id='word_1_249' title='bbox 3533 824 3613 893; x_wconf 73' lang='grc' dir='ltr'>τὴν</span> 
     </span>
    </p>
   </div>
   <div class='ocr_carea' id='block_1_37' title="bbox 2104 904 3615 982">
    <p class='ocr_par' dir='ltr' id='par_1_37' title="bbox 2104 904 3615 982">
     <span class='ocr_line' id='line_1_37' title="bbox 2104 904 3615 982; baseline 0.005 -25"><span class='ocrx_word' id='word_1_250' title='bbox 2104 905 2288 958; x_wconf 83' lang='grc' dir='ltr'>πίστιν</span> <span class='ocrx_word' id='word_1_251' title='bbox 2338 905 2486 976; x_wconf 70' lang='grc' dir='ltr'>ἡμᾶς</span> <span class='ocrx_word' id='word_1_252' title='bbox 2539 904 2997 982; x_wconf 73' lang='grc' dir='ltr'>βεδαιώσῃ.’⁹Ἰνα-</span> <span class='ocrx_word' id='word_1_253' title='bbox 3028 911 3206 965; x_wconf 80' lang='grc' dir='ltr'>τοίνυν</span> <span class='ocrx_word' id='word_1_254' title='bbox 3254 910 3348 980; x_wconf 84' lang='grc' dir='ltr'>τῆς</span> <span class='ocrx_word' id='word_1_255' title='bbox 3394 912 3545 982; x_wconf 76' lang='grc' dir='ltr'>αὐτῆς</span> <span class='ocrx_word' id='word_1_256' title='bbox 3565 914 3615 966; x_wconf 75' lang='grc' dir='ltr'>ὃν</span> 
     </span>
    </p>
   </div>
   <div class='ocr_carea' id='block_1_38' title="bbox 2102 996 3611 1075">
    <p class='ocr_par' dir='ltr' id='par_1_38' title="bbox 2102 996 3611 1075">
     <span class='ocr_line' id='line_1_38' title="bbox 2102 996 3611 1075; baseline 0.007 -28"><span class='ocrx_word' id='word_1_257' title='bbox 2102 996 2236 1066; x_wconf 75' lang='grc' dir='ltr'>ἡμῖν</span> <span class='ocrx_word' id='word_1_258' title='bbox 2291 996 2504 1061; x_wconf 81' lang='grc' dir='ltr'>φύσεως</span> <span class='ocrx_word' id='word_1_259' title='bbox 2547 1000 2639 1056; x_wconf 79' lang='grc' dir='ltr'>καὶ</span> <span class='ocrx_word' id='word_1_260' title='bbox 2688 998 2850 1071; x_wconf 80' lang='grc' dir='ltr'><strong>δόξης</strong></span> <span class='ocrx_word' id='word_1_261' title='bbox 2899 1000 3089 1069; x_wconf 66' lang='grc' dir='ltr'>ἑτέρας</span> <span class='ocrx_word' id='word_1_262' title='bbox 3143 1001 3202 1055; x_wconf 78' lang='grc' dir='ltr'>τὸ</span> <span class='ocrx_word' id='word_1_263' title='bbox 3256 998 3438 1055; x_wconf 75' lang='grc' dir='ltr'>ἑαυτοῦ</span> <span class='ocrx_word' id='word_1_264' title='bbox 3481 1003 3611 1075; x_wconf 80' lang='grc' dir='ltr'>σῶμα</span> 
     </span>
    </p>
   </div>
   <div class='ocr_carea' id='block_1_39' title="bbox 2102 1088 3615 1163">
    <p class='ocr_par' dir='ltr' id='par_1_39' title="bbox 2102 1088 3615 1163">
     <span class='ocr_line' id='line_1_39' title="bbox 2102 1088 3615 1163; baseline 0.008 -22"><span class='ocrx_word' id='word_1_265' title='bbox 2102 1088 2274 1161; x_wconf 78' lang='grc' dir='ltr'>δείξῃ,</span> <span class='ocrx_word' id='word_1_266' title='bbox 2306 1092 2403 1145; x_wconf 78' lang='grc' dir='ltr'>καὶ</span> <span class='ocrx_word' id='word_1_267' title='bbox 2440 1091 2763 1163; x_wconf 81' lang='grc' dir='ltr'>ψηλαφητδν</span> <span class='ocrx_word' id='word_1_268' title='bbox 2794 1095 2891 1148; x_wconf 72' lang='grc' dir='ltr'>καὶ</span> <span class='ocrx_word' id='word_1_269' title='bbox 2920 1093 3197 1163; x_wconf 79' lang='grc' dir='ltr'>ἄφθαρτον</span> <span class='ocrx_word' id='word_1_270' title='bbox 3227 1092 3416 1161; x_wconf 72' lang='grc' dir='ltr'>ἔδειξεν</span> <span class='ocrx_word' id='word_1_271' title='bbox 3434 1095 3615 1153; x_wconf 73' lang='grc' dir='ltr'>ἑαυτόν.</span> 
     </span>
    </p>
   </div>
   <div class='ocr_carea' id='block_1_40' title="bbox 2104 1174 3619 1259">
    <p class='ocr_par' dir='ltr' id='par_1_40' title="bbox 2104 1174 3619 1259">
     <span class='ocr_line' id='line_1_40' title="bbox 2104 1174 3619 1259; baseline 0.003 -23"><span class='ocrx_word' id='word_1_272' title='bbox 2104 1181 2251 1247; x_wconf 76' lang='grc' dir='ltr'>Ἐως</span> <span class='ocrx_word' id='word_1_273' title='bbox 2298 1186 2396 1255; x_wconf 85' lang='grc' dir='ltr'>μὲν</span> <span class='ocrx_word' id='word_1_274' title='bbox 2424 1174 2551 1248; x_wconf 56' lang='grc' dir='ltr'>οὖν,</span> <span class='ocrx_word' id='word_1_275' title='bbox 2570 1186 2826 1258; x_wconf 82' lang='grc' dir='ltr'>καθάπερ</span> <span class='ocrx_word' id='word_1_276' title='bbox 2863 1189 3116 1257; x_wconf 72' lang='grc' dir='ltr'>εἴπομεν,</span> <span class='ocrx_word' id='word_1_277' title='bbox 3147 1190 3204 1240; x_wconf 74' lang='grc' dir='ltr'>ἐν</span> <span class='ocrx_word' id='word_1_278' title='bbox 3235 1188 3310 1259; x_wconf 82' lang='grc' dir='ltr'>τῷ</span> <span class='ocrx_word' id='word_1_279' title='bbox 3338 1188 3510 1259; x_wconf 80' lang='grc' dir='ltr'>κόσμῳ</span> <span class='ocrx_word' id='word_1_280' title='bbox 3532 1190 3619 1241; x_wconf 75' lang='grc' dir='ltr'>διέ-</span> 
     </span>
    </p>
   </div>
   <div class='ocr_carea' id='block_1_41' title="bbox 2102 1275 3621 1351">
    <p class='ocr_par' dir='ltr' id='par_1_41' title="bbox 2102 1275 3621 1351">
     <span class='ocr_line' id='line_1_41' title="bbox 2102 1275 3621 1351; baseline 0.005 -25"><span class='ocrx_word' id='word_1_281' title='bbox 2102 1275 2283 1345; x_wconf 75' lang='grc' dir='ltr'>τρισε,</span> <span class='ocrx_word' id='word_1_282' title='bbox 2317 1280 2411 1331; x_wconf 61' lang='grc' dir='ltr'><strong>καὶ⁵</strong></span> <span class='ocrx_word' id='word_1_283' title='bbox 2444 1277 2660 1348; x_wconf 80' lang='grc' dir='ltr'>θανάτῳ</span> <span class='ocrx_word' id='word_1_284' title='bbox 2688 1281 2787 1333; x_wconf 81' lang='grc' dir='ltr'><strong>καὶ</strong></span> <span class='ocrx_word' id='word_1_285' title='bbox 2812 1282 2924 1343; x_wconf 71' lang='grc' dir='ltr'>τοῖς</span> <span class='ocrx_word' id='word_1_286' title='bbox 2956 1281 3264 1351; x_wconf 71' lang='grc' dir='ltr'><strong>εἰρημένοις</strong></span> <span class='ocrx_word' id='word_1_287' title='bbox 3289 1281 3457 1345; x_wconf 77' lang='grc' dir='ltr'>ἄλλοις</span> <span class='ocrx_word' id='word_1_288' title='bbox 3475 1284 3621 1337; x_wconf 76' lang='grc' dir='ltr'>ἅπασι</span> 
     </span>
    </p>
   </div>
   <div class='ocr_carea' id='block_1_42' title="bbox 2103 1371 3622 1441">
    <p class='ocr_par' dir='ltr' id='par_1_42' title="bbox 2103 1371 3622 1441">
     <span class='ocr_line' id='line_1_42' title="bbox 2103 1371 3622 1441; baseline 0.004 -20"><span class='ocrx_word' id='word_1_289' title='bbox 2103 1371 2214 1432; x_wconf 84' lang='grc' dir='ltr'>τοῖς</span> <span class='ocrx_word' id='word_1_290' title='bbox 2238 1372 2489 1439; x_wconf 74' lang='grc' dir='ltr'>φυσικοῖς</span> <span class='ocrx_word' id='word_1_291' title='bbox 2514 1372 2609 1424; x_wconf 83' lang='grc' dir='ltr'><strong>καὶ</strong></span> <span class='ocrx_word' id='word_1_292' title='bbox 2629 1371 2973 1441; x_wconf 81' lang='grc' dir='ltr'>ἀδιασλήτοις</span> <span class='ocrx_word' id='word_1_293' title='bbox 2998 1373 3255 1426; x_wconf 77' lang='grc' dir='ltr'>ὑπέκειτο</span> <span class='ocrx_word' id='word_1_294' title='bbox 3274 1372 3486 1426; x_wconf 83' lang='grc' dir='ltr'><strong>πάθεσιν</strong></span> <span class='ocrx_word' id='word_1_295' title='bbox 3503 1376 3622 1441; x_wconf 73' lang='grc' dir='ltr'>(ἐπεὶ</span> 
     </span>
    </p>
   </div>
   <div class='ocr_carea' id='block_1_43' title="bbox 2102 1459 3623 1533">
    <p class='ocr_par' dir='ltr' id='par_1_43' title="bbox 2102 1459 3623 1533">
     <span class='ocr_line' id='line_1_43' title="bbox 2102 1459 3623 1533; baseline 0.002 -21"><span class='ocrx_word' id='word_1_296' title='bbox 2102 1459 2310 1513; x_wconf 76' lang='grc' dir='ltr'>τέλειον</span> <span class='ocrx_word' id='word_1_297' title='bbox 2335 1462 2626 1531; x_wconf 81' lang='grc' dir='ltr'><strong>ἀνείληφεν</strong></span> <span class='ocrx_word' id='word_1_298' title='bbox 2644 1462 2978 1533; x_wconf 79' lang='grc' dir='ltr'>ἄνθρωπον),</span> <span class='ocrx_word' id='word_1_299' title='bbox 2995 1465 3053 1518; x_wconf 80' lang='grc' dir='ltr'>ἐν</span> <span class='ocrx_word' id='word_1_300' title='bbox 3071 1459 3149 1526; x_wconf 80' lang='grc' dir='ltr'><strong>οἷς</strong></span> <span class='ocrx_word' id='word_1_301' title='bbox 3174 1464 3267 1516; x_wconf 70' lang='grc' dir='ltr'><strong>καὶ</strong></span> <span class='ocrx_word' id='word_1_302' title='bbox 3285 1464 3354 1527; x_wconf 80' lang='grc' dir='ltr'><strong>ὡς</strong></span> <span class='ocrx_word' id='word_1_303' title='bbox 3378 1464 3623 1533; x_wconf 79' lang='grc' dir='ltr'>ἄνθρωπος</span> 
     </span>
    </p>
   </div>
   <div class='ocr_carea' id='block_1_44' title="bbox 2104 1553 3625 1626">
    <p class='ocr_par' dir='ltr' id='par_1_44' title="bbox 2104 1553 3625 1626">
     <span class='ocr_line' id='line_1_44' title="bbox 2104 1553 3625 1626; baseline 0.001 -21"><span class='ocrx_word' id='word_1_304' title='bbox 2104 1553 2432 1620; x_wconf 71' lang='grc' dir='ltr'>ἠγωνίσατο,</span> <span class='ocrx_word' id='word_1_305' title='bbox 2463 1554 2558 1607; x_wconf 77' lang='grc' dir='ltr'>καὶ</span> <span class='ocrx_word' id='word_1_306' title='bbox 2586 1554 2754 1619; x_wconf 74' lang='grc' dir='ltr'>ἔδειξε</span> <span class='ocrx_word' id='word_1_307' title='bbox 2797 1557 2913 1619; x_wconf 83' lang='grc' dir='ltr'><strong>πῶς</strong></span> <span class='ocrx_word' id='word_1_308' title='bbox 2954 1555 3128 1610; x_wconf 81' lang='grc' dir='ltr'>ταῦτα</span> <span class='ocrx_word' id='word_1_309' title='bbox 3162 1557 3251 1609; x_wconf 72' lang='grc' dir='ltr'><strong>καὶ</strong></span> <span class='ocrx_word' id='word_1_310' title='bbox 3286 1556 3339 1609; x_wconf 82' lang='grc' dir='ltr'>ὲν</span> <span class='ocrx_word' id='word_1_311' title='bbox 3366 1558 3483 1626; x_wconf 80' lang='grc' dir='ltr'>ἡμῖν</span> <span class='ocrx_word' id='word_1_312' title='bbox 3507 1557 3625 1607; x_wconf 66' lang='lat' dir='ltr'><strong>olito-</strong></span> 
     </span>
    </p>
   </div>
   <div class='ocr_carea' id='block_1_45' title="bbox 2103 1643 3628 1717">
    <p class='ocr_par' dir='ltr' id='par_1_45' title="bbox 2103 1643 3628 1717">
     <span class='ocr_line' id='line_1_45' title="bbox 2103 1643 3628 1717; baseline 0.004 -22"><span class='ocrx_word' id='word_1_313' title='bbox 2103 1643 2389 1714; x_wconf 85' lang='grc' dir='ltr'>νομεῖσθαι</span> <span class='ocrx_word' id='word_1_314' title='bbox 2418 1645 2518 1710; x_wconf 83' lang='grc' dir='ltr'>δεῖ,</span> <span class='ocrx_word' id='word_1_315' title='bbox 2552 1647 2646 1700; x_wconf 63' lang='grc' dir='ltr'><strong>καὶ¹</strong></span> <span class='ocrx_word' id='word_1_316' title='bbox 2687 1648 2762 1717; x_wconf 80' lang='grc' dir='ltr'>μὴ</span> <span class='ocrx_word' id='word_1_317' title='bbox 2794 1648 3006 1713; x_wconf 82' lang='grc' dir='ltr'><strong>ἀλόγως</strong></span> <span class='ocrx_word' id='word_1_318' title='bbox 3037 1648 3145 1704; x_wconf 75' lang='grc' dir='ltr'><strong>ὑπὸ</strong></span> <span class='ocrx_word' id='word_1_319' title='bbox 3178 1647 3375 1701; x_wconf 83' lang='grc' dir='ltr'>τούτων</span> <span class='ocrx_word' id='word_1_320' title='bbox 3402 1649 3489 1715; x_wconf 78' lang='grc' dir='ltr'>τὴν</span> <span class='ocrx_word' id='word_1_321' title='bbox 3512 1650 3628 1717; x_wconf 58' lang='lat' dir='ltr'><strong>t9:-</strong></span> 
     </span>
    </p>
   </div>
   <div class='ocr_carea' id='block_1_46' title="bbox 2103 1731 3035 1806">
    <p class='ocr_par' dir='ltr' id='par_1_46' title="bbox 2103 1731 3035 1806">
     <span class='ocr_line' id='line_1_46' title="bbox 2103 1731 3035 1806; baseline 0.009 -21"><span class='ocrx_word' id='word_1_322' title='bbox 2103 1731 2271 1802; x_wconf 86' lang='grc' dir='ltr'>τέραν</span> <span class='ocrx_word' id='word_1_323' title='bbox 2301 1732 2818 1800; x_wconf 80' lang='grc' dir='ltr'>κατεξουσιάζεσθαι</span> <span class='ocrx_word' id='word_1_324' title='bbox 2850 1737 3035 1806; x_wconf 79' lang='grc' dir='ltr'>φύσιν.</span> 
     </span>
    </p>
   </div>
   <div class='ocr_carea' id='block_1_47' title="bbox 2172 2002 3628 2079">
    <p class='ocr_par' dir='ltr' id='par_1_47' title="bbox 2172 2002 3628 2079">
     <span class='ocr_line' id='line_1_47' title="bbox 2172 2002 3628 2079; baseline 0.003 -23"><span class='ocrx_word' id='word_1_325' title='bbox 2172 2003 2285 2056; x_wconf 76' lang='grc' dir='ltr'><strong>Καὶ</strong></span> <span class='ocrx_word' id='word_1_326' title='bbox 2315 2007 2444 2074; x_wconf 72' lang='grc' dir='ltr'>γὰρ,</span> <span class='ocrx_word' id='word_1_327' title='bbox 2477 2003 2553 2066; x_wconf 83' lang='grc' dir='ltr'><strong>ὡς</strong></span> <span class='ocrx_word' id='word_1_328' title='bbox 2600 2003 2698 2073; x_wconf 78' lang='grc' dir='ltr'>μὲν</span> <span class='ocrx_word' id='word_1_329' title='bbox 2727 2004 3034 2076; x_wconf 77' lang='grc' dir='ltr'>ἄνθρωπος,</span> <span class='ocrx_word' id='word_1_330' title='bbox 3083 2002 3194 2078; x_wconf 74' lang='grc' dir='ltr'>εἶχε</span> <span class='ocrx_word' id='word_1_331' title='bbox 3243 2009 3303 2063; x_wconf 81' lang='grc' dir='ltr'>τὸ</span> <span class='ocrx_word' id='word_1_332' title='bbox 3330 2009 3628 2079; x_wconf 81' lang='grc' dir='ltr'>ἀνθρώπινον</span> 
     </span>
    </p>
   </div>
   <div class='ocr_carea' id='block_1_48' title="bbox 2101 2092 3627 2175">
    <p class='ocr_par' dir='ltr' id='par_1_48' title="bbox 2101 2092 3627 2175">
     <span class='ocr_line' id='line_1_48' title="bbox 2101 2092 3627 2175; baseline 0.004 -26"><span class='ocrx_word' id='word_1_333' title='bbox 2101 2094 2351 2167; x_wconf 75' lang='grc' dir='ltr'>θέλημα·</span> <span class='ocrx_word' id='word_1_334' title='bbox 2408 2092 2750 2155; x_wconf 75' lang='grc' dir='ltr'>ὑπετάσσετὸ</span> <span class='ocrx_word' id='word_1_335' title='bbox 2788 2099 2845 2153; x_wconf 76' lang='grc' dir='ltr'>δὲ</span> <span class='ocrx_word' id='word_1_336' title='bbox 2893 2102 2974 2172; x_wconf 83' lang='grc' dir='ltr'>τῷ</span> <span class='ocrx_word' id='word_1_337' title='bbox 3008 2103 3274 2175; x_wconf 82' lang='grc' dir='ltr'>θελήματι</span> <span class='ocrx_word' id='word_1_338' title='bbox 3322 2103 3417 2173; x_wconf 81' lang='grc' dir='ltr'>τῆς</span> <span class='ocrx_word' id='word_1_339' title='bbox 3464 2103 3627 2155; x_wconf 79' lang='grc' dir='ltr'>ἑαυτοῦ</span> 
     </span>
    </p>
   </div>
   <div class='ocr_carea' id='block_1_49' title="bbox 2101 2187 3630 2258">
    <p class='ocr_par' dir='ltr' id='par_1_49' title="bbox 2101 2187 3630 2258">
     <span class='ocr_line' id='line_1_49' title="bbox 2101 2187 3630 2258; baseline 0.004 -18"><span class='ocrx_word' id='word_1_340' title='bbox 2101 2187 2376 2257; x_wconf 77' lang='grc' dir='ltr'>θεότητος,</span> <span class='ocrx_word' id='word_1_341' title='bbox 2404 2191 2501 2244; x_wconf 76' lang='grc' dir='ltr'>καὶ</span> <span class='ocrx_word' id='word_1_342' title='bbox 2529 2190 2631 2244; x_wconf 80' lang='grc' dir='ltr'>οὐκ</span> <span class='ocrx_word' id='word_1_343' title='bbox 2658 2191 2893 2246; x_wconf 76' lang='grc' dir='ltr'>ἐκινεῖτο</span> <span class='ocrx_word' id='word_1_344' title='bbox 2934 2193 3268 2258; x_wconf 79' lang='grc' dir='ltr'>ὑπεναντίως</span> <span class='ocrx_word' id='word_1_345' title='bbox 3292 2208 3306 2224; x_wconf 75' lang='grc' dir='ltr'><strong>ο</strong></span> <span class='ocrx_word' id='word_1_346' title='bbox 3337 2193 3464 2249; x_wconf 71' lang='grc' dir='ltr'>ἀλλὰ</span> <span class='ocrx_word' id='word_1_347' title='bbox 3485 2192 3630 2247; x_wconf 81' lang='grc' dir='ltr'>ταῦτα</span> 
     </span>
    </p>
   </div>
   <div class='ocr_carea' id='block_1_50' title="bbox 2100 2280 3629 2357">
    <p class='ocr_par' dir='ltr' id='par_1_50' title="bbox 2100 2280 3629 2357">
     <span class='ocr_line' id='line_1_50' title="bbox 2100 2280 3629 2357; baseline 0.003 -24"><span class='ocrx_word' id='word_1_348' title='bbox 2100 2281 2198 2335; x_wconf 75' lang='grc' dir='ltr'>καὶ</span> <span class='ocrx_word' id='word_1_349' title='bbox 2223 2281 2299 2344; x_wconf 82' lang='grc' dir='ltr'>ὡς</span> <span class='ocrx_word' id='word_1_350' title='bbox 2332 2280 2620 2354; x_wconf 77' lang='grc' dir='ltr'>ἄνθρωπος</span> <span class='ocrx_word' id='word_1_351' title='bbox 2648 2284 2809 2353; x_wconf 75' lang='grc' dir='ltr'>ἦθελε</span> <span class='ocrx_word' id='word_1_352' title='bbox 2842 2286 2936 2339; x_wconf 74' lang='grc' dir='ltr'>καὶ</span> <span class='ocrx_word' id='word_1_353' title='bbox 2968 2288 3166 2351; x_wconf 70' lang='grc' dir='ltr'>ἐποίει,</span> <span class='ocrx_word' id='word_1_354' title='bbox 3188 2289 3287 2341; x_wconf 84' lang='grc' dir='ltr'><strong>ὅσα</strong></span> <span class='ocrx_word' id='word_1_355' title='bbox 3313 2287 3533 2357; x_wconf 79' lang='grc' dir='ltr'>δηλονότι</span> <span class='ocrx_word' id='word_1_356' title='bbox 3553 2286 3629 2340; x_wconf 80' lang='grc' dir='ltr'>καὶ</span> 
     </span>
    </p>
   </div>
   <div class='ocr_carea' id='block_1_51' title="bbox 2098 2367 3657 2447">
    <p class='ocr_par' dir='ltr' id='par_1_51' title="bbox 2098 2367 3657 2447">
     <span class='ocr_line' id='line_1_51' title="bbox 2098 2367 3657 2447; baseline 0.008 -28"><span class='ocrx_word' id='word_1_357' title='bbox 2098 2367 2159 2420; x_wconf 78' lang='grc' dir='ltr'>τὸ</span> <span class='ocrx_word' id='word_1_358' title='bbox 2192 2367 2338 2422; x_wconf 73' lang='grc' dir='ltr'>θεῖον</span> <span class='ocrx_word' id='word_1_359' title='bbox 2370 2369 2542 2423; x_wconf 83' lang='grc' dir='ltr'>αὐτοῦ</span> <span class='ocrx_word' id='word_1_360' title='bbox 2573 2369 2807 2447; x_wconf 82' lang='grc' dir='ltr'>θέλημα.</span> <span class='ocrx_word' id='word_1_361' title='bbox 2846 2373 3251 2446; x_wconf 80' lang='grc' dir='ltr'>Συγχωρούσης</span> <span class='ocrx_word' id='word_1_362' title='bbox 3281 2374 3381 2439; x_wconf 76' lang='grc' dir='ltr'>μὲν</span> <span class='ocrx_word' id='word_1_363' title='bbox 3408 2374 3506 2444; x_wconf 75' lang='grc' dir='ltr'><strong>γὰρ</strong></span> <span class='ocrx_word' id='word_1_364' title='bbox 3548 2373 3628 2443; x_wconf 81' lang='grc' dir='ltr'>τῆς</span> <span class='ocrx_word' id='word_1_365' title='bbox 3654 2372 3657 2373; x_wconf 18' lang='grc' dir='ltr'><em>ν</em></span> 
     </span>
    </p>
   </div>
   <div class='ocr_carea' id='block_1_52' title="bbox 2101 2458 3632 2537">
    <p class='ocr_par' dir='ltr' id='par_1_52' title="bbox 2101 2458 3632 2537">
     <span class='ocr_line' id='line_1_52' title="bbox 2101 2458 3632 2537; baseline 0.004 -25"><span class='ocrx_word' id='word_1_366' title='bbox 2101 2458 2252 2522; x_wconf 81' lang='grc' dir='ltr'>θείας</span> <span class='ocrx_word' id='word_1_367' title='bbox 2286 2460 2525 2530; x_wconf 89' lang='grc' dir='ltr'>φύσεως,</span> <span class='ocrx_word' id='word_1_368' title='bbox 2552 2462 2691 2516; x_wconf 89' lang='grc' dir='ltr'><strong>κατά</strong></span> <span class='ocrx_word' id='word_1_369' title='bbox 2725 2464 2914 2535; x_wconf 80' lang='grc' dir='ltr'>καιρὸν</span> <span class='ocrx_word' id='word_1_370' title='bbox 2945 2465 3157 2537; x_wconf 75' lang='grc' dir='ltr'>ἔπασχε</span> <span class='ocrx_word' id='word_1_371' title='bbox 3188 2467 3257 2521; x_wconf 83' lang='grc' dir='ltr'>τὰ</span> <span class='ocrx_word' id='word_1_372' title='bbox 3289 2468 3393 2521; x_wconf 85' lang='grc' dir='ltr'>ίδια</span> <span class='ocrx_word' id='word_1_373' title='bbox 3436 2469 3523 2536; x_wconf 79' lang='grc' dir='ltr'>τῆς</span> <span class='ocrx_word' id='word_1_374' title='bbox 3552 2466 3632 2518; x_wconf 78' lang='grc' dir='ltr'><strong>ἁν-</strong></span> 
     </span>
    </p>
   </div>
   <div class='ocr_carea' id='block_1_53' title="bbox 2100 2553 3630 2628">
    <p class='ocr_par' dir='ltr' id='par_1_53' title="bbox 2100 2553 3630 2628">
     <span class='ocr_line' id='line_1_53' title="bbox 2100 2553 3630 2628; baseline 0.001 -21"><span class='ocrx_word' id='word_1_375' title='bbox 2100 2554 2379 2624; x_wconf 87' lang='grc' dir='ltr'>θρωπίνης</span> <span class='ocrx_word' id='word_1_376' title='bbox 2417 2553 2634 2623; x_wconf 86' lang='grc' dir='ltr'>φύσεως</span> <span class='ocrx_word' id='word_1_377' title='bbox 2666 2555 2979 2628; x_wconf 77' lang='grc' dir='ltr'>ἀδιάϐλητα“</span> <span class='ocrx_word' id='word_1_378' title='bbox 3005 2559 3179 2628; x_wconf 81' lang='grc' dir='ltr'>πάθη,</span> <span class='ocrx_word' id='word_1_379' title='bbox 3204 2559 3279 2623; x_wconf 83' lang='grc' dir='ltr'>ὡς</span> <span class='ocrx_word' id='word_1_380' title='bbox 3332 2558 3418 2613; x_wconf 76' lang='grc' dir='ltr'>καὶ</span> <span class='ocrx_word' id='word_1_381' title='bbox 3462 2559 3516 2611; x_wconf 83' lang='grc' dir='ltr'>τὸ</span> <span class='ocrx_word' id='word_1_382' title='bbox 3555 2557 3630 2611; x_wconf 74' lang='grc' dir='ltr'>τὸν</span> 
     </span>
    </p>
   </div>
   <div class='ocr_carea' id='block_1_54' title="bbox 2100 2646 3689 2724">
    <p class='ocr_par' dir='ltr' id='par_1_54' title="bbox 2100 2646 3689 2724">
     <span class='ocr_line' id='line_1_54' title="bbox 2100 2646 3689 2724; baseline 0.002 -24"><span class='ocrx_word' id='word_1_383' title='bbox 2100 2646 2349 2702; x_wconf 81' lang='grc' dir='ltr'>ἑκούσιον</span> <span class='ocrx_word' id='word_1_384' title='bbox 2388 2647 2717 2718; x_wconf 81' lang='grc' dir='ltr'>προελέσθαι</span> <span class='ocrx_word' id='word_1_385' title='bbox 2749 2648 3018 2704; x_wconf 80' lang='grc' dir='ltr'>θάνατον’</span> <span class='ocrx_word' id='word_1_386' title='bbox 3051 2651 3436 2724; x_wconf 82' lang='grc' dir='ltr'><strong>συγχωρούσης</strong></span> <span class='ocrx_word' id='word_1_387' title='bbox 3470 2651 3520 2705; x_wconf 76' lang='grc' dir='ltr'>δὲ</span> <span class='ocrx_word' id='word_1_388' title='bbox 3547 2650 3632 2704; x_wconf 70' lang='grc' dir='ltr'><strong>πάι</strong></span> <span class='ocrx_word' id='word_1_389' title='bbox 3688 2670 3689 2683; x_wconf 49' lang='grc'>³</span> 
     </span>
    </p>
   </div>
   <div class='ocr_carea' id='block_1_55' title="bbox 2101 2740 3631 2815">
    <p class='ocr_par' dir='ltr' id='par_1_55' title="bbox 2101 2740 3631 2815">
     <span class='ocr_line' id='line_1_55' title="bbox 2101 2740 3631 2815; baseline 0.008 -24"><span class='ocrx_word' id='word_1_390' title='bbox 2101 2740 2207 2805; x_wconf 90' lang='grc' dir='ltr'>λιν,</span> <span class='ocrx_word' id='word_1_391' title='bbox 2264 2740 2355 2795; x_wconf 82' lang='grc' dir='ltr'>τὸν</span> <span class='ocrx_word' id='word_1_392' title='bbox 2406 2740 2579 2794; x_wconf 80' lang='grc' dir='ltr'>αὑτὸν</span> <span class='ocrx_word' id='word_1_393' title='bbox 2633 2743 3012 2813; x_wconf 79' lang='grc' dir='ltr'>παρῃτήσατο.</span> <span class='ocrx_word' id='word_1_394' title='bbox 3088 2745 3261 2808; x_wconf 82' lang='grc' dir='ltr'>Αύτδς</span> <span class='ocrx_word' id='word_1_395' title='bbox 3318 2743 3423 2815; x_wconf 82' lang='grc' dir='ltr'>γάρ</span> <span class='ocrx_word' id='word_1_396' title='bbox 3473 2761 3631 2814; x_wconf 78' lang='grc' dir='ltr'>φησιν.</span> 
     </span>
    </p>
   </div>
   <div class='ocr_carea' id='block_1_56' title="bbox 2104 2831 3632 2905">
    <p class='ocr_par' dir='ltr' id='par_1_56' title="bbox 2104 2831 3632 2905">
     <span class='ocr_line' id='line_1_56' title="bbox 2104 2831 3632 2905; baseline 0.001 -22"><span class='ocrx_word' id='word_1_397' title='bbox 2104 2850 2123 2883; x_wconf 74' lang='grc' dir='ltr'><strong>ι</strong></span> <span class='ocrx_word' id='word_1_398' title='bbox 2164 2831 2445 2898; x_wconf 76' lang='grc' dir='ltr'>Ἐξουσίαν</span> <span class='ocrx_word' id='word_1_399' title='bbox 2476 2831 2586 2902; x_wconf 78' lang='grc' dir='ltr'>ἔχω</span> <span class='ocrx_word' id='word_1_400' title='bbox 2628 2832 2799 2885; x_wconf 86' lang='grc' dir='ltr'>θεῖναι</span> <span class='ocrx_word' id='word_1_401' title='bbox 2857 2836 2957 2901; x_wconf 75' lang='grc' dir='ltr'>τὴν</span> <span class='ocrx_word' id='word_1_402' title='bbox 2991 2833 3185 2905; x_wconf 78' lang='grc' dir='ltr'>ψυχήν</span> <span class='ocrx_word' id='word_1_403' title='bbox 3222 2852 3346 2905; x_wconf 89' lang='grc' dir='ltr'>μου,</span> <span class='ocrx_word' id='word_1_404' title='bbox 3379 2836 3467 2889; x_wconf 81' lang='grc' dir='ltr'><strong>καὶ</strong></span> <span class='ocrx_word' id='word_1_405' title='bbox 3496 2832 3632 2886; x_wconf 64' lang='grc' dir='ltr'>πάλιν</span> 
     </span>
    </p>
   </div>
   <div class='ocr_carea' id='block_1_57' title="bbox 2099 2924 3625 2999">
    <p class='ocr_par' dir='ltr' id='par_1_57' title="bbox 2099 2924 3625 2999">
     <span class='ocr_line' id='line_1_57' title="bbox 2099 2924 3625 2999; baseline -0.003 -20"><span class='ocrx_word' id='word_1_406' title='bbox 2099 2925 2287 2981; x_wconf 75' lang='grc' dir='ltr'>λαϐεῖν</span> <span class='ocrx_word' id='word_1_407' title='bbox 2316 2926 2507 2997; x_wconf 76' lang='grc' dir='ltr'>αὑτήν.</span> <span class='ocrx_word' id='word_1_408' title='bbox 2548 2944 2569 2979; x_wconf 76' lang='grc' dir='ltr'><strong>ι</strong></span> <span class='ocrx_word' id='word_1_409' title='bbox 2593 2926 2725 2990; x_wconf 76' lang='grc' dir='ltr'><strong>Καὶ,</strong></span> <span class='ocrx_word' id='word_1_410' title='bbox 2756 2945 2776 2979; x_wconf 82' lang='grc'><strong><em>‹</em></strong></span> <span class='ocrx_word' id='word_1_411' title='bbox 2808 2924 2976 2980; x_wconf 76' lang='grc' dir='ltr'>Οὔπω</span> <span class='ocrx_word' id='word_1_412' title='bbox 2995 2928 3250 2999; x_wconf 80' lang='grc' dir='ltr'>ἐληλύθει</span> <span class='ocrx_word' id='word_1_413' title='bbox 3282 2930 3316 2999; x_wconf 75' lang='grc' dir='ltr'><strong>ἠ</strong></span> <span class='ocrx_word' id='word_1_414' title='bbox 3345 2927 3457 2997; x_wconf 86' lang='grc' dir='ltr'><strong>ὥρα</strong></span> <span class='ocrx_word' id='word_1_415' title='bbox 3483 2943 3587 2995; x_wconf 85' lang='grc' dir='ltr'>μου.</span> <span class='ocrx_word' id='word_1_416' title='bbox 3611 2942 3625 2975; x_wconf 85' lang='grc' dir='ltr'><strong>ι</strong></span> 
     </span>
    </p>
   </div>
   <div class='ocr_carea' id='block_1_58' title="bbox 2111 3014 3633 3091">
    <p class='ocr_par' dir='ltr' id='par_1_58' title="bbox 2111 3014 3633 3091">
     <span class='ocr_line' id='line_1_58' title="bbox 2111 3014 3633 3091; baseline -0.005 -17"><span class='ocrx_word' id='word_1_417' title='bbox 2111 3020 2229 3090; x_wconf 82' lang='grc' dir='ltr'>Ἐφ’</span> <span class='ocrx_word' id='word_1_418' title='bbox 2261 3019 2420 3090; x_wconf 79' lang='grc' dir='ltr'>ἡμῶν</span> <span class='ocrx_word' id='word_1_419' title='bbox 2448 3018 2505 3073; x_wconf 81' lang='grc' dir='ltr'>δὲ</span> <span class='ocrx_word' id='word_1_420' title='bbox 2528 3020 2627 3090; x_wconf 84' lang='grc' dir='ltr'>οὐχ</span> <span class='ocrx_word' id='word_1_421' title='bbox 2653 3019 2796 3073; x_wconf 77' lang='grc' dir='ltr'>οὕτω</span> <span class='ocrx_word' id='word_1_422' title='bbox 2823 3020 3118 3091; x_wconf 78' lang='grc' dir='ltr'>συμϐαίνει</span> <span class='ocrx_word' id='word_1_423' title='bbox 3140 3036 3156 3052; x_wconf 83' lang='grc'>⁶</span> <span class='ocrx_word' id='word_1_424' title='bbox 3185 3021 3320 3074; x_wconf 82' lang='grc' dir='ltr'>ἀλλὰ</span> <span class='ocrx_word' id='word_1_425' title='bbox 3340 3020 3425 3075; x_wconf 84' lang='grc' dir='ltr'><strong>διά</strong></span> <span class='ocrx_word' id='word_1_426' title='bbox 3449 3017 3535 3088; x_wconf 77' lang='grc' dir='ltr'>τὴν</span> <span class='ocrx_word' id='word_1_427' title='bbox 3557 3014 3633 3069; x_wconf 82' lang='grc' dir='ltr'>τοῦ</span> 
     </span>
    </p>
   </div>
   <div class='ocr_carea' id='block_1_59' title="bbox 429 3110 1998 3202">
    <p class='ocr_par' dir='ltr' id='par_1_59' title="bbox 429 3114 1993 3186">
     <span class='ocr_line' id='line_1_59' title="bbox 429 3114 1993 3186; baseline 0.001 -17"><span class='ocrx_word' id='word_1_428' title='bbox 429 3116 644 3171; x_wconf 74' lang='lat' dir='ltr'><strong>arbitrii</strong></span> <span class='ocrx_word' id='word_1_429' title='bbox 677 3125 836 3181; x_wconf 89' lang='lat' dir='ltr'><strong>nutu,</strong></span> <span class='ocrx_word' id='word_1_430' title='bbox 862 3116 1005 3170; x_wconf 89' lang='lat' dir='ltr'><strong>haud</strong></span> <span class='ocrx_word' id='word_1_431' title='bbox 1057 3130 1181 3169; x_wconf 92' lang='lat' dir='ltr'><strong>raro</strong></span> <span class='ocrx_word' id='word_1_432' title='bbox 1215 3130 1380 3185; x_wconf 89' lang='lat' dir='ltr'><strong>prava</strong></span> <span class='ocrx_word' id='word_1_433' title='bbox 1434 3115 1715 3186; x_wconf 79' lang='lat' dir='ltr'><strong>voluptate</strong></span> <span class='ocrx_word' id='word_1_434' title='bbox 1767 3114 1993 3178; x_wconf 88' lang='lat' dir='ltr'><strong>seducti,</strong></span> 
     </span>
    </p>
   </div>
   <div class='ocr_carea' id='block_1_60' title="bbox 2099 3110 3632 3202">
    <p class='ocr_par' dir='ltr' id='par_1_60' title="bbox 2102 3110 3632 3184">
     <span class='ocr_line' id='line_1_60' title="bbox 2102 3110 3632 3184; baseline -0.007 -16"><span class='ocrx_word' id='word_1_435' title='bbox 2102 3113 2450 3178; x_wconf 83' lang='grc' dir='ltr'>αὑτεξουσίου</span> <span class='ocrx_word' id='word_1_436' title='bbox 2476 3112 2667 3184; x_wconf 73' lang='grc' dir='ltr'>ῥοπὴν,</span> <span class='ocrx_word' id='word_1_437' title='bbox 2714 3112 2975 3177; x_wconf 78' lang='grc' dir='ltr'>πολλάκις</span> <span class='ocrx_word' id='word_1_438' title='bbox 3004 3113 3219 3182; x_wconf 83' lang='grc' dir='ltr'>φαύλης</span> <span class='ocrx_word' id='word_1_439' title='bbox 3275 3111 3457 3182; x_wconf 64' lang='grc' dir='ltr'>ἠδικῆς</span> <span class='ocrx_word' id='word_1_440' title='bbox 3498 3110 3632 3162; x_wconf 73' lang='grc' dir='ltr'>ἕνεκα</span> 
     </span>
    </p>
   </div>
   <div class='ocr_carea' id='block_1_61' title="bbox 427 3201 1998 3278">
    <p class='ocr_par' dir='ltr' id='par_1_61' title="bbox 427 3205 1998 3277">
     <span class='ocr_line' id='line_1_61' title="bbox 427 3205 1998 3277; baseline 0.001 -17"><span class='ocrx_word' id='word_1_441' title='bbox 427 3209 610 3263; x_wconf 81' lang='lat' dir='ltr'><strong>carnis</strong></span> <span class='ocrx_word' id='word_1_442' title='bbox 657 3208 989 3263; x_wconf 87' lang='lat' dir='ltr'><strong>voluntatem</strong></span> <span class='ocrx_word' id='word_1_443' title='bbox 1030 3206 1407 3275; x_wconf 67' lang='lat' dir='ltr'><strong>praeferimus,</strong></span> <span class='ocrx_word' id='word_1_444' title='bbox 1449 3221 1570 3277; x_wconf 73' lang='lat' dir='ltr'><strong>quae</strong></span> <span class='ocrx_word' id='word_1_445' title='bbox 1600 3205 1693 3262; x_wconf 89' lang='lat' dir='ltr'><strong>Dei</strong></span> <span class='ocrx_word' id='word_1_446' title='bbox 1732 3208 1998 3262; x_wconf 86' lang='lat' dir='ltr'><strong>voluntati</strong></span> 
     </span>
    </p>
   </div>
   <div class='ocr_carea' id='block_1_62' title="bbox 2099 3201 3635 3278">
    <p class='ocr_par' dir='ltr' id='par_1_62' title="bbox 2100 3201 3635 3278">
     <span class='ocr_line' id='line_1_62' title="bbox 2100 3201 3635 3278; baseline -0.005 -19"><span class='ocrx_word' id='word_1_447' title='bbox 2100 3205 2474 3276; x_wconf 76' lang='grc' dir='ltr'>ἀπατώμενοι,</span> <span class='ocrx_word' id='word_1_448' title='bbox 2520 3205 2582 3259; x_wconf 84' lang='grc' dir='ltr'>τὸ</span> <span class='ocrx_word' id='word_1_449' title='bbox 2616 3206 2712 3275; x_wconf 74' lang='grc' dir='ltr'>τῆς</span> <span class='ocrx_word' id='word_1_450' title='bbox 2744 3203 2947 3275; x_wconf 70' lang='grc' dir='ltr'>σαρκὸς</span> <span class='ocrx_word' id='word_1_451' title='bbox 2990 3205 3409 3278; x_wconf 76' lang='grc' dir='ltr'>προαιρούμεθα</span> <span class='ocrx_word' id='word_1_452' title='bbox 3435 3201 3635 3271; x_wconf 80' lang='grc' dir='ltr'>θέλημα,</span> 
     </span>
    </p>
   </div>
   <div class='ocr_carea' id='block_1_63' title="bbox 427 3295 1998 3371">
    <p class='ocr_par' dir='ltr' id='par_1_63' title="bbox 427 3298 1996 3371">
     <span class='ocr_line' id='line_1_63' title="bbox 427 3298 1996 3371; baseline -0.001 -16"><span class='ocrx_word' id='word_1_453' title='bbox 427 3305 749 3357; x_wconf 82' lang='lat' dir='ltr'><strong>adversatur</strong></span> <span class='ocrx_word' id='word_1_454' title='bbox 805 3301 1085 3371; x_wconf 87' lang='lat' dir='ltr'><strong>animique</strong></span> <span class='ocrx_word' id='word_1_455' title='bbox 1159 3298 1503 3369; x_wconf 77' lang='lat' dir='ltr'><strong>perfectioni.</strong></span> <span class='ocrx_word' id='word_1_456' title='bbox 1570 3300 1641 3355; x_wconf 90' lang='lat' dir='ltr'><strong>De</strong></span> <span class='ocrx_word' id='word_1_457' title='bbox 1696 3300 1798 3354; x_wconf 87' lang='lat' dir='ltr'><strong>hac</strong></span> <span class='ocrx_word' id='word_1_458' title='bbox 1850 3300 1996 3354; x_wconf 88' lang='lat' dir='ltr'><strong>enim</strong></span> 
     </span>
    </p>
   </div>
   <div class='ocr_carea' id='block_1_64' title="bbox 2099 3295 3637 3371">
    <p class='ocr_par' dir='ltr' id='par_1_64' title="bbox 2099 3295 3637 3369">
     <span class='ocr_line' id='line_1_64' title="bbox 2099 3295 3637 3369; baseline -0.004 -17"><span class='ocrx_word' id='word_1_459' title='bbox 2099 3299 2237 3369; x_wconf 81' lang='grc' dir='ltr'>ὅπερ</span> <span class='ocrx_word' id='word_1_460' title='bbox 2255 3299 2403 3352; x_wconf 74' lang='grc' dir='ltr'>ἐστὶν</span> <span class='ocrx_word' id='word_1_461' title='bbox 2432 3297 2671 3352; x_wconf 73' lang='grc' dir='ltr'>ἐναντίον</span> <span class='ocrx_word' id='word_1_462' title='bbox 2688 3297 2765 3368; x_wconf 87' lang='grc' dir='ltr'><strong>τῷ</strong></span> <span class='ocrx_word' id='word_1_463' title='bbox 2787 3297 3056 3369; x_wconf 77' lang='grc' dir='ltr'>θελήματι</span> <span class='ocrx_word' id='word_1_464' title='bbox 3073 3298 3169 3352; x_wconf 78' lang='grc' dir='ltr'>τοῦ</span> <span class='ocrx_word' id='word_1_465' title='bbox 3193 3297 3349 3363; x_wconf 81' lang='grc' dir='ltr'>Θεοῦ,</span> <span class='ocrx_word' id='word_1_466' title='bbox 3369 3297 3457 3352; x_wconf 73' lang='grc' dir='ltr'><strong>καὶ</strong></span> <span class='ocrx_word' id='word_1_467' title='bbox 3475 3296 3532 3366; x_wconf 71' lang='grc' dir='ltr'>τῇ</span> <span class='ocrx_word' id='word_1_468' title='bbox 3555 3295 3637 3363; x_wconf 72' lang='grc' dir='ltr'>τῆς</span> 
     </span>
    </p>
   </div>
   <div class='ocr_carea' id='block_1_65' title="bbox 425 3388 1997 3461">
    <p class='ocr_par' dir='ltr' id='par_1_65' title="bbox 425 3388 1997 3461">
     <span class='ocr_line' id='line_1_65' title="bbox 425 3388 1997 3461; baseline -0.003 -14"><span class='ocrx_word' id='word_1_469' title='bbox 425 3395 631 3447; x_wconf 89' lang='lat' dir='ltr'><strong>dictum</strong></span> <span class='ocrx_word' id='word_1_470' title='bbox 656 3399 784 3447; x_wconf 88' lang='lat' dir='ltr'><strong>est:</strong></span> <span class='ocrx_word' id='word_1_471' title='bbox 826 3410 845 3442; x_wconf 71' lang='grc' dir='ltr'><strong>ι</strong></span> <span class='ocrx_word' id='word_1_472' title='bbox 876 3388 1018 3445; x_wconf 88' lang='lat' dir='ltr'><strong>Caro</strong></span> <span class='ocrx_word' id='word_1_473' title='bbox 1050 3391 1393 3459; x_wconf 85' lang='lat' dir='ltr'><strong>concupiscit</strong></span> <span class='ocrx_word' id='word_1_474' title='bbox 1419 3391 1684 3445; x_wconf 81' lang='lat' dir='ltr'><strong>adversus</strong></span> <span class='ocrx_word' id='word_1_475' title='bbox 1715 3389 1997 3461; x_wconf 86' lang='lat' dir='ltr'><strong>spiritum,</strong></span> 
     </span>
    </p>
   </div>
   <div class='ocr_carea' id='block_1_66' title="bbox 425 3482 1362 3555">
    <p class='ocr_par' dir='ltr' id='par_1_66' title="bbox 425 3482 1362 3555">
     <span class='ocr_line' id='line_1_66' title="bbox 425 3482 1362 3555; baseline -0.007 -13"><span class='ocrx_word' id='word_1_476' title='bbox 425 3485 658 3555; x_wconf 79' lang='lat' dir='ltr'><strong>spiritus</strong></span> <span class='ocrx_word' id='word_1_477' title='bbox 686 3482 952 3537; x_wconf 76' lang='lat' dir='ltr'><strong>adversus</strong></span> <span class='ocrx_word' id='word_1_478' title='bbox 981 3495 1207 3536; x_wconf 88' lang='lat' dir='ltr'><strong>carnem</strong></span> <span class='ocrx_word' id='word_1_479' title='bbox 1238 3482 1305 3536; x_wconf 81' lang='lat'><strong>&quot;.</strong></span> <span class='ocrx_word' id='word_1_480' title='bbox 1339 3498 1362 3535; x_wconf 72' lang='grc' dir='ltr'><strong>ι</strong></span> 
     </span>
    </p>
   </div>
   <div class='ocr_carea' id='block_1_67' title="bbox 495 3660 1995 3733">
    <p class='ocr_par' dir='ltr' id='par_1_67' title="bbox 495 3660 1995 3733">
     <span class='ocr_line' id='line_1_67' title="bbox 495 3660 1995 3733; baseline 0.001 -17"><span class='ocrx_word' id='word_1_481' title='bbox 495 3662 573 3717; x_wconf 82' lang='lat' dir='ltr'><strong>Ex</strong></span> <span class='ocrx_word' id='word_1_482' title='bbox 603 3661 689 3718; x_wconf 87' lang='lat' dir='ltr'><strong>his</strong></span> <span class='ocrx_word' id='word_1_483' title='bbox 725 3676 890 3732; x_wconf 91' lang='lat' dir='ltr'><strong>porro</strong></span> <span class='ocrx_word' id='word_1_484' title='bbox 916 3660 1149 3717; x_wconf 84' lang='lat' dir='ltr'><strong>solvitur</strong></span> <span class='ocrx_word' id='word_1_485' title='bbox 1195 3662 1362 3716; x_wconf 88' lang='lat' dir='ltr'><strong>etiam</strong></span> <span class='ocrx_word' id='word_1_486' title='bbox 1420 3662 1510 3716; x_wconf 87' lang='lat' dir='ltr'><strong>illa</strong></span> <span class='ocrx_word' id='word_1_487' title='bbox 1557 3662 1789 3733; x_wconf 72' lang='lat' dir='ltr'><strong>quaestio</strong></span> <span class='ocrx_word' id='word_1_488' title='bbox 1812 3702 1828 3729; x_wconf 92' lang='lat'><strong>,</strong></span> <span class='ocrx_word' id='word_1_489' title='bbox 1856 3661 1995 3729; x_wconf 85' lang='lat' dir='ltr'><strong>Quid</strong></span> 
     </span>
    </p>
   </div>
   <div class='ocr_carea' id='block_1_68' title="bbox 423 3753 1998 3825">
    <p class='ocr_par' dir='ltr' id='par_1_68' title="bbox 423 3753 1998 3825">
     <span class='ocr_line' id='line_1_68' title="bbox 423 3753 1998 3825; baseline 0.001 -16"><span class='ocrx_word' id='word_1_490' title='bbox 423 3770 604 3810; x_wconf 68' lang='lat' dir='ltr'><strong>causae</strong></span> <span class='ocrx_word' id='word_1_491' title='bbox 627 3756 719 3821; x_wconf 89' lang='lat' dir='ltr'><strong>sit,</strong></span> <span class='ocrx_word' id='word_1_492' title='bbox 745 3764 846 3810; x_wconf 87' lang='lat' dir='ltr'><strong>cur</strong></span> <span class='ocrx_word' id='word_1_493' title='bbox 873 3764 1000 3809; x_wconf 90' lang='lat' dir='ltr'><strong>ante</strong></span> <span class='ocrx_word' id='word_1_494' title='bbox 1032 3768 1237 3808; x_wconf 85' lang='lat' dir='ltr'><strong>annum</strong></span> <span class='ocrx_word' id='word_1_495' title='bbox 1277 3753 1619 3809; x_wconf 87' lang='lat' dir='ltr'><strong>tricesimum</strong></span> <span class='ocrx_word' id='word_1_496' title='bbox 1654 3755 1809 3825; x_wconf 77' lang='lat' dir='ltr'><strong>signa</strong></span> <span class='ocrx_word' id='word_1_497' title='bbox 1835 3756 1998 3811; x_wconf 90' lang='lat' dir='ltr'><strong>edere</strong></span> 
     </span>
    </p>
   </div>
   <div class='ocr_carea' id='block_1_69' title="bbox 424 3845 1999 3917">
    <p class='ocr_par' dir='ltr' id='par_1_69' title="bbox 424 3845 1999 3917">
     <span class='ocr_line' id='line_1_69' title="bbox 424 3845 1999 3917; baseline 0.001 -18"><span class='ocrx_word' id='word_1_498' title='bbox 424 3861 532 3899; x_wconf 82' lang='lat' dir='ltr'><strong>non</strong></span> <span class='ocrx_word' id='word_1_499' title='bbox 569 3846 817 3916; x_wconf 64' lang='lat' dir='ltr'><strong>eruperit.</strong></span> <span class='ocrx_word' id='word_1_500' title='bbox 854 3845 992 3900; x_wconf 81' lang='lat' dir='ltr'><strong>Cum</strong></span> <span class='ocrx_word' id='word_1_501' title='bbox 1021 3846 1167 3900; x_wconf 71' lang='lat' dir='ltr'><strong>enim</strong></span> <span class='ocrx_word' id='word_1_502' title='bbox 1205 3845 1454 3899; x_wconf 90' lang='lat' dir='ltr'><strong>omnium</strong></span> <span class='ocrx_word' id='word_1_503' title='bbox 1484 3859 1756 3902; x_wconf 88' lang='lat' dir='ltr'><strong>consensu</strong></span> <span class='ocrx_word' id='word_1_504' title='bbox 1793 3847 1999 3917; x_wconf 90' lang='lat' dir='ltr'><strong>explo-</strong></span> 
     </span>
    </p>
   </div>
   <div class='ocr_carea' id='block_1_70' title="bbox 425 3931 1995 4003">
    <p class='ocr_par' dir='ltr' id='par_1_70' title="bbox 425 3931 1995 4003">
     <span class='ocr_line' id='line_1_70' title="bbox 425 3931 1995 4003; baseline 0.003 -18"><span class='ocrx_word' id='word_1_505' title='bbox 425 3944 606 3989; x_wconf 85' lang='lat' dir='ltr'><strong>ratum</strong></span> <span class='ocrx_word' id='word_1_506' title='bbox 634 3936 728 4002; x_wconf 91' lang='lat' dir='ltr'><strong>sit,</strong></span> <span class='ocrx_word' id='word_1_507' title='bbox 757 3933 901 3988; x_wconf 84' lang='lat' dir='ltr'><strong>Deus</strong></span> <span class='ocrx_word' id='word_1_508' title='bbox 931 3948 1054 3988; x_wconf 92' lang='lat' dir='ltr'><strong>cum</strong></span> <span class='ocrx_word' id='word_1_509' title='bbox 1097 3940 1276 3995; x_wconf 75' lang='lat' dir='ltr'><strong>esset,</strong></span> <span class='ocrx_word' id='word_1_510' title='bbox 1307 3931 1515 3995; x_wconf 82' lang='lat' dir='ltr'><strong>factum</strong></span> <span class='ocrx_word' id='word_1_511' title='bbox 1545 3947 1665 3990; x_wconf 74' lang='lat' dir='ltr'><strong>esse</strong></span> <span class='ocrx_word' id='word_1_512' title='bbox 1693 3933 1995 4003; x_wconf 80' lang='lat' dir='ltr'><strong>perfectum</strong></span> 
     </span>
    </p>
   </div>
   <div class='ocr_carea' id='block_1_71' title="bbox 425 4025 1995 4095">
    <p class='ocr_par' dir='ltr' id='par_1_71' title="bbox 425 4025 1995 4095">
     <span class='ocr_line' id='line_1_71' title="bbox 425 4025 1995 4095; baseline 0.001 -16"><span class='ocrx_word' id='word_1_513' title='bbox 425 4028 724 4091; x_wconf 89' lang='lat' dir='ltr'><strong>hominem,</strong></span> <span class='ocrx_word' id='word_1_514' title='bbox 752 4041 862 4080; x_wconf 91' lang='lat' dir='ltr'><strong>uno</strong></span> <span class='ocrx_word' id='word_1_515' title='bbox 885 4026 1105 4093; x_wconf 88' lang='lat' dir='ltr'><strong>dempto</strong></span> <span class='ocrx_word' id='word_1_516' title='bbox 1137 4035 1359 4092; x_wconf 87' lang='lat' dir='ltr'><strong>peccato</strong></span> <span class='ocrx_word' id='word_1_517' title='bbox 1385 4042 1401 4090; x_wconf 88' lang='lat'><strong>;</strong></span> <span class='ocrx_word' id='word_1_518' title='bbox 1431 4025 1621 4093; x_wconf 88' lang='lat' dir='ltr'><strong>liquet,</strong></span> <span class='ocrx_word' id='word_1_519' title='bbox 1650 4027 1702 4079; x_wconf 90' lang='lat' dir='ltr'><strong>in</strong></span> <span class='ocrx_word' id='word_1_520' title='bbox 1732 4036 1995 4095; x_wconf 84' lang='lat' dir='ltr'><strong>quantum</strong></span> 
     </span>
    </p>
   </div>
   <div class='ocr_carea' id='block_1_72' title="bbox 425 4117 1997 4187">
    <p class='ocr_par' dir='ltr' id='par_1_72' title="bbox 425 4117 1997 4187">
     <span class='ocr_line' id='line_1_72' title="bbox 425 4117 1997 4187; baseline 0.004 -16"><span class='ocrx_word' id='word_1_521' title='bbox 425 4119 568 4174; x_wconf 88' lang='lat' dir='ltr'><strong>Deus</strong></span> <span class='ocrx_word' id='word_1_522' title='bbox 598 4128 735 4181; x_wconf 90' lang='lat' dir='ltr'><strong>erat,</strong></span> <span class='ocrx_word' id='word_1_523' title='bbox 769 4119 933 4171; x_wconf 88' lang='lat' dir='ltr'><strong>etiam</strong></span> <span class='ocrx_word' id='word_1_524' title='bbox 963 4132 1087 4171; x_wconf 91' lang='lat' dir='ltr'><strong>cum</strong></span> <span class='ocrx_word' id='word_1_525' title='bbox 1142 4117 1381 4187; x_wconf 87' lang='lat' dir='ltr'><strong>pueriles</strong></span> <span class='ocrx_word' id='word_1_526' title='bbox 1423 4133 1487 4172; x_wconf 89' lang='lat' dir='ltr'><strong>ac</strong></span> <span class='ocrx_word' id='word_1_527' title='bbox 1537 4118 1781 4176; x_wconf 67' lang='lat' dir='ltr'><strong>infantiae</strong></span> <span class='ocrx_word' id='word_1_528' title='bbox 1821 4136 1997 4178; x_wconf 86' lang='lat' dir='ltr'><strong>annos</strong></span> 
     </span>
    </p>
   </div>
   <div class='ocr_carea' id='block_1_73' title="bbox 424 4207 1997 4279">
    <p class='ocr_par' dir='ltr' id='par_1_73' title="bbox 424 4207 1997 4279">
     <span class='ocr_line' id='line_1_73' title="bbox 424 4207 1997 4279; baseline 0.004 -18"><span class='ocrx_word' id='word_1_529' title='bbox 424 4216 629 4276; x_wconf 77' lang='lat' dir='ltr'><strong>ageret,</strong></span> <span class='ocrx_word' id='word_1_530' title='bbox 653 4207 896 4275; x_wconf 79' lang='lat' dir='ltr'><strong>patuisse</strong></span> <span class='ocrx_word' id='word_1_531' title='bbox 934 4208 1088 4277; x_wconf 77' lang='lat' dir='ltr'><strong>signa</strong></span> <span class='ocrx_word' id='word_1_532' title='bbox 1140 4208 1254 4279; x_wconf 61' lang='lat' dir='ltr'><strong>haec</strong></span> <span class='ocrx_word' id='word_1_533' title='bbox 1302 4207 1623 4264; x_wconf 88' lang='lat' dir='ltr'><strong>humanitus</strong></span> <span class='ocrx_word' id='word_1_534' title='bbox 1654 4212 1837 4272; x_wconf 88' lang='lat' dir='ltr'><strong>edere.</strong></span> <span class='ocrx_word' id='word_1_535' title='bbox 1888 4211 1997 4266; x_wconf 84' lang='lat' dir='ltr'><strong>Ta-</strong></span> 
     </span>
    </p>
   </div>
   <div class='ocr_carea' id='block_1_74' title="bbox 2097 3385 3637 3463">
    <p class='ocr_par' dir='ltr' id='par_1_74' title="bbox 2097 3385 3637 3463">
     <span class='ocr_line' id='line_1_74' title="bbox 2097 3385 3637 3463; baseline -0.005 -20"><span class='ocrx_word' id='word_1_536' title='bbox 2097 3392 2275 3461; x_wconf 75' lang='grc' dir='ltr'>ψυχῆς</span> <span class='ocrx_word' id='word_1_537' title='bbox 2322 3390 2650 3459; x_wconf 81' lang='grc' dir='ltr'>τελειότητι.</span> <span class='ocrx_word' id='word_1_538' title='bbox 2710 3390 2849 3461; x_wconf 79' lang='grc' dir='ltr'>Περὶ</span> <span class='ocrx_word' id='word_1_539' title='bbox 2884 3392 3084 3443; x_wconf 82' lang='grc' dir='ltr'>τούτου</span> <span class='ocrx_word' id='word_1_540' title='bbox 3120 3392 3235 3463; x_wconf 8' lang='grc' dir='ltr'>,γὰρ</span> <span class='ocrx_word' id='word_1_541' title='bbox 3266 3391 3488 3461; x_wconf 78' lang='grc' dir='ltr'>εἴρηται,</span> <span class='ocrx_word' id='word_1_542' title='bbox 3522 3405 3538 3438; x_wconf 86' lang='lat' dir='ltr'><strong>t</strong></span> <span class='ocrx_word' id='word_1_543' title='bbox 3583 3385 3637 3436; x_wconf 83' lang='grc' dir='ltr'><em>Ἢ</em></span> 
     </span>
    </p>
   </div>
   <div class='ocr_carea' id='block_1_75' title="bbox 2101 3476 3637 3554">
    <p class='ocr_par' dir='ltr' id='par_1_75' title="bbox 2101 3476 3637 3554">
     <span class='ocr_line' id='line_1_75' title="bbox 2101 3476 3637 3554; baseline -0.005 -19"><span class='ocrx_word' id='word_1_544' title='bbox 2101 3483 2238 3547; x_wconf 74' lang='grc' dir='ltr'>σὰρξ</span> <span class='ocrx_word' id='word_1_545' title='bbox 2257 3483 2519 3554; x_wconf 79' lang='grc' dir='ltr'>ἐπιθυμεῖ</span> <span class='ocrx_word' id='word_1_546' title='bbox 2540 3480 2682 3537; x_wconf 84' lang='grc' dir='ltr'><strong>κατά</strong></span> <span class='ocrx_word' id='word_1_547' title='bbox 2709 3480 2806 3535; x_wconf 79' lang='grc' dir='ltr'><strong>τοῦ</strong></span> <span class='ocrx_word' id='word_1_548' title='bbox 2837 3482 3156 3554; x_wconf 80' lang='grc' dir='ltr'>πνεύματος</span> <span class='ocrx_word' id='word_1_549' title='bbox 3177 3499 3191 3515; x_wconf 73' lang='grc' dir='ltr'><strong>ο</strong></span> <span class='ocrx_word' id='word_1_550' title='bbox 3212 3482 3274 3536; x_wconf 75' lang='grc' dir='ltr'><strong>τὸ</strong></span> <span class='ocrx_word' id='word_1_551' title='bbox 3295 3479 3497 3550; x_wconf 81' lang='grc' dir='ltr'>πνεῦμα</span> <span class='ocrx_word' id='word_1_552' title='bbox 3518 3476 3637 3531; x_wconf 84' lang='grc' dir='ltr'><strong>κατὰ</strong></span> 
     </span>
    </p>
   </div>
   <div class='ocr_carea' id='block_1_76' title="bbox 2096 3572 2657 3649">
    <p class='ocr_par' dir='ltr' id='par_1_76' title="bbox 2096 3572 2657 3649">
     <span class='ocr_line' id='line_1_76' title="bbox 2096 3572 2657 3649; baseline 0 -25"><span class='ocrx_word' id='word_1_553' title='bbox 2096 3572 2198 3643; x_wconf 77' lang='grc' dir='ltr'>τῆς</span> <span class='ocrx_word' id='word_1_554' title='bbox 2228 3574 2449 3644; x_wconf 81' lang='grc' dir='ltr'>σαρκός.</span> <span class='ocrx_word' id='word_1_555' title='bbox 2501 3592 2520 3624; x_wconf 79' lang='grc' dir='ltr'><strong>ι</strong></span> <span class='ocrx_word' id='word_1_556' title='bbox 2646 3639 2657 3649; x_wconf 45' lang='grc'><strong>.</strong></span> 
     </span>
    </p>
   </div>
   <div class='ocr_carea' id='block_1_77' title="bbox 2180 3658 3641 3733">
    <p class='ocr_par' dir='ltr' id='par_1_77' title="bbox 2180 3658 3641 3733">
     <span class='ocr_line' id='line_1_77' title="bbox 2180 3658 3641 3733; baseline 0.003 -17"><span class='ocrx_word' id='word_1_557' title='bbox 2180 3666 2275 3717; x_wconf 82' lang='grc' dir='ltr'><strong>Ἐκ</strong></span> <span class='ocrx_word' id='word_1_558' title='bbox 2310 3665 2515 3718; x_wconf 84' lang='grc' dir='ltr'>τούτων</span> <span class='ocrx_word' id='word_1_559' title='bbox 2540 3664 2822 3731; x_wconf 74' lang='grc' dir='ltr'>δὲλύεται,</span> <span class='ocrx_word' id='word_1_560' title='bbox 2858 3665 2952 3718; x_wconf 81' lang='grc' dir='ltr'>καὶ</span> <span class='ocrx_word' id='word_1_561' title='bbox 2984 3665 3135 3730; x_wconf 76' lang='grc' dir='ltr'>τίνες</span> <span class='ocrx_word' id='word_1_562' title='bbox 3170 3665 3335 3719; x_wconf 75' lang='grc' dir='ltr'>ἕνεκα</span> <span class='ocrx_word' id='word_1_563' title='bbox 3391 3663 3461 3733; x_wconf 83' lang='grc' dir='ltr'>μὴ</span> <span class='ocrx_word' id='word_1_564' title='bbox 3525 3658 3641 3729; x_wconf 75' lang='grc' dir='ltr'>πρόο</span> 
     </span>
    </p>
   </div>
   <div class='ocr_carea' id='block_1_78' title="bbox 2096 3754 3638 3830">
    <p class='ocr_par' dir='ltr' id='par_1_78' title="bbox 2096 3754 3638 3830">
     <span class='ocr_line' id='line_1_78' title="bbox 2096 3754 3638 3830; baseline -0.004 -19"><span class='ocrx_word' id='word_1_565' title='bbox 2096 3776 2255 3830; x_wconf 87' lang='grc' dir='ltr'>τερον</span> <span class='ocrx_word' id='word_1_566' title='bbox 2280 3759 2388 3811; x_wconf 80' lang='grc' dir='ltr'>τῶν</span> <span class='ocrx_word' id='word_1_567' title='bbox 2420 3759 2715 3829; x_wconf 77' lang='grc' dir='ltr'>τριάκοντα</span> <span class='ocrx_word' id='word_1_568' title='bbox 2747 3758 2956 3828; x_wconf 80' lang='grc' dir='ltr'>χρόνων</span> <span class='ocrx_word' id='word_1_569' title='bbox 2985 3758 3195 3829; x_wconf 69' lang='grc' dir='ltr'>ἤρξατο</span> <span class='ocrx_word' id='word_1_570' title='bbox 3228 3759 3425 3829; x_wconf 79' lang='grc' dir='ltr'>σημεῖα</span> <span class='ocrx_word' id='word_1_571' title='bbox 3469 3754 3638 3807; x_wconf 77' lang='grc' dir='ltr'>ποιεῖν.</span> 
     </span>
    </p>
   </div>
   <div class='ocr_carea' id='block_1_79' title="bbox 2098 3849 3641 3921">
    <p class='ocr_par' dir='ltr' id='par_1_79' title="bbox 2098 3849 3641 3921">
     <span class='ocr_line' id='line_1_79' title="bbox 2098 3849 3641 3921; baseline -0.006 -16"><span class='ocrx_word' id='word_1_572' title='bbox 2098 3853 2160 3905; x_wconf 88' lang='grc' dir='ltr'>Εί</span> <span class='ocrx_word' id='word_1_573' title='bbox 2192 3850 2301 3921; x_wconf 82' lang='grc' dir='ltr'>γὰρ</span> <span class='ocrx_word' id='word_1_574' title='bbox 2328 3852 2415 3906; x_wconf 77' lang='grc' dir='ltr'><strong>διὰ</strong></span> <span class='ocrx_word' id='word_1_575' title='bbox 2466 3853 2683 3906; x_wconf 84' lang='grc' dir='ltr'>πάντων</span> <span class='ocrx_word' id='word_1_576' title='bbox 2712 3851 3052 3921; x_wconf 82' lang='grc' dir='ltr'>ὁμολογεῖται</span> <span class='ocrx_word' id='word_1_577' title='bbox 3082 3856 3165 3907; x_wconf 78' lang='grc' dir='ltr'>ὅτι</span> <span class='ocrx_word' id='word_1_578' title='bbox 3191 3853 3321 3914; x_wconf 84' lang='grc' dir='ltr'>Θεὸς</span> <span class='ocrx_word' id='word_1_579' title='bbox 3351 3851 3442 3913; x_wconf 83' lang='grc' dir='ltr'>ὣν,</span> <span class='ocrx_word' id='word_1_580' title='bbox 3467 3849 3641 3905; x_wconf 79' lang='grc' dir='ltr'>τέλειος</span> 
     </span>
    </p>
   </div>
   <div class='ocr_carea' id='block_1_80' title="bbox 2098 3939 3727 4015">
    <p class='ocr_par' dir='ltr' id='par_1_80' title="bbox 2098 3939 3727 4015">
     <span class='ocr_line' id='line_1_80' title="bbox 2098 3939 3727 4015; baseline -0.006 -16"><span class='ocrx_word' id='word_1_581' title='bbox 2098 3944 2313 4014; x_wconf 68' lang='grc' dir='ltr'>ἐγένετο</span> <span class='ocrx_word' id='word_1_582' title='bbox 2351 3944 2642 4015; x_wconf 81' lang='grc' dir='ltr'>ἄνθρωπος</span> <span class='ocrx_word' id='word_1_583' title='bbox 2686 3944 2856 4014; x_wconf 72' lang='grc' dir='ltr'>χωρὶς</span> <span class='ocrx_word' id='word_1_584' title='bbox 2883 3945 3188 4015; x_wconf 86' lang='grc' dir='ltr'>ἁμαρτίας,</span> <span class='ocrx_word' id='word_1_585' title='bbox 3223 3944 3451 4015; x_wconf 69' lang='grc' dir='ltr'>φανερὸν</span> <span class='ocrx_word' id='word_1_586' title='bbox 3480 3942 3552 3995; x_wconf 82' lang='grc' dir='ltr'>ὅτι</span> <span class='ocrx_word' id='word_1_587' title='bbox 3578 3939 3640 3999; x_wconf 81' lang='grc' dir='ltr'><strong>ὡς</strong></span> <span class='ocrx_word' id='word_1_588' title='bbox 3719 3961 3727 3971; x_wconf 90' lang='grc'><strong>·</strong></span> 
     </span>
    </p>
   </div>
   <div class='ocr_carea' id='block_1_81' title="bbox 2100 4031 3640 4109">
    <p class='ocr_par' dir='ltr' id='par_1_81' title="bbox 2100 4031 3640 4109">
     <span class='ocr_line' id='line_1_81' title="bbox 2100 4031 3640 4109; baseline -0.005 -19"><span class='ocrx_word' id='word_1_589' title='bbox 2100 4036 2199 4106; x_wconf 74' lang='grc' dir='ltr'>μὲν</span> <span class='ocrx_word' id='word_1_590' title='bbox 2233 4036 2370 4101; x_wconf 82' lang='grc' dir='ltr'>Θεὸς</span> <span class='ocrx_word' id='word_1_591' title='bbox 2417 4038 2642 4091; x_wconf 80' lang='grc' dir='ltr'>ἐδύνατο</span> <span class='ocrx_word' id='word_1_592' title='bbox 2693 4038 2787 4090; x_wconf 80' lang='grc' dir='ltr'>καὶ</span> <span class='ocrx_word' id='word_1_593' title='bbox 2847 4037 3115 4108; x_wconf 80' lang='grc' dir='ltr'>παιδικὴν</span> <span class='ocrx_word' id='word_1_594' title='bbox 3169 4038 3389 4109; x_wconf 75' lang='grc' dir='ltr'>ἠλικίαν</span> <span class='ocrx_word' id='word_1_595' title='bbox 3438 4031 3640 4088; x_wconf 73' lang='grc' dir='ltr'>κατὰτὸ</span> 
     </span>
    </p>
   </div>
   <div class='ocr_carea' id='block_1_82' title="bbox 2096 4125 3642 4201">
    <p class='ocr_par' dir='ltr' id='par_1_82' title="bbox 2096 4125 3642 4201">
     <span class='ocr_line' id='line_1_82' title="bbox 2096 4125 3642 4201; baseline -0.003 -18"><span class='ocrx_word' id='word_1_596' title='bbox 2096 4128 2438 4201; x_wconf 83' lang='grc' dir='ltr'>ἀνθρώπινον</span> <span class='ocrx_word' id='word_1_597' title='bbox 2468 4128 2632 4199; x_wconf 80' lang='grc' dir='ltr'>ἔχων,</span> <span class='ocrx_word' id='word_1_598' title='bbox 2663 4129 2836 4184; x_wconf 85' lang='grc' dir='ltr'>ταῦτα</span> <span class='ocrx_word' id='word_1_599' title='bbox 2868 4130 2936 4183; x_wconf 79' lang='grc' dir='ltr'>τὰ</span> <span class='ocrx_word' id='word_1_600' title='bbox 2984 4132 3197 4200; x_wconf 81' lang='grc' dir='ltr'>σημεῖα</span> <span class='ocrx_word' id='word_1_601' title='bbox 3231 4136 3423 4185; x_wconf 77' lang='grc' dir='ltr'>ποιεῖν.</span> <span class='ocrx_word' id='word_1_602' title='bbox 3473 4129 3528 4181; x_wconf 83' lang='grc' dir='ltr'><strong>Εἰ</strong></span> <span class='ocrx_word' id='word_1_603' title='bbox 3552 4125 3642 4192; x_wconf 72' lang='grc' dir='ltr'>γὰρ</span> 
     </span>
    </p>
   </div>
   <div class='ocr_carea' id='block_1_83' title="bbox 2096 4220 3642 4293">
    <p class='ocr_par' dir='ltr' id='par_1_83' title="bbox 2096 4220 3642 4293">
     <span class='ocr_line' id='line_1_83' title="bbox 2096 4220 3642 4293; baseline -0.005 -19"><span class='ocrx_word' id='word_1_604' title='bbox 2096 4222 2192 4275; x_wconf 76' lang='grc' dir='ltr'>καὶ</span> <span class='ocrx_word' id='word_1_605' title='bbox 2224 4220 2397 4291; x_wconf 65' lang='grc' dir='ltr'>φησὶν</span> <span class='ocrx_word' id='word_1_606' title='bbox 2435 4222 2464 4274; x_wconf 85' lang='grc' dir='ltr'>ὁ</span> <span class='ocrx_word' id='word_1_607' title='bbox 2494 4221 2923 4292; x_wconf 75' lang='grc' dir='ltr'>Εὑαγγελιστὴς,</span> <span class='ocrx_word' id='word_1_608' title='bbox 2961 4232 2983 4273; x_wconf 68' lang='grc' dir='ltr'><strong>ι</strong></span> <span class='ocrx_word' id='word_1_609' title='bbox 3039 4223 3254 4293; x_wconf 80' lang='grc' dir='ltr'>Ἰησοῦς</span> <span class='ocrx_word' id='word_1_610' title='bbox 3281 4224 3336 4275; x_wconf 74' lang='grc' dir='ltr'>δὲ</span> <span class='ocrx_word' id='word_1_611' title='bbox 3370 4222 3642 4291; x_wconf 80' lang='grc' dir='ltr'>προέκοπτε</span> 
     </span>
    </p>
   </div>
   <div class='ocr_carea' id='block_1_84' title="bbox 425 4299 1998 4391">
    <p class='ocr_par' dir='ltr' id='par_1_84' title="bbox 425 4299 1996 4375">
     <span class='ocr_line' id='line_1_84' title="bbox 425 4299 1996 4375; baseline 0.005 -22"><span class='ocrx_word' id='word_1_612' title='bbox 425 4301 583 4354; x_wconf 88' lang='lat' dir='ltr'><strong>metsi</strong></span> <span class='ocrx_word' id='word_1_613' title='bbox 629 4302 775 4353; x_wconf 90' lang='lat' dir='ltr'><strong>enim</strong></span> <span class='ocrx_word' id='word_1_614' title='bbox 814 4303 892 4353; x_wconf 89' lang='lat' dir='ltr'><strong>ait</strong></span> <span class='ocrx_word' id='word_1_615' title='bbox 940 4299 1286 4368; x_wconf 67' lang='lat' dir='ltr'><strong>Evangelista</strong></span> <span class='ocrx_word' id='word_1_616' title='bbox 1326 4316 1339 4352; x_wconf 93' lang='lat'>:</span> <span class='ocrx_word' id='word_1_617' title='bbox 1376 4321 1395 4352; x_wconf 74' lang='grc' dir='ltr'><strong>ε</strong></span> <span class='ocrx_word' id='word_1_618' title='bbox 1429 4299 1589 4357; x_wconf 80' lang='lat' dir='ltr'><strong>Jesus</strong></span> <span class='ocrx_word' id='word_1_619' title='bbox 1619 4315 1798 4359; x_wconf 89' lang='lat' dir='ltr'><strong>autem</strong></span> <span class='ocrx_word' id='word_1_620' title='bbox 1828 4307 1996 4375; x_wconf 83' lang='lat' dir='ltr'><strong>proti-</strong></span> 
     </span>
    </p>
   </div>
   <div class='ocr_carea' id='block_1_85' title="bbox 2099 4299 3642 4391">
    <p class='ocr_par' dir='ltr' id='par_1_85' title="bbox 2099 4310 3642 4391">
     <span class='ocr_line' id='line_1_85' title="bbox 2099 4310 3642 4391; baseline -0.001 -26"><span class='ocrx_word' id='word_1_621' title='bbox 2099 4314 2260 4385; x_wconf 79' lang='grc' dir='ltr'>σοφῖᾳ</span> <span class='ocrx_word' id='word_1_622' title='bbox 2292 4314 2386 4366; x_wconf 75' lang='grc' dir='ltr'>καὶ</span> <span class='ocrx_word' id='word_1_623' title='bbox 2414 4313 2602 4391; x_wconf 68' lang='grc' dir='ltr'>ἡλικίᾳ</span> <span class='ocrx_word' id='word_1_624' title='bbox 2631 4317 2729 4370; x_wconf 81' lang='grc' dir='ltr'>καὶ</span> <span class='ocrx_word' id='word_1_625' title='bbox 2757 4318 2964 4388; x_wconf 88' lang='grc' dir='ltr'>χάριτι,</span> <span class='ocrx_word' id='word_1_626' title='bbox 2993 4336 3020 4372; x_wconf 71' lang='grc' dir='ltr'><strong>ι</strong></span> <span class='ocrx_word' id='word_1_627' title='bbox 3065 4320 3128 4372; x_wconf 83' lang='grc' dir='ltr'>οὐ</span> <span class='ocrx_word' id='word_1_628' title='bbox 3184 4320 3400 4390; x_wconf 83' lang='grc' dir='ltr'>νοητέον</span> <span class='ocrx_word' id='word_1_629' title='bbox 3437 4318 3513 4371; x_wconf 85' lang='grc' dir='ltr'>ὅτι</span> <span class='ocrx_word' id='word_1_630' title='bbox 3541 4310 3642 4365; x_wconf 82' lang='grc' dir='ltr'>κατ’</span> 
     </span>
    </p>
   </div>
   <div class='ocr_carea' id='block_1_86' title="bbox 422 4391 1998 4479">
    <p class='ocr_par' dir='ltr' id='par_1_86' title="bbox 422 4391 1998 4465">
     <span class='ocr_line' id='line_1_86' title="bbox 422 4391 1998 4465; baseline 0.003 -19"><span class='ocrx_word' id='word_1_631' title='bbox 422 4392 599 4447; x_wconf 86' lang='lat' dir='ltr'><strong>ciebat</strong></span> <span class='ocrx_word' id='word_1_632' title='bbox 633 4391 901 4460; x_wconf 84' lang='lat' dir='ltr'><strong>sapientia</strong></span> <span class='ocrx_word' id='word_1_633' title='bbox 933 4400 988 4445; x_wconf 88' lang='lat' dir='ltr'><strong>et</strong></span> <span class='ocrx_word' id='word_1_634' title='bbox 1016 4400 1177 4445; x_wconf 69' lang='lat' dir='ltr'><strong>aetate</strong></span> <span class='ocrx_word' id='word_1_635' title='bbox 1214 4400 1271 4446; x_wconf 92' lang='lat' dir='ltr'><strong>et</strong></span> <span class='ocrx_word' id='word_1_636' title='bbox 1302 4393 1476 4462; x_wconf 77' lang='lat' dir='ltr'><strong>gratia</strong></span> <span class='ocrx_word' id='word_1_637' title='bbox 1496 4392 1563 4465; x_wconf 62' lang='grc' dir='ltr'><strong>ξ’,</strong></span> <span class='ocrx_word' id='word_1_638' title='bbox 1614 4413 1630 4444; x_wconf 75' lang='grc' dir='ltr'><strong>ι</strong></span> <span class='ocrx_word' id='word_1_639' title='bbox 1674 4411 1781 4450; x_wconf 90' lang='grc' dir='ltr'>ιιοιι</span> <span class='ocrx_word' id='word_1_640' title='bbox 1815 4397 1998 4452; x_wconf 84' lang='lat' dir='ltr'><strong>itaiu-</strong></span> 
     </span>
    </p>
   </div>
   <div class='ocr_carea' id='block_1_87' title="bbox 2099 4391 3644 4479">
    <p class='ocr_par' dir='ltr' id='par_1_87' title="bbox 2099 4404 3644 4479">
     <span class='ocr_line' id='line_1_87' title="bbox 2099 4404 3644 4479; baseline -0.001 -22"><span class='ocrx_word' id='word_1_641' title='bbox 2099 4404 2275 4472; x_wconf 81' lang='grc' dir='ltr'>ὀλίγον</span> <span class='ocrx_word' id='word_1_642' title='bbox 2298 4406 2589 4475; x_wconf 78' lang='grc' dir='ltr'>ηὐξάνετο,</span> <span class='ocrx_word' id='word_1_643' title='bbox 2625 4409 2719 4460; x_wconf 83' lang='grc' dir='ltr'><strong>καὶ</strong></span> <span class='ocrx_word' id='word_1_644' title='bbox 2747 4408 2855 4462; x_wconf 87' lang='grc' dir='ltr'>ἀπὸ</span> <span class='ocrx_word' id='word_1_645' title='bbox 2882 4408 2980 4463; x_wconf 82' lang='grc' dir='ltr'>τοῦ</span> <span class='ocrx_word' id='word_1_646' title='bbox 3015 4410 3247 4479; x_wconf 84' lang='grc' dir='ltr'>δυνάμει</span> <span class='ocrx_word' id='word_1_647' title='bbox 3286 4411 3365 4472; x_wconf 88' lang='grc' dir='ltr'><strong>είς</strong></span> <span class='ocrx_word' id='word_1_648' title='bbox 3395 4408 3644 4476; x_wconf 73' lang='grc' dir='ltr'>ἐνέργειαν</span> 
     </span>
    </p>
   </div>
   <div class='ocr_carea' id='block_1_88' title="bbox 422 4476 1998 4573">
    <p class='ocr_par' dir='ltr' id='par_1_88' title="bbox 422 4483 1996 4559">
     <span class='ocr_line' id='line_1_88' title="bbox 422 4483 1996 4559; baseline 0.004 -21"><span class='ocrx_word' id='word_1_649' title='bbox 422 4483 803 4555; x_wconf 78' lang='lat' dir='ltr'><strong>telligentlum,</strong></span> <span class='ocrx_word' id='word_1_650' title='bbox 857 4483 1016 4553; x_wconf 83' lang='lat' dir='ltr'><strong>quasi</strong></span> <span class='ocrx_word' id='word_1_651' title='bbox 1061 4484 1324 4553; x_wconf 84' lang='lat' dir='ltr'><strong>paulatim</strong></span> <span class='ocrx_word' id='word_1_652' title='bbox 1378 4498 1682 4550; x_wconf 83' lang='lat' dir='ltr'><strong>cresceret,</strong></span> <span class='ocrx_word' id='word_1_653' title='bbox 1729 4499 1892 4559; x_wconf 88' lang='lat' dir='ltr'><strong>atque</strong></span> <span class='ocrx_word' id='word_1_654' title='bbox 1927 4490 1996 4545; x_wconf 89' lang='lat' dir='ltr'><strong>ab</strong></span> 
     </span>
    </p>
   </div>
   <div class='ocr_carea' id='block_1_89' title="bbox 2099 4476 3643 4573">
    <p class='ocr_par' dir='ltr' id='par_1_89' title="bbox 2103 4476 3643 4573">
     <span class='ocr_line' id='line_1_89' title="bbox 2103 4476 3643 4573; baseline -0.002 -24"><span class='ocrx_word' id='word_1_655' title='bbox 2103 4496 2484 4568; x_wconf 70' lang='grc' dir='ltr'>ἐντελεστέραν</span> <span class='ocrx_word' id='word_1_656' title='bbox 2514 4498 2588 4562; x_wconf 83' lang='grc' dir='ltr'><strong>ὡς</strong></span> <span class='ocrx_word' id='word_1_657' title='bbox 2618 4499 2669 4552; x_wconf 78' lang='lat' dir='ltr'><strong>oi</strong></span> <span class='ocrx_word' id='word_1_658' title='bbox 2700 4498 2980 4571; x_wconf 80' lang='grc' dir='ltr'>ἄνθρωποι</span> <span class='ocrx_word' id='word_1_659' title='bbox 3014 4476 3218 4573; x_wconf 57' lang='grc' dir='ltr'>προῄει</span> <span class='ocrx_word' id='word_1_660' title='bbox 3238 4520 3251 4533; x_wconf 77' lang='grc' dir='ltr'><strong><em>ο</em></strong></span> <span class='ocrx_word' id='word_1_661' title='bbox 3292 4522 3310 4554; x_wconf 77' lang='grc' dir='ltr'><strong>ι</strong></span> <span class='ocrx_word' id='word_1_662' title='bbox 3346 4499 3409 4552; x_wconf 86' lang='grc' dir='ltr'>Τί</span> <span class='ocrx_word' id='word_1_663' title='bbox 3436 4497 3537 4567; x_wconf 83' lang='grc' dir='ltr'>γὰρ</span> <span class='ocrx_word' id='word_1_664' title='bbox 3562 4491 3643 4546; x_wconf 78' lang='grc' dir='ltr'>τοῦ</span> 
     </span>
    </p>
   </div>
   <div class='ocr_carea' id='block_1_90' title="bbox 418 4575 1998 4663">
    <p class='ocr_par' dir='ltr' id='par_1_90' title="bbox 418 4575 1994 4653">
     <span class='ocr_line' id='line_1_90' title="bbox 418 4575 1994 4653; baseline 0.005 -22"><span class='ocrx_word' id='word_1_665' title='bbox 418 4591 487 4631; x_wconf 90' lang='lat' dir='ltr'><strong>eo</strong></span> <span class='ocrx_word' id='word_1_666' title='bbox 516 4575 661 4647; x_wconf 92' lang='lat' dir='ltr'><strong>quod</strong></span> <span class='ocrx_word' id='word_1_667' title='bbox 697 4586 779 4631; x_wconf 88' lang='lat' dir='ltr'><strong>est</strong></span> <span class='ocrx_word' id='word_1_668' title='bbox 809 4577 1075 4647; x_wconf 86' lang='lat' dir='ltr'><strong>potentia,</strong></span> <span class='ocrx_word' id='word_1_669' title='bbox 1128 4579 1197 4631; x_wconf 93' lang='lat' dir='ltr'><strong>ad</strong></span> <span class='ocrx_word' id='word_1_670' title='bbox 1244 4589 1425 4633; x_wconf 90' lang='lat' dir='ltr'><strong>actum</strong></span> <span class='ocrx_word' id='word_1_671' title='bbox 1464 4580 1842 4650; x_wconf 75' lang='lat' dir='ltr'><strong>perfectiorem</strong></span> <span class='ocrx_word' id='word_1_672' title='bbox 1878 4585 1994 4653; x_wconf 88' lang='lat' dir='ltr'><strong>(uti</strong></span> 
     </span>
    </p>
   </div>
   <div class='ocr_carea' id='block_1_91' title="bbox 2099 4575 3645 4663">
    <p class='ocr_par' dir='ltr' id='par_1_91' title="bbox 2103 4585 3645 4663">
     <span class='ocr_line' id='line_1_91' title="bbox 2103 4585 3645 4663; baseline -0.004 -23"><span class='ocrx_word' id='word_1_673' title='bbox 2103 4585 2359 4659; x_wconf 79' lang='grc' dir='ltr'>ἀπαρχῆς</span> <span class='ocrx_word' id='word_1_674' title='bbox 2384 4587 2588 4641; x_wconf 78' lang='grc' dir='ltr'>τελείου</span> <span class='ocrx_word' id='word_1_675' title='bbox 2615 4589 2814 4658; x_wconf 79' lang='grc' dir='ltr'>γένοιτ’</span> <span class='ocrx_word' id='word_1_676' title='bbox 2846 4592 2913 4644; x_wconf 82' lang='grc' dir='ltr'>ἂν</span> <span class='ocrx_word' id='word_1_677' title='bbox 2940 4593 3279 4663; x_wconf 84' lang='grc' dir='ltr'>τελειότερον</span> <span class='ocrx_word' id='word_1_678' title='bbox 3307 4610 3321 4655; x_wconf 90' lang='grc'>;</span> <span class='ocrx_word' id='word_1_679' title='bbox 3368 4610 3385 4643; x_wconf 81' lang='grc' dir='ltr'><strong>ι</strong></span> <span class='ocrx_word' id='word_1_680' title='bbox 3431 4587 3537 4642; x_wconf 83' lang='grc' dir='ltr'>ἀλλ’</span> <span class='ocrx_word' id='word_1_681' title='bbox 3576 4587 3645 4637; x_wconf 85' lang='grc' dir='ltr'>ὅτι</span> 
     </span>
    </p>
   </div>
   <div class='ocr_carea' id='block_1_92' title="bbox 421 4669 1998 4756">
    <p class='ocr_par' dir='ltr' id='par_1_92' title="bbox 421 4669 1993 4747">
     <span class='ocr_line' id='line_1_92' title="bbox 421 4669 1993 4747; baseline 0.005 -24"><span class='ocrx_word' id='word_1_682' title='bbox 421 4684 482 4723; x_wconf 88' lang='lat' dir='ltr'><strong>se</strong></span> <span class='ocrx_word' id='word_1_683' title='bbox 534 4684 621 4723; x_wconf 85' lang='lat' dir='ltr'><strong>res</strong></span> <span class='ocrx_word' id='word_1_684' title='bbox 671 4669 725 4723; x_wconf 92' lang='lat' dir='ltr'><strong>in</strong></span> <span class='ocrx_word' id='word_1_685' title='bbox 759 4669 1078 4724; x_wconf 87' lang='lat' dir='ltr'><strong>hominibus</strong></span> <span class='ocrx_word' id='word_1_686' title='bbox 1132 4669 1330 4747; x_wconf 69' lang='lat' dir='ltr'><strong>habet)</strong></span> <span class='ocrx_word' id='word_1_687' title='bbox 1389 4675 1748 4741; x_wconf 85' lang='lat' dir='ltr'><strong>procederet:</strong></span> <span class='ocrx_word' id='word_1_688' title='bbox 1794 4693 1811 4726; x_wconf 75' lang='grc' dir='ltr'><strong>ι</strong></span> <span class='ocrx_word' id='word_1_689' title='bbox 1852 4675 1993 4742; x_wconf 87' lang='lat' dir='ltr'><strong>Quid</strong></span> 
     </span>
    </p>
   </div>
   <div class='ocr_carea' id='block_1_93' title="bbox 2099 4669 3646 4756">
    <p class='ocr_par' dir='ltr' id='par_1_93' title="bbox 2102 4672 3646 4756">
     <span class='ocr_line' id='line_1_93' title="bbox 2102 4672 3646 4756; baseline 0.004 -23"><span class='ocrx_word' id='word_1_690' title='bbox 2102 4681 2244 4734; x_wconf 85' lang='grc' dir='ltr'><strong>κατά</strong></span> <span class='ocrx_word' id='word_1_691' title='bbox 2274 4679 2334 4733; x_wconf 82' lang='grc' dir='ltr'>τὸ</span> <span class='ocrx_word' id='word_1_692' title='bbox 2362 4679 2707 4752; x_wconf 81' lang='grc' dir='ltr'>ἀνθρώπινον</span> <span class='ocrx_word' id='word_1_693' title='bbox 2758 4680 2874 4751; x_wconf 83' lang='grc' dir='ltr'><strong>ὥρα</strong></span> <span class='ocrx_word' id='word_1_694' title='bbox 2932 4685 3029 4737; x_wconf 74' lang='grc' dir='ltr'>καὶ</span> <span class='ocrx_word' id='word_1_695' title='bbox 3082 4684 3246 4756; x_wconf 84' lang='grc' dir='ltr'>χάρις</span> <span class='ocrx_word' id='word_1_696' title='bbox 3285 4682 3556 4751; x_wconf 66' lang='grc' dir='ltr'>ἐπέλαμπε</span> <span class='ocrx_word' id='word_1_697' title='bbox 3581 4672 3646 4744; x_wconf 72' lang='grc' dir='ltr'><strong>τῷ</strong></span> 
     </span>
    </p>
   </div>
   <div class='ocr_carea' id='block_1_94' title="bbox 419 4762 1998 4848">
    <p class='ocr_par' dir='ltr' id='par_1_94' title="bbox 419 4762 1996 4840">
     <span class='ocr_line' id='line_1_94' title="bbox 419 4762 1996 4840; baseline 0.006 -23"><span class='ocrx_word' id='word_1_698' title='bbox 419 4763 566 4817; x_wconf 83' lang='lat' dir='ltr'><strong>enim</strong></span> <span class='ocrx_word' id='word_1_699' title='bbox 595 4777 661 4819; x_wconf 88' lang='lat' dir='ltr'><strong>eo</strong></span> <span class='ocrx_word' id='word_1_700' title='bbox 688 4801 704 4826; x_wconf 90' lang='lat'><strong>,</strong></span> <span class='ocrx_word' id='word_1_701' title='bbox 756 4764 902 4832; x_wconf 89' lang='lat' dir='ltr'><strong>quod</strong></span> <span class='ocrx_word' id='word_1_702' title='bbox 938 4778 966 4815; x_wconf 86' lang='lat' dir='ltr'><strong>a</strong></span> <span class='ocrx_word' id='word_1_703' title='bbox 1000 4762 1271 4833; x_wconf 87' lang='lat' dir='ltr'><strong>principio</strong></span> <span class='ocrx_word' id='word_1_704' title='bbox 1302 4763 1600 4834; x_wconf 78' lang='lat' dir='ltr'><strong>perlectum</strong></span> <span class='ocrx_word' id='word_1_705' title='bbox 1632 4778 1750 4822; x_wconf 88' lang='lat' dir='ltr'><strong>erat</strong></span> <span class='ocrx_word' id='word_1_706' title='bbox 1771 4809 1787 4835; x_wconf 93' lang='lat'><strong>,</strong></span> <span class='ocrx_word' id='word_1_707' title='bbox 1818 4770 1996 4840; x_wconf 79' lang='lat' dir='ltr'><strong>perfe-</strong></span> 
     </span>
    </p>
   </div>
   <div class='ocr_carea' id='block_1_95' title="bbox 2099 4762 3645 4848">
    <p class='ocr_par' dir='ltr' id='par_1_95' title="bbox 2100 4769 3645 4848">
     <span class='ocr_line' id='line_1_95' title="bbox 2100 4769 3645 4848; baseline 0.001 -22"><span class='ocrx_word' id='word_1_708' title='bbox 2100 4772 2292 4826; x_wconf 88' lang='grc' dir='ltr'>τούτου</span> <span class='ocrx_word' id='word_1_709' title='bbox 2326 4773 2603 4845; x_wconf 81' lang='grc' dir='ltr'>προσώπῳ</span> <span class='ocrx_word' id='word_1_710' title='bbox 2628 4790 2643 4807; x_wconf 78' lang='grc' dir='ltr'><strong><em>ο</em></strong></span> <span class='ocrx_word' id='word_1_711' title='bbox 2673 4774 2770 4828; x_wconf 79' lang='grc' dir='ltr'><strong>καὶ</strong></span> <span class='ocrx_word' id='word_1_712' title='bbox 2813 4777 2896 4829; x_wconf 84' lang='grc' dir='ltr'>ὅτι</span> <span class='ocrx_word' id='word_1_713' title='bbox 2925 4776 3272 4848; x_wconf 80' lang='grc' dir='ltr'>καταμικρδν</span> <span class='ocrx_word' id='word_1_714' title='bbox 3296 4774 3385 4829; x_wconf 86' lang='grc' dir='ltr'><strong>διὰ</strong></span> <span class='ocrx_word' id='word_1_715' title='bbox 3414 4773 3515 4827; x_wconf 81' lang='grc' dir='ltr'><strong>τῶν</strong></span> <span class='ocrx_word' id='word_1_716' title='bbox 3543 4769 3645 4828; x_wconf 77' lang='grc' dir='ltr'>ταῖς</span> 
     </span>
    </p>
   </div>
   <div class='ocr_carea' id='block_1_96' title="bbox 420 4848 1998 4940">
    <p class='ocr_par' dir='ltr' id='par_1_96' title="bbox 420 4854 1998 4933">
     <span class='ocr_line' id='line_1_96' title="bbox 420 4854 1998 4933; baseline 0.007 -25"><span class='ocrx_word' id='word_1_717' title='bbox 420 4856 565 4911; x_wconf 85' lang='lat' dir='ltr'><strong>ctius</strong></span> <span class='ocrx_word' id='word_1_718' title='bbox 603 4869 724 4910; x_wconf 88' lang='lat' dir='ltr'><strong>esse</strong></span> <span class='ocrx_word' id='word_1_719' title='bbox 775 4854 987 4924; x_wconf 84' lang='lat' dir='ltr'><strong>possit?</strong></span> <span class='ocrx_word' id='word_1_720' title='bbox 1031 4872 1050 4906; x_wconf 75' lang='grc' dir='ltr'><strong>ι</strong></span> <span class='ocrx_word' id='word_1_721' title='bbox 1085 4856 1177 4909; x_wconf 90' lang='lat' dir='ltr'><strong>sed</strong></span> <span class='ocrx_word' id='word_1_722' title='bbox 1213 4855 1339 4925; x_wconf 87' lang='lat' dir='ltr'><strong>quia</strong></span> <span class='ocrx_word' id='word_1_723' title='bbox 1394 4858 1446 4910; x_wconf 94' lang='lat' dir='ltr'><strong>in</strong></span> <span class='ocrx_word' id='word_1_724' title='bbox 1478 4859 1598 4929; x_wconf 90' lang='lat' dir='ltr'><strong>ejus</strong></span> <span class='ocrx_word' id='word_1_725' title='bbox 1625 4860 1775 4915; x_wconf 92' lang='lat' dir='ltr'><strong>vultu</strong></span> <span class='ocrx_word' id='word_1_726' title='bbox 1814 4876 1998 4933; x_wconf 77' lang='lat' dir='ltr'><strong>gestu-</strong></span> 
     </span>
    </p>
   </div>
   <div class='ocr_carea' id='block_1_97' title="bbox 2099 4848 3645 4940">
    <p class='ocr_par' dir='ltr' id='par_1_97' title="bbox 2104 4848 3645 4940">
     <span class='ocr_line' id='line_1_97' title="bbox 2104 4848 3645 4940; baseline 0.003 -23"><span class='ocrx_word' id='word_1_727' title='bbox 2104 4864 2348 4936; x_wconf 77' lang='grc' dir='ltr'>ἡλικίαις</span> <span class='ocrx_word' id='word_1_728' title='bbox 2400 4848 2782 4936; x_wconf 86' lang='grc' dir='ltr'>ἀναλογουσῶν</span> <span class='ocrx_word' id='word_1_729' title='bbox 2839 4869 3135 4938; x_wconf 70' lang='grc' dir='ltr'>ἐνεργειῶν</span> <span class='ocrx_word' id='word_1_730' title='bbox 3174 4871 3209 4940; x_wconf 78' lang='grc' dir='ltr'><strong>η</strong></span> <span class='ocrx_word' id='word_1_731' title='bbox 3246 4868 3441 4922; x_wconf 83' lang='grc' dir='ltr'>τούτου</span> <span class='ocrx_word' id='word_1_732' title='bbox 3490 4877 3645 4931; x_wconf 79' lang='grc' dir='ltr'>παρεο</span> 
     </span>
    </p>
   </div>
   <div class='ocr_carea' id='block_1_98' title="bbox 2100 4953 3644 5031">
    <p class='ocr_par' dir='ltr' id='par_1_98' title="bbox 2100 4953 3644 5031">
     <span class='ocr_line' id='line_1_98' title="bbox 2100 4953 3644 5031; baseline -0.005 -21"><span class='ocrx_word' id='word_1_733' title='bbox 2100 4957 2374 5027; x_wconf 85' lang='grc' dir='ltr'>γυμνοῦτο</span> <span class='ocrx_word' id='word_1_734' title='bbox 2417 4956 2631 5030; x_wconf 80' lang='grc' dir='ltr'>θεότης,</span> <span class='ocrx_word' id='word_1_735' title='bbox 2660 4958 2737 5023; x_wconf 83' lang='grc' dir='ltr'><strong>ὡς</strong></span> <span class='ocrx_word' id='word_1_736' title='bbox 2782 4959 3079 5031; x_wconf 86' lang='grc' dir='ltr'>Γρηγόριος</span> <span class='ocrx_word' id='word_1_737' title='bbox 3116 4962 3148 5015; x_wconf 82' lang='grc' dir='ltr'><strong>ὁ</strong></span> <span class='ocrx_word' id='word_1_738' title='bbox 3189 4960 3447 5027; x_wconf 84' lang='grc' dir='ltr'>Θεολόγος</span> <span class='ocrx_word' id='word_1_739' title='bbox 3476 4953 3644 5025; x_wconf 83' lang='grc' dir='ltr'>φησίν.</span> 
     </span>
    </p>
   </div>
   <div class='ocr_carea' id='block_1_99' title="bbox 2111 5043 3646 5122">
    <p class='ocr_par' dir='ltr' id='par_1_99' title="bbox 2111 5043 3646 5122">
     <span class='ocr_line' id='line_1_99' title="bbox 2111 5043 3646 5122; baseline 0.001 -20"><span class='ocrx_word' id='word_1_740' title='bbox 2111 5048 2331 5120; x_wconf 76' lang='grc' dir='ltr'>Ἐπειδὴ</span> <span class='ocrx_word' id='word_1_741' title='bbox 2353 5050 2462 5121; x_wconf 89' lang='grc' dir='ltr'><strong>γάρ</strong></span> <span class='ocrx_word' id='word_1_742' title='bbox 2511 5050 2546 5121; x_wconf 83' lang='grc' dir='ltr'><strong>ή</strong></span> <span class='ocrx_word' id='word_1_743' title='bbox 2594 5050 2872 5120; x_wconf 82' lang='grc' dir='ltr'>τελειότης</span> <span class='ocrx_word' id='word_1_744' title='bbox 2924 5051 3025 5119; x_wconf 78' lang='grc' dir='ltr'>τῆς</span> <span class='ocrx_word' id='word_1_745' title='bbox 3075 5051 3426 5122; x_wconf 80' lang='grc' dir='ltr'>ἀνθρωπίνης</span> <span class='ocrx_word' id='word_1_746' title='bbox 3454 5043 3646 5118; x_wconf 74' lang='grc' dir='ltr'>ἡλικίας</span> 
     </span>
    </p>
   </div>
   <div class='ocr_carea' id='block_1_100' title="bbox 2099 5132 3647 5213">
    <p class='ocr_par' dir='ltr' id='par_1_100' title="bbox 2099 5132 3647 5213">
     <span class='ocr_line' id='line_1_100' title="bbox 2099 5132 3647 5213; baseline -0.006 -19"><span class='ocrx_word' id='word_1_747' title='bbox 2099 5142 2196 5194; x_wconf 77' lang='grc' dir='ltr'>καὶ</span> <span class='ocrx_word' id='word_1_748' title='bbox 2223 5141 2481 5210; x_wconf 74' lang='grc' dir='ltr'>γνώσεως</span> <span class='ocrx_word' id='word_1_749' title='bbox 2512 5141 2569 5193; x_wconf 82' lang='grc' dir='ltr'>ὲν</span> <span class='ocrx_word' id='word_1_750' title='bbox 2609 5140 2785 5211; x_wconf 83' lang='grc' dir='ltr'>τούτῳ</span> <span class='ocrx_word' id='word_1_751' title='bbox 2815 5140 2893 5212; x_wconf 83' lang='grc' dir='ltr'>τῷ</span> <span class='ocrx_word' id='word_1_752' title='bbox 2939 5142 3119 5212; x_wconf 85' lang='grc' dir='ltr'>χρόνῳ</span> <span class='ocrx_word' id='word_1_753' title='bbox 3167 5142 3402 5213; x_wconf 80' lang='grc' dir='ltr'>μάλιστα</span> <span class='ocrx_word' id='word_1_754' title='bbox 3435 5132 3647 5191; x_wconf 78' lang='grc' dir='ltr'>τελειοῦ-</span> 
     </span>
    </p>
   </div>
   <div class='ocr_carea' id='block_1_101' title="bbox 2096 5224 3645 5300">
    <p class='ocr_par' dir='ltr' id='par_1_101' title="bbox 2096 5224 3645 5300">
     <span class='ocr_line' id='line_1_101' title="bbox 2096 5224 3645 5300; baseline 0.002 -17"><span class='ocrx_word' id='word_1_755' title='bbox 2096 5247 2210 5298; x_wconf 88' lang='grc' dir='ltr'>ται,</span> <span class='ocrx_word' id='word_1_756' title='bbox 2234 5230 2323 5284; x_wconf 83' lang='grc' dir='ltr'><strong>διά</strong></span> <span class='ocrx_word' id='word_1_757' title='bbox 2365 5229 2523 5284; x_wconf 84' lang='grc' dir='ltr'>τοῦτο</span> <span class='ocrx_word' id='word_1_758' title='bbox 2553 5232 2650 5284; x_wconf 76' lang='grc' dir='ltr'><strong>καὶ</strong></span> <span class='ocrx_word' id='word_1_759' title='bbox 2681 5231 2844 5293; x_wconf 79' lang='grc' dir='ltr'>αὐτὸς</span> <span class='ocrx_word' id='word_1_760' title='bbox 2873 5230 3164 5300; x_wconf 78' lang='grc' dir='ltr'>ἄνθρωπος</span> <span class='ocrx_word' id='word_1_761' title='bbox 3191 5228 3451 5299; x_wconf 80' lang='grc' dir='ltr'>γεγονὼς,</span> <span class='ocrx_word' id='word_1_762' title='bbox 3477 5224 3645 5285; x_wconf 77' lang='grc' dir='ltr'>ὥσπερ</span> 
     </span>
    </p>
   </div>
   <div class='ocr_carea' id='block_1_102' title="bbox 2044 5313 3642 5395">
    <p class='ocr_par' dir='ltr' id='par_1_102' title="bbox 2044 5313 3642 5395">
     <span class='ocr_line' id='line_1_102' title="bbox 2044 5313 3642 5395; baseline -0.004 -19"><span class='ocrx_word' id='word_1_763' title='bbox 2044 5380 2057 5395; x_wconf 42' lang='grc' dir='ltr'><em>Ι</em></span> <span class='ocrx_word' id='word_1_764' title='bbox 2095 5323 2265 5378; x_wconf 76' lang='grc' dir='ltr'>τᾶλλα</span> <span class='ocrx_word' id='word_1_765' title='bbox 2298 5322 2583 5388; x_wconf 79' lang='grc' dir='ltr'>ἀνεδέξατο</span> <span class='ocrx_word' id='word_1_766' title='bbox 2614 5324 2795 5377; x_wconf 74' lang='grc' dir='ltr'>πάντα</span> <span class='ocrx_word' id='word_1_767' title='bbox 2825 5323 2942 5393; x_wconf 67' lang='grc' dir='ltr'>(καὶ</span> <span class='ocrx_word' id='word_1_768' title='bbox 2990 5324 3099 5391; x_wconf 83' lang='grc' dir='ltr'>γὰρ</span> <span class='ocrx_word' id='word_1_769' title='bbox 3157 5324 3253 5375; x_wconf 76' lang='grc' dir='ltr'><strong>καὶ</strong></span> <span class='ocrx_word' id='word_1_770' title='bbox 3301 5313 3642 5390; x_wconf 77' lang='grc' dir='ltr'>περιετμήθη.</span> 
     </span>
    </p>
   </div>
   <div class='ocr_carea' id='block_1_103' title="bbox 2098 5405 3646 5488">
    <p class='ocr_par' dir='ltr' id='par_1_103' title="bbox 2098 5405 3646 5488">
     <span class='ocr_line' id='line_1_103' title="bbox 2098 5405 3646 5488; baseline -0.003 -20"><span class='ocrx_word' id='word_1_771' title='bbox 2098 5417 2195 5468; x_wconf 83' lang='grc' dir='ltr'>καὶ</span> <span class='ocrx_word' id='word_1_772' title='bbox 2221 5414 2299 5485; x_wconf 83' lang='grc' dir='ltr'>τῷ</span> <span class='ocrx_word' id='word_1_773' title='bbox 2332 5415 2445 5485; x_wconf 82' lang='grc' dir='ltr'>ναῷ</span> <span class='ocrx_word' id='word_1_774' title='bbox 2469 5414 2816 5488; x_wconf 79' lang='grc' dir='ltr'>προσηνέχθη</span> <span class='ocrx_word' id='word_1_775' title='bbox 2847 5416 2990 5470; x_wconf 84' lang='grc' dir='ltr'><strong>κατά</strong></span> <span class='ocrx_word' id='word_1_776' title='bbox 3014 5417 3105 5469; x_wconf 65' lang='grc' dir='ltr'>τὶν</span> <span class='ocrx_word' id='word_1_777' title='bbox 3132 5417 3322 5485; x_wconf 85' lang='grc' dir='ltr'>νόμον.</span> <span class='ocrx_word' id='word_1_778' title='bbox 3352 5411 3517 5473; x_wconf 75' lang='grc' dir='ltr'>Αὐτὸς</span> <span class='ocrx_word' id='word_1_779' title='bbox 3551 5405 3646 5474; x_wconf 82' lang='grc' dir='ltr'>γάρ</span> 
     </span>
    </p>
   </div>
   <div class='ocr_carea' id='block_1_104' title="bbox 2098 5496 3645 5580">
    <p class='ocr_par' dir='ltr' id='par_1_104' title="bbox 2098 5496 3645 5580">
     <span class='ocr_line' id='line_1_104' title="bbox 2098 5496 3645 5580; baseline -0.019 -2"><span class='ocrx_word' id='word_1_780' title='bbox 2098 5524 2288 5578; x_wconf 82' lang='grc' dir='ltr'>φησιν.</span> <span class='ocrx_word' id='word_1_781' title='bbox 2336 5526 2354 5561; x_wconf 78' lang='grc' dir='ltr'>σ</span> <span class='ocrx_word' id='word_1_782' title='bbox 2403 5508 2519 5563; x_wconf 74' lang='grc' dir='ltr'>Οὐκ</span> <span class='ocrx_word' id='word_1_783' title='bbox 2572 5503 2735 5580; x_wconf 77' lang='grc' dir='ltr'>ἦλθον</span> <span class='ocrx_word' id='word_1_784' title='bbox 2792 5509 3098 5564; x_wconf 83' lang='grc' dir='ltr'>καταλῦσαι</span> <span class='ocrx_word' id='word_1_785' title='bbox 3154 5509 3248 5562; x_wconf 75' lang='grc' dir='ltr'>τὸν</span> <span class='ocrx_word' id='word_1_786' title='bbox 3303 5507 3482 5574; x_wconf 79' lang='grc' dir='ltr'>νόμον,</span> <span class='ocrx_word' id='word_1_787' title='bbox 3525 5496 3645 5553; x_wconf 76' lang='grc' dir='ltr'>ἀλλὰ</span> 
     </span>
    </p>
   </div>
   <div class='ocr_carea' id='block_1_105' title="bbox 2097 5589 3642 5673">
    <p class='ocr_par' dir='ltr' id='par_1_105' title="bbox 2097 5589 3642 5673">
     <span class='ocr_line' id='line_1_105' title="bbox 2097 5589 3642 5673; baseline -0.012 -15"><span class='ocrx_word' id='word_1_788' title='bbox 2097 5600 2409 5673; x_wconf 81' lang='grc' dir='ltr'>πληρῶσαι,</span> <span class='ocrx_word' id='word_1_789' title='bbox 2446 5603 2592 5656; x_wconf 50' lang='grc' dir='ltr'>»νῖνα</span> <span class='ocrx_word' id='word_1_790' title='bbox 2654 5602 2727 5672; x_wconf 87' lang='grc' dir='ltr'>μὴ</span> <span class='ocrx_word' id='word_1_791' title='bbox 2797 5602 3043 5665; x_wconf 80' lang='grc' dir='ltr'>ἀντίθεος</span> <span class='ocrx_word' id='word_1_792' title='bbox 3094 5600 3271 5672; x_wconf 68' lang='grc' dir='ltr'>δόξων</span> <span class='ocrx_word' id='word_1_793' title='bbox 3308 5596 3521 5666; x_wconf 75' lang='grc' dir='ltr'>εὔδηλον</span> <span class='ocrx_word' id='word_1_794' title='bbox 3574 5589 3642 5642; x_wconf 82' lang='grc' dir='ltr'>ὃτι</span> 
     </span>
    </p>
   </div>
   <div class='ocr_carea' id='block_1_106' title="bbox 419 4948 1997 5025">
    <p class='ocr_par' dir='ltr' id='par_1_106' title="bbox 419 4948 1997 5025">
     <span class='ocr_line' id='line_1_106' title="bbox 419 4948 1997 5025; baseline 0.006 -23"><span class='ocrx_word' id='word_1_795' title='bbox 419 4963 552 5019; x_wconf 86' lang='lat' dir='ltr'><strong>que,</strong></span> <span class='ocrx_word' id='word_1_796' title='bbox 593 4957 653 5002; x_wconf 90' lang='lat' dir='ltr'><strong>ut</strong></span> <span class='ocrx_word' id='word_1_797' title='bbox 679 4948 844 5004; x_wconf 88' lang='lat' dir='ltr'><strong>homo</strong></span> <span class='ocrx_word' id='word_1_798' title='bbox 867 4957 1007 5017; x_wconf 91' lang='lat' dir='ltr'><strong>erat,</strong></span> <span class='ocrx_word' id='word_1_799' title='bbox 1039 4959 1302 5004; x_wconf 87' lang='lat' dir='ltr'><strong>venustas</strong></span> <span class='ocrx_word' id='word_1_800' title='bbox 1331 4958 1497 5021; x_wconf 81' lang='lat' dir='ltr'><strong>atque</strong></span> <span class='ocrx_word' id='word_1_801' title='bbox 1531 4954 1700 5022; x_wconf 77' lang='lat' dir='ltr'><strong>gratia</strong></span> <span class='ocrx_word' id='word_1_802' title='bbox 1725 4956 1997 5025; x_wconf 89' lang='lat' dir='ltr'><strong>elucebat,</strong></span> 
     </span>
    </p>
   </div>
   <div class='ocr_carea' id='block_1_107' title="bbox 418 5040 1997 5120">
    <p class='ocr_par' dir='ltr' id='par_1_107' title="bbox 418 5040 1997 5120">
     <span class='ocr_line' id='line_1_107' title="bbox 418 5040 1997 5120; baseline 0.007 -25"><span class='ocrx_word' id='word_1_803' title='bbox 418 5041 678 5112; x_wconf 82' lang='lat' dir='ltr'><strong>quodque</strong></span> <span class='ocrx_word' id='word_1_804' title='bbox 722 5040 983 5110; x_wconf 89' lang='lat' dir='ltr'><strong>paulatim</strong></span> <span class='ocrx_word' id='word_1_805' title='bbox 1018 5056 1114 5110; x_wconf 86' lang='lat' dir='ltr'><strong>per</strong></span> <span class='ocrx_word' id='word_1_806' title='bbox 1159 5043 1509 5113; x_wconf 74' lang='lat' dir='ltr'><strong>Operationes</strong></span> <span class='ocrx_word' id='word_1_807' title='bbox 1534 5084 1549 5109; x_wconf 96' lang='lat'><strong>,</strong></span> <span class='ocrx_word' id='word_1_808' title='bbox 1584 5060 1680 5114; x_wconf 92' lang='lat' dir='ltr'><strong>pro</strong></span> <span class='ocrx_word' id='word_1_809' title='bbox 1725 5048 1997 5120; x_wconf 84' lang='lat' dir='ltr'><strong>cujusque</strong></span> 
     </span>
    </p>
   </div>
   <div class='ocr_carea' id='block_1_108' title="bbox 417 5134 1995 5207">
    <p class='ocr_par' dir='ltr' id='par_1_108' title="bbox 417 5134 1995 5207">
     <span class='ocr_line' id='line_1_108' title="bbox 417 5134 1995 5207; baseline 0.005 -19"><span class='ocrx_word' id='word_1_810' title='bbox 417 5134 592 5188; x_wconf 83' lang='lat' dir='ltr'><strong>aetatis</strong></span> <span class='ocrx_word' id='word_1_811' title='bbox 624 5134 793 5203; x_wconf 81' lang='lat' dir='ltr'><strong>gradu</strong></span> <span class='ocrx_word' id='word_1_812' title='bbox 826 5142 1191 5204; x_wconf 73' lang='lat' dir='ltr'><strong>congruentes</strong></span> <span class='ocrx_word' id='word_1_813' title='bbox 1211 5175 1226 5201; x_wconf 95' lang='lat'><strong>,</strong></span> <span class='ocrx_word' id='word_1_814' title='bbox 1255 5134 1426 5204; x_wconf 87' lang='lat' dir='ltr'><strong>ipsius</strong></span> <span class='ocrx_word' id='word_1_815' title='bbox 1475 5137 1827 5207; x_wconf 80' lang='lat' dir='ltr'><strong>detegebatur</strong></span> <span class='ocrx_word' id='word_1_816' title='bbox 1855 5143 1995 5196; x_wconf 79' lang='lat' dir='ltr'><strong>divi-</strong></span> 
     </span>
    </p>
   </div>
   <div class='ocr_carea' id='block_1_109' title="bbox 420 5220 1997 5300">
    <p class='ocr_par' dir='ltr' id='par_1_109' title="bbox 420 5220 1997 5300">
     <span class='ocr_line' id='line_1_109' title="bbox 420 5220 1997 5300; baseline 0.004 -19"><span class='ocrx_word' id='word_1_817' title='bbox 420 5220 598 5294; x_wconf 88' lang='lat' dir='ltr'><strong>nitas;</strong></span> <span class='ocrx_word' id='word_1_818' title='bbox 654 5237 714 5282; x_wconf 89' lang='lat' dir='ltr'><strong>ut</strong></span> <span class='ocrx_word' id='word_1_819' title='bbox 766 5237 958 5283; x_wconf 90' lang='lat' dir='ltr'><strong>auctor</strong></span> <span class='ocrx_word' id='word_1_820' title='bbox 1018 5236 1100 5282; x_wconf 88' lang='lat' dir='ltr'><strong>est</strong></span> <span class='ocrx_word' id='word_1_821' title='bbox 1131 5226 1429 5297; x_wconf 79' lang='lat' dir='ltr'><strong>Gregorius</strong></span> <span class='ocrx_word' id='word_1_822' title='bbox 1472 5226 1801 5300; x_wconf 79' lang='lat' dir='ltr'><strong>Theologns.</strong></span> <span class='ocrx_word' id='word_1_823' title='bbox 1854 5233 1997 5300; x_wconf 83' lang='lat' dir='ltr'><strong>Quia</strong></span> 
     </span>
    </p>
   </div>
   <div class='ocr_carea' id='block_1_110' title="bbox 417 5320 1997 5393">
    <p class='ocr_par' dir='ltr' id='par_1_110' title="bbox 417 5320 1997 5393">
     <span class='ocr_line' id='line_1_110' title="bbox 417 5320 1997 5393; baseline 0.004 -18"><span class='ocrx_word' id='word_1_824' title='bbox 417 5321 563 5375; x_wconf 90' lang='lat' dir='ltr'><strong>enim</strong></span> <span class='ocrx_word' id='word_1_825' title='bbox 617 5321 796 5377; x_wconf 57' lang='lat' dir='ltr'><strong>astatis</strong></span> <span class='ocrx_word' id='word_1_826' title='bbox 848 5321 1126 5389; x_wconf 53' lang='lat' dir='ltr'><strong>humana:~</strong></span> <span class='ocrx_word' id='word_1_827' title='bbox 1153 5335 1218 5375; x_wconf 88' lang='lat' dir='ltr'><strong>ac</strong></span> <span class='ocrx_word' id='word_1_828' title='bbox 1272 5320 1516 5377; x_wconf 68' lang='lat' dir='ltr'><strong>scientiae</strong></span> <span class='ocrx_word' id='word_1_829' title='bbox 1564 5324 1825 5393; x_wconf 77' lang='lat' dir='ltr'><strong>perfectio</strong></span> <span class='ocrx_word' id='word_1_830' title='bbox 1901 5327 1997 5382; x_wconf 89' lang='lat' dir='ltr'><strong>illo</strong></span> 
     </span>
    </p>
   </div>
   <div class='ocr_carea' id='block_1_111' title="bbox 419 5412 1996 5488">
    <p class='ocr_par' dir='ltr' id='par_1_111' title="bbox 419 5412 1996 5488">
     <span class='ocr_line' id='line_1_111' title="bbox 419 5412 1996 5488; baseline 0.006 -23"><span class='ocrx_word' id='word_1_831' title='bbox 419 5412 657 5466; x_wconf 79' lang='lat' dir='ltr'><strong>maxime</strong></span> <span class='ocrx_word' id='word_1_832' title='bbox 686 5423 1106 5471; x_wconf 58' lang='lat' dir='ltr'><strong>consummatur.</strong></span> <span class='ocrx_word' id='word_1_833' title='bbox 1135 5422 1405 5482; x_wconf 86' lang='lat' dir='ltr'><strong>tempore,</strong></span> <span class='ocrx_word' id='word_1_834' title='bbox 1441 5414 1646 5469; x_wconf 89' lang='lat' dir='ltr'><strong>ideirco</strong></span> <span class='ocrx_word' id='word_1_835' title='bbox 1671 5416 1835 5471; x_wconf 89' lang='lat' dir='ltr'><strong>etiam</strong></span> <span class='ocrx_word' id='word_1_836' title='bbox 1872 5420 1996 5488; x_wconf 85' lang='lat' dir='ltr'><strong>ipse</strong></span> 
     </span>
    </p>
   </div>
   <div class='ocr_carea' id='block_1_112' title="bbox 419 5507 1997 5585">
    <p class='ocr_par' dir='ltr' id='par_1_112' title="bbox 419 5507 1997 5585">
     <span class='ocr_line' id='line_1_112' title="bbox 419 5507 1997 5585; baseline 0.006 -28"><span class='ocrx_word' id='word_1_837' title='bbox 419 5519 543 5585; x_wconf 71' lang='lat' dir='ltr'><strong>cum</strong></span> <span class='ocrx_word' id='word_1_838' title='bbox 577 5515 726 5560; x_wconf 85' lang='lat' dir='ltr'><strong>esset</strong></span> <span class='ocrx_word' id='word_1_839' title='bbox 767 5507 943 5561; x_wconf 78' lang='lat' dir='ltr'><strong>laetus</strong></span> <span class='ocrx_word' id='word_1_840' title='bbox 983 5508 1167 5572; x_wconf 86' lang='lat' dir='ltr'><strong>homo,</strong></span> <span class='ocrx_word' id='word_1_841' title='bbox 1206 5508 1352 5561; x_wconf 89' lang='lat' dir='ltr'><strong>sicut</strong></span> <span class='ocrx_word' id='word_1_842' title='bbox 1394 5507 1602 5576; x_wconf 84' lang='lat' dir='ltr'><strong>reliqua</strong></span> <span class='ocrx_word' id='word_1_843' title='bbox 1636 5509 1820 5564; x_wconf 87' lang='lat' dir='ltr'><strong>omnia</strong></span> <span class='ocrx_word' id='word_1_844' title='bbox 1868 5527 1997 5567; x_wconf 84' lang='lat' dir='ltr'><strong>sus-</strong></span> 
     </span>
    </p>
   </div>
   <div class='ocr_carea' id='block_1_113' title="bbox 416 5599 1980 5673">
    <p class='ocr_par' dir='ltr' id='par_1_113' title="bbox 416 5599 1980 5673">
     <span class='ocr_line' id='line_1_113' title="bbox 416 5599 1980 5673; baseline 0.005 -22"><span class='ocrx_word' id='word_1_845' title='bbox 416 5606 634 5666; x_wconf 77' lang='lat' dir='ltr'><strong>ceperat</strong></span> <span class='ocrx_word' id='word_1_846' title='bbox 663 5599 811 5666; x_wconf 86' lang='lat' dir='ltr'><strong>(nam</strong></span> <span class='ocrx_word' id='word_1_847' title='bbox 852 5599 1016 5655; x_wconf 88' lang='lat' dir='ltr'><strong>etiam</strong></span> <span class='ocrx_word' id='word_1_848' title='bbox 1051 5601 1413 5656; x_wconf 88' lang='lat' dir='ltr'><strong>circumcisus</strong></span> <span class='ocrx_word' id='word_1_849' title='bbox 1454 5611 1541 5656; x_wconf 91' lang='lat' dir='ltr'><strong>est</strong></span> <span class='ocrx_word' id='word_1_850' title='bbox 1570 5610 1623 5655; x_wconf 80' lang='lat' dir='ltr'><strong>et</strong></span> <span class='ocrx_word' id='word_1_851' title='bbox 1672 5600 1742 5657; x_wconf 39' lang='lat' dir='ltr'><strong>in,</strong></span> <span class='ocrx_word' id='word_1_852' title='bbox 1771 5605 1980 5673; x_wconf 81' lang='lat' dir='ltr'><strong>templo</strong></span> 
     </span>
    </p>
   </div>
   <div class='ocr_carea' id='block_1_114' title="bbox 487 5763 1998 5852">
    <p class='ocr_par' dir='ltr' id='par_1_114' title="bbox 487 5763 1985 5849">
     <span class='ocr_line' id='line_1_114' title="bbox 487 5763 1985 5849; baseline 0.007 -22"><span class='ocrx_word' id='word_1_853' title='bbox 487 5770 690 5830; x_wconf 77' lang='lat' dir='ltr'><strong>&quot;Joalt.</strong></span> <span class='ocrx_word' id='word_1_854' title='bbox 758 5794 809 5838; x_wconf 79' lang='lat' dir='ltr'><strong>.x,</strong></span> <span class='ocrx_word' id='word_1_855' title='bbox 844 5777 923 5831; x_wconf 77' lang='grc'><strong>18.</strong></span> <span class='ocrx_word' id='word_1_856' title='bbox 1003 5782 1045 5810; x_wconf 57' lang='grc' dir='ltr'>τί</span> <span class='ocrx_word' id='word_1_857' title='bbox 1074 5763 1109 5832; x_wconf 61' lang='grc' dir='ltr'><strong>⁴,Ι</strong></span> <span class='ocrx_word' id='word_1_858' title='bbox 1137 5800 1241 5833; x_wconf 73' lang='lat' dir='ltr'><strong>nm.</strong></span> <span class='ocrx_word' id='word_1_859' title='bbox 1279 5798 1335 5844; x_wconf 89' lang='lat' dir='ltr'><strong>ll,</strong></span> <span class='ocrx_word' id='word_1_860' title='bbox 1373 5781 1424 5833; x_wconf 73' lang='grc' dir='ltr'><strong>ιί.</strong></span> <span class='ocrx_word' id='word_1_861' title='bbox 1507 5782 1543 5811; x_wconf 53' lang='grc' dir='ltr'><strong>ιτ</strong></span> <span class='ocrx_word' id='word_1_862' title='bbox 1578 5782 1749 5837; x_wconf 63' lang='lat' dir='ltr'><strong>(idat.</strong></span> <span class='ocrx_word' id='word_1_863' title='bbox 1792 5801 1840 5849; x_wconf 77' lang='grc' dir='ltr'>ι’,</span> <span class='ocrx_word' id='word_1_864' title='bbox 1900 5786 1985 5847; x_wconf 67' lang='grc' dir='ltr'><strong>ὴἹ.</strong></span> 
     </span>
    </p>
   </div>
   <div class='ocr_carea' id='block_1_115' title="bbox 2099 5763 2441 5852">
    <p class='ocr_par' dir='ltr' id='par_1_115' title="bbox 2099 5785 2441 5852">
     <span class='ocr_line' id='line_1_115' title="bbox 2099 5785 2441 5852; baseline -0.003 -14"><span class='ocrx_word' id='word_1_865' title='bbox 2099 5785 2262 5840; x_wconf 74' lang='lat' dir='ltr'><strong>‘Luc.</strong></span> <span class='ocrx_word' id='word_1_866' title='bbox 2296 5786 2441 5852; x_wconf 72' lang='lat'><strong>&quot;,52</strong></span> 
     </span>
    </p>
   </div>
  </div>
