3916 6204
418 342 523 409 591

1669 350 1829 410 MAN
1838 351 2066 414 UELIS
2106 354 2413 421 CALECIE
3508 368 3593 429 59?.

422 466 751 527 decertans,
795 462 1048 531 victoque
1076 461 1417 527 adversario,
1472 462 1590 529 ipse
1643 479 1860 535 semper
1913 467 1967 521 in

2097 468 2208 533 λον,
2244 470 2303 526 ὲν
2333 470 2508 526 οὐδενὶ
2559 470 2615 526 δὲ
2667 472 2940 544 ἡττηθεὶς.
2987 473 3277 528 καὶπολλὰ
3325 477 3491 531 παθὼν
3516 479 3599 533 ὅσα

419 555 599 609 victus
633 568 1010 622 perseverans,
1042 554 1324 623 multaque
1354 568 1570 625 passus,
1615 572 1848 625 quorum
1887 575 1987 616 nos

418 659 640 698 eramus
674 643 771 709 rei,
835 653 893 696 ut
933 643 1027 712 qui
1079 645 1297 714 propria
1350 647 1629 703 voluntate
1660 663 1725 703 ac
1757 650 1991 711 consilio

419 744 725 802 peccantes,
758 734 922 790 alieni
985 752 1013 790 a
1052 734 1163 790 Deo
1214 738 1339 791 facti
1390 753 1656 805 eramus,
1709 752 1989 810 postremo

417 837 665 881 mortuus
695 836 858 895 atque
888 827 1133 896 sepultus
1155 868 1169 894 ,
1203 828 1351 884 illius
1398 832 1602 899 potitus
1635 841 1759 897 εει,
1794 834 1883 903 qui
1918 836 1989 890 ob

392 928 725 986 peccatum,
759 920 1062 972 humanum
1096 936 1268 985 genus
1302 921 1530 992 imperio
1555 925 1985 993 mancipaverat,

412 1024 587 1079 eoque
618 1010 1003 1072 condemnato,
1046 1010 1115 1063 ab
1142 1010 1289 1063 illius
1324 1025 1424 1065 nos
1470 1012 1671 1065 exemit
1702 1016 1985 1081 servitute,

338 1082 359 1095 ί
411 1115 517 1169 qua
550 1116 712 1155 cruce
744 1101 963 1155 functus
990 1111 1070 1155 est
1098 1118 1161 1155 ac
1216 1112 1410 1157 morte.
1444 1104 1501 1157 Si
1533 1104 1675 1158 cnim
1721 1105 1791 1158 ob
1824 1106 1983 1175 primi

408 1191 539 1245 Adae
572 1192 813 1261 culpam,
850 1194 998 1246 vdut
1034 1194 1209 1247 labem
1245 1195 1537 1263 quamdam
1571 1196 1638 1249 ad
1673 1212 1771 1252 nos
1808 1213 1985 1261 usque

410 1280 686 1348 diffusam,
726 1284 908 1335 divina
964 1285 1235 1336 sententia
1306 1286 1358 1336 in
1415 1298 1516 1338 nos
1577 1285 1739 1338 latam
1788 1288 1984 1343 mortis

412 1383 629 1440 pmnam
659 1374 994 1425 incurriruus
1016 1371 1056 1402 ³⁵⁵
1086 1391 1100 1426 :
1133 1374 1410 1442 quomodo
1445 1390 1551 1426 non
1606 1377 1790 1443 potius
1812 1417 1826 1435 ,
1848 1374 1981 1430 Filii

414 1462 505 1517 Dei
538 1464 1198 1533 mortejustilicabimur,
1232 1466 1350 1532 ejus
1396 1466 1643 1528 scilicet,
1690 1468 1787 1536 qui
1840 1476 1985 1522 vete-

408 1570 521 1608 rem
548 1554 719 1608 Adam
751 1557 869 1609 sine
898 1562 1124 1623 peccato
1170 1560 1508 1626 assumpsit,
1546 1575 1609 1613 ac
1657 1574 1834 1612 novus
1867 1561 1983 1629 ipse

406 1648 578 1701 Adam
624 1647 840 1700 exsistit
899 1647 967 1700 ³⁸.
1028 1647 1349 1715 Siquidem,
1406 1658 1462 1702 ut
1517 1651 1591 1702 ait
1641 1652 1979 1719 Apo~tolusz

412 1758 431 1790 ι
472 1739 888 1792 Damnationem
944 1739 1158 1807 peccati
1217 1739 1380 1793 solvit
1411 1742 1464 1793 in
1520 1756 1689 1795 carne
1725 1757 1826 1795 sua
1853 1743 1918 1813 3°,
1955 1761 1975 1793 ο

2093 563 2242 631 ἡμᾶς
2265 562 2371 617 ἔδει
2402 565 2595 619 παθεῖν
2622 565 2697 630 ὡς
2721 564 2899 636 οίκεία
2933 566 3124 638 γνώμῃ
3165 568 3480 637 ἁμαρτόντας
3520 575 3598 625 καὶ

2091 653 2553 723 ἀλλοτριωθέντας
2582 656 2740 724 Θεοῦ,
2786 657 2944 719 τέλος
2991 658 3271 712 ἀποθανὼν
3300 661 3387 713 καὶ
3420 664 3601 728 ταφεὶς,

2092 745 2360 815 ὑπερέσχε
2392 746 2488 798 τοῦ
2517 747 2607 800 διὰ
2628 747 2727 817 τὴν
2761 748 3033 817 ἁμαρτίαν
3055 751 3151 817 τῆς
3179 749 3497 820 ἀνθρωπίνης
3517 753 3602 819 φύ-

2090 853 2228 899 σεως
2275 837 2851 904 κατεξουσιάσαντος’
2908 840 2999 892 καὶ
3050 840 3408 903 καταδικάσας
3448 844 3603 906 αὐτὸν,

2089 927 2467 998 ἠλευθέρωσεν
2497 929 2644 998 ἡμᾶς
2676 930 2779 999 τῆς
2817 930 3060 992 δουλείας
3092 932 3317 996 ἐκείνου,
3343 934 3414 999 τῷ
3442 932 3606 984 ἑαυτοῦ

2089 1019 2308 1090 σταυρῷ
2362 1037 2421 1073 τε
2474 1020 2569 1073 καὶ
2600 1021 2676 1090 τῷ
2707 1020 2944 1091 θανάτῳ.
2982 1021 3043 1073 Ei
3072 1021 3178 1091 γὰρ
3208 1022 3290 1074 διὰ
3327 1022 3419 1087 τὴν
3456 1023 3608 1089 ἁμαρ-

2085 1109 2206 1163 τίαν
2235 1110 2328 1163 τοῦ
2360 1110 2577 1180 πρώτου
2613 1111 2807 1183 Ἀδὰμ,
2832 1112 3085 1183 καθάπερ
3106 1112 3225 1165 τινὰ
3253 1113 3419 1182 λύμην
3446 1115 3611 1182 μέχρις

2085 1202 2117 1271 ἠ
2129 1200 2245 1269 μῶν
2275 1202 2632 1269 διαδοθεῖσαν,
2663 1204 3022 1274 ὑπεπέσαμεν
3044 1206 3119 1275 τῷ
3147 1205 3355 1274 θανάτῳ
3384 1220 3612 1274 κατακρ-

2088 1294 2293 1362 θέντες,
2326 1299 2444 1361 πῶς
2480 1299 2540 1351 οῦ
2579 1299 2783 1369 μᾶλλον
2813 1299 3289 1370 δικαιωθησόμεθα
3319 1300 3403 1353 διὰ
3427 1301 3511 1352 τοῦ
3534 1301 3613 1353 θα-

2085 1386 2246 1440 νάτου
2285 1389 2382 1443 τοῦ
2418 1390 2550 1444 Υίοῦ
2588 1393 2682 1446 τοῦ
2717 1393 2876 1460 Θεοῦ,
2911 1393 3007 1447 τοῦ
3060 1395 3150 1446 τὸν
3205 1395 3425 1448 παλαιὸν
3465 1397 3613 1464 ’Λδὰμ

2084 1480 2486 1553 ἀναμαρτήτως
2540 1483 2900 1549 ἀναλαὸόντος
2934 1487 3031 1540 καὶ
3070 1488 3191 1540 νέου
3235 1487 3392 1555 Ἀδὰμ
3430 1505 3614 1557 χρημα-

2083 1572 2374 1639 τίσαντος;
2423 1574 2727 1645 Ἐπείπερ,
2762 1577 2789 1630 ὅ
2840 1594 2974 1648 φησι
3009 1576 3244 1644 Παῦλος,
3293 1596 3311 1629 ι
3353 1578 3422 1631 Τὸ
3470 1579 3614 1630 κατά-

2082 1678 2261 1733 κριμα
2299 1665 2398 1733 τῆς
2453 1666 2728 1737 ἁμαρτίας
2762 1668 2952 1722 ἔλυσεν
3001 1670 3059 1721 ἐν
3108 1673 3173 1740 τῇ
3207 1672 3365 1740 σαρκὶ
3392 1668 3558 1731 αὑτοῦ,
3595 1685 3609 1717 ι

2081 1756 2176 1809 τεῦ
2208 1756 2443 1810 θανάτου
2488 1758 2922 1823 θανατωθέντος.
2955 1761 3065 1814 Καὶ
3106 1762 3156 1813 εί
3184 1760 3271 1814 διὰ
3298 1760 3386 1812 τὸν
3420 1759 3618 1811 παλαιὸν

404 1832 730 1899 interempto
766 1841 1014 1901 peccato.
1068 1832 1146 1885 Ac
1195 1832 1241 1885 si
1301 1842 1523 1901 propter
1548 1843 1787 1887 veterem
1822 1834 1967 1888 illum

2080 1848 2291 1900 ἐκεῖνον
2326 1848 2510 1918 ἐχθροὶ
2538 1850 2633 1903 καὶ
2658 1852 2962 1906 ἀποστάται
2991 1850 3341 1921 γεγενήμεθα
3372 1848 3457 1901 τοῦ
3480 1847 3615 1911 Θεοῦ,

405 1924 610 1978 inimici
636 1933 689 1977 et
718 1938 748 1977 a
778 1923 888 1977 Deo
916 1923 1231 1978 desertores
1270 1924 1395 1977 facti
1433 1940 1626 1980 sumus
1655 1966 1669 1991 ,
1704 1928 1977 1995 quomodo

402 2032 509 2071 non
567 2030 660 2084 per
713 2017 891 2084 ipsum
926 2016 1091 2068 etiam
1125 2016 1563 2081 admovebimur,
1592 2017 1846 2087 interque
1878 2020 1969 2074 Dei

401 2108 743 2164 necessarios
767 2123 828 2162 ac
858 2108 1068 2162 amicos
1095 2107 1518 2176 cooptabimur?

473 2200 729 2255 Diabolus
775 2215 1012 2267 namque
1050 2214 1080 2252 a
1117 2199 1209 2254 Dei
1275 2199 1446 2271 gloria
1504 2201 1812 2271 prolapsus,
1868 2218 1976 2274 qua

400 2292 654 2363 superbia
690 2292 891 2345 incum
915 2292 1092 2345 elatus
1121 2290 1407 2354 est,animi
1439 2301 1670 2346 mortem
1699 2293 1927 2349 incurrit
1955 2311 2001 2379 ς’

403 2388 673 2456 siquidem
708 2402 738 2441 a
807 2385 917 2440 Deo
982 2385 1257 2451 recedere,
1340 2384 1442 2439 hoc
1502 2385 1671 2440 animi
1741 2397 1974 2443 mortem

401 2480 690 2536 deﬁniunt.
722 2478 979 2549 Corporis
1010 2492 1140 2532 vero
1193 2487 1449 2544 mortem,
1504 2476 1558 2532 in
1616 2492 1683 2533 eo
1737 2479 1972 2549 positam

400 2572 544 2642 quod
580 2572 797 2625 animus
827 2586 856 2623 a
887 2584 1119 2639 corpore
1144 2578 1451 2638 separetur,
1507 2585 1614 2625 non
1662 2573 1850 2637 subiit,
1907 2588 1974 2629 eo

400 2666 544 2735 quod
575 2678 770 2732 expers
796 2663 1039 2731 corporis
1068 2670 1206 2717 erat.
1241 2661 1360 2716 Non
1388 2662 1569 2718 ferens
1625 2673 1809 2719 autem
1855 2667 1972 2735 pri-

394 2772 494 2812 ore
524 2770 581 2810 se
607 2756 814 2809 honore
854 2753 1151 2817 excidisse,
1188 2755 1574 2823 hominemque
1608 2756 1698 2809 Dei
1732 2756 1964 2826 gloriam

400 2840 752 2901 consecutum
784 2860 926 2910 esse,
964 2844 1159 2898 invidit
1188 2844 1346 2899 nobis
1375 2845 1525 2914 quod
1580 2844 1693 2899 Deo
1745 2847 1970 2915 propin-

398 2938 492 3008 qui
525 2937 651 2991 iacti
694 2952 935 3000 eramus,
966 2936 1224 3004 velutque
1276 2936 1489 3003 objecta
1551 2950 1676 2990 esea
1727 2938 1968 3005 capiens,

400 3047 429 3086 a
473 3031 565 3085 Dei
629 3029 902 3085 mandatis
950 3027 1238 3094 abstraxit,
1296 3039 1460 3098 atque
1510 3029 1719 3098 peccati
1768 3044 1967 3085 noxam

400 3123 620 3177 invexit.
654 3119 745 3175 Sic
798 3120 984 3190 itaque
1020 3120 1292 3188 duplicem
1347 3119 1507 3175 nobis
1555 3131 1783 3175 mortem
1841 3136 2036 3217 (χιιι-Ο

397 3214 596 3280 scivit;
629 3213 855 3282 primam
888 3214 1131 3283 quidem,
1164 3213 1357 3276 animi,
1395 3221 1621 3283 tumque
1654 3214 1819 3268 etiam
1844 3230 1968 3270 cor-

396 3307 566 3378 poris,
602 3306 760 3374 cujus
808 3319 874 3360 ex
921 3305 1161 3375 peccatis
1212 3304 1416 3359 indicta
1468 3306 1627 3360 nobis
1674 3310 1970 3363 necessitas

394 3399 493 3450 l'uit
529 3413 542 3449 :
577 3415 593 3447 ι
630 3394 855 3451 Mortem
885 3394 1055 3459 enim,
1093 3395 1295 3463 inquit,
1336 3395 1481 3450 Deus
1511 3413 1617 3450 non
1658 3396 1811 3462 fecit,
1868 3413 1970 3453 nec

390 3488 693 3563 delectatur
726 3484 779 3542 in
801 3485 1106 3557 perditione
1137 3484 1418 3541 hominum
1439 3485 1505 3538 "’.
1530 3503 1549 3537 ι
1582 3484 1793 3540 Etenim
1822 3501 1968 3542 mors

390 3581 593 3650 peccati
627 3579 907 3634 damnatio
937 3586 1022 3633 est
1046 3578 1114 3631 ³⁸.
1169 3576 1383 3633 Idcirco
1416 3576 1585 3632 etiam
1648 3576 1823 3640 nobis,
1860 3577 1956 3646 qui

392 3672 625 3726 mortale
647 3685 845 3740 corpus
876 3668 1055 3724 induti
1081 3683 1295 3733 sumus,
1339 3667 1565 3723 inducta
1624 3676 1730 3724 est.
1802 3666 1964 3723 Medii

387 3764 531 3819 enim
566 3764 809 3819 mortalis
835 3761 1002 3831 sortis
1035 3776 1099 3815 ac
1139 3760 1467 3815 immortalis
1492 3774 1523 3813 a
1571 3758 1684 3817 Deo
1741 3759 1962 3815 formati

390 3855 686 3917 fueramus,
732 3863 790 3906 ut
821 3852 1089 3921 siquidem
1124 3850 1177 3903 in
1199 3851 1345 3905 bono
1375 3865 1440 3905 ac
1478 3849 1714 3907 honesto
1763 3867 1957 3921 perse-

390 3961 727 4017 veraremus,
790 3942 1255 3996 immortalitatem
1319 3956 1818 4011 consequeremur;
1875 3942 1958 3999 sin

386 4048 570 4091 autem
605 4037 803 4089 malum
837 4033 1211 4102 diligeremus,
1256 4043 1482 4086 mortem
1539 4034 1955 4090 sustineremus.

384 4129 488 4195 Qui
522 4127 659 4180 enim
698 4125 852 4179 liberi
877 4124 1088 4178 arbitrii
1125 4124 1332 4179 conditi
1361 4123 1555 4187 simus,
1594 4126 1802 4179 nullam
1857 4140 1956 4180 ex-

2080 1942 2197 2001 πῶς
2238 1941 2299 1993 οὐ
2354 1941 2422 1995 δι’
2451 1942 2616 1996 αὑτὸν
2642 1944 2738 1997 καὶ
2772 1943 3280 2015 προσαχθησόμεθα
3310 1942 3403 1996 καὶ
3430 1940 3616 1993 οἰκειω-

2080 2033 2357 2103 θησόμεθα
2388 2034 2464 2105 τῷ
2490 2034 2609 2106 Θεῷ
2638 2050 2653 2100 ;
2736 2056 2739 2061 ί

2149 2216 2258 2269 Καὶ
2316 2216 2425 2288 γὰρ
2477 2219 2505 2270 ὁ
2538 2218 2639 2288 μὲν
2695 2217 2941 2283 διάϐολος
2995 2220 3102 2287 τῆς
3154 2216 3250 2272 τοῦ
3303 2216 3433 2271 Θεοῦ
3484 2216 3619 2286 δόξης

2076 2300 2451 2372 ἐκπεπτωκὼς
2480 2309 2568 2364 διὰ
2608 2309 2709 2381 τὴν
2761 2310 3150 2381 ὑπερηφανίαν
3201 2309 3387 2375 αὐτοῦ,
3420 2307 3620 2377 ψυχικὸν

2076 2400 2337 2472 ὑπέμεινε
2381 2400 2609 2455 θάνατον
2638 2418 2652 2432 ·
2689 2401 2812 2455 ἐπεὶ
2850 2402 2911 2455 τὸ
2952 2402 3266 2475 ἀποστῆναι
3310 2400 3459 2463 Θεοῦ,
3490 2399 3623 2453 τοῦτο

2074 2491 2305 2562 ψυχικὸν
2333 2491 2610 2563 ὁρίζονται
2660 2492 2888 2547 θάνατον
2910 2509 2923 2523 '
2961 2493 3281 2564 σωματικὸν
3313 2492 3368 2545 δὲ
3400 2492 3618 2551 θάνατον,

2074 2583 2134 2645 ὃς
2170 2584 2283 2634 ἐστι
2310 2583 2411 2652 τῆς
2448 2582 2629 2653 ψυχῆς
2657 2581 2766 2636 ἀπὸ
2812 2581 2907 2635 τοῦ
2937 2582 3200 2653 σώματος
3232 2579 3515 2653 χωρισμὸς,
3538 2579 3620 2647 οὐκ

2074 2672 2298 2735 ἔπαθεν,
2339 2673 2570 2743 ἐπείπερ
2597 2671 2887 2743 ἀσώματος
2914 2667 3005 2745 ἦν.
3046 2674 3128 2726 Οὐ
3157 2674 3338 2743 φέρων
3371 2672 3423 2724 δὲ
3452 2669 3621 2722 ἑαυτὸν

2072 2764 2208 2835 όρᾷν
2256 2764 2357 2834 τῆς
2415 2764 2688 2835 προτέρας
2742 2764 3151 2819 ἐκπεπτωκότα
3194 2756 3396 2833 τιμῆς,
3446 2762 3540 2819 τὸν,
3574 2760 3620 2811 δὲ

2072 2852 2362 2923 ἄνθρωπον
2391 2853 2492 2923 τῆς
2526 2856 2620 2908 τοῦ
2649 2852 2784 2907 Θεοῦ
2818 2853 2977 2925 δόξης
2998 2850 3332 2926 ἠξιωμένον,
3359 2853 3623 2924 ἐφθόνησεν

2070 2948 2204 3017 ἡμῖν
2251 2947 2351 3016 τῆς
2389 2947 2540 3019 παρὰ
2573 2946 2650 3015 τῷ
2682 2948 2800 3019 Θεῷ
2835 2948 3231 3020 πλησιότητος,
3264 2948 3358 3002 καὶ
3393 2945 3625 3005 δελεάσας

2072 3040 2370 3107 ἀφείλκυσε
2416 3040 2525 3093 τῶν
2559 3039 2654 3093 τοῦ
2711 3038 2846 3093 Θεοῦ
2901 3042 3374 3113 προσταγμάτων,
3408 3039 3495 3093 καὶ
3540 3036 3624 3105 τὴν

2072 3131 2348 3202 ἁμαρτίαν
2410 3131 2751 3202 εἰσήνεγκεν.
2811 3131 2967 3197 Οῦτω
3000 3133 3192 3189 τοίνυν
3243 3116 3459 3187 διπλοῦν
3513 3130 3626 3200 ἡμῖν

2071 3223 2292 3294 ἐποίησε
2344 3222 2572 3277 θάνατον
2602 3239 2616 3254 ⁸
2663 3222 2882 3294 πρῶτον
2931 3225 3031 3294 μὲν
3093 3226 3188 3278 τὸν
3240 3218 3627 3297 ψυχικόν-εἶτα

2069 3315 2168 3368 καὶ
2211 3315 2306 3369 τὸν
2354 3316 2694 3386 σωματικὸν,
2724 3317 2816 3370 τὸν
2846 3318 2957 3380 τοίς
3010 3316 3416 3387 ἁμαρτήμασιν
3447 3313 3628 3379 ἑπαγά·

2070 3422 2251 3476 μενον.
2282 3425 2300 3459 ι
2337 3406 2577 3462 Θάνατον
2607 3408 2738 3477 γὰρ,
2783 3430 2801 3458 ι
2837 3408 3028 3479 φησὶν,
3061 3426 3086 3460 ε
3118 3411 3147 3462 ὁ
3179 3408 3313 3471 Θεὸς
3337 3409 3434 3461 οὐκ
3464 3408 3629 3472 ὲποεηο

2068 3513 2183 3560 σεν,
2241 3497 2362 3551 οὐδὲ
2415 3499 2678 3570 τέρπεται
2727 3500 2815 3553 ἐπ’
2871 3499 3133 3571 ἀπωλείᾳ
3189 3497 3431 3564 ζώντων.
3467 3516 3485 3549 ι
3530 3496 3630 3549 Καὶ

2067 3589 2177 3661 γὰρ
2234 3590 2263 3641 6
2310 3590 2539 3655 θάνατος
2572 3592 2852 3664 ἁμαρτίας
2885 3592 3005 3646 ἐστὶ
3056 3593 3366 3662 καταδίκη.
3416 3585 3503 3644 Διὸ
3549 3590 3632 3641 καὶ

2064 3683 2197 3753 ἡμῖν
2251 3682 2445 3752 θνητὸν
2499 3685 2658 3755 σῶμα
2708 3686 3129 3756 περικειμένοις
3188 3688 3446 3757 ἐπήγετο.
3477 3682 3629 3738 Μέσοι

2065 3774 2173 3845 γὰρ
2221 3774 2546 3846 θνητότητος
2582 3777 2678 3830 καὶ
2720 3776 3021 3840 ἀθανασίας
3054 3778 3441 3849 ἐπλάσθημεν,
3489 3776 3548 3828 ἶν’
3586 3774 3629 3825 εί

2064 3864 2163 3932 μὲν
2208 3865 2268 3919 ἐν
2312 3864 2392 3936 τῷ
2436 3865 2587 3936 καλῷ
2633 3866 3002 3938 διαμένοιμεν,
3035 3869 3351 3923 ἀθανασίαν
3391 3856 3626 3935 κληρονο-

2063 3957 2330 4025 μήσωμεν
2358 3972 2371 3986 ⁸
2407 3958 2457 4009 εἰ
2505 3959 2562 4010 δὲ
2595 3958 2658 4011 τὸ
2706 3958 2877 4012 κακὸν
2911 3944 3310 4031 ἀγαπήσομεν,
3358 3958 3447 4011 τὸν
3477 3957 3627 4010 θάνα-

2059 4062 2150 4098 τον
2192 4045 2574 4114 ὑπομένωμεν.
2610 4048 2958 4113 Αὐτεξούσιοι
3004 4053 3117 4120 γὰρ
3149 4050 3464 4118 γεγονότες,
3493 4045 3628 4097 οὐδε·

2062 4135 2193 4204 μίαν
2222 4136 2331 4189 ἀπὸ
2359 4137 2468 4190 τῶν
2502 4136 2702 4203 ἔξωθεν
2730 4139 2761 4209 ἢ
2794 4139 2932 4211 πρὸς
2958 4141 3168 4211 ἀρετὴν
3272 4142 3411 4208 πρὸς
3444 4136 3627 4192 κακίαν

386 4220 561 4275 terius
602 4228 658 4270 ut
702 4217 788 4272 vel
846 4217 1101 4270 virtutem
1156 4216 1572 4285 amplectamur,
1628 4217 1711 4271 vel
1764 4218 1953 4273 vitium

2075 4227 2302 4297 ὶνὰγκην
2358 4228 2573 4299 ἔχομεν.
2625 4228 2789 4284 Ὅθεν
2844 4232 2940 4284 καὶ
2984 4230 3217 4295 δικαίως
3280 4231 3422 4296 ἄξιοι
3471 4242 3623 4282 καταο

382 4325 694 4380 sequamur,
730 4308 1110 4362 necessitatem
1138 4306 1423 4363 habemus.
1450 4303 1616 4364 .Unde
1652 4318 1707 4363 et
1762 4310 1954 4367 merito

2075 4318 2213 4390 ἱίκης
2249 4321 2341 4374 καὶ⁵
2381 4323 2623 4375 ἐπαίνων
2650 4323 2839 4391 ἐσμὲν,
2874 4324 2969 4377 ἅτε
3002 4326 3102 4395 τὴν
3141 4326 3327 4396 ἀρχὴν
3361 4324 3460 4393 τῆς
3490 4320 3630 4389 κινῆ’

382 4402 530 4472 digni
567 4400 915 4456 damnatione
943 4398 1285 4454 aclaudibus
1335 4412 1569 4456 sumus:
1613 4402 1814 4472 quippe
1859 4403 1950 4474 qui

2058 4427 2197 4474 σεως
2246 4412 2459 4465 οἴκοθεν
2512 4416 2874 4482 κεκτημένοι,
2929 4416 3061 4470 ὅταν
3120 4432 3178 4468 τι
3240 4411 3627 4485 προαιρὼμεθα

381 4505 563 4549 motus
591 4492 947 4563 principium,
980 4506 1106 4546 cum
1140 4491 1343 4561 aliquid
1373 4506 1532 4563 agere
1594 4493 1948 4561 voluerimus,

2075 4505 2341 4574 πράττειν.

376 4602 441 4643 ex
474 4586 629 4642 nobis
684 4585 1003 4638 habeamus.

450 4681 541 4734 Dei
592 4680 773 4747 itaque
824 4675 993 4730 Filius
1036 4674 1212 4730 laetus
1265 4674 1451 4739 homo,
1508 4675 1675 4729 animi
1730 4676 1949 4746 quidem

376 4784 607 4830 mortem
646 4786 754 4825 non
783 4768 1063 4829 sustinuit.
1095 4767 1380 4835 Quomodo
1413 4768 1583 4834 enim,
1607 4768 1792 4837 quiex
1828 4768 1949 4823 Vir-

2134 4684 2193 4737 Ὀ
2238 4684 2420 4738 τοίνυν
2473 4684 2602 4750 Υἱὸς
2646 4684 2739 4739 τοῦ
2776 4685 2913 4739 Θεοῦ
2970 4687 3278 4757 γενόμενος
3332 4686 3630 4757 ἄνθρωπος.

2048 4777 2282 4847 ψυχικὸν
2328 4778 2427 4848 μὲν
2457 4778 2560 4832 οὐκ
2605 4778 2902 4833 ἐπεπόνθει
2948 4778 3210 4836 θάνατον.
3264 4782 3393 4845 Πῶς
3422 4781 3547 4851 γὰρ,
3578 4778 3632 4837 ὃς

374 4868 500 4938 giae
530 4874 689 4918 natus
717 4870 861 4916 esset
895 4860 991 4916 :et
1018 4861 1262 4932 iu'cujus
1298 4877 1393 4916 ore
1430 4878 1533 4915 non
1570 4871 1655 4916 est
1684 4862 1945 4919 inventus

2075 4887 2110 4947 _x
2146 4868 2420 4940 Παρθένου
2471 4869 2816 4951 γεγέννηται,
2857 4870 2979 4924 οὐδὲ
3013 4871 3220 4945 εὑρέθη
3254 4872 3415 4936 δόλος
3464 4875 3519 4924 ἐν
3562 4868 3633 4938 τῷ
3688 4886 3699 4905 ι

372 4958 532 5011 dolus
564 4955 651 5007 "2'
722 4953 931 5008 Idcirco
964 4968 1066 5007 nec
1090 4953 1338 5022 corporis
1361 4954 1575 5024 quidem
1627 4955 1786 5009 morti
1847 4954 1946 5009 oh-

372 5048 569 5102 noxius
602 5054 742 5112 erat,
776 5059 883 5113 qua
922 5042 1133 5098 ratione
1158 5045 1225 5098 ab
1255 5044 1401 5097 omni
1433 5046 1727 5098 immunem
1787 5045 1943 5115 culpa

374 5137 542 5193 vitam
575 5138 907 5192 traduxerat.
937 5134 1172 5204 Operam
1204 5142 1388 5188 tamen
1459 5136 1778 5191 conferente
1825 5137 1945 5191 dia-

371 5230 497 5285 holo
550 5244 646 5300 per
716 5230 956 5284 deicidas
1007 5226 1225 5281 Iudaeos
1289 5236 1481 5297 sponte
1532 5243 1651 5282 eam
1706 5230 1947 5300 suscepit

370 5334 591 5396 propter
638 5339 760 5377 nos.
798 5320 934 5375 Mori
989 5322 1134 5374 enim
1216 5330 1428 5389 poterat
1508 5321 1653 5388 quod
1705 5330 1940 5379 veterem

369 5417 632 5470 Adamum
674 5414 938 5467 induerat.
976 5410 1041 5465 Et
1072 5412 1198 5481 quia
1226 5422 1281 5464 ut
1306 5424 1613 5465 moreretur
1672 5412 1723 5465 in
1773 5427 1937 5468 causa

369 5504 919 5573 nonfuitpeccatum
970 5504 1220 5575 originis,
1275 5518 1432 5556 suum
1490 5517 1679 5558 rursus
1741 5519 1940 5575 corpus

366 5597 587 5664 recepit.

437 5714 672 5813 ἒηῐῖοιιι.
708 5733 763 5785 v,
804 5719 883 5772 l5.
956 5717 1045 5769 ³⁸1
1075 5718 1201 5771 Cur.
1246 5731 1331 5777 xv,
1367 5716 1455 5771 45.
1536 5717 1580 5749 ⁸⁸
1614 5717 1812 5775 thes.
1870 5736 1928 5788 it,

2139 5720 2181 5752 ⁸⁷
2214 5722 2340 5792 8η).
2373 5739 2409 5789 1,
2456 5723 2542 5777 15.

364 5802 421 5843 ιι.
445 5786 535 5841 95.

2048 5510 2384 5582 προγονικὴν
2446 5510 2725 5581 ἁμαρτίαν
2745 5553 2759 5577 ,

2046 5601 2305 5656 ἀνείλετο.

2058 4943 2284 5029 στόματι
2342 4959 2549 5023 αὐτοῦς
2612 4943 2710 5013 Διᾶ
2768 4959 2925 5015 τοῦτο
2977 4962 3096 5015 οὐδὲ
3162 4963 3259 5015 τὸν
3328 4960 3631 5033 σωματικὸν

2054 5052 2347 5106 ἀποθανεῖν
2416 5051 2640 5122 ὤφειλε,
2708 5053 2896 5109 καθότι
2957 5055 3363 5128 ἀναμάρτητος
3421 5054 3633 5109 ⁸διεϐίω.

2053 5143 2245 5212 ’Ὀμως
2296 5142 2387 5196 τοῦ
2444 5143 2689 5199 διαϐόλου
2728 5147 3169 5217 συνεργήσαντος
3223 5146 3316 5201 διὰ
3358 5146 3469 5199 τῶν
3520 5143 3631 5195 θεο-

2052 5235 2256 5288 κτόνων
2294 5234 2584 5298 Ἰουδαίων,
2628 5235 2769 5289 ἑκὼν
2811 5236 2974 5290 αὑτὸν
3011 5237 3325 5304 ὑπεδέξατο
3368 5237 3438 5291 δι’
3470 5234 3632 5306 ἡμᾶς.

2062 5324 2378 5378 ’Δποθανεῐν
2432 5326 2541 5393 γὰρ
2580 5325 2824 5389 ἐδύνατο,
2870 5328 2962 5379 τὸν
2993 5326 3234 5381 παλαιὸν
3277 5327 3457 5397 ’Δδάμ
3495 5327 3637 5377 ἐνδυ-

2051 5419 2303 5487 σὰμενος.
2378 5418 2489 5470 Καὶ
2567 5419 2799 5489 ἐπείπερ
2869 5418 2970 5472 οὐκ
3042 5418 3299 5472 ἀπέθανε
3381 5418 3475 5473 διὰ
3542 5417 3635 5486 τὴν

2836 5511 2999 5565 πάλιν
3066 5511 3132 5564 τὸ
3203 5511 3412 5568 ἑαυτοῦ
3481 5510 3634 5580 σῶμα

2653 5720 2737 5773 ³⁸1
2800 5720 2925 5776 Cor.
2961 5735 3049 5786 xv,
3084 5718 3181 5775 ΞΟ.
3304 5720 3355 5757 ³⁹
3408 5721 3428 5777 l
3489 5718 3629 5806 Petr.
