3916 6204
199 368 484 449 ‘593-

1893 263 2018 277 “1‘.-

1277 385 1377 448 DE
1426 385 1847 450 PRINCIPHS
1889 388 2101 452 FIDEI
2135 390 2597 457 CATHOLICPE.

2023 250 2157 276 --μσς
2179 257 2191 265 -

3421 401 3528 463 ιρι

357 489 444 566 Τῷ
491 488 586 550 οὖν
613 495 830 552 θανάτω
878 503 971 550 τοῦ
1026 497 1274 552 διαϐόλου
1309 500 1533 553 διπλοῦν
1583 501 1858 570 ἐπάθομεν

2041 504 2248 572 Diaboli
2275 509 2457 579 itaque
2487 516 2658 563 morte
2698 507 2966 576 duplicem
2993 507 3136 578 passi
3166 524 3350 565 sumus
3378 525 3523 566 mor-

185 643 189 648 ,
293 587 516 639 θάνατον
541 603 556 616 ·
591 585 671 656 τῷ
707 587 764 640 δὲ
794 587 951 656 ἁπλῷ
992 588 1087 640 καὶ
1120 589 1200 642 ἐνὶ
1239 590 1452 659 θανάτῳ
1481 590 1575 643 τοῦ
1613 593 1848 660 Χριστοῦ

290 680 362 748 τῷ
409 681 778 751 προαιρετικῷ
830 682 926 735 τοῦ
972 683 1203 737 θανάτου
1237 685 1712 755 ἠλευθερώθημεν,
1760 689 1855 740 καὶ

292 775 815 844 ἐζωποιήθημενθδι⁹
848 775 1039 830 αὑτοῦ.
1079 777 1210 839 Καὶ,
1255 777 1329 840 ὥς
1377 795 1545 848 φησιν
1601 779 1852 841 Ἡσαΐας.

296 889 312 918 ι
345 867 432 936 Τῷ
481 867 711 933 μίλωπι
759 867 925 921 αὑτοῦ
958 871 1122 938 ἡμεῖς
1173 870 1375 932 πάντες
1423 870 1679 940 ίάθημεν.
1716 891 1735 924 ι
1792 871 1855 924 ΕΙ

291 957 391 1026 γὰρ
426 956 525 1010 xui.
567 957 907 1027 σωματικῶς
937 956 1361 1028 ἀποθνήσκομεν
1405 958 1497 1012 διὰ
1550 959 1614 1012 τὸ
1663 959 1857 1030 θνητὸν

182 1063 193 1086 δ
292 1050 467 1117 σῶμα,
495 1049 633 1103 ἀλλὰ
660 1048 821 1103 πάλιν
857 1049 1151 1103 ἀναλαϐεῖν
1181 1051 1511 1121 πιστεύομεν
1534 1051 1602 1104 τὰ
1630 1051 1859 1121 σώματα

291 1141 446 1211 ἡμῶν
481 1141 544 1193 ἐν
585 1139 733 1212 δόξῃ,
771 1141 902 1195 ὅταν
956 1143 984 1194 ὁ
1038 1141 1275 1212 Χριστὸς
1329 1141 1621 1214 φανερωθῇ
1669 1144 1703 1214 η
1745 1142 1859 1214 ζωὴ

292 1234 468 1303 ἡμῶν,
503 1234 648 1288 κατὰ
696 1234 788 1288 τὸν
823 1233 1094 1304 μακάριον
1143 1234 1389 1288 Παῦλον·
1420 1237 1600 1288 καίτοι
1644 1236 1723 1298 είς
1769 1236 1860 1288 τὸν

290 1323 432 1376 κατὰ
461 1323 556 1376 τοῦ
587 1322 826 1377 θανάτου
847 1323 1040 1394 ἀγῶνα
1067 1324 1220 1378 οὐδὲν
1248 1326 1410 1395 ἡμεῖς
1440 1326 1590 1396 αὐτῷ
1620 1316 1860 1397 συνηρά-

294 1414 452 1482 μεθα.
487 1413 588 1468 Διά
616 1413 674 1467 δὲ
698 1414 761 1466 τὸ
798 1415 978 1469 κοινὸν
1007 1415 1110 1485 τῆς
1149 1415 1498 1488 ἀνθρωπίνης
1525 1417 1764 1486 φύσεως,
1793 1419 1862 1490 ἢν

293 1508 514 1561 ἃπασαν
545 1508 922 1576 προσελάϐετο
966 1509 1026 1562 ἐν
1072 1509 1171 1580 μιᾷ
1233 1509 1554 1573 ὑποστάσει,
1593 1511 1691 1565 καὶ
1729 1512 1864 1565 διότι

293 1601 504 1670 Κύριον
534 1602 630 1654 καὶ
653 1601 924 1670 δεσπότην
948 1600 1110 1655 αὐτὸν
1136 1599 1489 1670 ἐπιϐοώμεθα
1519 1605 1613 1657 καὶ
1635 1602 1864 1673 Σωτῆρα

289 1692 766 1763 πανηγυρίζομεν,
814 1694 910 1746 καὶ
957 1695 1084 1756 τοῦς
1126 1693 1430 1756 ,ἐπινικίους
1471 1694 1670 1764 ᾄδομεν
1716 1695 1866 1766 αὐτῷ

289 1784 366 1847 εἰς
427 1783 529 1850 τὴν
576 1781 673 1836 τοῦ
728 1781 960 1834 θανάτου
1004 1781 1183 1850 νίκην,
1231 1785 1524 1847 κοινωνοὺς
1565 1785 1663 1851 τῆς
1709 1785 1866 1852 νίκης

291 1877 532 1928 ποιεῖται
586 1875 683 1928 καὶ
730 1874 828 1943 τὴν
877 1874 1198 1942 ἐλευθερίαν
1230 1857 1541 1942 χαρίζεται.
1600 1877 1708 1929 Τοῦ
1758 1877 1868 1946 γὰρ

289 1967 430 2020 Θεοῦ
483 1967 577 2018 τοῦ
629 1966 859 2037 Πατρός,
920 1967 1016 2020 καὶ
1065 1966 1195 2019 Υίοῦ
1248 1969 1345 2020 καὶ
1398 1967 1494 2020 τοῦ
1556 1968 1869 2038 Πνεύματος

196 2069 206 2073 '
289 2059 760 2122 καταδικάσαντος
777 2059 870 2112 τὸν
894 2058 1250 2123 διάϐολον,ὡς
1275 2059 1478 2122 ἀδίκως
1503 2059 1870 2128 ἐπενεγκόντι

289 2154 365 2223 τῷ
420 2155 798 2223 ἀναμαρτήτῳ
843 2153 932 2206 τὸν
984 2152 1238 2217 θάνατον,
1265 2215 1267 2218 ς
1293 2153 1394 2206 οὔκ
1438 2153 1716 2224 ἐκρατήθη
1768 2154 1872 2207 ὕπδ

289 2247 381 2299 τοῦ
426 2245 665 2299 θανάτου
703 2248 736 2316 ἡ
765 2245 1014 2316 αὐτοζωή
1041 2261 1055 2275 ο
1086 2245 1205 2298 ἀλλ’
1244 2243 1318 2308 ὡς
1350 2241 1554 2315 Κύριος
1577 2246 1678 2315 τῆς
1714 2244 1874 2316 δόξης

291 2336 716 2410 ὑπερϐαλλούσῃ
769 2335 990 2406 ἐξουσίᾳ
1055 2334 1148 2387 τδν
1196 2334 1433 2404 ἄρχοντα
1501 2332 1595 2387 τοῦ
1650 2334 1874 2398 σκότους

291 2427 387 2479 καὶ
441 2425 542 2488 τὰς
589 2426 682 2479 ὑπ’
731 2424 883 2496 αὐτῷ
928 2424 1194 2494 δυνάμεις
1246 2424 1580 2494 κατήνεγκε,
1628 2427 1726 2479 καὶ
1777 2425 1877 2497 τὴν

295 2526 456 2594 ίσχῦν
496 2523 720 2577 ἐκείνων
747 2523 955 2578 διέλυσε
983 2538 997 2554 ·
1025 2523 1120 2575 καὶ
1147 2521 1289 2575 οῦτω
1311 2520 1410 2584 τὰς
1436 2519 1534 2592 μέν
1561 2518 1741 2589 ψυχὰς
1769 2519 1878 2574 τῶν

295 2617 516 2685 ἁγίων,
575 2617 625 2670 οἶ
680 2618 775 2670 καὶ
821 2616 984 2671 αὐτὸν
1039 2613 1388 2684 ἐξεδέχοντο,
1453 2612 1582 2676 τοὺς
1641 2612 1878 2682 δεσμοὺς

293 2708 602 2780 διαρρήξας
651 2708 908 2772 ἀπέλυσε,
949 2708 1044 2762 καὶ
1100 2707 1221 2778 μεθ’
1257 2707 1453 2762 ἐαυτοῦ
1499 2707 1700 2772 ταύτας
1743 2709 1880 2786 ἀνήτ-

294 2817 496 2871 γαγεν,
526 2799 810 2872 ἐλευθερίᾳ
839 2801 1077 2869 τιμήσας
1104 2814 1120 2832 ·
1162 2799 1243 2854 ἐτι
1276 2801 1332 2855 δὲ
1362 2803 1459 2856 καὶ
1478 2805 1586 2856 τῶν
1610 2803 1690 2864 είς
1717 2803 1881 2856 αὐτὸν

291 2892 425 2960 ἄρτι
465 2890 590 2943 τότε
631 2889 1080 2944 πεπιστευκότων
1103 2905 1120 2920 ⁶
1152 2890 1451 2946 ἀνελάϐετο
1487 2891 1544 2945 δέ
1575 2891 1636 2945 τὸ
1683 2889 1880 2945 ἐαυτοῦ

295 2983 490 3052 σῶμα,
519 2982 615 3036 καὶ
643 2982 845 3052 ἀνέστη
886 2982 1186 3054 τριήμερος
1224 2984 1456 3054 νικητὴς
1495 2982 1588 3037 τοῦ
1625 2982 1881 3048 θανάτου,

291 3075 364 3128 τὰ
413 3074 595 3145 σκεύη
647 3074 744 3129 τοῦ
793 3077 1055 3148 ἄρχοντος
1109 3078 1436 3150 συντρίψας,
1485 3078 1582 3131 καὶ
1629 3077 1882 3148 καθάπερ

294 3164 845 3235 αίχμᾶλωτονάύτὸν
875 3169 1245 3239 καταστήσας.

369 3251 515 3309 Εἶτα
571 3258 668 3310 καὶ
718 3241 904 3328 ἐφάνη
942 3260 1055 3322 τοῖς
1109 3249 1530 3328 μαθηταῖς,’καὶ
1575 3257 1744 3328 ωσγε
1790 3260 1884 3312 καὶ

294 3346 658 3419 ἐψηλαφήθη,
692 3349 781 3404 διὰ
818 3348 986 3421 μόνην
1008 3349 1104 3419 τὴν
1143 3351 1240 3421 τῆς
1268 3352 1636 3417 ἀναστάσεως,
1657 3352 1730 3414 ὼς
1753 3351 1888 3420 ἔφη-

297 3458 426 3512 μεν,
472 3441 738 3494 πίστωσιν
759 3445 775 3472 ‘
803 3443 896 3494 mi.
927 3441 1093 3506 τέλος
1123 3440 1204 3506 είς
1238 3443 1330 3496 τὸν
1362 3445 1586 3514 οὺριινδν
1610 3443 1886 3514 ἀνελήφθη

296 3534 535 3588 πάντων
584 3533 874 3607 ὁρώντων,
933 3535 1030 3589 ἐπὶ
1089 3535 1315 3606 μηδενὸς
1372 3539 1566 3589 τούτου
1622 3536 1892 3606 πρότερον

293 3626 619 3693 γεγονότος.
665 3627 726 3680 '0
765 3625 871 3696 γὰρ
910 3628 1096 3692 Ἠλίας
1131 3629 1429 3700 ἁρπαγεὶς,
1458 3628 1561 3681 οὐκ
1604 3630 1690 3690 είς
1722 3627 1893 3696 ούρα-

296 3720 415 3774 νῦν,
469 3717 588 3771 ἀλλ’
625 3737 643 3769 ι
681 3719 758 3782 ὡς
811 3720 891 3782 είς
946 3719 1176 3788 οὐρανὸν
1210 3737 1228 3770 ι
1266 3720 1588 3793 ἀρπαγῆναι
1644 3705 1888 3787 λέγεται.

305 3829 324 3861 ι
368 3811 576 3872 coast;
612 3810 724 3881 γὰρ
758 3809 1106 3879 ἀναϐέϐηκεν
1139 3810 1219 3873 είς
1259 3811 1348 3862 τὸν
1381 3811 1631 3882 οὐρανὸν,
1677 3813 1726 3864 εί
1759 3811 1833 3882 μὴ
1861 3812 1890 3865 ό

298 3903 368 3954 ἐκ
398 3902 504 3954 τοῦ
541 3900 776 3972 οὐρανοῦ
829 3900 1095 3964 καταϐάς.
1133 3920 1150 3953 ι
1199 3903 1310 3955 Καὶ
1358 3904 1386 3956 ό
1432 3901 1534 3974 μὲν
1581 3899 1674 3956 ὕπ’
1706 3903 1889 3968 ἄλλου,

297 3995 329 4046 ὁ
378 3994 442 4048 δὲ
500 3994 740 4064 Χριστὸς
791 3993 958 4051 αὐτὸς
1013 3993 1104 4063 ὑφ’
1135 3992 1329 4046 ἐαυτοῦ
1383 3995 1465 4054 είς
1510 3992 1602 4046 τὸν
1659 3994 1894 4065 οὐρανὸν

299 4085 641 4157 ἀνεφέρετο.
705 4085 1060 4154 Πρωτότοκος
1116 4079 1210 4139 οὖν
1259 4085 1322 4138 ἐκ
1375 4085 1497 4138 τῶν-
1536 4085 1747 4156 νεκρῶν
1800 4088 1896 4140 καὶ

297 4178 546 4248 ἀπαρχὴ
576 4177 685 4230 τῶν
713 4177 1138 4247 κεκοιμημένων
1167 4178 1482 4246 γενόμενος,
1508 4177 1729 4240 ἐλπίδας
1761 4179 1894 4246 ήμῖν

300 4273 631 4342 παρέσχετο
677 4271 770 4324 τοῦ
821 4272 916 4324 καὶ
946 4271 1094 4340 ἡμᾶς
1132 4270 1224 4323 τὸν
1249 4270 1436 4338 ὅμοιον
1486 4269 1896 4340 ἀναστήσεσθαι

299 4365 546 4434 τρόπον,
580 4365 674 4416 καὶ
716 4363 865 4433 αὑτῷ
897 4360 1376 4431 παραστήσεσθαι,
1417 4360 1495 4430 τῷ
1525 4361 1757 4432 ἀρχηγῷ
1797 4361 1894 4432 τῆς

301 4457 599 4527 σωτηρίας
639 4454 821 4525 ἡμῶν,
850 4455 884 4524 ἢ
930 4451 1450 4522 δοξασθησομὲνους,
1486 4452 1519 4523 ή
1553 4451 1889 4521 κολασθησοσ

1909 3190 1956 3252 C

1965 607 2069 650 tem
2103 612 2124 662 ;
2156 613 2371 668 unaque
2398 614 2460 654 ac
2485 599 2715 670 simplici
2745 597 2952 656 Christi
3017 608 3193 657 morte
3225 602 3302 656 illi
3333 612 3531 670 sponte

1964 699 2239 758 suscepta,
2269 679 2297 743 5
2331 700 2504 744 morte
2536 691 2746 748 liberati
2771 708 2955 748 sumus
2987 702 3038 749 et
3067 709 3162 763 per
3216 711 3335 749 eam
3396 697 3536 752 vivi.

1964 782 2130 838 iicati.
2208 783 2404 853 Atque,
2451 795 2508 839 ut
2542 785 2706 841 ls’aias
2763 786 3051 857 loquitur:
3123 806 3141 838 ι
3176 786 3372 842 Livore
3419 789 3535 858 ejus

1966 893 2064 932 nos
2087 892 2277 933 omnes
2301 880 2474 932 sanati
2500 894 2688 934 sumus
2714 879 2778 933 “.
2811 897 2830 931 ι
2872 877 3113 934 Tametsi
3142 878 3285 934 enim
3307 894 3536 948 corpore

1967 969 2249 1035 morimur,
2284 971 2426 1040 quod
2451 971 2676 1026 mortale
2704 987 2904 1042 corpus
2961 971 3259 1027 habeamus
3288 985 3310 1035 ,‘
3360 972 3535 1027 credi-

1968 1078 2087 1118 mus
2119 1073 2298 1118 tamen
2329 1079 2544 1118 rursum
2575 1078 2674 1119 nos
2704 1079 2930 1134 corpora
2982 1073 3168 1119 nostra
3216 1074 3537 1134 recepturos

1967 1157 2020 1210 in
2056 1156 2302 1212 claritate
2317 1158 2384 1221 δ’,
2419 1172 2540 1212 cmn
2563 1157 2814 1212 Christus
2841 1158 3156 1228 apparuerit
3188 1159 3294 1212 vita
3323 1168 3535 1217 nostra,

1969 1249 2043 1303 uti
2083 1259 2274 1305 auctor
2301 1257 2386 1304 est
2416 1249 2608 1304 beatus
2635 1249 2877 1314 Paulus;
2921 1252 3172 1319 quamvis
3224 1265 3400 1320 agone
3431 1267 3540 1320 quo

1970 1348 2196 1394 mortem
2231 1341 2531 1411 superavit,
2563 1340 2700 1395 nihil
2732 1339 2780 1396 ei
2801 1357 2830 1395 a
2859 1341 3018 1395 nobis
3058 1356 3237 1410 operae
3275 1343 3538 1396 collatum

1969 1431 2061 1487 sit.
2119 1430 2201 1488 Ob
2223 1445 2431 1488 naturae
2462 1418 2641 1489 tamen
2693 1434 3166 1498 communitatem,
3201 1450 3362 1503 quam
3427 1451 3542 1488 uiu-

1973 1540 2092 1580 nem
2129 1525 2183 1579 in
2212 1541 2316 1580 una
2367 1541 2598 1595 persona
2648 1527 2879 1597 accepit,
2935 1533 2990 1580 et
3041 1527 3181 1596 quod
3253 1525 3542 1580 Dominum

1973 1616 2271 1686 herumque
2294 1631 2417 1670 eum
2447 1617 2764 1673 invocamus
2791 1626 2845 1672 et
2877 1616 3212 1672 Salvatorem
3238 1615 3542 1677 laudamus.

1973 1723 2038 1763 ac
2069 1709 2311 1764 victoriae
2346 1709 2420 1764 illi
2446 1710 2659 1766 cantica
2684 1709 2936 1764 canimus
2960 1723 3057 1779 pro
3081 1710 3273 1763 mortis
3320 1717 3544 1777 tropaeo.

1975 1801 2156 1856 socios
2189 1816 2290 1856 nos
2318 1800 2562 1857 victoria:
2582 1800 2713 1859 facit
2741 1817 2806 1856 ac
2842 1802 3149 1855 libertatem
3179 1801 3386 1854 tribuit.
3439 1799 3547 1853 Deo

1970 1894 2116 1949 enim
2145 1893 2305 1948 Patre
2331 1902 2386 1950 et
2423 1893 2644 1950 Filio’et
2697 1893 2904 1962 Spiritu
2967 1893 3364 1948 cundenmante
3421 1891 3544 1946 diae

1972 1983 2178 2051 bolum,
2212 1985 2353 2053 quod
2387 1984 2590 2055 injuste
2611 2002 2734 2040 eum
2758 1996 2932 2042 morte
2985 1984 3233 2042 olfecerit
3277 1985 3370 2054 qui
3423 1985 3546 2040 nui-

1973 2075 2075 2131 lius
2113 2077 2324 2146 peccati
2360 2078 2475 2147 ipse
2506 2093 2635 2134 reus
2670 2087 2810 2144 erat,
2867 2077 3037 2132 teneri
3121 2093 3150 2132 a
3207 2086 3384 2132 morte
3430 2077 3547 2147 ipsa

1974 2182 2101 2222 vere
2136 2168 2248 2222 vita
2293 2183 2398 2223 non
2467 2167 2747 2238 potuit“;
2816 2167 2911 2223 sed
2975 2177 3232 2236 tanquam
3289 2167 3550 2223 Dominus

1972 2260 2161 2330 gloria:
2190 2260 2477 2316 cxcellcnti
2532 2259 2771 2329 potentia
2831 2262 3183 2314 tenebrarum
3247 2258 3550 2327 principem

1977 2367 2083 2405 una
2127 2360 2247 2405 cum
2305 2351 2568 2422 subjectis
2610 2352 2660 2408 ei
2717 2351 3087 2421 potestatibus
3150 2348 3458 2420 proﬂigavit
3486 2348 3552 2410 “,
3627 2367 3646 2386 ο

1975 2458 2275 2514 eorumque
2328 2443 2496 2499 robur
2539 2444 2822 2511 dissolvit;
2855 2453 3019 2514 atque
3077 2441 3130 2498 in
3161 2457 3287 2499 eum
3325 2441 3546 2495 modum

1978 2534 2555 2604 sanctorumquidem
2606 2535 2820 2590 animas
2858 2533 3043 2606 (cujus
3072 2549 3169 2603 spe
3209 2533 3554 2596 tenebantur)

1979 2626 2245 2697 disruptis
2291 2626 2529 2682 vinculis
2588 2625 2848 2690 absolvit,
2891 2625 3273 2692 libertatisque
3329 2638 3556 2680 munere

1980 2716 2230 2782 donatas,
2257 2732 2366 2772 una
2397 2730 2584 2773 secum
2637 2717 2893 2782 reduxit,
2926 2730 3223 2785 eorumque
3272 2724 3556 2784 praeterea,

1981 2807 2075 2878 qui
2109 2817 2238 2863 tunc
2266 2823 2458 2864 recens
2482 2809 2539 2862 in
2565 2823 2692 2863 eum
2733 2807 3108 2864 crediderunt.
3150 2806 3559 2874 Resumptoque

1983 2915 2084 2955 suo
2129 2914 2359 2969 corpore
2400 2900 2691 2956 triduanns
2727 2899 2920 2955 mortis
2958 2899 3132 2954 vietor
3177 2898 3395 2962 revixit,
3427 2911 3559 2952 con-

1985 2991 2128 3046 tritis
2176 2991 2436 3061 principis
2469 2992 2638 3057 vasis,
2661 3006 2724 3049 ac
2766 3008 2867 3048 seu
2921 2991 3211 3061 captivum
3240 2990 3445 3045 carceri
3495 3003 3561 3043 ac

1985 3084 2222 3141 vinculis
2253 3084 2482 3142 addixit.

2063 3261 2268 3316 Deinde
2308 3262 2472 3316 etiam
2505 3277 2564 3317 se
2594 3261 2882 3332 discipulis
2920 3259 3277 3331 conspicuum
3312 3257 3476 3322 fecit,
3506 3263 3561 3312 et
3653 3279 3659 3286 ί

1994 3354 2361 3422 manducavit,
2395 3370 2459 3411 ac
2505 3353 2709 3426 palpari
2744 3355 2934 3421 voluit,
2968 3357 3037 3411 ob
3073 3354 3230 3408 iidem
3279 3368 3564 3409 resurrec-

1991 3429 2158 3501 tionis
2190 3446 2364 3500 solum
2389 3445 2739 3502 aStruendam
2754 3444 2914 3508 “,uti
2938 3443 3215 3508 diximus;
3248 3459 3313 3499 ac
3346 3444 3562 3498 demum

1993 3537 2203 3593 cunctis
2253 3537 2566 3592 videntibus
2615 3537 2670 3591 in
2733 3536 2930 3592 malum
2994 3535 3282 3598 ascendit,
3335 3549 3459 3589 cum
3508 3536 3562 3586 in

1994 3622 2141 3687 nullo
2165 3631 2246 3686 sic
2266 3645 2506 3700 unquam
2537 3629 2878 3701 contigisset.
2904 3625 3042 3683 Nam
3075 3626 3223 3688 Elias
3246 3637 3433 3697 raptus
3455 3637 3562 3690 est,

1994 3737 2100 3776 non
2151 3723 2202 3776 in
2255 3721 2478 3787 coelum,
2529 3721 2662 3784 sed,
2701 3739 2720 3772 ι
2780 3721 2938 3791 quasi
2974 3719 3030 3773 in
3078 3719 3275 3774 coelum
3315 3736 3334 3769 ι
3381 3725 3569 3786 raptus

1995 3813 2390 3884 perhibetur".
2417 3831 2435 3865 ι
2466 3810 2635 3867 Nemo
2666 3799 2811 3867 enim
2847 3811 3095 3868 ascendit
3119 3811 3172 3864 in
3205 3811 3426 3872 coelum,
3461 3809 3568 3862 nisi

1993 3905 2089 3976 qui
2135 3903 2414 3961 descendit
2452 3906 2520 3961 de
2557 3905 2698 3960 etelo
2715 3905 2785 3960 “.
2826 3924 2844 3957 ι
2877 3909 2956 3959 Ac
2999 3904 3219 3975 quidem
3249 3903 3418 3964 Elias,
3461 3901 3570 3954 alia

1995 3993 2348 4066 sublevante,
2393 3999 2646 4056 Christus
2693 4015 2844 4066 vero,
2885 3998 2999 4070 ipse
3029 4013 3061 4054 a
3096 4012 3155 4053 se
3193 3997 3472 4052 ferebatur
3515 3996 3568 4049 iu

1995 4093 2218 4148 cmlum.
2252 4091 2355 4158 Qui
2408 4091 2573 4162 igitur
2632 4110 2651 4143 ι
2705 4089 3103 4162 primogenitus
3131 4105 3199 4146 ex
3241 4090 3473 4145 mortuis
3519 4100 3574 4142 (ιι

1995 4184 2249 4254 primitiae
2294 4183 2762 4249 dormientium",
2807 4202 2826 4235 ι
2863 4181 3040 4236 factus
3070 4183 3178 4247 sit,
3211 4197 3360 4251 spem
3413 4181 3572 4235 nobis

1996 4275 2248 4344 prmlmit,
2279 4272 2395 4328 l'urc
2447 4283 2506 4328 ut
2548 4283 2602 4329 et
2635 4288 2732 4328 nos
2764 4274 2956 4327 eodem
3009 4273 3171 4327 modo
3200 4288 3569 4342 resnrganms,

1994 4365 2209 4435 ipsique
2237 4379 2418 4419 coram
2467 4365 2750 4428 sistamur,
2780 4365 2873 4434 qui
2910 4373 3097 4419 noster
3127 4375 3318 4418 auctor
3342 4364 3574 4417 exsistat

1998 4456 2191 4510 salutis
2212 4455 2279 4521 ⁸⁸,
2303 4464 2362 4509 ut
2411 4466 2503 4509 aut
2537 4456 2896 4508 immortalem
2951 4454 3200 4522 gloriam,
3243 4462 3336 4506 aut
3372 4455 3576 4522 suppli-

255 4587 264 4610 ,
301 4522 520 4619 μένοῦς
558 4522 804 4602 ἀθάνατα
831 4562 844 4576 ⁸
872 4522 984 4600 *ὅτε
1024 4544 1286 4615 δηλονότι,
1321 4522 1514 4607 καθὼς
1535 4545 1882 4614 πιστεύομεν,

1994 4549 2075 4602 cia
2104 4556 2468 4616 reportemus,
2487 4556 2614 4599 tunc
2636 4545 3057 4612 nimirum,cum
3087 4544 3251 4615 (sicut
3276 4523 3572 4599 credimus)

297 4641 367 4696 τὸ
404 4642 667 4710 δεύτερον
697 4639 863 4693 πάλιν
889 4636 1171 4690 ἐλεύσεται
1214 4635 1398 4704 κρῖναι
1435 4633 1642 4699 ζῶντας
1680 4637 1774 4689 καὶ
1812 4653 1897 4688 νε-

301 4735 457 4803 κρού
469 4751 517 4794 ς.

391 4825 465 4876 '0
495 4823 673 4878 τοίνυν
704 4813 850 4876 κατὰ
896 4812 998 4892 τῆς
1047 4819 1400 4892 ἀνθρωπίνης
1433 4819 1648 4888 φύσεως
1679 4816 1908 4888 ἐπαιρό-’

303 4931 516 4983 μενος,
544 4919 638 4970 καὶ
676 4915 776 4985 τὴν
820 4915 1146 4986 οίκουμένην
1184 4913 1259 4976 ὡς
1302 4911 1522 4996 νοσσιριν
1552 4908 1905 4980 καυχώμενος

305 5006 762 5077 καταλήψεσθαι,
791 5006 888 5060 νῦν
922 5005 1013 5074 ὑφ’
1053 5004 1213 5075 ⁴ήμῶν
1241 5003 1570 5074 ἐμπαίξεται
1621 5005 1716 5056 καὶ
1745 5002 1908 5070 γελᾶ-

303 5115 408 5151 ται
468 5100 575 5154 τῶν
625 5100 720 5152 τὸν
775 5098 1012 5168 Χριστὸν
1068 5096 1543 5167 προσκυνούντων,
1601 5095 1692 5146 τὸν
1743 5093 1906 5146 αὐτὸν

303 5187 466 5256 ὁμοῦ
502 5188 626 5244 θεὸν
666 5191 764 5243 καὶ
793 5189 1101 5259 ἄνθρωπον,
1134 5189 1228 5241 καὶ
1260 5185 1528 5258 βοώντων,
1564 5206 1581 5236 ι
1629 5182 1906 5254 Ἐπεφάνη

307 5282 344 5350 ἠ
406 5282 574 5352 χάρις
605 5283 702 5337 τοῦ
757 5282 898 5336 Θεοῦ
946 5284 977 5351 ὴ
1033 5285 1299 5352 σωτήριος
1351 5282 1520 5334 πᾶσιν
1571 5277 1902 5350 ἀνθρώποις,

306 5373 666 5429 παιδεύουσα
720 5377 893 5446 ἡμᾶς,
949 5375 1037 5427 ἵνα
1086 5374 1456 5443 ἀρνησάμενοι
1506 5371 1603 5442 τὴν
1648 5369 1905 5424 ἀσέϐειαν

305 5468 418 5519 καὶ
459 5465 559 5530 τὰς
606 5469 883 5540 κοσμικὰς
913 5465 1231 5536 ἐπιθυμίας,
1276 5465 1571 5535 σωφρόνως
1611 5464 1708 5515 καὶ
1749 5464 1904 5513 εὐσεο

303 5559 439 5621 ϐὦς
492 5555 744 5630 ζήσωμεν
786 5562 845 5612 ἐν
895 5558 974 5628 τῷ
1024 5557 1186 5610 αἰῶνι
1228 5555 1425 5625 τούτῳ.
1473 5573 1490 5605 ι
1546 5553 1745 5607 Οὐκέτι
1801 5553 1907 5634 γάρ

395 5759 454 5791 ⁸⁸
503 5755 598 5816 lsa.
635 5777 750 5823 Lm,
781 5762 833 5816 5.

1999 4639 2238 4693 secundo
2270 4637 2466 4692 iterum
2501 4636 2678 4690 veniet
2709 4635 2862 4690 vivos
2891 4647 3050 4705 atque
3077 4646 3324 4692 mortuos
3361 4635 3576 4705 judica-

2002 4739 2180 4785 turus.

2076 4805 2129 4877 Is
2175 4820 2340 4892 igitur
2389 4819 2481 4888 qui
2532 4817 2797 4874 adversus
2846 4819 3144 4876 humanum
3186 4835 3360 4891 genus
3390 4818 3580 4872 cili-re-

2012 4912 2191 4977 batur,
2253 4910 2452 4981 quippe
2511 4912 2603 4980 qui
2675 4911 2821 4966 velut
2876 4911 3062 4966 nidum
3085 4913 3150 4975 ⁸ο,
3209 4926 3266 4965 se
3311 4919 3578 4963 terrarum

2011 5003 2198 5058 orbem
2231 5002 2756 5071 comprehensurum
2799 5002 3156 5073 gloriabatur,
3189 5017 3217 5055 a
3249 5000 3404 5054 nobis
3437 5015 3580 5052 ltlltlc

2011 5095 2210 5151 Christi
2247 5095 2338 5150 Dei
2361 5094 2889 5165 simulhominisque
2915 5077 3480 5162 cnltoribusilluditur
3517 5107 3582 5145 ac

2013 5188 2309 5253 deridetur,
2351 5188 2549 5256 quippe
2570 5186 2662 5257 qui
2699 5187 3031 5241 clamemus:
3065 5205 3085 5237 ι
3117 5185 3378 5256 Apparuit
3410 5185 3581 5253 gratia

2014 5275 2108 5330 Dei
2140 5277 2398 5332 salutaris
2418 5277 2672 5331 ninnibns
2702 5277 3033 5340 hominibus,
3069 5271 3326 5332 erudiens
3363 5293 3482 5345 nos,
3526 5287 3585 5330 ut

2015 5368 2347 5438 abnegantes
2376 5369 2703 5436 impietatem
2722 5379 2774 5422 et
2801 5369 3078 5423 saecularia
3097 5368 3386 5432 desideria,
3402 5369 3586 5423 sobrie

2014 5469 2068 5516 et
2085 5461 2172 5530 pie
2192 5460 2435 5516 vivamus
2460 5461 2512 5514 in
2540 5463 2641 5515 imo
2658 5463 2856 5516 saeculo
2873 5460 2959 5514 ⁸⁸⁷.
2976 5481 2993 5512 ι
3020 5461 3136 5514 Non
3152 5462 3291 5515 enim
3307 5461 3415 5530 jam
3435 5462 3587 5516 deiu-

2016 5571 2142 5625 ceps
2229 5556 2385 5610 nobis
2441 5557 2789 5625 exprobrabit
2837 5572 2901 5613 ac
2963 5557 3389 5623 condemnabit,
3437 5559 3580 5628 quod

907 5761 951 5793 ⁸³
981 5760 1196 5815 Coluss.
1236 5775 1316 5822 Ill,
1349 5762 1401 5816 4.
1481 5761 1524 5792 ’⁵³
1578 5761 1694 5818 Act.
1721 5761 1882 5827 11,24

1989 5761 2025 5791 ’³
2056 5759 2185 5814 Luc.
2215 5775 2286 5820 χι.
2316 5759 2408 5815 92.
2444 5829 2447 5830 ν
2484 5758 2670 5830 ‘fAct.
2703 5759 2820 5830 1.5,
2855 5760 2910 5823 4,
2941 5761 3025 5830 θκ
3072 5760 3116 5792 ⁸⁸
3148 5759 3214 5812 IV
3250 5759 3377 5830 Reg.
3405 5776 3463 5825 tt,
3499 5761 3586 5816 Η.

316 5831 369 5861 ⁸⁸
401 5827 576 5888 Joan.
604 5849 688 5898 Ill,
726 5833 810 5888 13.
884 5832 925 5865 ⁸⁷
954 5831 1163 5887 Coloss.
1203 5847 1240 5897 ι,
1277 5832 1337 5886 18
1369 5831 1528 5887 lCur.
1567 5848 1638 5897 χι,
1674 5832 1764 5886 ‘20.
1845 5832 1882 5860 “

1989 5830 2151 5896 ,Cur.
2194 5845 2244 5893 ν,
2281 5829 2361 5882 10.
2440 5829 2484 5862 ’⁸³
2510 5829 2616 5885 lia.
2651 5844 2701 5883 ι.
2727 5829 2812 5883 Η.
2889 5831 2958 5861 ⁵⁸⁸
2989 5829 3094 5884 Tit.
3131 5846 3188 5896 tt,
3224 5832 3306 5884 ll.
3334 5827 3351 5830 θ
3531 5875 3534 5878 .

2889 5831 2958 5861 ’θ’
2989 5829 3094 5884 Tit.
3131 5846 3188 5896 ιι,
3224 5832 3306 5884 Η.
