3916 6204
400 374 509 439 595

1661 370 2057 431 MANUELIS
2094 370 2396 433 CALEC/E
3282 350 3293 363 ‘
3489 380 3576 448 595

397 506 466 545 ne
519 504 663 543 unus
716 486 986 559 quispiam
1028 486 1133 551 sit,
1170 485 1263 557 qui
1297 485 1416 554 ejus
1451 485 1658 555 peccati
1700 482 1959 555 signaculi

2072 488 2206 558 ἡμῖν
2232 486 2483 541 όνιιδίσει
2510 502 2569 539 τε
2595 488 2688 542 καὶ
2715 488 3052 557 κατακρινεῖ,
3089 489 3160 554 ὡς
3184 490 3345 555 οὐδείς
3374 494 3473 548 ἐστι
3499 496 3581 565 τῆς

393 595 588 649 expers
613 579 718 643 sit,
755 578 827 632 ita
870 577 1153 641 nimirum,
1188 586 1246 631 ut
1274 593 1340 632 eo
1377 577 1451 632 illi
1493 577 1963 633 communicantes

396 686 459 726 ac
488 670 647 733 socii,
684 668 786 724 sub
822 676 1090 737 potestate
1122 682 1189 725 ac
1217 667 1603 724 communione
1648 666 1821 737 ipsius
1861 666 1961 721 diri

396 760 584 816 mundi
602 759 831 816 rectoris
859 775 924 815 ac
943 760 1147 830 peccati
1177 758 1418 825 auctoris
1444 760 1751 816 necessario
1768 760 1961 815 simus.

399 851 675 907 Habemus
707 849 852 908 enim
897 867 965 907 ex
1008 859 1197 908 nostro
1228 866 1427 922 genere
1474 851 1623 906 velut
1672 851 1959 907 donarium

392 944 737 1017 bestiamque
781 942 996 1008 oil‘erre,
1032 959 1196 1014 quam
1253 943 1463 1023 scilicet
1509 944 1600 1001 Dei
1627 942 1799 1000 Filius
1823 944 1959 999 citra

229 1087 238 1094 .
338 1054 339 1057 η
390 1050 610 1091 omnem
661 1035 871 1105 peccati
906 1034 1083 1091 labem
1133 1035 1430 1107 assumpsit
1461 1049 1679 1111 carnem
1704 1079 1719 1103 ,
1753 1036 1962 1106 perfec-

293 1122 296 1126 ί
387 1135 502 1182 tum
528 1127 789 1183 nimirum
812 1127 1090 1184 hominem
1111 1167 1126 1192 ,
1150 1143 1261 1199 quo
1285 1143 1409 1185 cum
1433 1128 1600 1185 etiam
1633 1142 1961 1197 congressus

389 1218 588 1285 hostis,
620 1221 836 1291 penitus
869 1219 1193 1292 proﬂigatus
1222 1233 1304 1278 est
1334 1240 1350 1278 :
1392 1238 1411 1275 ι
1458 1220 1617 1277 Venit
1660 1220 1827 1284 enirn,
1875 1222 1962 1275 in-

326 1332 329 1333 ν
385 1308 528 1379 quit,
570 1311 827 1383 princeps
857 1312 1043 1368 mundi
1088 1312 1272 1381 hujus,
1304 1320 1361 1368 et
1383 1312 1435 1368 in
1468 1326 1554 1368 me
1581 1326 1689 1368 non
1722 1312 1961 1368 inveniet

386 1399 682 1470 quidquam
705 1402 774 1456 ⁸⁸.
813 1422 832 1455 ι
881 1400 948 1458 Ει
980 1420 995 1460 :
1040 1423 1057 1456 ι
1095 1401 1250 1458 Nunc
1303 1401 1552 1473 princeps
1584 1400 1768 1458 mundi
1798 1400 1961 1471 hujus

387 1491 634 1560 ejiciatur
664 1492 896 1550 foras".
924 1513 943 1547 ι

456 1669 513 1723 1η
548 1671 746 1726 cmlum
776 1686 876 1742 ego
907 1682 1174 1743 receptus,
1210 1673 1516 1744 sedensque
1561 1691 1591 1730 a
1623 1675 1831 1730 dextris
1864 1673 1959 1731 Dei

387 1777 450 1818 ae
476 1761 675 1831 Patris,
709 1778 870 1832 quem
911 1765 1066 1822 nobis
1096 1780 1194 1835 per
1228 1780 1288 1822 se
1315 1765 1431 1837 ipse
1459 1766 1854 1834 reconciliavit,
1886 1766 1958 1823 ob

387 1860 670 1922 peceatum
730 1854 800 1911 ab
853 1871 919 1912 eo
966 1858 1176 1914 aversis
1232 1872 1297 1914 ac
1340 1873 1463 1915 cum
1507 1859 1697 1915 mundi
1749 1842 1964 1916 rectore

387 1942 595 1999 {cedere
635 1943 862 2002 sociatis
887 1945 1187 2002 etiamnum
1238 1948 1407 2004 Deum
1440 1962 1504 2004 ac
1550 1946 1765 2005 Patrem
1798 1948 1967 2004 inter-

388 2034 549 2104 pellat
601 2050 701 2107 pro
750 2037 933 2104 nobis,
956 2039 1032 2093 uti
1080 2039 1157 2095 ait
1191 2039 1393 2096 Paulus
1412 2041 1481 2097 ⁸².
1513 2040 1592 2097 Ac
1648 2042 1867 2113 quidem
1899 2057 1964 2098 ea

386 2126 598 2207 ratione
630 2143 736 2197 qua
781 2138 866 2185 est
911 2129 1094 2197 homo,
1157 2130 1448 2196 obsecrat:
1494 2141 1556 2189 ut
1603 2142 1789 2189 autem
1836 2149 1961 2190 cum

386 2214 546 2272 Patre
576 2227 632 2274 et
659 2217 865 2289 Spiritu
898 2235 1041 2278 unus
1083 2221 1225 2279 Deus
1258 2230 1375 2289 est,
1406 2220 1706 2294 supplicum
1737 2224 1966 2295 suscipit

388 2317 534 2364 vota.
548 2308 740 2380 Magna
759 2311 943 2382 itaque
963 2313 1272 2370 horninibus
1293 2314 1485 2371 collata
1502 2315 1963 2389 dignitas,magna

302 2412 317 2425 '
388 2401 1011 2473 iiilucia,ingenshonos.
1026 2404 1301 2481 Audenter
1317 2407 1461 2462 enim
1482 2406 1807 2472 dixerimus,
1825 2408 1963 2463 Deus

388 2491 701 2550 hominibus
754 2494 1065 2563 ministrat;
1126 2495 1291 2554 homo
1342 2498 1591 2555 omnium
1641 2500 1960 2571 angelorum

386 2584 639 2656 religioso
672 2584 934 2644 famulatu
979 2589 1321 2648 adoratur'et
1354 2591 1587 2659 colitur,
1613 2591 1879 2650 habemus
1905 2593 1962 2651 in

385 2678 542 2734 caelis
564 2672 783 2735 fratrem
807 2689 862 2736 et
884 2681 1144 2739 amicum.
1166 2682 1286 2753 ipse
1301 2683 1443 2739 enim
1469 2684 1678 2753 primus
1699 2685 1753 2741 in
1777 2685 1961 2742 multis

390 2770 651 2828 fratribus
689 2771 863 2828 voluit
921 2775 1205 2845 appellari.
1235 2775 1324 2830 Ait
1370 2776 1516 2831 enim
1552 2796 1563 2832 :
1602 2796 1620 2830 ι
1651 2775 1826 2833 Dicite
1852 2776 1963 2832 fra-

386 2863 561 2921 tribus
596 2865 729 2919 meis
744 2866 811 2919 ”.
852 2884 873 2918 ι
902 2865 969 2921 Ει
997 2883 1010 2919 :
1039 2885 1057 2918 ι
1086 2867 1201 2922 Νοη
1229 2868 1341 2937 jam
1386 2868 1593 2925 vocabo
1618 2884 1716 2924 vos
1748 2885 1957 2934 servos,

384 2954 477 3010 sed
522 2955 817 3015 amicos“.
866 2976 885 3010 ι
920 2956 996 3013 lta
1030 2972 1163 3013 sane
1202 2966 1261 3012 ut
1299 2958 1457 3014 nobis
1500 2960 1781 3032 contingat
1810 2962 1957 3033 quod

387 3044 586 3101 Paulus
640 3045 759 3103 ait:
800 3065 819 3100 ι
865 3047 1050 3105 Gratia
1103 3048 1299 3106 salvati
1358 3066 1571 3117 sumus,
1623 3062 1677 3108 et
1732 3068 1841 3108 non
1891 3068 1957 3108 ex

2065 580 2234 635 αὐτοῦ
2303 579 2599 650 σφραγῖδος
2664 579 2767 650 τῆς
2825 580 3103 651 ἁμαρτίας
3151 582 3417 655 ἀμέτοχος,
3460 586 3579 643 ὥστε

2065 674 2207 727 κατά
2235 671 2441 742 ταύτην
2481 669 2631 741 αύτῷ
2662 671 3077 735 κοινωνοῦντας,
3108 673 3209 726 rma
3238 675 3330 744 τὴν
3367 677 3581 741 ὲξουσίαν

2066 765 2160 817 καὶ
2209 763 2441 835 μετοχὴν
2468 762 2633 816 αὑτοῦ
2666 761 2761 816 τοῦ
2792 761 2969 817 δεινοῦ
3028 765 3444 835 κοσμοκράτορας
3493 771 3573 822 καὶ

2062 853 2308 926 ἀρχηγοῦ
2329 856 2428 922 τῆς
2461 853 2733 935 ἁμαρτίας
2761 855 3164 924 ἀναγκάζεσθαι
3188 855 3339 914 εἶναι.
3377 858 3582 929 Ἐχομεν

2062 945 2170 1017 γάρ
2196 947 2260 1000 ὲκ
2288 945 2388 1015 τῆς
2418 938 2698 1015 ἡμετέρας
2737 944 2955 1013 φύσεως
2998 947 3186 1017 ὥσπερ
3233 949 3468 1017 ἀνάθημα
3502 950 3581 1002 καὶ

2063 1037 2256 1092 Θυσίαν
2288 1037 2689 1108 προϐάλλεσθαι
2733 1036 2833 1111 τὴν
2890 1037 2997 1092 ὑπὸ
3045 1037 3139 1090 τοῦ
3170 1038 3296 1094 Υίοῦ
3340 1038 3426 1093 τοῦ
3463 1038 3580 1093 Θεοῦ

2061 1129 2501 1203 προσληφθεῖσαν
2534 1130 2714 1200 σάρκα
2736 1128 3160 1200 ἀναμαρτήτως,
3188 1131 3276 1183 τὸν
3293 1129 3479 1183 τέλειον
3505 1128 3583 1183 ἀν-

2063 1220 2282 1293 θρωπον
2306 1237 2322 1251 ’
2357 1214 2403 1288 ᾧ
2437 1221 2533 1274 καὶ
2563 1218 2891 1289 προσσαλὼν
2928 1222 2963 1274 ὁ
3013 1220 3224 1290 ἐχθρὸς,
3279 1220 3585 1291 κατακρατος

2061 1312 2293 1383 ἡττήθη.
2333 1329 2353 1365 ι
2394 1310 2659 1383 Ἔρχεται
2682 1310 2816 1383 γὰρ,
2854 1329 2874 1365 ι
2906 1318 3097 1381 φησιν,
3141 1328 3160 1363 ι
3209 1311 3238 1366 ό
3287 1311 3458 1380 ἄρχων
3506 1309 3588 1363 τοῦ

2061 1402 2267 1473 κόσμου
2294 1401 2508 1466 τούτου,
2536 1402 2632 1456 καὶ
2664 1401 2725 1454 ὲν
2758 1402 2883 1473 ἐμοὶ
2930 1402 3155 1473 εὑρήσει
3206 1400 3370 1455 οὐδέν.
3399 1416 3417 1452 ι
3474 1401 3584 1467 Καὶ,

2067 1512 2086 1545 ι
2116 1493 2233 1548 Νῦν
2276 1495 2304 1547 ὁ
2362 1494 2545 1565 ἄρχων
2596 1492 2692 1547 τοῦ
2743 1493 2950 1565 κόσμου
2991 1492 3180 1548 τούτου
3226 1491 3589 1565 maneam“

2060 1585 2187 1652 se».
2214 1602 2234 1638 ι
2404 1638 2409 1647 ,

2143 1671 2500 1744 ’Δναληφθεὶς
2527 1670 2642 1740 οὖν,
2685 1674 2780 1727 καὶ
2811 1671 3045 1737 καθίσας
3074 1673 3135 1725 ιν
3162 1670 3309 1741 δεξιᾷ
3350 1670 3440 1724 τοῦ
3468 1668 3587 1724 Θεοῦ

2062 1768 2159 1824 καὶ
2182 1766 2418 1838 Πατρδς,
2450 1767 2511 1820 ὃν
2539 1769 2670 1837 ημῖν
2701 1766 2773 1819 δι’
2806 1763 3004 1821 ἑαυτοῦ
3050 1763 3396 1834 κατήλλαξαν,
3442 1762 3594 1817 ἀπαλ-

2065 1861 2439 1934 λοτριωθείσιν
2467 1859 2678 1914 ἐκείνου
2716 1859 2804 1914 διὰ
2829 1858 2929 1928 τὴν
2953 1858 3256 1929 ἁμαρτίαν,
3277 1856 3367 1909 καὶ
3402 1855 3474 1924 τῷ
3521 1870 3596 1906 κο-

2067 1956 2404 2026 σμοκράτορι
2438 1951 2839 2022 προστεθεῐσιν,
2888 1947 2970 2003 ἐτι
3017 1947 3115 2001 καὶ
3170 1945 3264 2001 νῦν
3312 1943 3594 2011 ἐντυγχάνει

2066 2045 2207 2117 ὑπὲρ
2237 2044 2397 2116 ἡμῶν
2417 2041 2497 2113 τῷ
2519 2040 2637 2113 Θεῷ
2660 2041 2755 2095 καὶ
2790 2040 2986 2110 “negl,
3020 2038 3173 2094 καθά
3207 2054 3339 2108 φησι
3388 2036 3592 2096 Παῦλος.

2063 2136 2178 2191 Καὶ
2204 2136 2281 2199 ὡς
2311 2135 2412 2205 μὲν
2444 2132 2751 2204 ἄνθρωπος,
2774 2130 3085 2202 παρακαλεῖ
3109 2146 3125 2162 ⁸
3156 2131 3231 2195 ώς
3266 2130 3323 2183 δὲ
3366 2126 3485 2190 Θεὸς
3529 2119 3598 2186 εἷς

2066 2229 2207 2299 μετά
2227 2226 2322 2283 τοῦ
2350 2226 2561 2298 Πατρδς
2610 2225 2829 2279 καὶτοῦ
2878 2222 3222 2295 Πνεύματος,
3283 2221 3375 2284 τὰς
3415 2217 3596 2279 ἱκεσίας

2062 2319 2297 2392 δέχεται.
2328 2318 2485 2387 Μέγα
2505 2312 2597 2372 οῦν
2624 2317 2842 2388 ἀξίωμα
2874 2318 2986 2381 τοῖς
3030 2314 3340 2387 ἀνθρώποις
3388 2310 3595 2366 ﬁdem“

2067 2408 2312 2481 μεγάλην
2336 2406 2669 2480 παρρησίαν,
2706 2405 2952 2475 μεγάλην
2983 2392 3183 2473 τιμήν.
3208 2401 3319 2454 Καὶ
3348 2397 3449 2466 γὰρ
3484 2392 3597 2463 θαρο

2065 2503 2305 2576 ῥούντως
2344 2501 2414 2558 ἀν
2438 2501 2714 2571 εἴποιμεν,
2750 2499 2909 2552 Ἐστι
2940 2495 3074 2559 Θεὸς
3104 2490 3408 2565 ἀνθρώποις
3432 2488 3593 2567 διακο-

2061 2594 2231 2664 νήσας
2249 2608 2263 2623 ·
2300 2591 2448 2646 ἔστιν
2476 2589 2762 2661 ἄνθρωπος
2792 2587 2897 2642 ύπδ
2917 2588 3144 2643 πάντων
3165 2579 3600 2654 προσκυνούμενος

2063 2686 2169 2739 τῶν
2199 2684 2450 2753 ἀγγέλων
2480 2695 2495 2713 ⁶
2530 2680 2679 2736 ἔστιν
2702 2682 2837 2752 ἡμῖν
2868 2681 2926 2733 ἐν
2953 2679 3208 2749 οὐρανοῖς
3261 2674 3471 2743 ἀδελφὸς
3519 2668 3601 2724 καὶ

2061 2780 2236 2851 φίλος.
2269 2777 2443 2840 Αὐτὸς
2473 2776 2580 2847 γάρ
2610 2776 2669 2829 ὲν
2697 2773 2908 2838 πολλοῖς
2946 2772 3210 2843 ἀδελφοῖς
3264 2769 3468 2843 πρῶτος
3513 2779 3602 2816 καθ

2060 2870 2270 2926 λεῖσθαι
2292 2869 2548 2940 ἠξίωσεν.
2590 2886 2609 2920 ι
2642 2865 2847 2921 Εἴπατε
2886 2866 3014 2936 γὰρ,
3038 2883 3057 2916 ι
3096 2866 3253 2937 φησὶ,
3287 2881 3305 2916 ι
3341 2860 3468 2931 πρὸς
3496 2856 3603 2917 τοὺς

2060 2960 2322 3030 ἀδελφούς
2360 2976 2485 3031 μου.
2536 2976 2555 3011 ι
2588 2957 2721 3024 Καὶ,
2756 2974 2773 3007 ι
2812 2955 3009 3011 Οὐκέτι
3038 2957 3191 3027 ἡμᾶς
3214 2952 3360 3009 καλῶ
3388 2948 3601 3008 δούλους,

2059 3054 2197 3109 ἀλλά
2226 3052 2433 3123 φίλους.
2483 3072 2499 3104 ι
2547 3050 2705 3125 Ὥσθ’
2730 3051 2864 3122 ἡμῖν
2908 3051 2937 3104 ὅ
2976 3066 3110 3119 φησι
3143 3047 3352 3108 Παῦλος
3401 3039 3606 3112 ωμὸαίο

383 3136 643 3207 operibus
676 3136 890 3209 legis”.
929 3156 949 3191 ι
984 3137 1125 3207 Quid
1173 3141 1318 3195 enim
1371 3140 1465 3197 tali
1510 3157 1753 3213 unquam
1784 3144 1954 3215 gratia

2062 3162 2194 3201 νειν.
2227 3163 2245 3198 ι
2283 3143 2485 3215 Χάριτι
2512 3142 2823 3215 ἐσώθημεν,
2854 3141 2950 3196 καὶ
2973 3142 3076 3197 οὐκ
3123 3141 3183 3208 ἐξ
3204 3139 3378 3210 ἔργων
3400 3134 3599 3203 νόμον.»

386 3230 562 3300 majus
591 3229 776 3296 fuerit,
793 3232 936 3301 quod
971 3231 1263 3303 DeigFilius
1289 3242 1511 3304 propter
1536 3248 1637 3291 nos
1663 3248 1789 3291 cum
1821 3234 1955 3289 nihil

384 3324 486 3392 ipsi
542 3337 1025 3393 praerogassemus,
1055 3335 1252 3396 sponte
1308 3341 1408 3382 sua
1461 3326 1628 3382 homo
1679 3325 1885 3391 factus,
1925 3341 1958 3381 a

383 3415 692 3472 simulacris
733 3424 787 3473 et
823 3431 1011 3475 errore
1042 3428 1209 3490 atque
1237 3418 1373 3491 legis
1396 3418 1592 3476 umbra
1624 3433 1725 3475 nos
1756 3419 1959 3476 libera-

384 3507 543 3573 verit,
584 3522 885 3580 verumque
931 3523 1031 3566 nos
1071 3525 1135 3567 ac
1179 3509 1391 3582 justum
1430 3511 1637 3568 cultum
1675 3509 1957 3576 docuerit;

386 3600 761 3671 mediatorque
808 3608 995 3673 noster
1039 3617 1102 3657 ac
1160 3601 1407 3674 pontifex
1442 3602 1642 3670 factus,
1690 3603 1806 3674 ipse
1837 3618 1867 3658 a
1899 3616 1959 3657 se

384 3690 808 3763 chirographum
859 3693 1071 3763 peccati
1108 3695 1278 3751 nostri
1308 3694 1610 3763 disruperit
1625 3694 1697 3759 ⁸⁸,
1737 3692 1958 3765 Deoque

384 3781 712 3851 admoverit,
764 3798 829 3839 ac
883 3799 1007 3839 cum
1072 3785 1166 3840 illo
1222 3786 1674 3847 reconciliaverit,
1735 3786 1959 3855 suisque

389 3876 635 3931 ﬁdelibus
664 3876 1149 3931 “necessitudinem
1204 3892 1414 3943 secum,
1449 3879 1750 3932 mercedem
1788 3877 1959 3931 dona-

386 3967 543 4030 verit,
576 3974 638 4021 ut
683 3964 995 4019 ﬁrmissima
1023 3979 1118 4034 spe
1152 3964 1408 4020 saeculum
1438 3964 1543 4019 hoc
1589 3973 1953 4029 transeuntes,

385 4071 510 4108 eum
544 4055 1016 4122 emigravcrimus,
1047 4068 1111 4108 ac
1134 4065 1257 4122 post
1286 4068 1465 4110 rerum
1496 4053 1869 4110 universitatis
1902 4054 1958 4108 in

386 4148 654 4215 integrum
687 4144 1086 4199 restitutionem
1122 4159 1245 4200 cum
1272 4160 1338 4199 eo
1372 4160 1678 4217 versemur.

454 4430 551 4487 Est
575 4431 759 4501 itaque
803 4432 861 4486 in
889 4431 1109 4487 dextera
1148 4430 1238 4488 Dei
1272 4444 1326 4489 et
1362 4431 1559 4501 Patris,
1598 4453 1618 4486 ι
1653 4435 1747 4505 qui
1786 4444 1868 4492 est
1900 4434 1953 4490 in
1987 4459 2034 4519 υ

384 4525 505 4580 sinu
532 4525 791 4591 Patris,”
815 4544 835 4578 ι
873 4524 1124 4594 quamvis
1147 4524 1289 4581 inter
1318 4541 1420 4581 nos
1444 4526 1520 4581 uti
1552 4527 1827 4597 pollicitus
1847 4536 1952 4592 est,

386 4633 560 4689 usque
586 4617 653 4673 ad
695 4619 1227 4674 consummationem
1273 4618 1608 4682 versetur",
1629 4620 1875 4690 regitque
1901 4632 1955 4676 et

382 4709 583 4766 conﬁat
619 4720 864 4765 nostram
897 4707 1091 4770 vitam.
1122 4724 1245 4779 qua
1277 4709 1330 4765 in
1367 4708 1692 4766 abscondito
1744 4712 1946 4767 intelli-

382 4803 627 4871 gitur";
673 4816 834 4871 quam
876 4810 928 4857 et
966 4801 1094 4858 inde
1125 4801 1238 4873 jam
1266 4817 1362 4873 per
1387 4811 1726 4857 sacramenta
1767 4803 1954 4873 auspi-
2000 4810 2011 4818 '

382 4908 607 4960 camur;
662 4894 1189 4948 consummationem
1243 4907 1372 4947 vero
1417 4892 1562 4948 illius
1605 4893 1659 4948 in
1710 4893 1951 4949 futurum

380 4992 799 5054 exspectamus,
843 4984 889 5039 si
932 4984 1093 5039 modo
1147 4998 1254 5038 non
1309 4983 1671 5055 negligentem
1727 4999 1949 5053 operam

380 5073 644 5130 adhibere
690 5073 1023 5136 videbimur,
1054 5080 1208 5129 tanta
1255 5072 1518 5129 nimirum
1571 5076 1847 5134 socordia,
1895 5083 1953 5128 ut

382 5149 595 5237 exigua:
645 5175 1119 5237 temporaneaeque
1164 5165 1461 5235 voluptatis
1516 5180 1704 5233 causa,
1743 5174 1951 5220 tantum

382 5272 584 5312 munus
630 5260 966 5327 prodamus,
1015 5257 1109 5313 sed
1143 5258 1292 5313 omni
1340 5257 1644 5327 diligentia,
1679 5273 1775 5328 per
1810 5258 1955 5314 illius

381 5349 633 5402 mandata
675 5349 744 5405 ab
792 5363 968 5420 eoque
999 5350 1196 5405 tradita
1235 5358 1596 5416 sacramenta,
1638 5352 1690 5403 in
1721 5349 1948 5417 patriam

381 5448 619 5496 nostram
656 5444 1067 5507 contendamus,
1101 5451 1264 5513 atque
1288 5442 1355 5496 ad
1386 5456 1504 5496 eam
1563 5457 1910 5497 recurrarnus
1931 5479 1951 5511 ,

381 5530 540 5597 eique
563 5538 620 5584 ut
647 5530 811 5602 capiti
837 5540 1094 5601 tanquam
1132 5531 1371 5587 membra
1402 5541 1704 5597 nectamur,
1728 5548 1791 5585 ac
1811 5533 1952 5585 sicut

455 5730 519 5760 ’θ’
551 5726 713 5785 Jouu.
755 5744 864 5794 xrv,
899 5730 989 5781 50.
1065 5731 1108 5761 ⁸¹
1141 5730 1298 5786 Jnan.
1346 5748 1440 5795 xu,
1477 5733 1568 5786 51.

1652 5730 1721 5764 ⁷⁵³
1760 5731 1914 5785 llom.
1958 5746 2069 5791 vnn,
2097 5730 2187 5785 54.

2058 3236 2124 3289 Τί
2159 3236 2269 3305 γὰρ
2294 3236 2361 3290 ἂν
2394 3234 2481 3303 εἴη
2513 3233 2612 3302 τῆς
2635 3233 2894 3302 τοιαύτης
2933 3232 3165 3302 χάριτος
3207 3228 3409 3301 μεῖζον,
3445 3223 3475 3296 ἢ
3524 3220 3604 3275 τὸν

2059 3329 2189 3383 Υίὸν
2217 3327 2311 3383 τοῦ
2337 3326 2474 3382 Θεοῦ
2496 3326 2567 3381 δι’
2596 3326 2743 3398 ἡμᾶς
2768 3325 2936 3398 μηδὲν
2971 3322 3485 3396 προσισενσγκόντας
3521 3314 3603 3368 ἄν·

2060 3419 2277 3488 θρωπον
2295 3418 2579 3488 γεγονέναι
2604 3417 2932 3488 θελήσαντα,
2961 3416 3073 3469 τῶν
3095 3415 3336 3470 εἰδώλων
3387 3412 3476 3466 καὶ
3521 3406 3607 3474 τῆς

2062 3509 2272 3580 πλάνης
2294 3510 2389 3562 καὶ
2422 3510 2518 3579 τῆς
2549 3506 2644 3561 τοῦ
2677 3508 2844 3578 νόμου
2875 3507 3034 3570 σκιᾶς
3076 3507 3233 3577 ἡμᾶς
3282 3499 3605 3563 ἀπαλλάξαιο

2061 3603 2153 3656 καὶ
2189 3600 2289 3673 τὴν
2320 3586 2583 3672 ἀληθινὴν
2610 3602 2705 3654 καὶ
2725 3598 2944 3653 δικαίαν
2982 3593 3197 3663 διδᾶξαι
3246 3594 3507 3665 λατρείαν,
3529 3588 3610 3641 καὶ

2062 3696 2293 3767 μεσίτην
2324 3696 2419 3749 καὶ
2445 3692 2708 3765 ἀρχιερέα
2757 3691 2916 3763 ἡμῶν
2962 3690 3290 3761 γενόμενον,
3322 3689 3388 3743 δι’
3434 3678 3608 3739 ἑαυτοῦ

2059 3787 2119 3838 τδ
2151 3784 2517 3855 χειρόγραφον
2556 3784 2655 3851 τῆς
2684 3782 2960 3853 ἁμαρτίας
2988 3781 3155 3852 ἡμῶν
3179 3778 3484 3854 διαρρῆξαι,
3530 3772 3613 3827 καὶ

2057 3877 2157 3947 τὴν
2185 3876 2322 3947 πρὸς
2352 3877 2447 3929 τὸν
2478 3874 2612 3929 Θεὸν
2641 3874 3015 3946 προσαγωγὴν
3046 3890 3105 3927 τε
3155 3875 3252 3928 καὶ
3281 3863 3605 3934 καταλλαγὴν

2061 3967 2401 4040 ὲρ’ίάεταετθτιιι
2427 3984 2440 3999 ·
2474 3966 2790 4037 καὶνμισθδν
2815 3966 3176 4045 δωρήσασθαι
3226 3966 3340 4027 τοῖς
3376 3954 3612 4025 πειθομέ-

2058 4076 2170 4124 νοις
2227 4057 2498 4130 αὐτῷτὴν
2543 4058 2680 4129 πρὸς
2730 4056 2892 4111 αὐτὸν
2944 4044 3230 4122 οἰκείωσιν
3259 4072 3274 4087 ·
3319 4053 3454 4107 ὥστε
3489 4044 3612 4119 μειά

2060 4149 2428 4222 βεϐαιοτάτων
2449 4152 2695 4205 ’ἐλπίδων
2724 4150 2817 4205 τὸν
2849 4150 3019 4205 αἰῶνα
3052 4148 3247 4204 τοῦτον
3301 4139 3616 4217 περαιουμὲ-

2059 4260 2205 4307 νους,
2229 4243 2369 4309 μετά
2405 4242 2507 4312 τὴν
2535 4242 2796 4299 ἀνάλυσιν
2824 4243 2919 4295 καὶ
2941 4240 3040 4312 τὴν
3070 4240 3167 4295 τοῦ
3191 4239 3390 4302 παντὸς
3419 4239 3612 4289 ἀποκα-

2059 4335 2319 4388 τάστασιν
2346 4333 2499 4404 αὐτῷ
2534 4333 2858 4388 συνέσεσθαι
2890 4351 2907 4401 ;

2134 4426 2290 4479 Ἔστι
2340 4424 2521 4479 τοίνυν
2568 4426 2627 4479 ὲν
2664 4424 2814 4494 δεξιᾷ
2852 4425 2945 4479 τοῦ
2990 4425 3130 4480 Θεοῦ
3181 4427 3278 4481 καὶ
3314 4420 3514 4490 Πατρὶς
3548 4436 3563 4467 ί
3591 4415 3617 4469 ὁ

2056 4516 2132 4569 ὢν
2164 4516 2244 4579 εις
2271 4515 2362 4569 τὸν
2395 4515 2596 4570 κόλπον
2625 4513 2721 4570 τοῦ
2758 4516 2991 4589 Πατρὸς,
3028 4535 3046 4568 ι
3092 4518 3276 4571 καίτοι
3312 4512 3428 4585 μεθ’
3472 4507 3616 4578 ἡμῶν

2056 4607 2131 4660 ὢν
2179 4606 2254 4671 ὡς
2290 4607 2559 4678 ὑπέσχετο
2588 4607 2694 4673 ἕως
2726 4608 2826 4678 τῆς
2858 4607 3217 4680 συντελείαςξ·
3251 4608 3348 4661 καὶ
3365 4598 3618 4668 οίκονομεῖ

2055 4700 2153 4754 καὶ
2178 4698 2463 4771 συνίστησι
2493 4700 2593 4772 τὴν
2644 4700 2926 4772 ἡμετέραν
2963 4699 3110 4771 ζωὴν
3160 4699 3264 4772 τὴν
3303 4704 3361 4751 εν
3406 4687 3617 4766 κρυπτῷ

2055 4792 2374 4862 νοουμένην,
2404 4790 2527 4862 ἥτις
2550 4791 2648 4863 τὴν
2686 4791 2860 4865 ἀρχὴν
2885 4792 3139 4847 ἐντεῦθεν
3161 4791 3254 4845 διὰ
3278 4789 3387 4843 τῶν
3436 4802 3504 4856 μυ
3515 4798 3619 4848 πη·

2056 4888 2187 4957 ρίων
2213 4887 2481 4957 λαμϐάνει
2511 4901 2526 4919 ο
2553 4886 2651 4958 τὴν
2671 4887 2953 4941 τελείωσιν
2982 4887 3039 4940 δὲ
3064 4887 3159 4940 ἐπὶ
3181 4883 3278 4939 τοῦ
3333 4879 3609 4954 μέλλοντος

2056 4979 2294 5049 δέχεται.
2331 4979 2398 5057 ἂν
2426 4978 2587 5042 μόνον
2618 4979 2696 5049 μὴ
2722 4974 2982 5048 φανῶμεν
3041 4976 3397 5048 ἀμελοῦντες,
3453 4968 3623 5025 τοσοῦ.

2058 5086 2170 5137 τον,
2191 5073 2331 5127 ὥστε
2355 5073 2560 5142 μικρᾶς
2590 5071 2787 5143 ἡδονῆς
2816 5071 2912 5125 καὶ
2934 5070 3279 5143 προσκαίρου
3306 5068 3470 5139 χάριν
3501 5078 3623 5133 προ-

2057 5162 2238 5217 δοῦναι
2279 5164 2379 5235 τὴν
2408 5164 2678 5234 τοσαύτην
2700 5163 3023 5234 εὐεργεσίαν
3053 5178 3070 5197 ·
3095 5163 3213 5216 ἀλλ’
3244 5155 3623 5231 ἐπιμελώμεθα

2058 5254 2147 5307 διὰ
2210 5255 2318 5307 τῶν
2373 5255 2606 5309 ἐντολῶν
2660 5256 2831 5309 αὐτοῦ
2885 5258 2984 5310 καὶ
3028 5256 3136 5311 τῶν
3180 5249 3623 5327 παραδεδομένων

2061 5346 2193 5417 ἡμῖν
2221 5345 2313 5399 ὑπ’
2346 5344 2511 5400 αὐτοῦ
2547 5347 2860 5416 μυστηρίων
2908 5347 3044 5415 πρὸς
3064 5345 3164 5418 τὴν
3210 5345 3447 5414 πατρίδα
3476 5340 3624 5411 ἡμῶν

2058 5438 2404 5505 ἐπείγεσθαι,
2438 5440 2535 5493 καὶ
2555 5439 2636 5502 είς
2674 5438 2841 5495 αὐτὸν
2890 5440 3216 5511 ἀνατρέχειν
3243 5455 3260 5473 ο
3320 5439 3417 5492 καὶ
3464 5434 3627 5501 τούτῳ

2058 5528 2134 5593 ὡς
2160 5530 2370 5601 κεφαλῇ
2398 5530 2647 5601 καθάπερ
2691 5531 2828 5602 μέλη
2859 5529 3233 5585 συνάπτεσθαι
3256 5544 3273 5562 ο
3331 5531 3423 5583 καὶ
3452 5527 3627 5591 ὥσπερ

2303 5732 2347 5762 ⁸³
2375 5732 2498 5786 Aet.
2535 5748 2648 5797 xxi,
2682 5732 2773 5787 23.
2886 5731 3106 5789 “Joan.
3139 5747 3235 5799 xx,
3282 5732 3383 5799 l7;
3427 5743 3511 5793 stt,
3547 5724 3624 5779 15.

383 5802 425 5833 ’⁸
453 5797 649 5859 Enhes.
684 5815 741 5859 ιι.
772 5801 823 5856 8.
900 5800 945 5830 ⁸⁵
976 5799 1190 5855 Coluss.
1225 5816 1285 5863 ιι,
1317 5802 1408 5858 ﬁt.
1484 5802 1529 5834 ⁸⁷
1566 5802 1722 5857 Joan.
1753 5817 1789 5865 ι.
1821 5802 1872 5857 8.
1949 5802 1959 5835 ‘

2062 5800 2225 5858 Iulii].
2285 5817 2471 5864 xxvm.
2527 5802 2648 5890 20.‘
2693 5803 2883 5860 I"Col.
2932 5820 3015 5867 ιιι,
3070 5806 3122 5860 5.
