3970 6202
339 419 430 486 597

1307 431 1404 491 DE
1439 429 1874 490 PRINClPllS
1904 429 2117 491 FlDEl
2159 429 2626 500 CATHOLICAE.

3446 443 3551 506 598

338 534 390 585 ὲν
415 532 639 606 ἁμπίλῳ
667 538 919 612 κλήματα
943 541 1194 612 μένωμεν
1223 560 1239 576 ο
1272 544 1408 598 ἀλλὰ
1437 544 1514 615 μὴ
1559 542 1664 609 ἔξω
1697 543 1887 614 ῥιφέν-

2009 545 2242 601 mimitcs
2272 548 2325 602 in
2356 549 2464 606 vite
2493 565 2833 617 maneamus,
2858 564 2966 607 non
2993 567 3121 606 vero
3146 551 3293 608 foras
3314 553 3566 623 proiecti,

340 641 438 772 tuo,
495 625 712 702 δαπάνη
751 631 923 706 πυρὸς
976 633 1249 706 μηδέποτε
1296 636 1666 708 σϐεννυμένου
1721 636 1893 704 γενώ-

340 735 398 772 ne
431 737 486 772 α.
1859 735 1870 742 ‘

337 735 486 786 μεσα.
1859 735 1870 742 ‘

917 866 1172 923 ΚΕΦΔΔ.
1203 870 1297 937 (τ’.

695 977 839 1046 Περι
883 976 1004 1032 τῶν
1053 977 1100 1042 ζ’
1123 984 1501 1052 μυστηρίων.

401 1088 760 1157 Παραόέδοται
792 1093 903 1166 γάρ
933 1095 1071 1166 ἡμῖν
1110 1097 1207 1150 καὶ
1245 1097 1363 1152 θεῖά
1405 1113 1530 1152 τινα
1592 1097 1893 1167 μυστήρια,

333 1180 397 1233 δι’
412 1175 487 1235 ὧν
511 1181 689 1248 ἔξεστι
717 1187 1078 1256 τελουμένους
1103 1187 1447 1256 ἀγιάζεσθαι,
1478 1188 1604 1253 τοὺς
1627 1189 1707 1253 είς
1731 1187 1897 1245 αὐτὸν

334 1272 701 1343 πιστεύοντας,
736 1278 833 1330 καὶ
869 1277 930 1330 τὺ
957 1277 1294 1349 ζητούμενον
1350 1279 1670 1352 κατορθοῦν.
1741 1281 1902 1338 Ἐπεὶ

335 1369 436 1436 γάρ
470 1369 497 1421 ό
521 1367 614 1422 τοῦ
643 1369 880 1437 Χριστοῦ
909 1370 1138 1429 θάνατος
1169 1370 1358 1444 ὥσπερ
1379 1391 1464 1436 τις
1490 1373 1759 1448 καθολικη
1809 1376 1895 1429 αί-

333 1460 419 1512 τία
475 1460 573 1530 τῆς
617 1462 967 1534 ἀνθρωπίνης
1019 1462 1298 1536 σωτηρίας
1337 1465 1455 1519 ἐστί
1486 1482 1502 1498 ⁸
1551 1467 1633 1522 δεῖ
1687 1468 1745 1522 δὲ
1801 1469 1898 1541 τὴν

333 1551 557 1606 καθόλου
588 1553 771 1608 αίτίαν
793 1555 1058 1624 ἁρμόζειν
1085 1557 1224 1628 πρὸς
1251 1557 1486 1612 ἕκαστον
1535 1558 1645 1614 τῶν
1693 1561 1896 1615 άποτεο

331 1645 610 1711 λεσμάτων
636 1661 650 1676 ⁸
707 1647 1010 1717 ἀναγκαῖον
1069 1645 1138 1720 ἦν
1188 1649 1407 1722 δοθῆναί
1450 1661 1575 1706 τινα
1630 1653 1898 1725 φάρμακα

329 1738 438 1798 τοῖς
457 1735 786 1807 ἀνθρώποις,
819 1733 981 1794 δι’ὧν
1013 1740 1081 1795 ἂν
1114 1744 1457 1814 συνάπτηται
1486 1745 1702 1810 τούτοις
1739 1747 1774 1817 ἠ
1807 1745 1899 1801 διὰ

330 1829 418 1882 τὸν
448 1830 678 1886 θάνατον
717 1831 811 1886 τοῦ
859 1834 1101 1904 Χριστοῦ
1155 1838 1428 1910 γενομένη
1457 1840 1773 1912 εὐεργεσία,
1800 1839 1896 1896 καὶ

1999 637 2149 691 ηιιΙΙο
2174 655 2410 708 unquam
2437 643 2684 711 tempore
2712 641 3111 712 exstinguibiiis
3140 642 3281 713 ignis
3310 644 3567 714 pabulum

1995 729 2320 786 efﬁciamur.

2545 844 2824 926 'capur
2885 866 2970 925 VL

2421 980 2498 1036 De
2537 990 2734 1050 septem
2769 983 3144 1038 sacramentis.

2065 1091 2290 1150 Tradita
2319 1092 2480 1150 enim
2524 1092 2682 1151 nobis
2714 1105 2843 1151 sunt
2890 1095 3138 1167 quaedam
3167 1093 3352 1150 divina
3383 1108 3566 1150 sacra-

1995 1193 2201 1252 menta,
2221 1185 2422 1257 quibus
2438 1184 2564 1242 licet
2586 1185 2836 1242 initiatos
2861 1184 3192 1244 sanctificari
3223 1187 3340 1257 (eos
3361 1186 3572 1241 scilicet

1995 1279 2090 1348 qni
2145 1277 2204 1332 in
2261 1277 2436 1348 ipsum
2477 1277 2733 1348 credunt)
2784 1293 2850 1334 ac
2883 1277 3028 1349 quod
3059 1289 3144 1334 est
3175 1287 3424 1333 votorum
3458 1275 3574 1333 adio

1995 1367 2151 1439 pisci.
2193 1367 2333 1436 Quia
2394 1367 2542 1423 enim
2588 1367 2793 1425 Christi
2864 1383 3013 1424 mors
3065 1370 3212 1424 velut
3249 1370 3573 1425 universalis

1995 1459 2242 1532 quaedam
2293 1473 2460 1517 causa
2494 1469 2579 1516 est
2603 1459 2858 1515 humanae
2887 1459 3106 1524 salutis,
3142 1472 3206 1514 ac
3241 1473 3464 1514 necesse
3491 1466 3576 1516 est

1997 1566 2218 1608 causam
2267 1552 2635 1609 universalem
2681 1551 2912 1627 singulis
2940 1551 3256 1622 quibusque
3292 1549 3576 1605 effectibus

1996 1639 2204 1709 aptari,
2235 1639 2396 1710 plane
2437 1639 2814 1696 necessarium
2867 1645 2986 1694 erat
3008 1639 3090 1706 {ut
3119 1639 3366 1707 quaedam
3399 1635 3579 1690 homi-

1997 1728 2158 1784 nibus
2196 1729 2433 1785 remedia
2465 1729 2749 1794 darentur,
2785 1728 2987 1798 quibus
3018 1727 3342 1782 beneﬂcium
3369 1726 3576 1782 Christi

1998 1831 2175 1878 morte
2207 1829 2480 1891 paratum,
2515 1819 2623 1875 illis
2665 1817 3115 1888 coniungeretur,
3143 1831 3207 1872 ac
3234 1817 3435 1886 quibus
3461 1816 3575 1886 spi-

602 1884 610 1886 ~
861 1884 1096 1904 "r""'
1168 1884 1773 1912 t"'t""'t"'l'|"'""
1803 1884 1896 1896 η’·-

329 1917 392 1974 dt’
420 1916 495 1976 ὢν
514 1925 548 1994 ὴ
572 1928 920 1995 πνευματικὴ
945 1929 1261 1984 συνίσταται
1287 1930 1402 2002 ζωὴ
1439 1932 1566 1986 καθ’
1598 1933 1897 2004 ὁμοιότητα

2009 1913 2176 1970 ritalis
2202 1884 2554 1968 constituitur
2579 1911 2713 1976 vita,
2737 1884 2899 1965 velut
2915 1909 3028 1964 fere
3053 1884 3290 1963 humana
3319 1907 3436 1977 ipsa
3467 1884 3574 1962 vita

329 2015 425 2083 τῆς
447 2017 796 2090 ἀνθρωπίνης
817 2020 980 2090 ζωῆς.
1009 2020 1197 2077 Ταῦτα
1229 2023 1286 2077 δὲ
1313 2023 1384 2078 δι’
1424 2025 1702 2098 αίσθητῶν
1743 2027 1887 2096 γίνεο

330 2108 451 2162 σθαι
493 2111 896 2183 παρεδόθησαν,
934 2114 1016 2168 δτι
1072 2116 1168 2169 καὶ
1216 2116 1245 2168 ὁ
1301 2115 1589 2188 ἄνθρωπος
1634 2118 1895 2188 αίσθητδς

327 2201 420 2262 ὢν,
465 2202 551 2256 διὰ
604 2203 718 2257 τῶν
763 2203 1040 2275 αἰσθητῶν
1099 2207 1361 2276 ἀνάγεται
1415 2208 1552 2280 πρὸς
1597 2209 1666 2264 τά
1708 2209 1895 2281 νοητά.

337 2293 491 2347 ἐπεὶ
519 2294 576 2348 δὲ
598 2296 655 2349 ἔν
684 2298 752 2368 τῇ
815 2295 1129 2371 ἀνθρωπίνῃ
1171 2297 1284 2369 ζωῇ
1329 2299 1489 2370 διπλῆ
1532 2300 1684 2367 τάξις
1745 2302 1897 2372 εὑρί-

329 2403 518 2440 σκεται
545 2387 659 2460 (71)
691 2403 705 2417 ο
740 2389 788 2442 oi
815 2388 914 2458 μὲν
938 2388 1045 2458 γάρ
1096 2390 1204 2444 είσι
1241 2391 1471 2462 χορηγοὶ
1516 2393 1612 2446 καὶ
1645 2397 1898 2451 τακτικοὶ

325 2479 422 2548 τῆς
452 2477 772 2551 σωματικῆς
803 2479 969 2551 ζωῆς,
996 2481 1046 2534 oi
1077 2479 1469 2549 γεννῶντεςθοί
1499 2483 1556 2536 δὲ
1599 2483 1697 2553 τὴν
1739 2503 1898 2556 χορη-

328 2571 449 2638 γίαν
469 2571 748 2642 δεχόμενοι
776 2572 873 2626 καὶ⁸
899 2571 999 2644 τὴν
1026 2572 1199 2638 τάξιν,
1233 2573 1333 2645 τῆς
1365 2572 1572 2639 πόλεως
1605 2575 1896 2645 νομοθέται

326 2651 419 2717 καὶ
445 2663 707 2734 ἄρχοντες
733 2678 750 2695 ·
773 2663 917 2718 κατὰ
942 2663 1136 2718 ’τοῦτον
1171 2663 1264 2719 τδν
1295 2663 1498 2736 τρόπον
1533 2667 1628 2720 καὶ
1659 2667 1693 2740 ἡ
1732 2685 1896 2722 meu-

331 2754 534 2826 ματικὴ
565 2754 884 2811 συνίσταται
914 2753 1051 2828 ζωή.
1101 2823 1109 2826 _

397 2930 610 3002 Ὠσπερ
632 2929 726 2986 οὖν
751 2931 982 2986 ἕκαστον
1009 2931 1118 2985 τῶν
1154 2931 1324 2987 ὄντων
1347 2931 1434 2987 διὰ
1461 2934 1557 3004 τῆς
1591 2935 1899 3005 γεννήσεως

325 3021 595 3091 λαμϐάνει
635 3022 736 3094 τὴν
783 3022 953 3090 ζωὴν,
999 3021 1143 3076 οὕτω
1188 3024 1331 3078 κατὰ
1384 3024 1484 3096 τὴν
1520 3026 1898 3098 πνευματικὴν

331 3114 472 3186 ζωὴν
512 3113 608 3168 καὶ
643 3116 806 3186 ἡμεῖς
830 3109 1273 3187 ’άναγεννώμεθα
1303 3116 1391 3170 διὰ
1439 3116 1534 3171 τοῦ
1583 3117 1900 3188 βαπτίσμα-

331 3223 416 3270 τος
442 3223 457 3238 .
491 3207 632 3300 ἕπερ
667 3205 728 3300 οφ
973 3205 1076 3300 την
1118 3205 1454 3300 προγονικὴν
1504 3207 1665 3277 ἡμῶν
1715 3208 1898 3281 ἀμαρ-
1925 3235 1972 3300 c

331 3300 448 3350 τίαν
492 3297 732 3368 ἀναιρεῖ,
769 3295 907 3354 ἀλλὰ
957 3297 1052 3350 καὶ
1098 3295 1200 3360 τὰς
1249 3299 1545 3367 γενομένας
1595 3297 1688 3352 ὑπ’
1730 3300 1896 3355 αὐτοῦ

332 3389 420 3444 τοῦ
453 3389 880 3462 βαπτιζομένου,
924 3388 1031 3458 πρὸ
1077 3389 1172 3442 τοῦ
1208 3388 1589 3460 βαπτίσματος
1615 3391 1894 3460 δηλονότι·

329 3483 388 3534 οὐ
429 3481 538 3552 μὴν
570 3480 672 3545 τὰς
727 3479 870 3550 μετὰ
916 3479 1090 3534 ταῦτα
1121 3479 1436 3552 γινομένας.
1493 3481 1604 3536 Καὶ
1659 3483 1789 3554 γὰρ,
1821 3483 1896 3546 ὡς

328 3576 356 3626 ὸ
402 3573 668 3642 Θεολόγος
727 3573 862 3643 φησι
909 3571 1232 3642 Γρηγὸριος,
1287 3590 1307 3624 ι
1334 3573 1568 3642 ’Δφεσιν
1621 3571 1735 3644 εχει
1789 3574 1899 3631 τῶν

327 3649 760 3738 ἡμαρτημένων,
797 3665 858 3720 οὐ
889 3665 999 3718 τῶν
1025 3663 1516 3737 ἁμαρτανομένων.
1553 3684 1574 3718 ι

394 3759 471 3812 τὸ
509 3759 610 3827 μὲν
655 3752 750 3812 οὖν
779 3757 1057 3828 ὁρώμενον
1115 3758 1174 3808 ὲν
1218 3755 1297 3827 τῷ
1358 3755 1702 3826 βαπτίσματι
1755 3757 1898 3828 ὕδωρ

321 3851 507 3905 ἐστίν’
543 3855 577 3922 ἡ
606 3851 661 3904 δὲ
715 3851 847 3920 ἁγία
904 3849 1076 3920 Τριὰς
1123 3847 1333 3918 νοητῶς
1376 3849 1650 3920 παροῦσα,
1700 3851 1780 3914 είς
1831 3850 1902 3922 ην

324 3940 687 4013 βαπτίζεσθαι
721 3937 1194 4009 προσετάχθημεν,
1225 3937 1507 4008 χαρίζεται
1541 3937 1640 4009 τὴν
1670 3939 1902 4010 ἀναγίν-

321 4053 483 4103 aestv
535 4034 780 4104 ταύτην·
826 4031 855 4086 δ
903 4031 968 4102 δὴ
1022 4031 1306 4102 βάπτισμα
1359 4031 1452 4084 καὶ
1501 4031 1532 4084 ὁ
1581 4031 1815 4101 Χριστὸς
1847 4031 1906 4084 ὲ-

321 4127 636 4180 εαπτίσατο
656 4141 676 4160 ο
709 4125 807 4194 οὐχ
856 4122 932 4186 ὡς
963 4121 1290 4191 καθάρσεως
1317 4121 1594 4192 δεόμενος,
1644 4122 1762 4176 ἀλλ’
1811 4122 1904 4178 ἵνα

320 4216 419 4287 τὴν
479 4215 763 4286 ἡμετέραν
820 4213 1146 4282 ἁνακαινίσῃ
1199 4211 1383 4281 φύσιν,
1445 4213 1540 4266 καὶ
1587 4213 1776 4286 διδάξῃ
1807 4214 1904 4268 καὶ

323 4310 411 4357 τὴν
439 4306 649 4373 τρόπον
697 4301 794 4356 τοῦ
845 4301 1052 4356 τελείου
1105 4301 1482 4372 βαπτίσματος
1505 4317 1522 4335 ο
1554 4303 1624 4356 τὰ
1656 4303 1765 4373 γὰρ
1798 4305 1904 4374 πρὸ

320 4398 542 4463 τούτου,
569 4397 747 4449 τύπου
775 4398 872 4449 καὶ
914 4391 1236 4464 ἑτοιμασίας
1285 4392 1444 4463 λόγον
1485 4393 1702 4464 ἔχοντα,
1733 4395 1903 4466 ἁτελῆ

322 4484 466 4558 ἦσαν
506 4505 522 4522 ο
587 4489 681 4543 ὅτε
732 4489 830 4542 καὶ
881 4487 942 4540 τὸ
999 4486 1302 4557 μυστήριον
1356 4485 1747 4558 άνεφανερὼθη
1801 4489 1904 4560 τῆς

1999 2001 2286 2061 conﬂatur.
2324 2003 2452 2060 liae
2506 2017 2639 2059 vero
2691 2015 2790 2072 per
2845 1999 3065 2056 sensilia
3119 1998 3236 2054 ﬁeri
3284 1999 3579 2054 traditione

1992 2093 2331 2166 accepimus,
2377 2093 2523 2164 quod
2576 2101 2632 2148 et
2683 2092 2850 2147 homo
2898 2105 3023 2147 cum
3094 2089 3317 2146 sensilia
3357 2090 3451 2154 sit,
3481 2105 3579 2160 per

2001 2185 2241 2251 sensilia,
2277 2185 2343 2241 ad
2375 2200 2438 2242 ea
2469 2200 2592 2256 qua:
2631 2183 2899 2256 spiritalia
2951 2193 3098 2247 sunt,
3133 2184 3400 2255 erigatur.
3429 2184 3573 2249 Quia

2001 2295 2132 2336 vero
2172 2279 2229 2335 in
2269 2279 2504 2334 humana
2537 2277 2649 2333 vita
2709 2275 2913 2349 dupie'x
2957 2274 3213 2333 occurrit
3263 2275 3436 2341 ordo,
3482 2276 3577 2330 alii

2001 2373 2147 2428 enim
2205 2379 2334 2428 sunt
2379 2372 2472 2442 qui
2506 2370 2950 2436 subministrent,
2980 2368 3344 2438 ordinentque
3383 2383 3580 2454 corpo-

2001 2465 2168 2521 ralem
2205 2466 2372 2520 vitam
2401 2465 2620 2536 (nempe
2649 2463 2950 2536 parentes),
2997 2463 3091 2519 alii
3119 2476 3248 2518 vero
3297 2462 3390 2533 qui
3447 2462 3578 2518 sub-

2003 2556 2464 2614 ministrationem
2515 2555 2877 2628 ordinemque
2933 2557 3259 2628 suscipiant,
3291 2555 3383 2624 qui
3418 2553 3580 2609 nimi-

2001 2664 2122 2704 rum
2147 2648 2420 2705 civitatem
2440 2647 2653 2720 legibus
2672 2647 2993 2714 instituunt,
3015 2661 3079 2703 ac
3107 2661 3206 2716 pro
3229 2646 3582 2717 magistratus

2002 2761 2121 2800 eam
2184 2744 2367 2801 ofiicio
2415 2752 2630 2816 regunt.
2661 2743 2744 2800 Ad
2794 2743 3043 2800 eumdem
3074 2742 3296 2799 modum
3323 2740 3583 2813 spiritalis

2001 2837 2112 2893 vita
2144 2835 2524 2894 constituitur.

2073 2929 2545 2998 Quemadmodum
2586 2929 2754 3001 igitur
2800 2943 3143 3000 unaquaeque
3174 2942 3264 2984 res
3293 2943 3391 3002 per
3418 2942 3584 2997 gene-

2005 3022 2270 3078 rationem
2295 3023 2462 3078 vitam
2487 3022 2719 3092 accepit,
2747 3021 2829 3077 sic
2864 3037 2965 3076 nos
3003 3036 3224 3093 quoque
3268 3018 3572 3075 secundum

2005 3115 2302 3185 spiritalem
2339 3102 2506 3170 vitam
2547 3129 2643 3184 per
2667 3113 2995 3184 baptismum
3026 3127 3436 3183 regeneramur,
3469 3128 3577 3180 quo

2006 3221 2115 3260 non
2146 3205 2321 3261 solum
2355 3221 2384 3260 a
2416 3205 2608 3276 primis
2667 3203 2987 3276 parentibus
3041 3211 3325 3258 contracta
3372 3201 3578 3271 peccati
3609 3211 3612 3214 ’

2005 3295 2154 3352 labes
2179 3297 2446 3364 aufertur,
2474 3297 2568 3352 sed
2615 3304 2670 3352 et
2697 3294 2962 3367 quidquid
2990 3295 3066 3350 illi
3094 3294 3412 3348 delictorum
3439 3308 3583 3346 com-

2006 3388 2232 3444 missum
2267 3389 2338 3442 sit
2370 3389 2462 3459 qui
2491 3403 2555 3444 eo
2575 3387 2980 3454 initiatur,ante
2995 3385 3324 3454 baptismum
3343 3384 3575 3442 scilicet.

1963 3553 1970 3557 .
2004 3495 2114 3536 non
2133 3495 2251 3552 quae
2269 3491 2391 3550 post
2412 3480 2590 3550 ipsum
2607 3478 3039 3534 committuntur.
3069 3477 3138 3531 [Jt
3169 3476 3314 3531 enim
3346 3479 3418 3529 ait
3449 3475 3586 3528 Grc-

2004 3573 2192 3643 gorius
2215 3571 2556 3643 Theologus:
2582 3591 2600 3623 ‹
2622 3569 3009 3624 Remissionem
3046 3568 3204 3624 habet
3232 3584 3419 3623 eorum
3450 3567 3586 3621 (lt-li-

2005 3674 2352 3736 ctoruntqua':
2367 3663 2654 3719 couunissa
2669 3672 2816 3726 sunt,
2840 3677 2943 3717 non
2967 3675 3087 3731 quae
3107 3660 3305 3715 commi
3334 3668 3540 3713 tuntur.
3558 3675 3579 3711 ι

2077 3759 2230 3826 Quod
2280 3757 2446 3828 igitur
2494 3755 2551 3810 in
2593 3755 2866 3826 baptismo
2894 3753 3249 3824 conspicuum
3306 3759 3410 3815 cst,
3440 3765 3578 3819 aqua

2007 3861 2110 3918 est,
2156 3859 2344 3906 sancta
2395 3849 2612 3904 trinitas
2662 3862 2796 3903 vero
2825 3845 3146 3917 spiritaliter
3201 3844 3469 3899 assistens
3501 3843 3580 3912 (in

2007 3954 2171 4011 quam
2219 3939 2482 4008 baptizari
2523 3923 2854 4009 pmceptum
2890 3931 3226 4005 accepimus)
3264 3936 3404 3987 hanc
3437 3947 3586 4000 rcge-

2010 4031 2348 4088 neratinncm
2382 4029 2592 4086 tribuit.
2644 4027 2816 4095 Quem
2858 4027 3188 4098 baptismum
3227 4024 3392 4080 etiam
3427 4023 3588 4078 Chri-

2011 4133 2130 4178 stus
2160 4121 2438 4192 suscepit;
2463 4136 2572 4176 non
2603 4119 2763 4191 quasi
2795 4120 2912 4190 ipsc
2933 4117 3335 4173 ’emnndatione
3373 4116 3586 4187 indige-

2011 4224 2116 4280 ret,
2152 4214 2246 4270 scd
2277 4223 2338 4267 ut
2372 4221 2623 4268 naturam
2669 4219 2912 4266 nostram
2960 4209 3246 4264 innovarct
3277 4223 3339 4262 ac
3380 4208 3587 4262 instau-

2011 4319 2179 4374 raret,
2229 4307 2560 4376 modumque
2591 4319 2693 4360 nos
2717 4301 2942 4372 perfecti
2969 4302 3316 4372 baptismatis
3345 4301 3586 4356 doceret.

2011 4401 2144 4469 Qua:
2193 4400 2338 4454 enim
2389 4400 2572 4470 priora
2611 4397 2953 4462 exstiterant,
2983 4411 3108 4452 cum
3139 4395 3322 4464 figurae
3348 4409 3412 4448 ac
3449 4408 3587 4462 prae-

2013 4492 2311 4564 parationis
2381 4491 2650 4544 rationem
2708 4487 2992 4549 haberent,
3029 4484 3344 4553 imperfecta
3394 4491 3585 4545 erant,

324 4580 490 4646 ἁγίας
540 4579 798 4649 Τριάδος,
840 4577 937 4630 τοῦ
989 4577 1087 4647 μὲν
1140 4575 1540 4646 βαπτιζομένου
1573 4577 1706 4632 Υἱοῦ
1761 4579 1900 4647 ἁγα-

2009 4583 2226 4652 quando
2244 4579 2500 4635 nimirum
2525 4579 2687 4632 etiam
2711 4586 2914 4632 sancta
2943 4572 3228 4629 Trinitatis
3262 4571 3585 4642 mysterium

330 4671 538 4725 πᾶσθαι
574 4669 731 4741 παρὰ
756 4667 851 4721 τοῦ
881 4668 1093 4738 Πατρδς
1135 4667 1564 4739 ὁμολογηθέντος
1593 4669 1681 4723 διὰ
1709 4669 1898 4740 φωνῆς

331 4763 408 4824 είς
471 4764 564 4816 τὸν
620 4763 758 4830 άέρα
825 4760 1192 4832 τυπωθείσης,
1257 4760 1356 4814 καὶ
1403 4760 1502 4822 τὰς
1551 4760 1901 4832 ἀνθρωπίνας

331 4855 503 4918 ἀκοὰς
559 4854 958 4925 πληρωσάσης,
1006 4853 1102 4906 τοῦ
1149 4853 1207 4908 δὲ
1251 4853 1415 4921 ἁγίου
1475 4853 1793 4925 Πνεύματος
1845 4857 1904 4910 ὲν

328 4947 456 4998 εἴδει
498 4946 799 5015 σωματικῷ
843 4945 1176 5016 περιστερᾶς
1223 4944 1316 4998 ἐπὶ
1360 4944 1453 4999 τὸν
1504 4944 1906 5016 βαπτιζόμενον

330 5055 428 5090 κατ
437 5041 732 5101 ιπτάντος.

401 5131 570 5184 ιιάλιν
599 5130 727 5182 ἐπεὶ
753 5128 816 5182 τὸ
842 5127 1104 5197 γεννηθὲν
1128 5128 1217 5181 διὰ
1237 5129 1336 5198 τῆς
1369 5126 1654 5197 αὐξήσεως
1685 5127 1779 5181 ἐπὶ
1805 5127 1906 5197 τὴν

331 5219 682 5289 ὀφειλομένην
728 5220 1008 5287 ποσότητα
1061 5218 1326 5289 καταντᾷ,
1369 5216 1574 5274 δίδοται
1623 5216 1721 5270 καὶ
1771 5218 1904 5288 ἡμῖν

331 5312 603 5379 τεὶειὸτῃς
661 5308 1047 5380 πνευματικῆς
1114 5309 1296 5380 ἰσχύος
1353 5308 1442 5362 διὰ
1497 5308 1599 5377 τῆς
1647 5308 1742 5362 τοῦ
1800 5311 1904 5379 μύ-

337 5419 429 5470 ρου
461 5403 569 5474 (τὶ)
599 5401 836 5472 κρίσεως
862 5416 877 5433 ·
907 5402 966 5454 ὲν
986 5399 1160 5471 τούτῳ
1207 5399 1316 5472 γὰρ
1345 5399 1621 5454 δείκνυται
1653 5417 1902 5472 πνευμα-

332 5494 461 5562 τικὴ
491 5495 667 5565 talin,
693 5493 827 5546 ὃταν
854 5491 956 5561 τὴν
995 5491 1090 5544 τοῦ
1119 5491 1360 5561 Χριστοῦ
1388 5491 1574 5544 πίστιν
1613 5491 1904 5561 τολμῶμεν

336 5583 565 5638 {uinctos
589 5586 809 5641 πάντων
836 5583 1121 5676 ὁμελογείν
1140 5599 1156 5615 ’
1186 5583 1282 5636 καὶ
1317 5581 1392 5654 μὴ
1423 5583 1512 5637 διά
1539 5599 1657 5636 τινα
1712 5583 1900 5654 αἰσχύ-

403 5791 516 5853 (7|)
550 5789 714 5858 Greg.
753 5799 892 5844 orat.
924 5789 1016 5843 ιο.

2006 4675 2341 4732 declaratum
2385 4680 2490 4737 cst,
2525 4668 2684 4736 Filio,
2761 4667 2856 4738 qui
2914 4663 3314 4735 baptizabatur,
3362 4674 3586 4732 paserua

2008 4783 2140 4825 voce
2168 4767 2223 4821 in
2251 4779 2379 4820 aere
2411 4763 2666 4825 formata,
2686 4758 3087 4826 hominumque
3120 4767 3281 4808 aures
3309 4751 3584 4822 implente,

2009 4861 2130 4930 ejus
2177 4855 2488 4914 dilectionis
2533 4851 2867 4925 praeconium
2932 4849 3206 4915 habente;
3272 4863 3338 4901 ac
3380 4845 3585 4916 Spiritu

2013 4961 2206 5008 sancto
2235 4949 2290 5003 in
2328 4947 2506 5018 specie
2537 4943 2816 5016 corporali
2858 4942 3128 4999 columba
3168 4939 3225 4994 in
3273 4939 3450 5010 ipsum
3490 4937 3586 4991 de-

2015 5045 2332 5098 scandente.

2084 5131 2295 5186 Rursus
2327 5144 2474 5195 vero,
2506 5127 2634 5197 quia
2664 5125 2811 5197 quod
2843 5135 3030 5179 natum
3053 5133 3158 5188 est,
3191 5136 3286 5192 per
3321 5135 3587 5189 augmen-

2014 5231 2125 5278 tum
2156 5223 2225 5277 ad
2256 5222 2493 5276 debitam
2533 5218 2754 5274 devenit
2776 5205 3164 5288 quantitatem,
3187 5213 3346 5268 nobis
3371 5221 3586 5283 quofue

2011 5331 2107 5386 per
2141 5319 2405 5384 unguenti
2437 5312 2747 5367 unctionem
2783 5307 3042 5380 spiritalis
3075 5305 3292 5361 roboris
3324 5305 3586 5374 perfectio

2008 5407 2308 5464 confertur.
2345 5405 2404 5460 in
2449 5406 2554 5458 hoc
2603 5404 2746 5458 enim
2798 5402 2978 5456 elucet
3028 5399 3274 5469 spiritale
3324 5397 3490 5453 robur
3519 5413 3584 5450 ac

2006 5497 2288 5570 perfectio,
2314 5510 2438 5551 cum
2469 5493 2673 5549 Christi
2705 5491 2865 5547 tidem
2891 5492 2947 5546 in
2975 5498 3271 5560 conspectu
3299 5489 3582 5542 hominum

2007 5586 2246 5643 conﬁteri
2296 5586 2579 5651 audemus,
2622 5598 2721 5638 nec
2774 5582 2883 5636 ullo
2929 5581 3134 5652 pudore
3172 5589 3266 5636 aut
3305 5592 3450 5635 metu
3487 5594 3581 5635 seu

401 5863 517 5928 (7.!)
554 5854 1241 5931 Unguentisacramcntum
1283 5854 1454 5913 nostri
1509 5863 1705 5912 vocant
1757 5854 2260 5911 Conﬂrmatiom-m.
