3916 6204
291 406 394 474 601

1312 417 1408 476 DE
1446 418 1875 479 PRINCIPHS
1917 420 2129 482 FlDEl
2169 421 2638 484 CATHOLlC/E.

3465 422 3572 486 602

296 542 394 578 του
419 541 432 556 ·
469 542 487 575 ι
524 525 622 577 κα)⁵
649 525 810 595 μέχρι
840 525 932 581 τοῦ
957 525 1051 582 νῦν
1077 527 1262 597 ἐξάγει
1291 530 1356 583 τά
1385 531 1494 583 ῐδια
1535 531 1868 600 βλαστήματς

1990 535 2197 590 dixisse
2232 554 2246 590 :
2281 554 2303 588 ι
2363 535 2571 590 Educat
2615 544 2757 590 terra
2789 535 3011 590 herbam
3057 534 3282 600 lieni“;
3334 553 3352 585 ι
3386 536 3569 589 hamu-

291 617 370 687 τῷ
391 616 517 683 Gelu)
547 621 928 688 προστάγματι
975 621 1412 692 συνελαυνομένη
1467 624 1560 675 καὶ
1609 624 1870 693 δυναμουο

297 707 435 778 μένη
469 725 484 740 ο
508 708 652 763 οὕτω
677 711 768 762 καὶ
801 709 961 764 τοῦτο
981 711 1381 780 ὑπηρετοῦντος
1408 713 1502 768 τοῦ
1535 714 1726 784 ἱερέως
1784 732 1875 768 πι-

297 800 560 869 στεύομεν
590 799 840 868 γίνεσθαι
873 817 887 836 ο
921 793 1062 856 ὥστε
1091 806 1183 856 τὸν
1209 803 1374 876 άρτον
1409 805 1490 869 είς
1520 806 1680 876 σῶμα
1710 805 1872 860 αὑτοῦ

294 890 385 943 καὶ
406 890 496 942 τὸν
525 885 666 943 οἶνον
697 891 776 959 εἰς
829 885 972 962 αἷμα
998 893 1163 946 αὑτοῦ
1199 895 1629 964 μεταϐάλλεσθαι
1661 898 1748 952 διὰ
1777 898 1874 967 τὴν

291 981 383 1034 τοῦ
413 982 664 1046 εἰπόντος
690 981 942 1054 δύναμιν.
969 986 1077 1039 Καὶ
1103 985 1177 1050 ὦς
1216 1005 1382 1057 φησιν
1406 988 1436 1041 6
1461 988 1603 1052 θεῖος
1662 990 1873 1059 Χρυσό-

296 1089 489 1139 στομος
517 1073 652 1143 (75),
694 1092 712 1126 t
757 1075 951 1146 Σχῆμα
981 1075 1142 1146 μόνον
1177 1078 1404 1148 πληρῶν
1441 1068 1555 1148 (76)
1584 1079 1815 1150 ἕστηκεν
1845 1084 1872 1135 6

296 1163 474 1232 ἱερεύς
502 1167 577 1235 ’.ἠ
608 1166 665 1220 δὲ
693 1166 924 1236 δύναμις
958 1169 1108 1222 πᾶσα
1133 1168 1240 1222 τῶν
1265 1170 1440 1239 λόγων
1469 1172 1640 1226 ἐστίν.
1679 1192 1698 1225 ι
1764 1174 1875 1227 A6-

291 1257 380 1319 τὸς
405 1257 786 1330 γὰρεῖρηκεν,
819 1279 837 1312 ι
892 1261 1016 1315 Ἐάν
1055 1264 1129 1333 μὴ
1166 1264 1378 1333 φάγητε
1401 1264 1499 1336 τὴν
1550 1267 1727 1333 σάρκα
1777 1267 1870 1320 τοῦ

294 1347 419 1400 Υίοῦ
449 1349 542 1402 τοῦ
578 1350 890 1420 ἀνθρώπου,
927 1354 1018 1406 καὶ
1045 1353 1204 1424 πίητε
1238 1354 1404 1408 αὐτοῦ
1455 1357 1516 1409 τὸ
1566 1353 1728 1424 αἷμα,
1772 1358 1873 1410 οὐκ

294 1439 441 1507 ἔχετε
471 1440 616 1511 ζωὴν
638 1443 694 1494 ἰν
721 1443 955 1508 ἑαυτοῖς.
995 1444 1060 1498 Ἦ
1097 1445 1206 1515 γὰρ
1229 1446 1365 1516 σάρξ
1399 1464 1501 1517 μου
1525 1447 1734 1519 ἀληθής
1757 1450 1870 1502 ἐστι

295 1531 513 1600 βρῶσις.
548 1552 568 1586 ι
603 1534 712 1586 Καὶ
735 1535 918 1604 πάλιν,
977 1555 995 1587 ι
1046 1535 1108 1589 '0
1162 1537 1390 1606 τρώγων
1432 1554 1500 1607 με
1559 1539 1808 1605 ζήσεται.
1847 1558 1865 1590 ι

295 1623 454 1676 Ὅθεν
480 1625 648 1694 χωρὶς
679 1627 858 1694 πάσης
887 1627 1213 1696 ἀμφιϐολίας
1243 1627 1492 1697 μετέχειν
1523 1629 1701 1682 αὐτῶν
1719 1629 1869 1697 ὀφεί-

228 1745 232 1748 -
292 1712 473 1781 λομεν,
504 1713 752 1784 καθαρὰν
779 1716 874 1769 καὶ
904 1715 1128 1784 βεϐαίαν
1160 1718 1289 1785 περῖΙ
1319 1717 1500 1770 αὐτῶν
1543 1718 1758 1788 ἔχοντες
1785 1719 1874 1772 πίε

294 1824 409 1859 στιν
444 1820 460 1836 ·
485 1809 604 1870 καὶ,
630 1807 706 1870 ὥς
751 1825 854 1861 που
891 1810 1053 1878 φησὶν
1077 1810 1105 1863 6
1135 1809 1276 1872 θεῖος
1307 1809 1694 1880 Χρυσόστομος
1730 1811 1868 1879 (77),

215 1967 218 1970 ,
290 1897 431 1952 οὕτω
463 1899 798 1980 διατίθεσθαι
823 1899 1055 1954 ἕκαστον
1081 1902 1195 1966 τοῖς
1218 1901 1383 1964 θείοις
1431 1902 1871 1973 προσερχόμενον

291 1994 634 2060 μυστηρίοις,
697 1993 887 2064 ὥσπερ
945 1995 1056 2048 ἀπὸ
1111 1996 1210 2065 τῆς
1259 1996 1354 2049 τοῦ
1391 1996 1601 2066 Κυρίου
1630 1996 1872 2066 πλευρᾶς

284 2081 495 2132 τούτων
527 2082 1029 2152 μεταλαμϐάνοντα.
1071 2085 1131 2138 El
1165 2085 1238 2155 μὴ
1279 2087 1389 2156 γὰρ
1413 2086 1558 2140 οὕτω
1593 2087 1720 2157 περὶ
1751 2085 1873 2139 τού-

283 2188 394 2224 των
427 2172 776 2243 πιστεύομεν,
805 2176 866 2228 οὐ
911 2175 1070 2244 μόνον
1108 2177 1260 2232 οὐδὲν
1287 2179 1437 2250 ’παρ’
1479 2179 1663 2240 αὐτῶν
1719 2179 1871 2250 ὠφε-

286 2260 529 2331 λούμεθα
551 2263 643 2317 διὰ
667 2263 765 2336 τὴν
806 2265 1065 2320 ἀπιστίαν
1098 2269 1278 2339 ἡμῶν,
1313 2268 1451 2324 ἀλλὰ
1477 2270 1571 2322 καὶ
1611 2271 1692 2333 είς
1743 2273 1872 2324 αίω-

288 2354 409 2407 νίαν
441 2355 769 2426 κατάκρισιν
802 2360 975 2413 ταῦτα
1001 2360 1508 2431 μεταλαμϐάνεται.
1562 2363 1638 2415 Τὸ
1665 2362 1710 2416 δ’
1737 2363 1870 2416 αὐτὸ

286 2445 342 2498 δὲ
378 2445 686 2516 συμϐαίνει,
719 2450 815 2502 καλ⁷
840 2453 890 2504 εἰ
911 2450 1113 2522 πλῆθος
1165 2451 1584 2524 ἁμαρτημάτων
1629 2435 1867 2523 ἔχοντες,

293 2537 462 2608 μηδὲν
513 2525 993 2612 προκαθλαρθέντες
1055 2542 1262 2598 τούτων
1355 2545 1865 2615 μεταλαμϐάνομεν.

290 2629 398 2681 Καὶ
430 2627 542 2698 γάρ
577 2630 752 2700 ὅμοιοι
781 2632 1008 2704 δόξομεν
1039 2635 1153 2699 τοῖς
1183 2634 1530 2706 σπαράκτσις
1565 2635 1659 2688 τοῦ
1686 2635 1871 2706 σώμα-

287 2738 376 2785 τος
445 2720 541 2775 τοῦ
593 2722 850 2792 Χριστοῦ.
911 2727 1004 2780 Διό
1049 2745 1214 2796 φησιν
1270 2729 1299 2781 6
1349 2729 1490 2792 θεῖος
1521 2729 1867 2795 Ἀπόστολος,

293 2831 312 2865 ι
348 2816 705 2881 Δοκιμαζέτω
737 2816 966 2881 ἕκαστος
990 2819 1203 2885 ἑαυτὸν,
1233 2820 1326 2873 καὶ
1355 2820 1526 2884 οὕτως
1561 2823 1622 2875 ἐκ
1655 2822 1748 2876 τοῦ
1768 2823 1870 2892 ἄρ’

286 2924 378 2960 του
439 2909 688 2975 ἐσθιέτω,
748 2909 845 2964 καὶ
900 2912 966 2964 ἐκ
1010 2911 1104 2966 τοῦ
1135 2913 1395 2984 ποτηρίου
1426 2914 1619 2968 πιέτω.
1656 2933 1675 2966 ι
1735 2916 1867 2980 Καί,

293 3019 311 3051 ι
354 3002 419 3055 Ὀ
445 3001 678 3066 ἀναξίως
703 3003 1135 3072 μεταλαμϐάνων
1156 3006 1248 3058 τοῦ
1280 3006 1532 3076 σώματος
1562 3007 1660 3060 καὶ
1699 3007 1868 3076 αἷμα-

285 3104 372 3151 τος
406 3088 500 3142 τοῦ
529 3090 770 3161 Χριστοῦ
806 3091 982 3162 κρίμα
1006 3093 1186 3164 ἑαυτῷ
1213 3094 1383 3148 ἐσθίει
1410 3096 1505 3149 καὶ
1548 3097 1715 3163 πίνει,
1774 3099 1868 3151 καὶ

286 3178 470 3248 ἔνοχος
498 3182 650 3235 ἔσται
670 3182 764 3236 τοῦ
794 3181 1042 3253 σώματος
1070 3187 1166 3239 καὶ
1185 3185 1418 3256 αἵματος
1450 3187 1544 3241 τοῦ
1567 3189 1827 3259 Χριστοῦ.
1844 3210 1862 3241 ι

354 3271 503 3340 Πρὸς
523 3273 652 3335 τοὺς
679 3273 857 3328 τοίνυν
884 3273 1280 3346 διαποροῦντας
1301 3277 1432 3346 περὶ
1461 3277 1562 3348 τῆς
1616 3279 1725 3332 άπὸ
1771 3279 1868 3334 τοῦ

286 3359 452 3429 ἄρτου
481 3363 690 3415 καὶτοῦ
719 3362 864 3416 οἴνου
897 3365 979 3428 εἰς
1001 3365 1062 3418 τὸ
1091 3365 1253 3437 σῶμα
1292 3368 1388 3422 καὶ
1411 3364 1556 3440 αἷμα
1606 3370 1704 3424 τοῦ
1737 3372 1779 3424 Χ
1789 3388 1872 3442 ρι-

288 3452 409 3505 στοῦ
461 3455 772 3525 μεταϐολῆς
824 3456 922 3528 τὴν
977 3450 1206 3530 δύναμιν
1236 3459 1330 3513 τοῦ
1376 3460 1513 3515 Θεοῦ
1574 3463 1872 3532 προϐαλλό-

289 3545 450 3610 μεθα.
506 3547 570 3599 Ei
615 3547 725 3619 γὰρ
772 3548 1093 3619 ὁμολογοῦσι
1145 3551 1237 3605 τὸν
1267 3552 1401 3606 Θεὸν
1455 3555 1857 3625 παντοδύναμον

289 3631 446 3702 εἶναι,
487 3636 638 3689 οὐδὲν
669 3636 829 3690 τοῦτο
847 3638 1291 3710 διαπορήσουσιν.
1327 3640 1389 3694 El
1423 3642 1530 3710 γὰρ
1589 3643 1732 3696 κατά
1779 3643 1868 3696 δύο

287 3742 450 3796 ναμιν
476 3727 776 3803 φυσικὴνεή
808 3730 1143 3802 ὑποκειμένη
1172 3732 1265 3812 τοῦ
1295 3733 1456 3802 ἀέρος
1491 3733 1591 3807 ὕλη
1645 3735 1867 3789 δύναται

285 3821 420 3872 κατὰ
441 3819 505 3872 τὸ
534 3815 673 3884 εἶδος
710 3821 1064 3890 μεταϐάλλειν
1087 3823 1165 3886 είς
1192 3823 1324 3895 πῦρ,
1364 3823 1546 3894 πολλῷ
1595 3825 1798 3894 μᾶλλον
1831 3827 1862 3896 ἠ

283 3910 370 3962 τοῦ
399 3911 543 3964 Θεοῦ
576 3911 828 3984 δύναμις,
860 3915 936 3978 ὡς
962 3915 1092 3985 ὃλην
1113 3916 1210 3987 τὴν
1234 3915 1428 3972 οὐσίαν
1459 3916 1570 3970 τῶν
1603 3919 1870 3988 πραγμά-

284 4001 384 4054 τῶν
404 4005 760 4072 παρήγαγεν,
789 4007 850 4058 οὐ
875 4007 995 4059 κατ’
1015 4002 1154 4068 εἶδος
1187 4008 1346 4076 μόνον
1378 4009 1674 4077 μεταϐαλεῖ
1699 4024 1714 4040 ο
1733 4011 1870 4064 ἀλλὰ

286 4093 342 4144 τὸ
379 4094 748 4164 ὑποκείμενον
773 4096 893 4149 ὅλον
916 4095 1014 4150 τοῦ
1029 4097 1194 4167 άρτου
1217 4098 1312 4152 καὶ
1339 4098 1433 4152 τοῦ
1461 4101 1604 4153 οἴνου
1621 4103 1700 4163 si;
1739 4102 1874 4156 ὐπο-

285 4185 540 4255 κείμενον
605 4187 784 4259 σάρκα
827 4190 926 4242 καὶ
986 4183 1127 4262 αἷμα
1171 4193 1554 4259 μεταποιήσει.
1606 4194 1667 4246 El
1697 4193 1752 4247 δέ
1788 4213 1872 4258 τις

286 4281 442 4332 πάλιν
491 4279 576 4334 διὰ
603 4281 756 4352 τὰτῇ
807 4283 1058 4353 αἰσθήσει
1110 4284 1415 4354 φαινόμενα
1469 4288 1537 4356 τῇ
1591 4288 1864 4360 μεταϐολῇ

285 4371 453 4443 ταύτῃ
498 4371 791 4437 διαπιστεῖ,
819 4367 1150 4427 κατανοείτω
1180 4376 1262 4427 ὅτι
1289 4375 1359 4428 τὰ
1399 4376 1520 4430 Θετα
1545 4378 1678 4446 ἡμῖν
1725 4378 1872 4434 οὕτω

1981 643 2193 689 nusque
2219 629 2402 681 divino
2427 629 2762 698 impellente,
2783 643 2846 683 ac
2860 627 2966 680 vim
2991 628 3259 694 praebente
3279 638 3567 696 praecepto,

1979 717 2222 786 germina
2249 733 2349 772 sua
2375 718 2641 782 educere;
2686 720 2763 773 sic
2817 731 3036 786 quoque
3084 717 3227 771 istud
3270 718 3568 771 εειουτάυιίς

1977 811 2284 864 ministerio
2301 813 2618 881 contingere
2645 811 2919 866 credimus
2936 851 2950 872 ,
2973 816 3030 861 ut
3045 818 3097 862 et
3117 810 3274 878 panis
3292 810 3343 862 in
3369 825 3567 877 corpus

1977 900 2116 968 ejus,
2151 912 2206 956 et
2234 904 2421 957 vinum
2457 903 2512 958 in
2551 903 2872 973 sanguinem
2915 909 3324 966 convertantur,
3352 903 3420 956 ob
3447 903 3566 970 ejus

1975 993 2066 1062 qui
2097 993 2236 1048 dixit
2258 999 2578 1060 potentiam.
2627 994 2690 1047 Et
2717 1004 2776 1049 ut
2801 996 2877 1050 ait
2908 995 3066 1050 divus
3087 995 3510 1066 Chrysostomus
3548 1011 3563 1047 :

1982 1104 2000 1136 ι
2050 1085 2169 1141 Stat
2219 1088 2474 1140 sacerdos
2528 1087 2706 1142 solum
2768 1087 2996 1144 formam
3053 1091 3287 1156 irnplens
3337 1095 3437 1142 :at
3487 1089 3565 1141 vis

1975 1179 2156 1237 omnis
2204 1180 2494 1234 verborum
2539 1187 2639 1234 est.
2681 1198 2699 1232 ι
2757 1179 2876 1248 Ipse
2925 1181 3068 1235 enim
3129 1181 3264 1235 dixit
3315 1199 3327 1233 :
3387 1199 3405 1230 ι
3454 1177 3564 1231 Nisi

1977 1271 2444 1326 manducaveritis
2461 1285 2680 1325 carnem
2701 1270 2821 1326 Filii
2849 1272 3086 1327 hominis
3109 1279 3162 1326 et
3182 1271 3429 1326 biberitis
3447 1271 3566 1336 ejus

1974 1365 2318 1433 sanguinem,
2369 1379 2480 1417 non
2539 1364 2810 1418 habebitis
2843 1365 3009 1418 vitam
3058 1366 3109 1418 in
3154 1365 3327 1419 vobis.
3357 1383 3374 1414 ι
3426 1365 3566 1416 Caro

1974 1453 2117 1508 enim
2164 1466 2284 1508 mea
2342 1467 2504 1507 verus
2550 1462 2636 1508 est
2686 1454 2860 1508 cibus.
2904 1472 2922 1506 ι
2973 1454 3040 1507 Et
3088 1469 3331 1518 rursum,
3389 1472 3407 1504 ‹
3456 1453 3562 1518 Qui

1976 1546 2266 1601 manducat
2358 1561 2478 1612 me,
2549 1547 2777 1601 vivet".
2823 1565 2841 1598 ι
2903 1546 3088 1613 Itaque
3157 1546 3292 1600 citra
3346 1561 3563 1598 omnem

1974 1638 2371 1693 dubitationem
2432 1637 2523 1692 illa
2595 1637 2859 1692 debemus
2924 1637 3244 1703 percipere,
3307 1636 3564 1689 mundam

1975 1730 2299 1799 ﬁrmamque
2347 1729 2414 1784 de
2454 1729 2563 1783 illis
2592 1729 2858 1783 habentes
2901 1727 3083 1782 ﬁdem.
3125 1727 3188 1782 Et
3232 1735 3292 1781 ut
3325 1728 3564 1796 quodam

1975 1821 2098 1876 loco
2143 1820 2471 1892 aitjdivinus
2499 1820 2944 1892 Chrysostomus,
2985 1819 3066 1874 sic
3110 1819 3352 1888 quisque
3381 1818 3567 1872 animo

1974 1901 2197 1972 an‘ecttts
2223 1914 2287 1968 ad
2323 1913 2508 1968 divina
2545 1914 2774 1970 accedat
2809 1914 3069 1984 mysteria
3101 1927 3282 1982 operte
3330 1911 3564 1981 pretium

1973 2014 2059 2061 est
2091 2021 2106 2059 :
2142 2022 2162 2057 ι
2201 2005 2277 2057 Ac
2313 2005 2358 2060 si
2390 2019 2454 2059 ex
2489 2005 2611 2074 ipso
2637 2005 2848 2058 Domini
2878 2005 3048 2058 latere
3081 2004 3383 2058 hausturus
3418 2002 3509 2056 sit.
3544 2021 3561 2054 ι
3643 2002 3668 2010 ”

1974 2097 2088 2153 Nisi
2136 2097 2281 2153 enim
2328 2112 2450 2153 eam
2485 2097 2553 2151 de
2596 2095 2707 2150 illis
2741 2095 2898 2150 [idem
2948 2094 3328 2153 habuerimus.
3365 2093 3563 2146 nedum

1972 2189 2108 2244 nihil
2162 2203 2228 2244 ex
2281 2189 2362 2244 eis
2413 2188 2625 2243 fructus
2671 2201 3072 2257 consequemur
3102 2185 3175 2239 ob
3206 2195 3450 2240 nostram
3481 2184 3567 2237 in-

1972 2281 2370 2344 credulitatem,
2415 2295 2604 2335 verum
2641 2279 2806 2334 etiam
2856 2280 2922 2332 ad
2971 2286 3233 2332 aeternam
3280 2277 3394 2331 hzec
3438 2291 3564 2330 con-

1971 2371 2372 2428 demuationem
2441 2385 2747 2425 sumemus.
2806 2369 3067 2438 Idemque
3144 2368 3458 2439 contingit,
3514 2359 3562 2422 ᾖ

1971 2469 2344 2533 praegravante
2404 2469 2754 2530 peccatorum
2818 2459 3074 2524 sarcina,
3141 2458 3317 2528 iisque
3378 2458 3565 2512 multis

1971 2531 2174 2616 obruti,
2208 2553 2355 2606 nulla
2395 2551 2593 2618 praevia
2625 2549 3037 2614 emundatione,
3066 2565 3128 2604 ea
3167 2550 3556 2619 percipiamus.
3641 2531 3650 2541 ’

1973 2642 2184 2698 Etenim
2240 2644 2310 2698 iis
2355 2644 2566 2700 similes
2619 2636 2952 2707 videbimur,
2981 2643 3074 2712 qui
3107 2643 3321 2696 Domini
3363 2657 3567 2711 corpus

1973 2739 2298 2794 dilacerant.
2333 2736 2541 2793 Idcirco
2582 2737 2660 2792 ait
2691 2735 2989 2806 Apostolus
3024 2753 3039 2791 :
3083 2753 3101 2787 ι
3144 2734 3345 2790 Probet
3383 2743 3564 2788 autem

1972 2827 2207 2895 seipsutn
2249 2825 2435 2889 homo,
2490 2833 2543 2879 et
2602 2827 2683 2880 sic
2745 2822 2851 2877 dici
2913 2837 3054 2894 pane
3106 2823 3199 2876 illo
3246 2822 3380 2877 edat
3415 2833 3468 2876 et
3501 2823 3569 2876 de

1973 2915 2143 2970 calice
2171 2913 2404 2972 bibat“.
2429 2931 2448 2964 ι
2481 2913 2543 2966 Et
2567 2929 2582 2966 :
2617 2931 2636 2962 ι
2667 2911 2769 2978 Qui
2800 2911 3023 2981 indigne
3052 2911 3336 2978 prmsuutit
3361 2925 3566 2979 corpus

1970 3015 2024 3062 et
2075 3005 2394 3073 sanguinem
2439 3004 2671 3066 Christi,
2722 3004 2991 3074 judicium
3038 3003 3142 3058 sibi
3189 3005 3482 3056 mandurat
3515 3010 3570 3056 et

1975 3097 2128 3163 bibit,
2153 3097 2366 3167 eritque
2398 3111 2524 3152 reus
2549 3095 2796 3166 corporis
2825 3104 2876 3150 et
2913 3095 3199 3165 sanguinis
3222 3094 3426 3149 Christi
3447 3095 3517 3147 ⁸⁸.
3543 3112 3562 3144 ι

2047 3270 2129 3324 Ad
2175 3285 2272 3326 eos
2297 3285 2427 3341 ergo
2455 3271 2547 3341 qui
2575 3270 2825 3325 dubitant
2851 3269 2918 3324 de
2949 3269 3305 3326 conversione
3331 3270 3486 3334 panis
3512 3279 3568 3322 et

1979 3364 2087 3417 viui
2117 3363 2170 3418 in
2213 3363 2414 3419 Christi
2444 3378 2642 3433 corpus
2673 3373 2726 3422 et
2770 3361 3112 3432 sanguinem,
3137 3361 3237 3416 Dei
3264 3365 3565 3431 potentiam

1977 3457 2326 3526 opponimus.
2384 3455 2520 3511 Nam
2575 3457 2621 3511 si
2661 3456 2828 3510 Deum
2881 3458 3310 3524 omnipotentem
3373 3470 3572 3526 agnos-

1980 3556 2134 3612 cunt,
2168 3547 2316 3602 nulla
2374 3544 2454 3601 rei
2512 3545 2677 3612 hujus
2724 3546 2955 3600 haerebit
3003 3547 3297 3601 dubitatio.
3322 3547 3375 3601 Si
3423 3549 3568 3602 enim

1981 3641 2216 3696 naturali
2249 3641 2299 3695 vi
2353 3640 2597 3717 subjecta
2632 3639 2776 3694 aeris
2809 3641 3036 3693 materia
3067 3641 3118 3693 in
3151 3641 3326 3708 ignem
3368 3642 3567 3694 mutari

1978 3733 2190 3802 potest];
2268 3731 2468 3796 potiori
2535 3729 2695 3801 longe
2766 3732 2982 3786 ratione
3055 3726 3151 3786 Dei
3212 3732 3406 3798 virtus,
3473 3735 3567 3798 qui

1977 3836 2197 3877 omnem
2272 3835 2454 3876 rerum
2547 3819 2916 3876 substantiam
2997 3819 3301 3892 produxit,
3366 3822 3568 3876 nedum

1977 3915 2281 3971 secundum
2339 3912 2613 3982 speciem,
2643 3929 2832 3969 verum
2879 3912 3043 3968 etiam
3101 3921 3266 3968 totam
3313 3914 3466 3983 panis
3514 3923 3571 3969 et

1977 4007 2090 4062 vini
2126 4005 2515 4070 substantiam,
2543 4006 2598 4060 in
2651 4005 2835 4060 carnis
2881 4020 2945 4060 ac
2983 4005 3274 4074 sanguinis
3309 4007 3570 4061 substan-

1978 4100 2108 4153 tiam
2139 4097 2396 4152 mutabit.
2435 4097 2530 4151 Siu
2555 4108 2742 4152 autem
2787 4112 2980 4152 rursus
3005 4097 3224 4162 aliquis,
3253 4098 3324 4151 ob
3353 4113 3415 4151 ea
3448 4113 3571 4166 qua:

1976 4190 2163 4246 sensui
2181 4198 2469 4260 apparent,
2497 4190 2625 4244 huic
2649 4189 3095 4244 trausmutatioui
3127 4189 3354 4258 abrogat
3383 4190 3566 4252 tidem.

1977 4282 2180 4355 cegitet
2225 4281 2634 4356 diyinalnohis
2703 4281 2773 4334 ita
2840 4281 3103 4350 proponi,
3161 4291 3217 4334 ut
3275 4282 3565 4335 sensilium

1978 4390 2162 4430 rerum
2193 4374 2498 4428 .involucro
2530 4372 2743 4428 obtecta
2773 4372 2900 4426 sint.
2932 4372 3102 4440 quue
3141 4371 3278 4426 adeo
3313 4374 3364 4424 in
3396 4387 3563 4424 causa

287 4461 681 4528 προϐάλλονται
707 4461 781 4523 ὡς
805 4462 910 4516 ὑπὸ
935 4463 1399 4534 παραπετάσμασι
1422 4466 1532 4528 τοῖς
1554 4464 1856 4536 αἰσθητοῖς.

1975 4478 2074 4533 est,
2102 4481 2200 4520 cur
2223 4466 2327 4519 sub
2363 4465 2520 4533 panis
2545 4463 2763 4532 vinique
2791 4461 3054 4532 symbolis
3081 4463 3228 4531 (qua:
3256 4461 3411 4514 nobis
3437 4477 3563 4515 esca

361 4637 405 4672 °'
435 4640 576 4696 Gen.
619 4658 658 4706 ι,
698 4640 784 4695 ll.
863 4640 908 4672 ⁸³
935 4639 1094 4697 Joan.
1119 4642 1314 4707 vr,.5»i,
1339 4640 1428 4708 55,
1454 4641 1541 4698 58.
1620 4642 1665 4674 “
1697 4643 1860 4700 lCor.

2013 4643 2104 4696 $8.
2181 4641 2226 4671 "
2260 4642 2390 4694 ibid.
2422 4641 2514 4698 29.

353 4803 466 4874 Γ]ῗῆ
491 4804 691 4857 Eadem
721 4820 859 4874 pene
886 4807 1036 4859 hom.
1059 4805 1126 4860 85
1149 4806 1198 4857 iu
1217 4803 1407 4874 Matth.
1435 4803 1490 4857 ét
1523 4803 1575 4855 iu
1602 4787 1710 4856 lad
1729 4803 1860 4858 Cor.

354 4873 467 4940 (76)
518 4872 735 4942 Σχῆμα
781 4877 976 4943 μόνον
1015 4874 1286 4941 πληρῶν.
1344 4872 1527 4928 Solum
1580 4890 1861 4942 personam

290 4943 548 5008 impletis;
601 4959 798 5012 nempe
845 4945 1126 5000 Christum
1187 4951 1584 5013 repraesentans
1629 4943 1863 5012 ejusque
1909 4977 1914 4980 -

291 5027 574 5078 personam
629 5015 780 5070 velut
825 5015 1079 5076 induens,
1130 5029 1229 5069 nec
1275 5015 1429 5078 quasi
1468 5029 1496 5066 a
1541 5029 1622 5075 se,
1674 5014 1768 5068 sed
1804 5022 1863 5066 ut

289 5083 428 5136 dicta
464 5085 535 5139 ab
564 5085 657 5140 illo
685 5084 850 5155 verba
875 5084 1182 5155 proferens,
1213 5083 1414 5155 quibus
1447 5083 1650 5155 ubique
1684 5083 1863 5154 Chry-

291 5161 567 5209 sostomus
596 5157 704 5210 vim
738 5153 891 5208 illam
919 5153 1317 5209 transmutaudi
1350 5167 1502 5208 saera
1533 5153 1756 5221 pignora
1807 5153 1860 5206 iu

290 5221 488 5294 Christi
518 5239 718 5294 corpus
740 5234 801 5292 et
834 5225 1156 5292 sanguinem
1184 5223 1392 5294 tribuit.
1422 5221 1594 5294 Graeci
1631 5223 1722 5294 alii
1750 5221 1864 5277 fere

291 5292 676 5364 {Damasceno
698 5301 752 5349 et
788 5309 861 5349 vu
903 5294 1137 5364 synodo.
1169 5292 1520 5364 ἐπιφοίτησιν
1556 5292 1865 5358 (adventum

294 5359 530 5428 Spiritus
562 5364 750 5432 sancti)
785 5365 858 5418 ita
886 5359 1100 5432 urgent,
1128 5370 1187 5415 ut
1212 5359 1318 5416 uisi
1345 5359 1463 5430 ejus
1493 5363 1862 5432 invocatione,

293 5445 450 5502 quam
483 5447 673 5490 eorum
705 5431 967 5502 liturgiae’
1003 5435 1203 5488 habent
1227 5441 1349 5502 post
1382 5433 1545 5486 verba
1576 5431 1860 5488 Dominica

293 5499 382 5553 diu
431 5511 570 5573 ante
602 5499 975 5573 prolatafnon
1024 5499 1252 5557 omnino
1284 5501 1626 5557 Dominicum
1661 5518 1862 5572 corpus

295 5583 354 5622 ac
380 5572 726 5642 sanguinem,
750 5574 916 5643 inque
942 5588 1004 5627 ea
1039 5573 1413 5643 symbolorum
1453 5574 1861 5627 transmutatio-

296 5655 414 5695 ιιι-ω
451 5641 638 5714 (σμασι
671 5653 727 5700 et
760 5643 849 5697 illa
882 5641 996 5714 fieri
1022 5641 1354 5714 exposcunt)
1381 5643 1668 5714 videantur
1705 5657 1870 5714 agno-

293 5708 467 5783 scere,
498 5711 675 5776 Quam
724 5708 1402 5783 qumstioucm'tractav'it
1431 5711 1492 5766 Ρ.
1534 5708 1654 5783 Jac.
1700 5708 1867 5767 Guar.

296 5779 497 5838 sodalis
526 5785 720 5839 menso
747 5779 1081 5853 μακαρίτης,
1115 5783 1166 5836 in
1199 5782 1429 5853 Euchol.
1455 5782 1654 5853 aliique
1679 5783 1870 5852 dispu«

299 5859 472 5907 tantes
509 5865 632 5910 cum
671 5851 779 5912 avi
818 5851 1086 5925 sequioris
1115 5853 1340 5911 Graecis.
1372 5851 1778 5909 illustrissimus
1808 5870 1870 5908 ac

1973 4802 2467 4860 revurendissimus
2524 4801 2848 4856 Parisieusis
2908 4799 3152 4867 archicp.
3227 4799 3422 4852 Petrus
3493 4799 3560 4849 de

1971 4873 2150 4928 Μαι-σει
2181 4875 2210 4925 6
2241 4875 2560 4944 μακαρίτης
2589 4872 2669 4928 sic
2713 4871 3365 4944 interpretabaturLcum
3416 4883 3567 4944 qua--

1971 4944 2166 4998 stiouis
2213 4937 2431 4998 nodum
2471 4937 2688 4999 solvere
2717 4937 3036 5002 conaretur.
3075 4950 3133 4994 ut
3181 4939 3406 5001 diceret,
3458 4937 3562 4989 l‘a-

1972 5023 2084 5096 tres
2117 5008 2482 5096 quasi‘uuum
2514 5012 2646 5084 quid
2682 5011 2965 5096 accepisse
3001 5011 3261 5092 quidquid
3297 5011 3565 5096 irit-us‘est

1971 5081 2234 5159 liturgici,
2266 5096 2320 5140 et
2371 5083 2477 5159 (ut
2502 5081 2603 5140 nos
2649 5081 2932 5150 vocamus)
2983 5081 3261 5159 cationis,‘
3295 5093 3395 5159 nec
3428 5081 3564 5130 satis

1973 5151 2294 5210 distinxisse
2350 5151 2479 5223 quid
2536 5169 2769 5222 quaeque
2823 5168 2948 5222 pars
3015 5151 3253 5223 eliiciat;
3316 5151 3368 5223 iu
3447 5162 3560 5214 quo

1967 5226 2134 5294 paulo
2174 5219 2438 5281 subtilius
2469 5219 2746 5279 laboravit
2783 5219 3022 5293 sequens
3075 5219 3557 5294 Scholastirorum

1963 5289 2232 5350 sedulitas
2265 5315 2276 5350 :
2313 5311 2475 5376 quam
2531 5295 2706 5376 ipsam
2756 5289 3075 5374 intrasuos
3111 5289 3376 5376 terminus
3412 5302 3562 5341 coer-

1963 5381 2090 5420 cere
2132 5359 2446 5438 conveniat,
2475 5359 2683 5438 quibus
2712 5375 2766 5420 et
2802 5363 3011 5438 praeivit
3057 5374 3290 5438 magnus
3317 5359 3562 5438 Chryslh

1963 5445 2198 5508 stemus,
2233 5437 2316 5488 vir
2353 5431 2506 5489 certe
2552 5436 2682 5508 tnihi
2739 5431 3273 5508 σχολαστικώτατος,
3311 5431 3478 5508 cuius
3507 5438 3560 5480 ct

1964 5507 2337 5572 scholasticeu
2363 5546 2376 5569 ,
2434 5500 2862 5572 methodumqite
2901 5500 3204 5572 disserendi
3243 5513 3308 5553 ac
3353 5500 3560 5572 distiu-

1965 5567 2190 5647 guendi,
2225 5567 2567 5647 soletiterque
2593 5567 2863 5628 euodaitdi
2902 5571 3299 5647 quaperplexa
3330 5569 3558 5647 videauq

1969 5643 2081 5710 tur,
2112 5646 2163 5700 in
2191 5647 2310 5699 aliis
2355 5643 2602 5710 Patrum,
2635 5657 2836 5712 magno
2879 5643 3180 5712 prtcscrtim
3217 5643 3554 5709 Augustino,

1969 5716 2299 5770 desiderem.

2044 5788 2156 5856 (77)
2197 5788 2353 5842 llum.
2382 5787 2470 5842 Si.
2505 5787 2556 5840 iu
2594 5784 2748 5838 Juau.
