3970 6202
326 350 418 414 605

1287 357 1386 418 DE
1425 356 1862 420 PRlNCIPllS
1898 361 2111 423 FIDE!
2152 312 2628 433 CATHOLICE.

3461 378 3573 445 606

322 468 709 536 ἀναὸαπτίζειν.
745 471 854 525 Καὶ.
876 470 1067 542 ὥσπερ
1102 471 1151 524 οἱ
1185 470 1277 539 τῆς
1320 473 1560 542 φυσικῆς
1586 473 1681 527 καὶ
1704 491 1892 544 σωμα-

2011 481 2304 535 naturalem
2340 497 2406 538 ac
2435 484 2775 559 corporalem
2805 485 2970 542 vitam
3024 502 3121 558 per
3166 492 3574 561 generationem

318 564 461 633 τικῆς
480 561 622 632 ζωῆς
646 562 738 617 διὰ
782 566 1092 634 γεννήσεως
1124 564 1401 634 τυχόντες,
1460 564 1530 619 ἂν
1590 566 1879 634 ἐμπέσωσι

319 649 450 727 ὗόσῳ
471 657 572 709 τινὶ
609 654 1003 726 ἐναντιουμένῃ
1024 658 1090 725 τῇ
1125 656 1313 726 τελεία
1369 655 1544 729 ταύτῃ
1593 656 1732 729 ζωῇ,
1780 658 1883 712 de:

322 746 739 817 ﬁveyswc’upsvot
764 746 946 811 πάλιν,
978 747 1097 802 ἀλλ’
1132 748 1306 820 ἑτέρῳ
1322 749 1510 821 τρόπῳ
1541 748 1883 814 ἀλλοιώσεως

322 841 718 910 θεραπεύονται,
752 840 1232 911 ἀπαλλαττόμενοι
1264 842 1364 912 τῆς
1389 842 1549 895 νόσου
1584 858 1599 873 ·
1620 840 1765 896 οὕτω
1789 843 1884 898 καὶ

320 934 450 1004 πρὸς
471 934 527 988 τὸ
555 933 862 1003 βάπτισμα,
891 935 1274 1005 πνευματικὴν
1300 935 1469 990 οὖσαν
1495 936 1881 1007 ἀναγέννησιν,

318 1026 622 1095 ἀνακάμψαι
650 1027 713 1081 οὐ
739 1026 995 1081 δύνανται
1030 1042 1047 1059 ·
1076 1026 1127 1081 tv
1178 1027 1505 1099 ἐξαλείψωσι
1553 1028 1818 1100 δηλονότι,
1848 1028 1885 1085 ἃ

322 1121 459 1189 μετὰ
479 1120 535 1175 τδ
568 1119 855 1191 βάπτισμα
886 1120 1221 1192 εἰργάσαντο
1252 1122 1651 1193 ἁμαρτήματα.
1683 1124 1783 1179 Διὰ
1827 1123 1886 1177 δὲ

316 1228 422 1281 της
450 1210 733 1280 μετανοίας
757 1209 920 1265 τοῦτο
938 1209 1174 1280 γίνεται.
1227 1211 1326 1274 Τίς
1356 1211 1415 1264 δὲ
1464 1211 1496 1263 ὁ
1543 1213 1746 1284 τρόπος
1772 1210 1887 1283 ῖτῆς

320 1303 621 1371 μετανοίας,
677 1302 776 1356 καὶ
819 1302 965 1357 πόσα
986 1301 1161 1373 αὐτῆς
1187 1303 1298 1356 είσι
1329 1303 1496 1373 μέρη,
1552 1303 1649 1357 καὶ
1694 1302 1886 1366 ποίους

316 1394 467 1470 τινας
496 1389 633 1448 εἶναι
665 1392 750 1446 δεῖ
769 1392 897 1457 τοὺς
926 1394 1008 1458 είς
1035 1392 1199 1447 τοῦτο
1238 1392 1612 1463 τεταγμένους
1641 1408 1888 1463 πνευμα-

316 1486 499 1550 τικοὺς
530 1486 729 1555 ἄνδρας
764 1487 908 1557 (79)⁶
942 1486 1039 1540 καὶ
1066 1487 1182 1551 πῶς
1201 1487 1327 1552 τοὺς
1362 1485 1763 1556 μετανοοῦντας
1794 1487 1889 1540 αὑ-

314 1579 430 1640 τοῖς
454 1576 855 1649 προσέρχεσθαι
887 1577 988 1643 δεῖ,
1016 1578 1110 1632 καὶ
1142 1578 1249 1631 τίνι
1302 1578 1494 1650 τρόπῳ
1526 1578 1628 1651 τὴν
1680 1578 1889 1632 τούτων

315 1671 607 1742 θεραπείαν
628 1672 881 1725 ΐπινοεῖν
915 1686 930 1702 ο
960 1672 1058 1726 καὶ
1083 1670 1204 1733 πῶς
1238 1670 1355 1725 ἔστι
1385 1671 1497 1724 τῶν
1555 1671 1893 1743 ἁμαρτημά-

314 1780 426 1817 των
474 1761 911 1832 ὲλευθεροῦσθαι,
956 1763 1150 1834 ἐτέρας
1208 1763 1277 1817 ἂν
1339 1764 1427 1832 είη
1481 1764 1888 1834 πραγματείας*

1991 574 2135 628 nacti
2173 583 2324 640 sunt,
2356 576 2497 632 siin
2549 579 2805 634 morbum
2870 581 3113 651 aliquem
3165 582 3422 652 perfectae
3450 587 3577 644 huic

1989 666 2113 719 vitae
2141 666 2521 725 adversantem
2556 670 2990 738 inciderint,non
3022 675 3171 746 quod
3212 675 3394 733 denuo
3417 695 3578 751 gene-

1990 767 2201 822 rentur,
2240 757 2335 814 sed
2368 760 2477 817 alio
2514 760 2915 821 immutationis
2973 765 3162 833 modo,
3209 769 3403 824 morbo
3438 771 3576 826 libe-

1990 859 2181 904 rantur
2207 857 2371 922 atque
2396 863 2694 923 sanantur;
2714 856 2794 911 sic
2824 856 2940 913 lieri
2972 859 3183 929 nequit,
3216 870 3276 916 ιιι
3305 862 3573 932 baptisma
3632 896 3635 899 -

1993 940 2136 1012 (quae
2158 941 2418 1013 spiritalis
2443 946 2722 1022 generatio
2742 946 2847 1018 est)
2874 957 3200 1020 reparatur;
3230 962 3290 1006 ut
3311 952 3573 1009 nimirum

1990 1043 2214 1103 peccata
2258 1042 2384 1103 pust
2412 1034 2751 1105 baptismum
2776 1038 3075 1095 commissa
3122 1040 3216 1095 illo
3265 1041 3575 1112 deleantur,

1993 1126 2087 1181 sed
2118 1126 2171 1182 id
2196 1134 2488 1196 praestatur
2531 1144 2624 1199 per
2658 1130 3060 1193 pmnitentiam.
3087 1130 3324 1199 Quinam
3351 1148 3481 1190 vero
3503 1135 3578 1191 sit

1991 1218 2327 1289 paenitentiae
2356 1221 2574 1287 modus,
2598 1232 2800 1294 quotve
2833 1225 2955 1295 ejus
2988 1234 3193 1298 partes,
3226 1228 3417 1297 quales
3444 1227 3572 1283 item

1992 1326 2113 1367 esse
2164 1318 2446 1382 Oporteat,
2476 1313 2568 1382 qui
2616 1313 2743 1369 huic
2772 1315 2988 1371 muneri
3044 1315 3286 1385 praefecti
3331 1318 3449 1372 sint
3473 1317 3574 1372 viri

1994 1402 2289 1474 Spiritales,
2323 1416 2388 1460 ac
2417 1406 2694 1471 quomodo
2725 1406 3055 1476 poenitentes
3096 1408 3162 1462 ad
3196 1422 3293 1463 eos
3322 1409 3583 1465 accedere

1996 1494 2231 1550 debeant
2285 1513 2301 1552 :
2351 1511 2473 1566 qua:
2507 1512 2703 1553 eorum
2756 1497 2951 1555 salutis
2991 1499 3357 1568 excogitanda
3394 1502 3582 1574 ratio;

1996 1599 2175 1655 quove
2222 1588 2386 1642 modo
2420 1602 2452 1641 a
2492 1586 2731 1657 peccatis
2757 1589 3040 1660 contingat
3079 1590 3328 1657 liberari,
3354 1590 3585 1647 alterius

1996 1689 2176 1745 opera:
2210 1676 2315 1743 sit;
2350 1687 2715 1749 praeterquam
2751 1678 2902 1749 quod
2958 1680 3290 1750 spiritalium
3337 1682 3585 1737 virorum

2000 1782 2066 1823 ex
2105 1776 2254 1825 recta
2297 1770 2505 1827 ratione
2531 1771 2730 1827 horum
2769 1771 3059 1828 arbitrium
3092 1782 3179 1829 cst
3208 1788 3274 1829 ac
3297 1773 3606 1844 dispensa--

312 1855 485 1917 ἂλλως
536 1870 597 1908 τε
645 1854 741 1909 καὶ
771 1855 1169 1924 πνευματικῶν
1196 1854 1411 1928 ἀνδρῶν
1443 1855 1506 1908 τὸ
1526 1855 1704 1909 ταῦτα
1746 1856 1890 1911 διαι-

2011 1859 2113 1925 tio,
2141 1874 2264 1930 qua:
2299 1868 2353 1917 et
2411 1862 2737 1932 intelligent,
2770 1860 2865 1933 qui
2926 1862 3215 1920 doctorum
3266 1840 3586 1936 hoc-argu-

314 1945 419 2015 τᾷν
437 1945 573 1998 κατὰ
604 1943 763 2014 λόγον
809 1945 989 2014 ὀρθὸν,
1053 1946 1193 2017 ὅπερ
1237 1947 1319 2010 είς
1379 1946 1687 2017 κατάληψιν
1737 1945 1893 2001 ἔσται

312 2038 426 2101 mg;
457 2036 667 2090 ἐπιοῦσι
696 2038 799 2100 τὰς
824 2035 935 2091 τῶν
962 2037 1303 2093 διδασκάλων
1332 2040 1572 2110 γραφάς.

402 2127 553 2184 Ἐπεὶ
596 2130 679 2195 δὲ,
710 2129 968 2201 καθάπερ
1016 2131 1268 2200 εἴπομεν,
1301 2133 1366 2186 ἐκ
1415 2133 1515 2202 τῆς
1556 2133 1656 2202 τῆς
1700 2130 1885 2203 ψυχῆς

316 2223 630 2295 ἀρρωστίας
659 2221 820 2285 νόσος
857 2237 946 2286 τις
997 2223 1093 2276 ἐπὶ
1132 2222 1195 2277 τὸ
1241 2223 1403 2294 σῶμα
1450 2204 1745 2279 διαδίδοται
1803 2224 1893 2279 διὰ

314 2316 413 2387 τὴν
437 2315 571 2383 πρὸς
594 2314 803 2386 ἄλληλα
829 2315 1019 2385 σχέσιν
1043 2334 1104 2369 τε
1138 2318 1233 2370 καὶ
1260 2318 1635 2387 συμπάθειαν,
1661 2318 1756 2372 τοῦ
1789 2316 1896 2372 σώο

318 2424 482 2480 ματος
513 2409 656 2475 λέγω
689 2409 784 2463 καὶ
814 2410 915 2477 τῆς
955 2408 1160 2481 ψυχῆς,
1209 2411 1333 2481 ἣτις
1365 2411 1431 2479 δὴ
1461 2411 1616 2474 νόσος
1645 2410 1713 2464 δι’
1742 2411 1895 2480 ὠφέι

316 2503 465 2571 λειαν
494 2501 735 2572 γίνεται’
756 2501 983 2567 κόλασις
1010 2502 1121 2575 γάρ
1145 2504 1264 2558 ἐστι
1293 2503 1382 2558 διὰ
1410 2504 1509 2574 τὴν
1531 2504 1897 2576 ὀφειλομένην

316 2594 462 2666 αὐτῷ
488 2594 796 2665 τιμωρίαν,
850 2595 1014 2667 μόνον
1043 2596 1092 2649 εί
1140 2596 1241 2666 τὴν
1276 2596 1596 2668 ἀρρωστίαν
1636 2598 1843 2669 ταύτην
1870 2599 1899 2652 ό

315 2687 601 2759 ἄνθρωπος
657 2688 1001 2759 εὐχαρίστως
1034 2687 1286 2760 ὑπομένῃ
1313 2704 1329 2721 ο
1385 2676 1649 2754 πολλάκις
1682 2690 1740 2743 δὲ
1794 2691 1900 2744 ὑπὸ

314 2780 514 2851 ταύτης
545 2781 708 2842 νόσου
749 2780 1106 2849 ἐμποδίζεται
1147 2782 1175 2835 ὁ
1207 2780 1497 2851 ἄνθρωπος
1526 2783 1607 2845 εἰς
1636 2781 1699 2835 τὺ
1729 2783 1897 2854 ἐργά-

316 2872 515 2926 σασθαι
547 2872 613 2925 τὺ
639 2871 871 2940 ἀγαθὸν,
909 2870 1006 2926 καὶ
1032 2872 1121 2924 διὰ
1150 2870 1246 2924 τοῦ
1278 2870 1490 2940 ἀγαθοῦ
1523 2870 1688 2943 ἔργου
1716 2875 1903 2925 ἐπιτυ-

312 2964 425 3033 χεῖν
462 2962 568 3031 τῆς
597 2962 983 3033 πνευματικῆς
1024 2961 1329 3033 σωτηρίαςο
1359 2960 1566 3017 δίδοται
1604 2963 1666 3015 τὸ
1694 2963 1905 3035 μυστή-

315 3072 433 3124 ριον
457 3056 562 3126 τῆς
612 3053 933 3119 τελευταίας
964 3056 1225 3126 χρίσεως,
1256 3055 1430 3125 ἧγουν
1475 3054 1536 3109 τδ
1577 3054 1856 3126 εὐχέλαιον
1881 3072 1897 3087 ·

314 3149 451 3219 ὅπερ
474 3148 579 3202 καὶ
616 3148 752 3203 αὐτὸ
776 3146 1130 3218 πνευματικὴ
1161 3145 1378 3211 ἰατρεία
1409 3147 1582 3213 ἐστὶν,
1614 3146 1702 3200 ίνα
1731 3146 1905 3200 άπαλ-

316 3238 647 3310 Μττώμεθα
684 3238 787 3310 τῆς
818 3236 916 3293 τοῦ
964 3239 1219 3309 σώματος
1247 3239 1583 3310 ἀρρωστίας,
1623 3238 1750 3310 ἥτις
1801 3240 1898 3307 ὲμο

314 3331 579 3402 ποδισμὸς
612 3334 823 3399 γίνεται
862 3330 999 3401 πρὸς
1044 3332 1114 3385 τὰ
1145 3329 1500 3401 πνευματικᾶ
1558 3330 1718 3404 ἔργα.
1764 3331 1904 3401 Περὶ

313 3419 389 3480 ὧν
414 3428 442 3480 ό
472 3424 624 3488 θεῖος
648 3423 948 3487 ἀπόστολος
973 3423 1203 3494 γράφει,
1236 3442 1256 3475 ι
1276 3425 1333 3477 'A
1344 3423 1527 3477 σθενεῐ
1545 3441 1630 3487 τις
1660 3425 1719 3476 ὲν
1741 3423 1903 3494 Mdv;

314 3516 945 3588 προτκαλεσάσθωτοῦς
967 3515 1377 3586 πρεσϐυτέρους
1409 3514 1512 3585 τῆς
1554 3514 1905 3584 Ἐκκλησεας,

317 3612 413 3665 καὶ
442 3608 808 3676 εὐξάσθωσαν
848 3607 937 3663 ἐπ’
966 3608 1154 3676 αὐτὸν,
1185 3608 1502 3678 ἀλείφοντες
1536 3606 1702 3660 αὐτὸν
1742 3605 1909 3676 ἐλαίῳ

307 3705 371 3756 ἐν
415 3703 499 3775 τῷ
529 3702 767 3772 όνόματι
796 3700 895 3755 τοῦ
929 3700 1139 3772 Κυρίου
1166 3715 1182 3732 ⁶
1220 3700 1315 3753 καὶ
1348 3699 1483 3770 εὐχὴ
1524 3698 1627 3770 τῆς
1674 3699 1910 3761 πίστεως

306 3795 479 3849 σώσει
534 3795 633 3848 τὸν
668 3793 973 3864 κάμνοντα,
1013 3793 1109 3846 καὶ
1145 3793 1333 3863 ἐγερεῖ
1385 3791 1550 3846 αὐτὸν
1597 3793 1625 3844 ὁ
1660 3790 1869 3861 Κύριος
1891 3806 1906 3822 ο

299 3888 411 3941 xiv
438 3887 740 3959 ἁμαρτίας
844 3882 1192 3957 πεποιηκὼς,
1216 3884 1556 3956 ἀφεθήσεται
1585 3884 1757 3954 αὐτῷ.
1788 3901 1807 3935 ι
1840 3883 1911 3947 El

298 3977 359 4030 δὲ
394 3978 478 4049 μὴ
511 3974 954 4031 ἀπαλλάττοιντο
986 3974 1078 4029 διὰ
1121 3974 1317 4028 τούτου
1364 3973 1469 4044 τῆς
1520 3972 1612 4027 τοῦ
1659 3972 1914 4041 σώματος

292 4068 662 4139 ἀρρωστίας.
720 4067 824 4121 οὐκ
862 4064 1139 4120 αίτιάσθαι
1176 4065 1263 4119 δεῖ
1307 4064 1407 4136 τὴν
1457 4063 1555 4118 τοῦ
1606 4063 1913 4135 μυστηρίου

292 4160 509 4214 τούτου
540 4158 801 4232 δύναμιν.
847 4157 1118 4221 Πολλάκις
1145 4156 1255 4230 γὰρ
1287 4157 1386 4211 καὶ
1418 4156 1480 4210 τὸ
1511 4154 1915 4229 θεραπευθῆναι

300 4252 667 4322 σωματικῶς
719 4251 861 4322 πρὸς
912 4251 1040 4315 τοὺς
1092 4248 1262 4314 ἀξίως
1288 4247 1354 4302 τδ
1406 4249 1713 4322 μυστήριον
1759 4246 1935 4301 τοῦτο

294 4344 716 4410 ὶαμεανοντας
741 4342 841 4395 οὐκ
882 4340 1000 4395 εστι
1028 4341 1302 4411 χρήσιμον
1345 4339 1483 4411 πρὸς
1522 4339 1623 4410 τὴν
1666 4339 1917 4410 πνευμα-

303 4438 488 4506 τικὴν
524 4436 831 4506 σωτηρίαν.
864 4435 1027 4498 Ἴσως
1058 4434 1166 4504 γὰρ
1194 4431 1318 4486 οὐδὲ
1342 4432 1644 4503 χρήσονται
1671 4433 1739 4504 τῇ
1758 4432 1921 4512 ὑγεία

2001 1962 2187 2008 mento
2224 1954 2426 2023 scripta
2466 1954 2718 2033 legerint.

2072 2133 2213 2202 Quia
2250 2149 2397 2202 vero,
2435 2144 2495 2190 ut
2573 2134 2915 2202 dicebamus,
2960 2151 3025 2191 ex
3060 2135 3229 2191 animi
3269 2137 3589 2207 aegritudine

2003 2228 2230 2283 morbus
2261 2225 2483 2297 quidam
2520 2225 2576 2281 in
2625 2241 2827 2297 corpus
2878 2227 3225 2291 dillunditur,
3273 2231 3342 2283 ob
3391 2245 3585 2285 eorum

2006 2320 2194 2391 (animi
2225 2320 2438 2377 scilicet
2487 2335 2552 2376 ac
2600 2320 2875 2390 corporis)
2913 2330 3161 2376 mutuam
3214 2321 3587 2378 habitudinem

2006 2427 2070 2468 ac
2102 2411 2605 2479 necessitudinem;
2662 2413 2757 2483 qui
2793 2413 2987 2482 utique
3040 2414 3267 2471 morbus
3317 2415 3435 2469 utili
3494 2413 3590 2469 Dei

2005 2503 2236 2559 consilio
2273 2502 2548 2574 provenit.
2581 2502 2797 2558 Etenim
2827 2505 3118 2573 castigatio
3147 2515 3251 2571 est,
3302 2506 3372 2559 ob
3425 2520 3545 2562 eam
3573 2545 3593 2573 ,

2007 2594 2164 2661 cujus
2193 2593 2356 2648 homo
2388 2608 2515 2649 reus
2548 2604 2653 2660 est,
2691 2609 2947 2664 pinnam;
2983 2596 3029 2651 si
3063 2599 3225 2651 modo
3254 2596 3374 2667 ejus
3415 2596 3593 2653 morbi

2010 2687 2117 2740 vim
2152 2700 2276 2741 curn
2308 2686 2608 2755 gratiarum
2644 2687 2860 2743 actione
2906 2688 3252 2743 sustinuerit.
3284 2684 3595 2744 Haud/raro

2010 2787 2187 2834 tamen
2218 2791 2317 2848 per
2343 2792 2465 2832 cam
2497 2777 2881 2853 aegritudinem
2912 2780 3206 2850 impeditur
3230 2781 3393 2836 homo
3424 2797 3487 2835 ne
3507 2783 3602 2836 bo-

2009 2886 2138 2926 num
2178 2880 2452 2940 Operetnr,
2483 2885 2546 2925 ac
2577 2886 2645 2927 ne
2670 2874 2978 2943 operando,
3008 2872 3314 2944 spiritalem
3359 2874 3593 2928 salutem

2010 2971 2419 3034 consequatur;
2447 2963 2656 3020 idcirco
2682 2975 2944 3020 extrema:
2976 2966 3250 3021 unctionis
3278 2980 3593 3021 sacramen-

2017 3063 2129 3108 tum
2166 3055 2292 3125 (olei
2330 3054 2539 3109 scilicet
2565 3055 2779 3125 junctis
2807 3056 3061 3125 precibus
3096 3056 3365 3126 inunctio)
3406 3056 3590 3112 datur.

2012 3148 2216 3217 Estque
2247 3147 2513 3218 spiritalis
2544 3148 2659 3202 haec
2694 3148 2932 3214 curatio,
2967 3157 3082 3201 uta
3110 3148 3359 3216 corporis
3395 3148 3595 3203 morbo

2008 3240 2325 3305 liberemur,
2361 3239 2457 3309 qui
2488 3239 2883 3311 impedimento
2915 3247 2999 3294 est
3029 3252 3099 3295 ne
3132 3239 3401 3308 spiritalia
3425 3254 3592 3307 opera

2008 3342 2357 3404 praestemus.
2397 3329 2472 3385 De
2500 3332 2706 3400 quibus
2756 3329 2971 3385 divinus
3016 3329 3310 3400 Apostolus
3339 3330 3537 3386 scribit
3580 3349 3596 3385 :

2016 3445 2035 3479 ι
2081 3424 2393 3479 lnﬁrmatur
2444 3423 2569 3493 quis
2612 3422 2669 3478 in
2723 3421 2922 3479 vobis?
2972 3423 3198 3479 inducat
3256 3425 3600 3496 presbyteros

2012 3516 2293 3583 Ecclesiae,
2341 3523 2394 3585 et
2425 3524 2583 3571 orent
2614 3530 2778 3585 super
2813 3531 2935 3570 eum
2960 3557 2976 3581 ,
3017 3524 3283 3585 tingentes
3321 3531 3445 3572 cum
3479 3517 3601 3574 oleo

2014 3612 2067 3665 in
2099 3609 2324 3665 nomine
2357 3606 2575 3663 Domini
2606 3623 2621 3660 :
2653 3615 2707 3661 et
2754 3606 2935 3662 oratio
2967 3605 3091 3662 ﬁdei
3145 3595 3379 3662 salvabit
3427 3621 3602 3675 aegro-

2013 3709 2153 3768 tum,
2171 3700 2415 3773 eteriget
2439 3714 2563 3753 eum
2592 3697 2890 3767 Dominus;
2914 3707 2967 3755 et
2994 3699 3043 3754 si
3070 3699 3122 3753 in
3148 3700 3387 3769 peccatis
3409 3699 3597 3764 fuerit,

2015 3792 2369 3848 remittentur
2407 3790 2456 3845 ei
2491 3789 2560 3845 ⁸⁸.
2597 3809 2615 3842 ι
2659 3789 2757 3844 Sin
2792 3798 2975 3844 autem
3013 3790 3179 3859 aliqui
3218 3790 3382 3862 hujus
3414 3792 3463 3845 vi
3511 3807 3599 3847 sa-

2015 3884 2275 3940 cramenti
2306 3900 2337 3939 a
2366 3884 2617 3954 corporis
2638 3882 2828 3938 morbo
2857 3883 3084 3937 minimc
3108 3884 3428 3951 liberantur,
3455 3885 3601 3940 haud

2017 3983 2199 4030 tamen
2243 3974 2296 4029 id
2336 3972 2414 4029 illi
2446 3974 2687 4028 dattdum
2736 3973 2868 4028 vitio
2917 3974 3011 4028 sit.
3064 3974 3220 4045 Saepe
3254 3975 3398 4030 enim
3431 3976 3600 4030 etiam

2016 4079 2242 4134 corpore
2272 4063 2494 4128 sanari,
2532 4063 2615 4117 vel
2666 4062 2713 4119 si
2754 4064 2917 4131 digne
2964 4075 3374 4132 sacramentum
3432 4066 3605 4136 aliqui

2018 4156 2347 4228 suscipiant,
2400 4155 2470 4211 ad
2522 4156 2832 4228 spiritalem
2888 4157 3119 4214 salutem
3173 4173 3285 4213 non
3321 4158 3607 4215 canducit.

2018 4247 2180 4304 Forte
2208 4246 2355 4302 enim
2388 4261 2488 4302 nec
2531 4261 2627 4316 pro
2667 4260 2732 4301 eo
2765 4261 2830 4302 ac
2862 4247 2993 4302 utile
3043 4258 3149 4312 est,
3201 4249 3451 4319 corporis
3506 4249 3605 4304 illa

2021 4340 2258 4396 sanitate
2286 4346 2533 4392 utentur.
2563 4333 2681 4392 Non
2712 4344 2909 4395 tamen
2929 4337 3078 4393 inani
3113 4348 3315 4394 conatu
3343 4340 3611 4409 nulloque

2021 4431 2206 4487 fructu
2238 4438 2648 4515 sacramentum
2673 4431 3025 4501 suscipiunt;
3055 4431 3270 4486 tametsi
3302 4430 3617 4501 corporalis

306 4530 457 4597 πρὸς
479 4529 551 4582 τδ
579 4522 885 4599 συμφέρον.
911 4528 989 4581 Οὐ
1024 4526 1213 4597 μέντοι
1235 4525 1531 4595 ἀνωφελῶς
1574 4525 1738 4580 πάλιν
1760 4525 1904 4579 τοῦτι

2024 4524 2229 4581 sanitas
2260 4538 2364 4577 non
2395 4534 2681 4593 sequatur.
2712 4523 2877 4579 Juvat
2905 4523 3052 4579 enim
3096 4523 3405 4577 secundum
3436 4521 3614 4575 alium

303 4620 732 4689 λαμϐάνουσιν,
769 4621 818 4673 εί
852 4619 949 4675 καὶ
996 4620 1073 4691 μὴ
1107 4621 1141 4689 ἡ
1174 4618 1467 4689 σωματικὴ
1492 4618 1763 4691 θεραπεία
1792 4620 1904 4673 duco:

2028 4613 2272 4669 modum.
2290 4612 2605 4683 lncurporei
2640 4630 2873 4685 namque
2899 4614 3073 4669 morbi
3099 4612 3370 4685 (pronitas
3397 4612 3612 4666 scilicet

314 4711 612 4783 λουθήσει.
656 4711 872 4782 ὀφελεῐ
911 4711 1023 4781 γὰρ
1052 4710 1175 4764 κατ’
1204 4710 1365 4763 ἄλλον
1414 4711 1635 4782 τρόπον.
1677 4710 1767 4773 El;
1819 4709 1921 4778 μὲν

325 4805 443 4873 γὰρ
492 4806 598 4861 τὰς
649 4803 983 4874 ἀσωμάτους
1021 4802 1236 4868 νόσους,
1271 4802 1479 4866 αἳτινες
1524 4804 1667 4856 εἰσιν
1700 4802 1923 4855 εὐκολία

331 4897 477 4964 προς
527 4898 591 4952 τδ
640 4898 831 4966 κακὰν,
883 4897 1114 4971 ἀμέλεια
1151 4896 1289 4967 πρὸς
1327 4894 1390 4950 τὸ
1423 4894 1649 4968 ἀγαθὸν,
1685 4893 1777 4953 διὰ
1824 4894 1926 4964 τῆς

415 5057 459 5087 ⁸³
485 5060 606 5115 Jac.
643 5074 695 5127 ν,
714 5057 805 5113 14.

420 5218 535 5286 (79)
589 5212 1048 5286 Πνευματικοὺς
1076 5211 1325 5286 ἄνδρας.
1369 5210 1461 5286 Sic
1496 5211 1674 5267 Graeci
1705 5224 1803 5266 eos
1832 5223 1927 5265 vo-

345 5282 495 5352 cant,
519 5282 619 5357 'qui
653 5282 766 5357 illis
800 5284 1038 5357 asacris
1064 5282 1505 5357 confessionibus
1540 5292 1689 5357 sunt,
1725 5290 1779 5335 et
1805 5294 1925 5357 pm-

350 5350 597 5414 niteutiis
623 5355 899 5427 praefecti;
946 5352 1192 5427 plerique
1225 5352 1335 5427 illis
1367 5352 1621 5407 monachi
1654 5350 1919 5427 sacerdo-

348 5427 427 5481 tio
473 5420 773 5498 fulgentes,
813 5420 963 5496 quos
992 5420 1382 5498 ίερομονάχους
1409 5431 1635 5498 vocant.
1672 5420 1786 5477 Nec
1813 5420 1927 5475 lere

344 5498 512 5552 aliter
542 5489 709 5569 quam
744 5489 813 5551 ει
833 5489 1122 5569 canonum
1148 5489 1332 5569 rigore
1362 5489 1615 5569 iudicant
1636 5508 1657 5569 _;
1686 5505 1925 5562 quorum

343 5561 596 5624 codicem
618 5569 677 5622 in
701 5574 960 5637 promptu
992 5561 1217 5629 habent,
1239 5561 1374 5637 dum
1413 5561 1790 5637 confessiones
1823 5576 1923 5615 au-

344 5641 538 5701 diunt,
566 5647 627 5693 ut
676 5631 745 5692 εὶ
791 5631 900 5706 ιιιά
936 5649 1148 5706 pronas,
1194 5633 1266 5688 τὰ
1298 5632 1572 5706 ἐπιτίμια,
1602 5631 1924 5706 decernant.

346 5706 446 5764 Sic
476 5725 547 5765 ex
579 5707 691 5764 illis
719 5705 904 5763 audivi
934 5702 1028 5775 qui
1071 5702 1505 5775 Gracorumpsi
1551 5702 1927 5775 lamiliaritatc

341 5788 489 5838 sunt
531 5779 676 5852 apud
707 5792 808 5835 eos
852 5771 1009 5834 missi
1054 5774 1361 5846 apostolici.
1392 5771 1573 5846 thue
1623 5783 1811 5830 sancta
1861 5771 1933 5828 sit

2026 4706 2095 4762 ad
2123 4704 2349 4771 malum,
2382 4705 2622 4776 bonique
2666 4707 2965 4778 praestandi
3000 4707 3306 4779 neglectus)
3338 4704 3612 4775 ptcnitcn~

2032 4795 2121 4851 tia:
2166 4792 2548 4862 medicamine,
2583 4796 2661 4851 uti
2696 4797 2957 4875 diximus,
2996 4797 3237 4853 curanda
3272 4804 3424 4853 sunt.
3470 4794 3611 4860 Quia

2037 4899 2220 4947 tamen
2256 4886 2456 4955 homo,
2484 4904 2591 4961 qua
2625 4890 2708 4948 vel
2740 4890 2954 4948 laborat
2997 4890 3248 4961 segnitie,
3286 4889 3366 4944 vet
3412 4886 3623 4958 quibus

2027 5211 2143 5284 haac
2174 5210 2490 5284 disciplina,
2522 5210 2711 5284 plures
2740 5216 2922 5284 tamen
2972 5205 3026 5261 in
3060 5203 3621 5284 barathrum“uitulina3

2023 5281 2151 5335 dum
2210 5274 2422 5336 malunt
2451 5274 2679 5335 vulnera
2737 5278 2939 5343 celare,
2982 5290 3148 5347 quam
3207 5274 3503 5347 austeriori
3537 5274 3629 5328 illi

2023 5351 2331 5427 disciplina;
2362 5344 3032 5427 subiacere._Lat_inorum
3071 5346 3237 5427 longe;
3259 5344 3468 5427 mitior.
3497 5359 3617 5427 qua

2027 5419 2142 5476 fere
2170 5415 2354 5476 orantia
2383 5415 2710 5477 confessarii
2742 5419 2975 5472 arbitrio
3019 5415 3459 5486 permittuntur;
3496 5415 3627 5486 ipso

2025 5500 2208 5567 tamen
2260 5506 2369 5545 non
2423 5492 2650 5567 omnino
2698 5490 2893 5567 libero,
2942 5484 3365 5567 s_ed_a2quitatis
3404 5484 3621 5567 legibus

2034 5562 2291 5628 astricto,
2322 5577 2420 5630 pro
2447 5561 2658 5617 scilicet
2690 5559 2927 5630 ratione,
2971 5558 3256 5630 ipsiusque
3299 5558 3627 5630 pmnitentis

2037 5626 2303 5686 facultate
2322 5626 2385 5687 ac
2422 5631 2584 5686 modo
2612 5649 2625 5685 :
2658 5645 2745 5695 ne,
2773 5629 2918 5698 quod
2951 5626 3144 5682 salutis
3178 5626 3482 5681 remedium
3508 5634 3616 5692 cst,

2038 5718 2150 5774 pra:
2182 5703 2421 5758 humana
2453 5702 2743 5773 iragilitatc
2766 5702 2860 5755 tiat
2891 5701 3064 5755 ruina:
3094 5699 3337 5755 occasio.
