3916 6204
403 375 509 442 6οἹ

1646 368 1702 427 Μ
1718 363 2041 428 kNUELIS
2079 364 2409 432 CALECE.‘

3520 371 3610 439 608

406 490 591 548 sa‘cnli
657 490 824 546 variis
881 490 1029 546 curis
1080 488 1440 561 distrahitur,
1500 502 1636 557 quas
1690 486 1933 543 dicebam
1966 534 1981 561 ,

2101 484 2407 554 μετανοίας,
2438 484 2513 548 ὡς
2560 485 2811 555 εἴπομεν,
2862 484 2941 538 δεῖ
2978 484 3294 556 θεραπεύειν
3318 502 3331 519 θ
3365 485 3475 540 ἐπεὶ
3520 490 3611 544 δὲὸ

406 583 779 654 mgritudines,
809 583 865 636 in
898 582 1081 652 seipso
1130 581 1366 652 perfecte
1400 597 1507 636 non
1550 589 1748 647 sanat,
1785 577 1982 634 Sacra-

409 686 650 729 mentum
685 674 789 728 hoc
832 673 898 727 ad
950 673 1186 735 salutem
1236 673 1443 727 homini
1485 671 1672 728 datum
1707 678 1824 735 est;
1879 681 1988 738 quo

408 765 665 819 nimirum
708 765 825 834 ejus
857 762 1214 834 susceptione
1246 762 1297 817 id
1342 763 1568 835 impleat
1589 801 1605 827 ,
1635 762 1782 833 quod
1816 762 1883 816 ad
1921 760 1988 814 il-

408 857 513 911 lius
546 856 849 911 curationis
876 895 891 922 ,
940 872 1106 926 quam
1152 864 1373 927 praestat
1425 856 1770 925 pmnitentia,
1812 855 1991 925 perfe-

408 947 643 1001 ctionem
680 945 1115 1012 desiderabatur,
1151 947 1379 1018 ejusque
1422 944 1794 1003 damnationis
1836 956 1990 1004 reatu

408 1038 692 1100 liberetur,
726 1038 814 1091 cui
849 1038 1053 1093 idcirco
1092 1039 1367 1093 obnoxius
1405 1047 1524 1102 est,
1557 1038 1683 1107 quia
1717 1040 1991 1109 paeniten-

412 1130 498 1183 tiae
526 1145 792 1183 canunem
838 1144 948 1184 non
980 1130 1227 1200 peregit;
1266 1138 1324 1183 ut
1371 1130 1584 1185 scilicet
1633 1130 1771 1184 nihil
1822 1131 1877 1185 in
1923 1145 1992 1186 eo

410 1222 687 1277 residuum
715 1222 806 1285 sit,
829 1237 936 1291 quo
961 1222 1181 1305 animus
1203 1222 1474 1278 etcedens
1499 1221 1735 1277 futuram
1762 1222 1991 1293 gloriam

411 1317 671 1384 consequi
707 1300 1057 1385 impediatur.
1130 1300 1137 1305 ’
1298 1310 1301 1311 ⁷

485 1495 752 1548 Praeterea
781 1493 1048 1563 contingit
1067 1510 1167 1551 nec
1194 1496 1527 1561 meminisse,
1552 1512 1651 1551 nec
1680 1512 1807 1553 vero
1834 1512 1996 1553 nosse

414 1599 536 1653 quat
553 1584 677 1653 quis
709 1584 1190 1639 commisitomnia
1229 1596 1473 1654 peccata,
1506 1596 1556 1640 ut
1591 1602 1687 1655 per
1718 1587 1994 1658 paeniten-

416 1676 545 1729 tiam
582 1675 669 1728 illa
708 1675 891 1729 delere
926 1675 1121 1744 possit.
1165 1675 1305 1740 Quin
1338 1686 1391 1730 et
1419 1676 1736 1746 quotidiana
1773 1686 1997 1747 peccata

418 1777 567 1828 sunt,
588 1766 706 1820 sine
737 1767 935 1835 quibus
953 1767 1068 1820 ﬁeri
1101 1784 1209 1820 non
1242 1776 1417 1837 potest
1451 1777 1508 1822 ut
1533 1769 1641 1822 vita
1676 1769 1794 1824 hanc
1823 1780 1996 1825 trans-

417 1854 596 1924 igatur
632 1870 644 1905 :
693 1854 890 1923 quibus
929 1855 1187 1909 omnibus
1224 1857 1527 1909 necessario
1550 1872 1648 1925 per
1674 1855 1778 1911 hoc
1812 1871 1993 1911 sacra-

416 1956 652 1999 mcntum
684 1946 1037 2001 emundatur.
1063 1946 1216 2002 Unde
1242 1958 1297 2001 et
1325 1948 1472 2001 addit
1504 1967 1517 2003 :
1552 1967 1571 1999 ‹
1610 1950 1675 2003 Et
1708 1952 1752 2004 si
1789 1950 1843 2003 in
1871 1965 1996 2019 pec-

414 2039 555 2092 catis
603 2036 800 2102 t'uerit,
854 2038 1200 2093 dimittentur
1244 2039 1315 2094 ei.
1354 2058 1372 2092 ι
1410 2039 1565 2095 Unde
1599 2039 1771 2111 liquet
1805 2056 1995 2097 sacra-

408 2137 659 2187 mentum
695 2129 801 2184 hoc
832 2139 1136 2184 extremum
1170 2145 1312 2197 esse,
1345 2132 1489 2186 velut
1532 2133 1739 2189 scilicet
1776 2134 1997 2204 spirita-

417 2223 481 2277 lis
513 2224 695 2279 omnis
743 2225 1051 2281 sanationis
1103 2226 1477 2296 signaculum;
1514 2243 1749 2299 esseque
1782 2228 1869 2283 his
1902 2228 1993 2300 qui

355 2315 363 2322 ’
416 2318 608 2372 morbo
638 2317 883 2372 laborant
910 2319 1312 2386 adhibendum;
1347 2335 1411 2375 ac
1441 2322 1716 2391 praecipue
1742 2321 1871 2387 illis,
1901 2322 1995 2391 qui

413 2424 538 2464 enm
566 2450 581 2475 ,
623 2410 779 2479 cujus
815 2410 892 2464 rei
930 2420 1085 2464 erant
1112 2452 1125 2474 .
1161 2426 1426 2465 canonem
1463 2427 1568 2466 non
1618 2411 1994 2478 expleverunt.

417 2500 660 2570 Esseque
703 2501 837 2556 adeo
874 2501 1072 2556 iterum
1105 2502 1211 2557 illis
1245 2502 1639 2569 adhibendum,
1675 2502 1722 2558 si
1754 2502 1808 2555 in
1841 2516 1993 2561 eam-

416 2591 537 2645 dem
571 2593 949 2648 necessitatem
985 2595 1325 2650 devenerint.
1359 2593 1507 2649 Nihil
1536 2596 1681 2651 enim
1715 2602 1885 2659 vetat,
1924 2600 1997 2651 ob

357 2702 369 2712 -
420 2690 627 2737 natura:
658 2682 1027 2737 infirmitatem
1051 2724 1066 2744 ,
1097 2684 1228 2751 quin
1267 2683 1429 2739 homo
1463 2686 1515 2738 in
1562 2684 1751 2740 eadem
1802 2684 1999 2741 delicta

420 2775 729 2840 relabatur;
783 2785 840 2830 ut
890 2785 943 2830 et
995 2776 1194 2845 saepius
1226 2776 1416 2831 eodem
1466 2776 1769 2833 curationis
1799 2790 2000 2847 genere

417 2866 656 2938 indigeat
694 2884 706 2920 :
747 2868 821 2921 uti
864 2868 1026 2923 etiam
1064 2866 1333 2938 contingit
1364 2868 1419 2922 in
1447 2867 1556 2922 vita
1587 2869 1854 2938 corporali
1884 2909 1900 2934 ,
1936 2869 1990 2923 in

415 2975 523 3028 qua
556 2959 755 3014 eaedem
795 2959 1047 3014 accidunt
1076 2959 1447 3030 aegritudines,
1478 2960 1778 3032 eademque
1806 2977 2001 3019 rursus

415 3053 525 3107 illis
554 3054 809 3108 curandis
840 3052 1147 3108 adhibenda
1179 3052 1417 3108 remedia
1451 3060 1596 3108 sunt.

490 3319 731 3385 Rursus,
767 3321 894 3391 quia
941 3322 1242 3392 corporalis
1283 3322 1411 3377 vitae
1455 3331 1729 3392 auctores,
1771 3326 2004 3396 ejusque

417 3413 764 3468 ordinatorcs
807 3428 903 3468 seu
943 3423 1205 3479 rectores,
1257 3414 1476 3470 duobus
1527 3416 1707 3471 modis
1752 3419 2004 3473 conside-

418 3514 639 3571 rantur;
675 3505 757 3558 vel
795 3506 1003 3560 scilicet
1052 3506 1354 3561 secundum
1408 3517 1621 3563 natura:
1676 3508 2003 3566 fmcundita-

419 3609 550 3662 tem,
586 3599 730 3667 quod
765 3607 975 3666 Spectat
1005 3598 1070 3653 ad
1116 3610 1409 3669 parentes;
1443 3612 1536 3655 aut
1571 3602 1872 3656 secundum
1908 3616 2005 3671 po-

418 3691 626 3745 liticum
663 3691 904 3762 regimen
940 3708 1004 3746 ac
1035 3694 1400 3763 principatum
1427 3732 1443 3758 ,
1484 3694 1550 3747 ad
1582 3696 1705 3748 vita:
1738 3695 2005 3764 tranquil-

420 3783 621 3837 litatem
655 3800 951 3853 pacemque
982 3786 1436 3848 conservandam,
1470 3785 1615 3854 quod
1652 3800 1842 3856 regum
1881 3802 2001 3839 mu-

420 3878 566 3931 neris
609 3888 693 3931 est
723 3890 784 3929 ac
823 3877 1238 3947 magistratuum
1274 3894 1286 3931 :
1324 3876 1405 3931 sic
1437 3891 1656 3947 quoque
1691 3877 1744 3931 in
1775 3876 2003 3946 spiritali

419 3969 550 4029 vita,
591 3978 716 4021 sunt
771 3969 861 4037 qui
917 3968 1337 4022 subministrent
1363 3967 1449 4037 {ac
1489 3968 1805 4023 custodiant
1846 3970 2011 4039 spiri-

420 4060 581 4113 talem
615 4060 781 4112 vitam
810 4078 824 4125 ;
875 4060 1035 4127 idque
1077 4060 1151 4111 illi
1202 4060 1433 4128 spiritali
1464 4059 1731 4114 duntaxat
1765 4063 2009 4118 ministe-

422 4153 503 4205 rio
530 4160 812 4219 prmstaut,
846 4152 989 4221 quod
1020 4160 1228 4221 spectat
1251 4152 1315 4204 ad
1342 4150 1549 4205 ordinis
1580 4163 2006 4220 sacramentum;

422 4251 657 4311 suntque
688 4242 822 4294 adeo
845 4240 935 4309 qui
966 4250 1022 4295 et
1054 4240 1354 4308 apiritalem
1388 4239 1550 4294 simul
1581 4251 1635 4297 et
1658 4244 2005 4312 corporalem

423 4332 587 4385 vitam
633 4330 961 4396 conferant,
1013 4332 1153 4401 quod
1190 4332 1279 4385 illo
1317 4341 1661 4388 sacramento
1695 4344 2007 4403 pra‘statur,

422 4438 532 4492 quo
568 4425 648 4476 vir
681 4439 924 4494 uxorque
971 4426 1301 4479 conveniunt
1353 4435 1412 4480 ut
1460 4425 1663 4495 prolem
1721 4426 1997 4496 gignant,

424 4514 785 4583 religiosaque
815 4515 1006 4583 pietate
1035 4530 1097 4569 ac
1132 4515 1222 4569 Dei
1252 4515 1396 4570 cultu
1441 4516 1743 4570 cnutriant.
1778 4516 1996 4589 Alioqui

422 4605 564 4659 enim
606 4608 793 4671 nequit
827 4606 941 4659 ﬁeri
986 4616 1043 4660 ut
1090 4606 1391 4660 humanum
1425 4621 1621 4675 genus,
1656 4607 1783 4661 dum
1820 4624 2004 4664 rerum

425 4698 538 4751 ha‘c
574 4700 907 4753 univcrs'tlas
934 4698 998 4753 ad
1037 4710 1344 4754 extremum
1404 4699 1749 4766 immutetnr,
1789 4716 2005 4769 perma-

425 4804 567 4845 ncat.
608 4791 761 4858 Quod
796 4794 922 4846 item
969 4794 1167 4862 nuptiae
1196 4793 1329 4861 nihil
1362 4796 1716 4864 turpitudinis
1747 4798 2000 4867 habeant;

422 4901 731 4955 quanquam
754 4886 897 4938 enim
923 4885 1203 4954 virginitas
1229 4884 1463 4939 nobilior
1486 4897 1590 4950 est,
1616 4888 1755 4941 haud
1778 4891 2005 4959 proinde

419 4976 784 5031 exsecrabiles
830 4975 1031 5045 nuptia:
1070 4975 1313 5044 nihilque
1358 4974 1711 5032 honorabiles
1743 4980 1811 5033 θ’.
1848 4979 2003 5037 Unde

419 5077 476 5121 et
506 5067 758 5122 Christus
798 5081 895 5121 sua
920 5082 1011 5120 cas
1035 5067 1319 5135 praesentia
1354 5067 1645 5123 honoravit
1680 5071 1731 5135 in
1755 5071 1905 5128 Cana
1931 5074 1997 5129 ⁷⁸.

338 5184 341 5189 λ
423 5160 500 5213 Ex
532 5159 742 5213 ratione
784 5168 961 5212 tamen
987 5172 1109 5211 cum
1136 5157 1257 5212 aliis
1288 5158 1544 5212 utendum
1574 5175 1999 5231 sacramentum,

392 5250 395 5256 ’
423 5263 537 5307 tum
575 5254 701 5309 isto.
732 5255 787 5309 Si
819 5254 966 5310 enim
1005 5252 1088 5308 vel
1118 5253 1169 5306 in
1210 5253 1314 5308 hoc
1344 5254 1428 5308 vel
1464 5255 1517 5307 in
1550 5255 1780 5324 reliquis
1803 5295 1817 5317 ,
1853 5258 1997 5328 quod

421 5346 492 5399 sit
520 5360 584 5399 ex
620 5346 828 5400 ratione
861 5345 1076 5399 deliciat
1103 5386 1118 5412 ,
1155 5344 1355 5398 nedum
1388 5345 1588 5398 nullam
1626 5345 1859 5402 aderunt
1893 5350 1998 5405 uti-

421 5434 652 5500 litatem,
686 5452 873 5491 verum
905 5439 1070 5493 etiam
1116 5439 1296 5493 alieno
1340 5453 1368 5492 a
1419 5439 1630 5494 ratione
1683 5457 1785 5498 usu
1830 5443 1999 5513 pluri-

422 5545 567 5582 tnum
604 5532 763 5586 nobis
793 5533 1050 5587 damnum
1095 5543 1305 5589 creant.

495 5622 568 5677 De
599 5612 705 5678 illis
739 5626 922 5697 itaque
956 5629 1341 5693 sacramentis,
1375 5645 1493 5700 quae
1523 5629 1679 5686 nobis
1713 5628 1836 5685 data
1872 5638 2001 5686 sunt

503 5803 549 5834 ⁶⁹
593 5802 754 5859 llebr.
816 5822 934 5870 λιιι,
977 5806 1030 5860 ά.
1109 5810 1152 5841 ⁷ο
1197 5808 1354 5868 Joan.
1394 5828 1455 5872 tl.
1496 5815 1544 5869 ι.

2090 575 2377 646 ἄνθρωπος
2408 577 2441 646 ἢ
2480 576 2882 649 διάηρᾳθυμίαν
2913 576 2945 646 ἢ
2978 575 3066 629 διὰ
3097 577 3220 640 τοὺς
3259 576 3511 641 ποικίλους
3534 576 3610 632 τοῦ

2092 661 2211 731 βίου
2236 663 2656 733 περισπασμοὺς
2680 664 2741 717 ού
2771 663 2992 727 τελείως
3013 663 3303 735 θεραπεύει
3328 667 3419 729 τὰς
3458 684 3614 734 προει-

2095 754 2336 823 ρημένας
2369 757 2427 808 ὲν
2478 754 2629 826 αὐτῷ
2655 757 2995 828 ἀρρωστίας,
3030 757 3120 810 ἐπὶ
3170 758 3404 829 σωτηρίᾳ
3443 758 3498 811 τὸ
3530 777 3613 825 μυο

2052 884 2058 897 .
2094 845 2316 914 στήριον
2346 846 2506 901 τοῦτο
2537 848 2615 917 τῷ
2646 848 2920 920 ἀνθρώπῳ
2965 849 3190 912 δέδοται,
3230 848 3364 902 ὥστε
3407 850 3617 920 ἀναπληο

2095 936 2325 1007 ροῦσθαι
2352 938 2440 993 διὰ
2469 939 2662 994 τούτου
2690 940 2751 993 τὸ
2771 941 2967 1004 ἀτελὲς
2991 940 3090 1008 τῆς
3109 940 3397 1009 θεραπείας
3414 942 3614 1010 ἐκείνης,

2091 1029 2126 1102 ἥ
2187 1030 2277 1085 διὰ
2325 1032 2615 1101 μετανοίας
2670 1032 2901 1101 ἐγίνετο,
2956 1032 3050 1086 καὶ
3107 1030 3504 1100 ὲλευθεροῦσθαι
3538 1034 3620 1099 τῆς

2092 1120 2395 1192 καταδίκης
2429 1123 2527 1193 τῆς
2554 1123 2917 1192 ὀφειλομένης
2940 1122 3111 1193 αὐτῷ.
3140 1122 3221 1175 ὃτι
3244 1120 3341 1173 οὐκ
3373 1122 3616 1174 ἐτελείωσε

2092 1212 2186 1265 τὸν
2214 1211 2314 1281 τῆς
2347 1214 2637 1279 μετανοίας
2667 1212 2889 1268 κανόνα·
2936 1213 3027 1266 ἵνα
3061 1212 3226 1281 μηδὲν
3259 1212 3314 1263 ὲν
3346 1210 3480 1285 αὐτῷ
3508 1212 3621 1264 ἁπο-

2092 1303 2284 1375 λειφθῇ
2330 1303 2631 1376 δυνάμενον
2667 1308 2726 1360 ὲν
2747 1307 2813 1376 τῇ
2843 1305 3009 1374 ἐξόδῳ
3037 1304 3139 1372 τῆς
3168 1290 3621 1373 ψυχῆςὲμποδίσαι

2093 1395 2302 1467 ταύτην
2327 1396 2420 1450 τοῦ
2448 1399 2631 1469 τυχεῖν
2659 1397 2761 1467 τῆς
2794 1396 3101 1467 μελλούσης
3134 1395 3311 1465 δόξης.

2166 1490 2241 1542 Οὐ
2296 1488 2403 1559 μὴν
2449 1488 2585 1542 ἀλλά
2633 1491 2728 1543 καὶ
2767 1489 3059 1560 συμδαίνει
3122 1489 3263 1559 μήτε
3306 1486 3626 1559 μνημονεύειν

2099 1582 2235 1651 μήτε
2261 1581 2553 1650 γινώσκειν
2576 1583 2755 1636 πάντα
2784 1582 2885 1635 ὅσα
2911 1580 3121 1651 ἔπραξέ
3151 1598 3238 1645 τις
3268 1581 3623 1649 ἁμαρτήματα,

2098 1672 2239 1726 ὥστε
2283 1672 2541 1727 δύνασθαι
2575 1672 2667 1727 διὰ
2706 1674 2997 1742 μετανοίας
3046 1672 3222 1726 ταῦτα
3270 1671 3627 1739 ὲξᾱλείφεσθαι.

2101 1765 2223 1835 Elei.
2260 1765 2319 1818 δὲ
2350 1765 2443 1818 καί
2474 1783 2597 1818 τινα
2649 1765 2999 1835 καθημερινὰ
3033 1764 3425 1834 ἁμαρτήματα,
3456 1757 3521 1815 ὧν
3546 1780 3632 1830 χιιι-

2101 1834 2183 1925 ρὶς
2211 1854 2311 1908 οὐκ
2363 1853 2483 1908 ἔστι
2520 1853 2614 1906 τὸν
2644 1854 2760 1924 βίον
2788 1852 2981 1908 τοῦτον
3013 1853 3266 1907 διελθεῐνο
3295 1846 3367 1906 ὧν
3388 1852 3580 1905 πάντων
3610 1852 3632 1901 ὁ

2096 1945 2385 2016 ἄνθρωπος
2435 1944 2753 2013 ἀναγκαίως
2806 1946 3137 2016 καθαίρεται
3186 1942 3272 1997 διὰ
3330 1942 3506 1995 τούτου
3556 1941 3631 1995 τοῦ

2100 2038 2431 2109 μυστηρίου.
2470 2038 2559 2091 Διὸ
2598 2038 2694 2091 καὶ
2724 2036 3078 2109 προστίθησι,
3134 2055 3154 2088 ι
3188 2035 3303 2089 Κᾶν
3333 2028 3631 2105 ἁμαρτίαςῇ

2096 2128 2435 2199 πεποιηκὼς,
2492 2127 2828 2200 ἀφεθήσεται
2883 2125 3058 2198 αὐτῷ.
3092 2146 3113 2180 ι
3174 2127 3334 2180 Ὅθεν
3386 2126 3527 2195 δῆλον
3567 2125 3631 2177 ὅτι

2096 2221 2403 2274 τελευταῖόν
2435 2222 2553 2274 ἐστι
2580 2219 2640 2273 τὸ
2667 2221 2970 2291 μυστήριον
2998 2219 3180 2284 τοῦτο,
3195 2218 3377 2289 ὥσπερ
3404 2218 3631 2287 ὲπισφρά-

2098 2327 2274 2380 γισμα
2320 2310 2500 2381 πάσης
2539 2309 2638 2378 τῆς
2694 2309 3081 2380 πνευματικῆς
3138 2309 3407 2379 ἰατρείας·
3462 2308 3543 2360 καὶ
3566 2309 3632 2363 ὅτι

2098 2405 2209 2467 τοῖς
2242 2402 2530 2457 ἀσθενοῦσι
2561 2404 2864 2474 προσάγειν
2907 2403 3007 2456 δείο
3045 2406 3145 2456 καὶ
3195 2404 3388 2472 μᾶλλον
3418 2400 3631 2463 ἐκείνοις,

2100 2492 2149 2546 οἳ
2200 2493 2265 2547 δι’
2301 2492 2590 2547 ἀσθένειαν
2621 2492 2724 2546 ούκ
2753 2490 3149 2562 ἐξεπλήρωσαν
3193 2492 3281 2545 τὸν
3329 2491 3635 2560 ὀφειλόμενον

2100 2583 2281 2649 αύτοϊς
2319 2584 2520 2640 κανόνα
2544 2598 2561 2616 °
2599 2585 2693 2638 καὶ
2716 2584 2800 2637 ὅτι
2828 2584 2942 2647 τοῖς
2972 2583 3161 2647 αὐτοῖς
3190 2584 3347 2639 πάλιν
3364 2584 3437 2637 δεῖ
3462 2582 3637 2653 προσά-

2100 2695 2244 2749 γειν,
2279 2678 2328 2733 τί
2356 2679 2495 2748 πρὸς
2527 2678 2628 2750 τὴν
2666 2677 2864 2749 ὁμοίαν
2895 2677 3106 2732 ἔλθοιεν
3144 2678 3406 2749 ἀνάγκην.
3442 2676 3639 2730 Δύναται

2101 2770 2212 2841 γὰρ
2273 2773 2302 2824 δ
2353 2770 2648 2841 ἄνθρωπος
2701 2770 2819 2834 τοῖς
2876 2771 3064 2834 αὐτοῖς
3133 2770 3292 2825 πάλιν
3366 2769 3639 2840 ἀτοπήμασι

2102 2863 2464 2935 περιπίπτειν
2510 2863 2600 2916 διὰ
2632 2862 2733 2933 τὴν
2764 2862 2866 2933 τῆς
2915 2861 3139 2931 φύσεως
3194 2862 3496 2916 ἀσθένειαν·
3525 2859 3639 2913 ὥστε

2105 2956 2200 3009 καὶ
2231 2955 2492 3016 πολλάκις
2531 2954 2609 3025 τῷ
2640 2951 2791 3023 αὐτῷ
2836 2951 3027 3023 τρόπῳ
3068 2954 3172 3023 τῆς
3220 2951 3501 3024 θεραπείας
3530 2947 3641 3019 χρῆ-

2106 3049 2250 3099 σθαι·
2285 3046 2536 3116 καθάπερ
2596 3046 2692 3097 καὶ
2746 3045 2805 3097 ὲν
2837 3047 2901 3113 τῇ
2946 3047 3242 3115 σωματικῇ
3293 3044 3400 3113 ζωῇ
3437 3042 3497 3095 τὰ
3527 3037 3641 3091 αὐτὰ

2030 3145 2074 3202 (ι
2105 3138 2513 3209 ἀρρωστήματα
2570 3135 2880 3206 συμσαίνει,
2933 3136 3028 3190 καὶ
3078 3136 3246 3191 πάλιν
3296 3136 3403 3199 τοῖς
3462 3133 3636 3204 ὁμοίοις

2106 3230 2503 3303 θεραπεύονται
2535 3231 2878 3299 φαρμάκοις.

2181 3330 2347 3383 Πάλιν
2373 3329 2499 3382 ἐπεὶ
2537 3328 2587 3380 oi
2622 3328 2852 3398 χορηγοὶ
2882 3330 2980 3382 καὶ
3007 3334 3263 3383 τακτικοὶ
3300 3328 3397 3398 τῆς
3439 3339 3645 3395 σωματι-

2110 3424 2210 3492 κῆς
2239 3422 2385 3490 ζωῆς
2406 3421 2571 3491 διχῶς
2599 3420 2959 3491 θεωροῦν-ταν
2985 3422 3295 3487 τουτέστιν,
3334 3421 3365 3491 ῆ
3409 3419 3535 3472 κατὰ
3566 3416 3645 3482 τὴν

2106 3515 2203 3584 τῆς
2237 3513 2454 3583 φύσεως
2487 3514 2850 3584 γονιμότητα,
2905 3514 3044 3583 ὅπερ
3101 3514 3224 3568 ἐστὶ
3252 3514 3360 3567 τῶν
3383 3512 3584 3581 γονέων,
3617 3508 3644 3575 ἢ

2107 3606 2251 3660 κατά
2289 3606 2389 3676 τὴν
2423 3605 2709 3676 πολιτικὴν
2741 3607 2941 3676 ἀρχὴν,
2996 3605 3065 3660 δι’
3099 3601 3168 3678 ἧς
3200 3607 3260 3659 τὸ
3288 3604 3542 3676 εἰρηνικὸν
3566 3602 3646 3667 τῆς

2110 3701 2257 3768 ζωῆς
2294 3702 2666 3771 συντηρεῖται,
2698 3700 2835 3769 ὅπερ
2883 3700 2998 3762 τοῖς
3038 3699 3321 3769 βασιλεῦσι
3353 3697 3440 3751 καὶ
3469 3696 3642 3763 ἀρχου-

2111 3811 2195 3846 σιν
2227 3792 2442 3862 ἀνήκει·
2476 3789 2620 3845 οὕτω
2656 3791 2752 3844 καὶ
2792 3791 2850 3843 ὲν
2885 3794 2950 3861 τῇ
2987 3793 3341 3863 πνευματικῇ
3390 3787 3515 3855 ζωῇ,
3558 3784 3647 3838 εἰσὶ

2113 3884 2212 3955 μὲν
2242 3882 2476 3954 χορηγοὶ
2504 3884 2599 3936 καὶ
2624 3880 2948 3952 φυλακτικοὶ
2980 3880 3080 3950 τῆς
3114 3880 3484 3952 πνευματικῆς
3526 3872 3646 3939 ζωῆς

2112 3973 2254 4029 κατὰ
2301 3974 2399 4043 τὴν
2435 3973 2816 4044 πνευματικὴν
2843 3972 3126 4026 διακονίαν
3181 3974 3360 4042 μόνον.
3388 3970 3513 4038 ὅπερ
3551 3962 3664 4015 ἐστὶ.

2110 4062 2203 4117 τοῦ
2240 4064 2547 4134 μυστηρίου
2587 4063 2698 4117 τῶν
2742 4061 2987 4127 τάξεωνο
3031 4064 3130 4117 καὶ
3189 4062 3468 4132 θεωρεῖται
3516 4053 3644 4107 τοῦτ(

2113 4157 2170 4209 ὲν
2209 4157 2319 4219 τοῖς
2350 4155 2667 4227 ἀρχιερεῦσι
2700 4155 2795 4209 καὶ
2849 4156 2963 4218 τοῖς
3015 4154 3203 4218 ἄλλοις
3231 4154 3523 4221 οἰκονόμοις
3566 4146 3645 4213 τῆς

2110 4251 2493 4319 πνευματικῆς
2526 4248 2824 4307 πολιτείας·
2852 4248 2960 4302 είσὶ
2986 4247 3044 4300 δὲ
3091 4248 3190 4301 καὶ
3221 4248 3361 4301 κατά
3391 4246 3481 4315 τὴν
3506 4255 3645 4293 πνενο

2115 4340 2354 4412 ματικὴν
2380 4340 2528 4411 ζωὴν
2579 4340 2720 4412 ὁμοῦ
2756 4341 2852 4394 καὶ
2902 4342 3245 4412 σωματικήν·
3278 4340 3306 4393 δ
3356 4340 3551 4407 γίνεται
3577 4328 3647 4383 se

2111 4433 2207 4488 τοῦ
2243 4433 2570 4505 μυστηρίου,
2626 4432 2754 4488 καθ’
2799 4432 2827 4487 ὅ
2877 4433 3240 4503 συνέρχονται
3268 4433 3297 4485 ό
3344 4430 3476 4499 ἀνὴρ
3517 4420 3645 4477 καὶὴ

2110 4525 2269 4595 γυνὴ,
2295 4523 2441 4578 ὥστε
2471 4523 2729 4595 γεννῆσαι
2755 4522 2948 4577 τέκνον
2978 4523 3074 4575 καὶ
3120 4520 3425 4591 ἀναθρέψαι
3471 4518 3542 4577 εἰς
3569 4510 3642 4580 ﬁll

2109 4615 2201 4669 τοῦ
2226 4615 2361 4671 Θεοῦ
2385 4616 2663 4685 λατρείαν.
2699 4614 2907 4674 uno:
2956 4615 3064 4684 γὰρ
3097 4614 3200 4667 οὐκ
3253 4614 3367 4665 ἔστι
3403 4605 3646 4676 διαμένειν

2106 4708 2168 4761 τὸ
2196 4702 2538 4780 ἀνθρώπινον
2571 4709 2729 4774 γένος
2774 4708 2939 4777 μέχρι
2983 4708 3081 4774 τῆς
3112 4706 3210 4760 τοῦ
3247 4703 3441 4765 παντὸς
3486 4698 3569 4752 ἐπὶ
3600 4692 3646 4746 τὺ

2107 4800 2334 4869 ἔσχατον
2356 4799 2715 4864 ἀλλοιώσεως·
2739 4800 2834 4853 καὶ
2854 4801 2937 4853 ὃτι
2957 4800 3131 4868 γάμος
3154 4798 3254 4851 οὐκ
3276 4795 3417 4848 ἔστιν
3433 4786 3645 4858 αἰσχρόν·

2106 4890 2166 4943 ού
2198 4890 2308 4961 γὰρ
2357 4891 2427 4943 εἰν
2462 4892 2496 4962 ἡ
2525 4888 2795 4960 παρθενία
2849 4886 3204 4957 τιμιώτερον,
3260 4880 3534 4954 βδελυκτδν
3569 4873 3644 4925 10-"

2104 4983 2306 5051 ἄτιμον
2338 4981 2399 5035 τὸ
2431 4982 2524 5035 τοῦ
2549 4982 2753 5051 γάμου.
2781 4981 2873 5033 Διδ
2908 4982 3005 5032 καὶ
3044 4978 3071 5030 ὁ
3112 4977 3344 5048 Χριστὸς
3374 4971 3524 5026 αὑτὸν
3554 4966 3643 5018 ἐτί-

2109 5090 2281 5145 μησεν
2336 5074 2394 5128 ὲν
2428 5075 2584 5144 Κανᾷ
2628 5074 2694 5141 τῇ
2745 5070 2944 5124 ἑαυτοῦ
2988 5067 3285 5140 παρουσίᾳ.
3348 5066 3485 5133 Πλὴν
3526 5055 3643 5111 κατὰ

2104 5165 2265 5234 λόγον
2293 5165 2376 5219 δεῖ
2404 5165 2499 5218 καὶ
2526 5166 2640 5227 τοῖς
2670 5163 2851 5225 ἄλλοις
2878 5164 2972 5217 καὶ
3003 5162 3177 5230 τούτῳ
3204 5157 3455 5243 χρῆσθαι.
3480 5154 3534 5247 Εἰ
3557 5149 3642 5247 γάρ

2102 5257 2165 5311 τὸ
2205 5256 2350 5310 κατά
2379 5257 2535 5326 λόγον
2564 5255 2761 5313 ἄπεστι
2798 5253 2894 5308 καὶ
2925 5256 3018 5307 ἐπὶ
3066 5256 3259 5307 τούτου
3294 5249 3387 5304 καὶ
3428 5245 3512 5299 ἐπὶ
3557 5245 3643 5290 τώ»

2109 5348 2287 5402 ἄλλων
2316 5347 2655 5417 μυστηρίων,
2686 5346 2747 5399 ού
2776 5346 2939 5415 μόνον
2964 5346 3116 5400 οὐδὲν
3140 5338 3508 5412 ὠφελούμεθα,
3530 5327 3643 5387 ἀλλᾶ

2109 5440 2205 5493 καὶ
2238 5439 2591 5510 βλαπόμεθα
2616 5439 2746 5507 παρ’
2776 5438 2956 5491 αὐτῶν
2981 5437 3071 5490 διὰ
3097 5435 3197 5507 τὴν
3244 5434 3435 5500 ἄλογον
3473 5425 3643 5496 χρῆσιν

2107 5536 2288 5610 ἡμῶν.
2574 5560 2575 5563 η
2628 5556 2631 5559 ’

2162 5628 2315 5701 ,Περί
2343 5628 2443 5696 μὲν
2472 5623 2567 5682 οὖν
2583 5626 2688 5682 τῶν
2721 5620 3168 5696 παραδεδομένων
3192 5621 3325 5691 ἡμῖν
3354 5622 3639 5686 μυστηρίων
