3970 6202
507 381 609 451 fill

1778 375 2175 436 MANUELIS
2206 373 2513 436 CALECIE

3612 376 3698 441 (1?.

506 520 835 578 artiﬁcibus.
861 519 1212 576 Architectus
1238 520 1385 575 enim
1406 516 1865 574 exstruendarum
1892 514 2091 569 aedium

2201 530 2280 568 νει
2302 514 2361 568 ἐν
2389 513 2467 582 τῷ
2489 508 2688 565 ἑαυτοῦ
2715 508 2790 581 νῷ
2806 510 2869 565 τὸ
2896 506 3033 573 εἶδος
3056 509 3154 565 καὶ
3171 509 3266 580 τὴν
3284 510 3421 564 θέσιν
3443 510 3531 582 τῆς
3549 514 3692 581 τυχού-

506 610 742 667 formam
777 610 1054 681 situmque
1095 620 1279 686 mente
1329 624 1428 665 sua
1474 608 1752 679 concipit;
1804 606 1995 676 sicque
2027 620 2091 659 ac

511 704 673 757 talem
708 702 932 756 domum
966 701 1343 757 aedificandam
1373 705 1559 756 animo
1586 700 1860 771 designat,
1891 699 2091 767 illaque

508 794 813 848 instructus
840 792 1053 847 ratione
1077 791 1334 848 aediﬁcat.
1370 791 1450 847 Ac
1478 805 1698 858 rursus,
1729 804 1793 844 ea
1823 804 1954 844 casu
1987 786 2091 841 ali-

505 899 616 954 quo
654 883 949 951 dissoluta,
988 898 1086 957 per
1124 878 1371 939 eamdem
1402 896 1511 953 qua
1544 881 1702 952 prius
1739 879 2091 943 considerat,

505 991 572 1031 ac
605 974 909 1030 secundum
929 975 1179 1031 eamdem
1204 973 1474 1029 rationem
1512 972 1825 1037 instaurat;
1855 972 1902 1027 si
1929 970 2093 1025 modo

508 1068 581 1119 ita
615 1068 1203 1144 anichomparalus
1228 1072 1334 1130 est,
1371 1072 1434 1117 ut
1454 1063 1702 1119 eamdem
1737 1063 1791 1117 in
1837 1064 2094 1118 omnibus

507 1174 632 1213 cum
658 1160 844 1228 priore
863 1157 1050 1226 illique
1074 1156 1308 1212 similem
1332 1155 1560 1210 domum
1587 1156 1715 1212 velit
1740 1154 2091 1211 rezedilicare.

508 1250 636 1304 Haec
669 1260 851 1305 autem
885 1250 1029 1304 ratio
1057 1265 1155 1305 seu
1208 1263 1392 1305 sermo
1449 1248 1684 1304 interior
1726 1248 1928 1304 dicitur
1960 1247 2097 1303 resi-

507 1341 756 1407 densque
794 1340 850 1395 in
901 1340 1124 1405 animo;
1175 1352 1239 1394 ac
1286 1353 1397 1406 prae
1445 1338 1694 1408 reliquis,
1725 1336 1804 1393 uti
1832 1336 2092 1403 diximus,

511 1430 601 1484 Dei
638 1428 924 1484 Sermonis
953 1443 1049 1484 seu
1081 1426 1246 1483 Verbi
1278 1428 1461 1498 imago
1488 1434 1593 1484 est.
1623 1426 1730 1481 Per
1759 1427 1907 1482 hunc
1934 1426 2085 1481 enim

510 1521 591 1576 sic
633 1522 687 1574 in
748 1520 932 1575 animo
987 1520 1315 1576 residentem
1357 1532 1665 1574 sermonem
1716 1532 1782 1573 ac
1832 1517 2096 1573 rationem

511 1615 806 1669 rationales
835 1614 1093 1677 dicimur,
1142 1612 1260 1667 sive
1294 1612 1623 1676 dormimus,
1657 1609 1773 1665 sive
1801 1619 2051 1666 tacemus
2080 1625 2097 1675 ;

509 1723 619 1761 non
657 1722 753 1776 per
785 1721 911 1761 eum
945 1706 1037 1773 qui
1090 1719 1188 1761 ore
1220 1704 1519 1775 profertur.
1571 1703 1672 1759 llic
1717 1704 1863 1759 enim
1913 1718 2098 1760 sermo

2194 624 2296 675 σης
2312 607 2515 670 οἰκίας,
2534 606 2619 658 ὅτι
2644 603 2824 658 τοιάδε
2847 620 2932 666 τις
2952 605 3048 656 καὶ
3079 602 3257 679 τοιάδε
3280 603 3524 676 προσήκει
3538 605 3704 658 οἰκοδο-

2194 699 2463 771 μηθῆναι,
2482 698 2579 752 καὶ
2607 696 2677 753 δι’
2703 696 2914 751 ἐκείνου
2945 696 3040 750 τοῦ
3068 695 3230 764 λόγου
3256 696 3448 765 ταύτην
3464 696 3705 766 οἰκοδομεῖ,

2192 784 2254 845 οὗ
2285 790 2383 843 καὶ
2415 791 2683 860 πρότερον
2717 790 2813 841 καὶ
2844 788 2987 841 κατὰ
3014 787 3106 840 τὸν
3136 787 3295 840 αὐτὸν
3324 786 3489 856 λόγον,
3526 790 3570 841 εί
3597 791 3711 842 κατὰ

2196 884 2378 939 πάντα
2398 882 2498 954 τὴν
2529 882 2700 954 αὐτὴν
2721 883 2903 936 οίκίαν
2929 882 2995 949 τῇ
3032 879 3273 951 προτέρᾳ
3303 879 3392 931 καὶ
3418 878 3590 948 ὁμοίαν
3612 879 3712 949 βού-

2195 975 2351 1030 λεται
2380 972 2881 1041 άνοικοδομείν.ἷ’0
2909 970 2964 1024 δὲ
2993 969 3234 1034 τοιοῦτος
3268 969 3415 1035 λόγος
3438 967 3629 1039 λέγεται
3652 971 3697 1021 ὲν

2195 1056 2466 1127 διάθετὸς·
2494 1063 2552 1127 δς
2583 1063 2679 1116 καὶ
2706 1061 2909 1131 μᾶλλον
2930 1059 3041 1112 τῶν
3084 1059 3259 1114 ἄλλων
3287 1058 3443 1112 εἰκών
3471 1060 3619 1124 ἐστιν,
3656 1060 3715 1123 ὡς

2196 1157 2440 1226 εἴρηται,
2473 1154 2567 1208 τοῦ
2600 1155 2778 1220 Λόγου
2810 1152 2906 1205 τοῦ
2931 1151 3090 1206 Θεοῦ.
3126 1151 3283 1204 Κατὰ
3321 1150 3498 1223 τοῦτον
3533 1150 3624 1221 γὰρ
3646 1153 3717 1203 τὶν

2197 1248 2504 1303 ἐνδιάθετον
2530 1247 2692 1316 λόγον
2724 1245 2820 1300 καὶ
2848 1235 3061 1313 λογικοὶ
3087 1242 3372 1314 λεγόμεθα,
3410 1242 3512 1296 εῐτε
3554 1244 3721 1313 κοιμώ-

2202 1341 2375 1410 μεθα,
2413 1340 2525 1393 εἴτε
2577 1336 2897 1407 σιωπῶμεν,
2953 1335 3013 1387 οὐ
3068 1336 3211 1388 κατὰ
3259 1334 3349 1388 τὸν
3394 1335 3718 1405 προφορικόν·

2196 1425 2354 1497 οὗτος
2394 1431 2505 1503 γάρ
2534 1429 2636 1484 οὐκ
2661 1429 2749 1485 ἀεί
2778 1430 2922 1483 ἐστι.
2946 1427 3138 1494 Πολλῷ
3166 1423 3260 1483 οῦν
3283 1428 3311 1481 6
3332 1427 3611 1491 ὲνδιάθετός
3630 1428 3722 1481 ἐστι

2196 1524 2292 1577 τοῦ
2324 1519 2669 1593 προφορικοῦ
2723 1520 3079 1591 τιμιώτερος,
3132 1519 3193 1582 ὃς
3236 1518 3322 1573 διὰ
3377 1520 3612 1590 ῥημάτων
3650 1521 3725 1572 καὶ

2197 1614 2484 1686 ὀνομάτων
2507 1611 2710 1680 ἔξωθεν
2738 1612 3098 1683 προφέρεται.
3129 1604 3299 1673 Οὗτος
3330 1612 3433 1682 γάρ
3458 1608 3521 1664 δι’
3553 1612 3722 1664 ἐκεῖνον

2201 1707 2543 1771 συνίσταται,
2578 1706 2675 1760 καὶ
2699 1705 2907 1776 τρόπον
2934 1704 3057 1758 τινὰ
3088 1701 3431 1773 συμϐεϐηκός
3453 1704 3588 1756 ἐστιν
3614 1703 3726 1759 ἐκεί-

510 1813 617 1851 non
648 1812 863 1866 semper
890 1804 995 1852 est.
1030 1797 1224 1852 Sermo
1265 1797 1435 1867 igitur
1478 1797 1712 1852 interior
1739 1806 1795 1851 et
1822 1797 1877 1851 in
1912 1795 2097 1852 animo

2201 1815 2296 1870 νῳ.
2329 1797 2428 1851 Διὰ
2452 1784 2618 1851 τοῦτο
2642 1795 2704 1849 οὐ
2750 1794 3013 1849 τοσοῦτόν
3041 1796 3194 1849 ἐστιν
3229 1795 3423 1857 οἰκεῖος
3450 1793 3476 1845 6
3508 1810 3728 1865 προφορι-

507 1891 756 1944 residens
793 1889 953 1957 longe
998 1890 1236 1946 nobilior
1265 1866 1524 1947 sermone
1558 1890 1836 1960 prolatitio
1866 1899 1971 1958 est,
2000 1883 2095 1961 qui
2132 1866 2173 1922 Β

514 1980 723 2038 scilicet
751 1996 849 2052 per
883 1981 1048 2037 verba
1088 1982 1338 2052 qumdam
1374 1991 1537 2052 atque
1576 1984 1797 2038 nomina
1852 1985 2095 2039 exterius

509 2074 807 2144 profertur.
836 2072 938 2129 Hic
966 2074 1114 2129 enim
1146 2082 1369 2144 propter
1393 2074 1546 2129 illum
1573 2075 1846 2139 consistit,
1867 2090 1932 2131 ac
1958 2091 2095 2146 quo-

508 2164 803 2221 dammodo
829 2164 909 2220 illi
938 2165 1197 2221 accidens
1230 2164 1465 2220 exsistit.
1519 2162 1767 2236 Hincqne
1801 2165 1936 2221 adeo
1990 2165 2050 2250 fit
2078 2204 2093 2230 ,

407 2331 419 2341 .
511 2269 718 2313 utnon
752 2257 834 2314 sic
878 2269 1003 2325 apte
1038 2273 1104 2313 ac
1152 2258 1540 2313 convenienter
1572 2258 1880 2327 prolatitius
1914 2273 2096 2314 sermo

508 2352 567 2404 in
601 2349 911 2419 exemplum
940 2359 1257 2405 assumatur
1288 2365 1351 2403 ac
1381 2348 1740 2404 simulacrum
1772 2349 1943 2404 divini
1976 2347 2099 2405 Ser-

509 2443 691 2498 monis
729 2457 825 2497 seu
862 2439 1063 2507 Verbi;
1099 2443 1194 2496 sed
1223 2450 1279 2496 ut
1305 2442 1489 2510 potius
1518 2440 1614 2511 qui
1644 2440 1698 2495 in
1729 2442 1917 2495 animo
1950 2441 2094 2496 resi-

507 2534 622 2601 det,
646 2543 701 2589 ut
725 2534 817 2603 qui
858 2533 1096 2588 nobilior
1124 2533 1216 2588 sit.
1246 2532 1381 2588 Nam
1408 2533 1573 2589 etiam
1609 2532 1875 2590 debemus
1908 2535 2091 2590 divina

507 2635 905 2695 repraesentare
957 2639 1025 2681 ex
1059 2626 1150 2691 iis,
1178 2638 1410 2696 quorum
1458 2625 1631 2696 maior
1660 2626 1977 2698 praestantia
2001 2628 2093 2684 sit.

510 2711 661 2771 Nihil
693 2731 862 2787 porro
891 2718 944 2772 in
981 2716 1181 2771 creatis
1216 2726 1394 2772 mente
1423 2726 1610 2773 nostra
1635 2757 1652 2781 ,
1681 2718 1739 2773 in
1773 2721 2099 2789 eaqueﬁser-

512 2821 676 2861 moue
709 2822 772 2860 ac
804 2807 971 2861 verbo
1002 2820 1095 2860 seu
1141 2805 1391 2869 ratione.
1425 2809 1776 2874 praestantius
1809 2803 2096 2874 occurrit;

510 2900 660 2954 unde
691 2900 856 2955 etiam
890 2898 1056 2968 hujus
1091 2899 1305 2953 ratione
1342 2899 1505 2954 homo
1535 2899 1737 2955 dicitur
1762 2901 1944 2973 imago
1979 2901 2097 2958 Dei.

420 3036 421 3045 χ
513 2990 907 3046 Verumtamen
941 2991 1029 3046 hic
1055 3006 1275 3062 quoque
1308 2991 1461 3047 valde
1504 3008 1533 3046 a
1589 2992 1682 3048 Dei
1740 2993 2004 3048 Sermone
2034 3009 2098 3049 ac

511 3082 699 3140 Verbo
726 3084 931 3141 deficit.
964 3083 1057 3139 Dei
1092 3074 1253 3151 enim
1274 3083 1470 3140 Sermo
1501 3085 1620 3154 ipse
1648 3101 1774 3140 vere
1821 3088 2097 3143 exsistens

508 3193 575 3233 ac
623 3177 812 3233 efficax
868 3187 988 3244 est;
1033 3176 1088 3232 in
1138 3176 1537 3233 animoautem
1588 3179 1859 3243 residens.
1897 3182 2096 3236 mentis

509 3270 769 3324 accidens
817 3280 921 3325 est.
976 3269 1055 3323 Ex
1092 3269 1159 3325 iis
1190 3269 1336 3324 enim
1368 3284 1491 3339 quae
1523 3270 1701 3327 oculis
1735 3271 1987 3326 videntur
2023 3287 2088 3329 ac

508 3371 692 3417 mente
733 3362 1131 3432 intelliguntur,
1162 3376 1361 3417 sensus
1403 3377 1570 3432 opera
1619 3366 1785 3417 menti
1825 3363 2090 3432 advenit;

507 3451 758 3519 quandiu
811 3452 1022 3506 scilicet
1063 3463 1317 3507 versatur
1351 3452 1406 3506 in
1454 3465 1687 3521 corpore
1737 3452 1927 3524 illique
1965 3470 2095 3510 cun-

507 3542 702 3610 juncta
738 3553 843 3598 cst.
881 3543 1090 3598 Idcirco
1115 3543 1279 3597 etiam
1314 3542 1668 3613 imperfectus
1696 3554 1805 3608 est,
1839 3546 1933 3616 qui
1966 3560 2099 3616 pau-

2203 1890 2298 1952 κὸς
2326 1888 2487 1956 λόγος
2511 1887 2592 1953 είς
2620 1886 2977 1959 παράδειγμα
3014 1887 3111 1940 καὶ.
3156 1886 3343 1939 εἰκόνα
3368 1883 3456 1937 τοιῦ
3484 1886 3636 1953 Λόγου
3654 1884 3727 1937 τιιῦ

2203 1981 2341 2035 Θεοῦ
2378 1980 2785 2051 λαμϐάνεσθαι,
2840 1980 2980 2034 ἀλλὰ
3027 1980 3235 2052 μᾶλλον
3282 1980 3309 2032 6
3352 1978 3631 2042 ἐνδιάθετος
3672 1977 3728 2039 ὡς

2172 2071 2558 2145 ,τιμιώτερος
2586 2071 2712 2125 ἐπεὶ
2740 2074 2839 2125 καὶ
2877 2071 2988 2129 ἀπὸ
3017 2070 3128 2123 τῶν
3182 2070 3515 2141 τιμιωτέρων
3553 2070 3729 2138 ὀφείλο-

2208 2182 2310 2236 μεν
2336 2165 2405 2218 τὰ
2430 2163 2553 2217 θεῖα
2604 2164 2919 2229 είκονίζειν.
2976 2164 3324 2234 Τιμιώτερον
3357 2160 3411 2215 δὲ
3440 2161 3527 2213 τοῦ
3551 2161 3602 2212 ὲν
3627 2160 3731 2230 ἡμῖν

2203 2257 2298 2311 νοῦ
2332 2258 2429 2311 καὶ
2456 2257 2618 2326 λόγου
2653 2257 2754 2311 οὐκ
2784 2255 2933 2311 ἐστιν
2962 2257 3022 2312 ὲν
3050 2258 3166 2319 τοῖς
3193 2257 3498 2325 κτίσμασιν·
3523 2253 3631 2307 ὅθεν
3656 2254 3733 2305 καὶ

2202 2350 2348 2403 κατὰ
2393 2348 2557 2401 τοῦτο
2603 2346 2831 2416 λέγεται
2865 2346 2893 2398 6
2930 2346 3232 2417 ἄνθρωπος
3278 2344 3439 2398 εἰκὼν
3481 2343 3565 2397 τοῦ
3604 2341 3730 2396 Θεοῦ.

2203 2442 2317 2497 Καὶ
2340 2441 2450 2512 γάρ
2478 2441 2602 2495 κατ’
2636 2440 2825 2495 είκόνα
2860 2439 3133 2510 ἐπλάσθη.
3168 2439 3316 2508 Πλὴν
3345 2439 3436 2493 καὶ
3456 2431 3590 2498 οὗτος
3618 2436 3732 2490 πάνυ

2206 2533 2462 2588 λείπεται
2486 2532 2583 2586 τοῦ
2616 2532 2793 2601 Λόγου
2819 2531 2914 2586 τοῦ
2941 2532 3101 2586 Θεοῦ.
3141 2531 3211 2588 '0
3239 2533 3337 2604 μὲν
3360 2531 3461 2604 γὰρ
3486 2530 3734 2585 ὲνυπόστα-

2202 2638 2295 2688 τος
2351 2625 2449 2678 καὶ
2482 2623 2739 2692 ἐνεργής·
2775 2623 2805 2676 6
2862 2621 2918 2676 δὲ
2950 2621 3266 2687 ἐνδιάθετος
3306 2614 3625 2692 συμϐεϐηκός
3641 2620 3733 2673 ἐστι

2203 2714 2282 2784 τῷ
2326 2712 2422 2785 νῷ.
2468 2713 2607 2767 ’Λπδ
2629 2716 2741 2782 γὰρ
2765 2712 2875 2766 τῶν
2900 2713 3206 2783 ὁρωμένων
3240 2714 3333 2767 καὶ
3358 2712 3639 2782 νοουμένων
3664 2709 3735 2763 διὰ

2201 2807 2302 2876 τῆς
2327 2804 2640 2875 αἰσθήσεως
2687 2804 3003 2873 ἐπιγίνεται
3031 2803 3111 2875 τῷ
3139 2804 3246 2877 νῷ,
3292 2805 3478 2880 ιςρόσον
3514 2800 3738 2874 μετὰσὼ-
3769 2867 3779 2877 ⁸

2208 2897 2382 2968 ματός
2414 2898 2556 2952 ἐστι.
2598 2896 2693 2950 Aab
2738 2897 2837 2950 καὶ
2874 2897 3074 2968 άτελής
3121 2898 3250 2951 ἔστι
3297 2898 3415 2952 κατ’
3445 2896 3607 2964 ὀλίγον
3632 2911 3740 2963 συμ-

2207 2993 2548 3064 πλεκόμενος
2582 2995 2677 3047 xui.
2734 2993 2986 3063 ὕστερος.
3045 2992 3199 3046 Αὐτὸ
3249 2993 3355 3063 γὰρ
3402 2991 3462 3045 τὸ
3490 2989 3738 3059 δυνάμενον

2205 3089 2345 3140 νοεῖν
2375 3086 2470 3139 καὶ
2500 3087 2529 3139 6
2563 3086 2730 3149 τόπος
2778 3086 2889 3139 ’τῶν
2918 3085 3129 3156 νοητῶν
3160 3086 3325 3141 εἱδῶν
3376 3087 3518 3139 ἐστιν
3558 3084 3583 3136 6
3622 3079 3739 3141 νοῦς.

2204 3178 2262 3241 ὃς
2295 3180 2445 3232 ἐστιν
2492 3177 2672 3233 οὐσία.
2707 3178 2787 3232 Τά
2810 3178 2865 3232 δὲ
2889 3178 2968 3249 τῷ
3000 3179 3078 3251 νῷ
3103 3178 3178 3233 δι’
3204 3178 3411 3233 ἑαυτῶν
3435 3173 3742 3244 ἐπιγινόμενα

2208 3270 2317 3324 ἀπὸ
2338 3269 2450 3325 τῶν
2472 3270 2677 3337 ἔξωθεν
2693 3269 2923 3343 ὕστερον
2949 3270 3333 3344 συνεργούσης
3360 3270 3457 3339 τῆς
3479 3267 3743 3335 αἰσθήσεως

2208 3364 2349 3434 μετὰ
2386 3364 2489 3433 τὴν
2511 3364 2795 3418 τελείωσιν
2834 3361 2932 3417 τοῦ
2962 3364 3270 3439 ὀργανικοῦ
3306 3363 3565 3433 σώματος,
3609 3355 3746 3411 ταῦτα

2205 3455 2385 3509 πάντα
2414 3458 2526 3510 εἰσὶ
2568 3454 2978 3525 συμϐεϐηκότα.
3026 3456 3120 3509 Διὸ
3151 3460 3256 3511 καὶ
3287 3461 3375 3509 τόν
3412 3453 3570 3508 πολλὰ
3601 3451 3743 3506 ἰδόντα

2210 3548 2509 3620 πολυμαθῆ
2534 3549 2794 3620 λέγομεν.

510 3637 660 3691 latim
688 3643 1032 3702 conteratur,
1057 3642 1295 3705 ortuque
1320 3635 1592 3704 posterior
1614 3630 1707 3692 sit.
1755 3620 1937 3703 Ipsum
1961 3638 2105 3693 enim
2148 3654 2314 3710 penes
2353 3642 2497 3711 quod
2535 3641 2873 3714 intelligendi
2937 3641 3217 3708 facultas,
3270 3655 3333 3697 ac
3380 3640 3522 3697 locus
3576 3634 3749 3710 speria-

513 3744 634 3784 tum
657 3744 776 3798 qua:
801 3729 855 3783 in
886 3727 1216 3783 intellectum
1241 3727 1467 3795 cadunt,
1495 3743 1652 3785 mens
1679 3737 1786 3796 est,
1812 3744 1934 3800 quae
1993 3732 2301 3789 substantia
2335 3742 2441 3793 est.
2479 3734 2609 3797 Quae
2668 3746 2850 3792 autem
2893 3744 3082 3807 postea
3118 3735 3294 3791 menti
3320 3749 3415 3789 sua
3474 3733 3521 3787 vi
3559 3733 3617 3788 ab
3672 3738 3750 3784 ex’

514 3819 808 3876 terinribus
846 3832 1044 3874 sensus
1070 3832 1254 3887 opera,
1288 3831 1519 3887 corpore
1564 3817 1677 3887 jam
1730 3821 1953 3890 organis
1983 3822 2249 3893 perfecto,
2313 3825 2644 3894 adveniunt,
2676 3838 2871 3885 cuncta
2899 3831 3012 3886 haec
3077 3829 3389 3887 accidentia
3441 3836 3577 3904 sunt.
3604 3807 3750 3881 'Umle

506 3911 675 3964 etiam
710 3924 831 3964 eum
854 3908 948 3977 qui
981 3909 1151 3961 multa
1185 3905 1356 3972 novit,
1384 3909 1552 3963 multa
1578 3909 1801 3965 doctum
1833 3912 2087 3977 dicimus,
2129 3931 2227 3973 seu
2263 3919 2358 3990 qui
2384 3920 2556 3976 multa
2593 3920 2869 3978 didicerit.

591 4004 729 4069 Quia
779 4003 948 4072 igitur
1000 4000 1163 4056 etiam
1219 3999 1360 4056 Deus
1416 4003 1707 4059 rationalis
1756 4013 1873 4072 (seu
1932 4006 2111 4076 magis

512 4096 789 4151 Sermone
825 4092 1114 4162 Verhoque
1145 4092 1428 4164 praeditus)
1483 4102 1607 4150 est:
1651 4111 1715 4150 ac
1753 4096 1846 4166 qui
1886 4097 2111 4153 difﬁtea-

510 4195 606 4241 tur
632 4185 815 4240 nullus
846 4186 963 4253 est';
997 4198 1098 4239 nec
1126 4179 1253 4254 ejus'
1277 4168 1471 4240 Sermo
1500 4201 1565 4241 ac
1591 4184 1826 4243 Verbum
1854 4190 2109 4248 accidens

515 4286 601 4332 est
635 4274 958 4346 (absurdum
992 4276 1196 4346 quippe
1226 4287 1284 4330 ut
1315 4275 1485 4331 ullum
1527 4280 1581 4332 in
1613 4278 1721 4334 Deo
1751 4280 1968 4336 dicatur
2013 4298 2107 4338 ac-

511 4367 755 4441 cidens),
783 4368 879 4424 sed
915 4383 1042 4423 vere
1071 4368 1346 4424 exsistens
1370 4377 1425 4425 et
1471 4370 1660 4427 vivens
1687 4371 2104 4445 perfectumque

506 4473 636 4527 cst;
669 4460 876 4515 idcirco
905 4460 1143 4516 dicimus
1173 4458 1342 4515 Deum
1393 4464 1487 4530 p'er
1511 4462 1749 4520 Verbum
1777 4480 1938 4521 suum
1968 4483 2102 4522 cun-

2293 4011 2448 4068 Ἐπεὶ
2477 4015 2663 4069 τοίνυν
2710 4015 2808 4069 καὶ
2860 4016 2889 4069 6
2936 4014 3071 4077 Θεός
3122 4017 3248 4070 ἐστι
3294 4016 3527 4083 λογικὸς,
3570 4011 3750 4082 ὃπαρέι

2201 4104 2425 4161 πάντων
2478 4106 2861 4179 ὁμολογεῖται*
2897 4107 2927 4160 ό
2983 4108 3042 4162 δὲ
3073 4109 3256 4178 Λόγος
3301 4107 3467 4164 αὑτοῦ
3511 4108 3601 4161 οὐκ
3656 4104 3749 4157 ἔστι

2205 4197 2559 4270 συμϐεϐηκός
2600 4198 2684 4268 (τὸ
2709 4200 2819 4271 γάρ
2870 4203 2927 4255 ὲν
2970 4200 3047 4274 τῷ
3077 4200 3203 4275 Θεῷ
3234 4201 3571 4274 συμϐεϐηκὸς
3603 4198 3752 4265 λέγειν

2202 4289 2455 4361 ἄτοπον)ο
2483 4291 2601 4343 ἀλλ’
2621 4294 2770 4345 ἐστιν
2789 4291 3163 4357 ὲνυπόστατος
3194 4295 3288 4349 καὶ
3311 4295 3421 4360 ζῶν
3444 4292 3536 4349 καὶ
3555 4292 3746 4352 τέλειος·

2202 4381 2294 4435 διὰ
2321 4383 2480 4436 τοῦτο
2510 4382 2744 4455 λέγομεν
2777 4384 2861 4438 ὅτι
2892 4386 2921 4438 6
2965 4384 3100 4450 Θεὸς
3122 4386 3216 4442 διὰ
3250 4387 3347 4441 τοῦ
3396 4385 3577 4441 ἑαυτοῦ
3604 4384 3749 4449 Λόγου

2203 4473 2274 4526 τὰ
2293 4474 2471 4529 πάντα
2494 4475 2772 4546 ἐποίησεν.
2806 4475 2867 4529 Ei
2890 4474 3022 4545 γοῦν
3043 4477 3113 4530 δι’
3145 4478 3317 4533 αὐτοῦ
3343 4477 3552 4547 ἐγένετο
3578 4476 3749 4535 πάντα,

508 4565 602 4607 cta
627 4551 967 4608 condidisse.
1001 4552 1139 4606 Cum
1161 4566 1294 4623 ergo
1325 4568 1422 4622 per
1456 4554 1637 4624 ipsum
1670 4554 1810 4613 facta
1842 4558 1954 4613 sint
1976 4573 2097 4613 om-

2207 4567 2305 4621 καὶ
2356 4570 2387 4620 6
2432 4541 2724 4640 ἄνθρωπος
2772 4569 2842 4624 δι’
2872 4541 3042 4625 αὑτοῦ
3079 4570 3331 4643 ἐπλάσθη
3353 4541 3470 4636 .-δι’
3501 4568 3650 4624 αὑτοῦ
3678 4566 3752 4618 καὶ

512 4649 629 4713 nia,
657 4662 721 4702 ac
747 4662 841 4717 per
867 4646 997 4702 illud
1033 4646 1196 4701 homo
1223 4645 1398 4702 factus
1422 4647 1587 4704 fuerit
1619 4660 1785 4721 atque
1811 4653 2099 4721 formatus,

510 4751 612 4805 per
643 4738 823 4806 ipsum
861 4735 1242 4801 nihilominus,
1281 4752 1410 4792 eum
1442 4740 1535 4810 qui
1568 4743 1841 4798 contritus
1880 4745 2099 4809 fuerat,

427 4850 438 4861 ο
510 4827 854 4884 ιιυιινιοιιίοηε
881 4826 985 4882 fuit
1011 4830 1251 4899 reparari
1281 4848 1294 4884 :
1321 4846 1416 4900 per
1438 4832 1584 4889 hunc
1612 4836 1825 4890 scilicet
1852 4840 2099 4911 modum.

511 4922 654 4987 Quia
687 4922 834 4976 enim
868 4922 1168 4978 humanum
1205 4938 1378 4995 genus
1408 4939 1474 4980 ex
1508 4926 1616 4983 illis
1646 4936 1757 4994 est,
1779 4944 1903 5001 quae
1929 4945 1959 4986 a
1990 4929 2100 4986 Deo

513 5015 729 5069 ratione
763 5014 970 5069 utentia
1007 5016 1229 5071 condita
1270 5026 1432 5083 sunt;
1477 5019 1642 5075 homo
1684 5033 1963 5091 quatenus
2012 5038 2102 5079 ra-

512 5108 667 5161 tione
700 5107 969 5177 liberique
1003 5107 1217 5163 arbitrii
1257 5108 1518 5165 facultate
1553 5114 1835 5182 praeditus,
1872 5094 2101 5186 reliquis

511 5199 837 5255 inanimatis
866 5210 919 5255 et
948 5200 1204 5256 animatis
1237 5200 1525 5272 brutisque
1556 5204 1928 5261 animantibus
1963 5220 2103 5274 pras-

508 5292 699 5357 cellit;
746 5293 887 5362 quod
942 5293 1069 5346 item
1131 5292 1236 5347 alia
1290 5301 1511 5362 propter
1553 5295 1828 5351 hominem
1881 5297 2100 5353 condita

514 5392 670 5446 sunt,
698 5393 760 5438 ut
802 5399 900 5453 per
931 5386 1201 5440 rationem
1238 5392 1294 5439 ct
1334 5385 1622 5441 scientiam
1669 5387 1779 5442 illis
1810 5389 1997 5458 presit
2025 5388 2098 5442 ".

514 5476 686 5529 Bruta
718 5492 955 5547 namque
1001 5478 1301 5533 animantia
1339 5479 1488 5533 nullo
1536 5481 1769 5536 consilio
1804 5482 1986 5535 omnia
2017 5480 2099 5536 fa-

509 5571 665 5624 ciunt
688 5572 757 5625 ad
788 5588 910 5640 qmn
946 5573 1530 5637 Inoveutur,‘natnrali
1561 5573 1610 5629 vi
1643 5575 1696 5629 in
1730 5574 2097 5643 illa'incitala;

515 5663 665 5716 haud
703 5680 862 5717 secus
898 5680 961 5718 ac
984 5675 1132 5719 terra
1164 5677 1217 5720 et
1245 5669 1477 5722 arbores
1509 5670 1630 5721 sine
1662 5668 1875 5724 ratione
1919 5677 1975 5723 et
2008 5682 2103 5721 vo-

514 5752 725 5806 luntate
772 5769 835 5806 ac
871 5756 1101 5809 consilio
1134 5755 1487 5811 fructificant.
1525 5758 1736 5814 Idcirco
1766 5760 2100 5817 conveniens

509 5856 654 5912 erat,
689 5860 809 5899 eam
844 5846 1050 5899 homini
1101 5863 1286 5904 curam
1323 5848 1571 5904 adhiberi
1598 5893 1613 5917 ,
1669 5867 1775 5921 qua
1814 5868 2099 5926 reparare-

2206 4657 2566 4730 συντριϐέντα
2600 4660 2766 4715 πάλιν
2828 4662 3074 4733 ἔπρεπεν
3120 4664 3287 4719 αὐτὸν
3320 4658 3747 4727 άνακαινισθῆναι.

2211 4751 2462 4822 Ἔπρεπε
2484 4752 2543 4806 δὲ
2573 4754 2716 4808 κατὰ
2749 4753 2932 4810 τοῦτο.
2982 4755 3142 4811 Ἐπεὶ
3187 4758 3299 4829 γὰρ
3349 4757 3418 4812 τὰ
3443 4753 3625 4825 λογικά
3658 4750 3753 4804 κτί-

2204 4859 2392 4913 σματα
2419 4842 3122 4918 οίάνθρωποιτιμιὼτερόν
3151 4851 3270 4904 εστι
3302 4849 3411 4905 τῶν
3444 4847 3607 4902 ἄλλων
3637 4840 3753 4911 ἀξύ-

2203 4951 2316 5004 χων
2349 4936 2446 4990 καὶ
2479 4936 2744 5008 ἐμψύχων
2778 4941 2872 4993 καὶ
2898 4939 3112 5010 ἀλόγων
3141 4940 3323 5009 ζώων,
3368 4941 3555 4996 καθότι
3579 4936 3708 4991 ἐστὶν
3728 4934 3753 4984 ὁ

2203 5026 2501 5099 ἄνθρωπος
2530 5030 2751 5099 λογικὸν
2776 5034 2874 5085 καὶ
2901 5032 3281 5103 αὐτεξούσιον,
3320 5035 3413 5089 καὶ
3439 5034 3519 5087 ὅτι
3548 5030 3612 5084 τά
3637 5025 3752 5081 ἄλλα

2204 5120 2293 5173 διὰ
2344 5122 2437 5197 τὸν
2472 5122 2761 5194 ἄνθρωπον
2809 5125 3077 5193 ἐγένοντο,
3133 5126 3228 5181 ἵνα
3280 5128 3423 5199 ἄρχῃ
3480 5123 3643 5182 αὐτῶν
3680 5118 3753 5171 διὰ

2203 5212 2366 5283 λόγου
2399 5215 2497 5269 καὶ
2520 5216 2801 5285 γνώσεως·
2831 5218 2900 5271 τά
2927 5218 3036 5289 γὰρ
3069 5220 3240 5289 άλογα
3293 5219 3408 5284 ζῶα
3438 5219 3556 5288 δίχα
3586 5211 3751 5287 βουλῆς

2207 5306 2418 5359 πειοῦσι
2447 5307 2556 5359 πᾶν
2591 5308 2671 5370 είς
2701 5308 2839 5375 ὅπερ
2876 5307 2942 5362 ἂν
2973 5310 3259 5382 κινηθῶσι,
3285 5315 3353 5381 τῇ
3390 5312 3584 5381 φυσικῇ
3613 5303 3748 5358 δυνά-

2209 5412 2297 5465 μει
2356 5397 2497 5467 πρὸς
2555 5397 2728 5449 ταῦτα
2789 5400 3104 5469 κινούμενα,
3162 5399 3288 5471 καθ’
3322 5400 3380 5455 ὃν
3412 5400 3604 5471 τρόπον
3633 5396 3661 5465 ἡ
3690 5389 3747 5459 lii

2206 5488 2300 5541 καὶ
2330 5488 2397 5541 τὰ
2447 5488 2641 5558 δένδρα
2692 5490 2908 5558 ἀλόγως
2940 5492 3036 5546 καὶ
3085 5492 3469 5562 ἀπροαιρέτως
3517 5491 3606 5543 καὶ
3646 5484 3745 5551 δίχα

2207 5576 2405 5647 βουλῆς
2441 5579 2877 5650 καρποφοροῦσιο
2919 5581 3007 5635 διὰ
3058 5580 3218 5635 τοῦτο
3267 5581 3505 5653 ἔπρεπεν
3556 5580 3633 5631 ἴνα
3671 5568 3763 5626 και

2204 5670 2304 5740 τὴν
2336 5670 2659 5740 ἐπιμέλειαν
2687 5675 2713 5724 6
2743 5672 3031 5743 ἄνθρωπος
3056 5672 3191 5743 εὕρῃ
3238 5675 3318 5735 εἰς
3366 5674 3425 5725 τὸ
3466 5667 3747 5735 ἐπανορθω-

2206 5759 2389 5830 θῆναι,
2422 5762 2516 5814 και
2577 5763 2780 5833 μᾶλλον
2813 5763 2846 5834 ἦ
2880 5766 3040 5837 εἰπερ
3065 5763 3192 5820 ἄλλο
3244 5781 3298 5818 τι
3348 5762 3456 5816 τῶν
3484 5757 3743 5833 ὁρωμένου

2209 5854 2526 5929 κτισμάτων
2563 5852 2843 5907 συνέϐαινε
2882 5855 3212 5910 καταπεσεῖν
3249 5854 3345 5909 καὶ
3377 5849 3707 5923 συντριϐῆναι
3729 5857 3742 5871 '
