3970 6202
389 320 495 389 θὶ3

1396 296 1969 388 υκεεωιιοιιηιε
2001 282 2214 387 mm
2248 325 2723 393 CATHOLICIE.

3540 337 3650 402 616

387 438 627 508 ἐπείπερ
654 437 688 491 ό
714 437 1004 510 ἄνθρωπος
1033 436 1135 509 τῆς
1165 436 1433 509 ἀληθινῆς
1461 436 1583 492 όδοῦ
1618 439 1715 493 καὶ
1754 439 1971 504 εὐθείας

2082 443 2202 511 ιυινζ;
2232 441 2431 513 potiori
2462 447 2727 502 nimirum
2764 445 2997 514 ratione,
3028 462 3194 518 quam
3226 449 3271 506 si
3301 450 3470 506 ullum
3502 453 3649 509 aliud

387 530 666 600 ἐξετράπη
726 530 825 583 καὶ
873 529 1152 601 ἐπλανήθη
1186 533 1279 583 καὶ
1308 530 1638 586 ἐκπέπτωκε
1672 530 1774 602 τῆς
1821 533 1974 603 παρὰ

388 623 483 677 τοῦ
518 623 660 677 Θεοῦ
703 623 957 693 δοθείσης
986 622 1138 695 αύτῷ
1182 624 1372 695 τιμῆς.
1417 621 1733 696 Ἐπλανήθη
1784 625 1841 679 δέ
1883 627 1977 679 καὶ

389 716 641 781 ἐξέπεσε,
674 716 815 770 διότι
854 717 957 771 οὐκ
987 716 1333 771 ἐπολιτεύετο
1356 698 1554 788 ’ὥσπερ
1595 715 1786 783 ἔταξεν
1813 717 1977 772 αὑτὸν

287 793 299 801 ’
388 806 570 869 όΘεὺς
598 806 659 871 ἑξ
696 807 896 878 ἀρχῆςο
928 805 1043 860 ἀλλ’
1080 807 1164 861 ὅτι
1192 804 1297 875 τὴν
1342 805 1541 879 ἑαυτοῦ
1573 805 1817 876 θέλησιν,
1854 804 1977 876 ητις

388 897 592 967 ὤφειλε
616 898 805 967 ζητεῖν
838 898 907 952 τά
933 898 1188 969 οὐράνια,
1222 897 1542 970 διέπρεψεν
1574 900 1603 954 6
1642 898 1934 971 ἄνθρωπος
1958 915 1977 932 ἰ

388 994 487 1046 καὶ
516 992 641 1048 ἀντὶ
662 991 760 1046 τοῦ
794 993 1022 1064 ἀγαπᾷν
1069 994 1167 1048 καὶ
1197 992 1374 1048 θέλειν
1421 993 1597 1049 ταῦτα
1641 995 1736 1050 καί
1768 994 1974 1065 ζητεῖν,

390 1083 692 1153 ᾑρετίσατο
723 1086 792 1138 τὰ
821 1086 987 1156 γήϊνα
1021 1088 1114 1141 καὶ
1145 1088 1438 1156 σωματικά
1459 1103 1477 1121 ο
1503 1088 1604 1153 τὰς
1643 1088 1856 1159 όρέεεις
1878 1079 1977 1143 καὶ

390 1176 696 1246 ἐπιθυμίας
732 1180 829 1231 καὶ
860 1178 1058 1249 ἡδονὰς
1086 1180 1188 1242 τὰς
1218 1179 1474 1250 ἀλόγους.
1508 1170 1763 1251 Ὠρμησε
1794 1179 1852 1234 δὲ
1882 1180 1979 1234 ἐπὶ

388 1267 577 1335 τοῦτο,
608 1268 803 1342 ἐπειδὴ
836 1273 866 1325 6
891 1271 1180 1343 ἄνθρωπος
1206 1271 1556 1339 αύτεξούσιος
1587 1271 1856 1344 ἐπλάσθη,
1881 1274 1975 1326 καὶ

386 1362 497 1431 τῆς
530 1362 735 1435 ἀρετῆς
788 1362 889 1417 οὒκ
941 1364 1241 1436 εἰσήγαγεν
1285 1366 1314 1418 ό
1354 1363 1490 1426 Θεὸς
1530 1363 1780 1436 ἀνάγκην
1810 1366 1868 1417 ἐν
1894 1364 1974 1437 τῷ

386 1451 695 1523 ἀνθρώπῳ,
755 1454 823 1509 ῖν*
852 1454 952 1528 ἔχῃ
1009 1454 1277 1525 στέφανον
1333 1456 1429 1509 καὶ
1465 1455 1633 1527 τιμὴν
1677 1455 1776 1510 καὶ
1824 1454 1976 1521 ἀξιον

384 1542 490 1595 τὸν
521 1544 737 1613 μισθὸν,
768 1545 845 1611 ὡς
872 1546 1090 1602 οἴκοθεν
1114 1549 1175 1601 τὺ
1204 1548 1411 1617 ἀγαθδν
1439 1547 1899 1620 προαιρούμενος.

2078 545 2388 595 creatorum
2423 541 2722 599 visibilium
2750 539 2943 597 collabi
2973 541 3290 614 contigisset
3312 557 3377 599 ac
3400 548 3651 612 conteri;

2078 630 2225 699 quod
2260 631 2351 689 ille
2394 647 2425 689 a
2454 649 2583 691 vera
2614 644 2874 705 rectaque
2902 633 2988 690 via
3024 633 3317 690 deﬂexerat
3347 645 3398 690 et
3429 651 3653 692 exerra-

2080 732 2253 785 verat,
2293 732 2459 794 atque
2485 726 2555 781 ab
2599 726 2811 781 honore
2845 724 2949 781 sibi
2977 724 3239 783 divinitus
3267 741 3532 784 concesso
3560 744 3656 785 ex-

2080 813 2312 870 ciderat.
2355 816 2653 873 Exerrarat
2685 833 2814 875 vero
2840 826 2895 873 et
2922 819 3229 885 exciderat,
3259 822 3406 891 quod
3440 836 3545 876 non
3579 823 3655 876 ita

2078 907 2249 962 vitam
2296 909 2637 976 instituerat,
2672 922 2731 966 ut
2763 925 2793 965 a
2845 912 3112 984 principio
3148 912 3224 968 illi
3273 912 3417 971 Deus
3451 916 3657 970 consti-

2084 1004 2306 1065 tuerat;
2345 999 2441 1056 sed
2486 1002 2632 1070 quod
2659 993 2992 1057 voluntatem
3037 1019 3191 1060 suam
3219 1043 3232 1068 ,
3266 1019 3384 1075 quae
3412 1004 3656 1061 caelestia

2079 1102 2325 1158 quaerere
2370 1089 2659 1157 debuerat,
2695 1101 3075 1162 perverterat;
3108 1110 3344 1167 cumque
3379 1098 3496 1154 haec
3535 1097 3658 1152 dili-

2078 1195 2206 1250 gere
2245 1196 2309 1237 ac
2345 1182 2481 1239 velle
2510 1194 2562 1239 et
2590 1200 2837 1256 quaerere
2875 1196 3174 1257 oporteret,
3216 1195 3433 1244 terrena
3464 1200 3517 1245 et
3540 1204 3657 1245 cor-

2079 1273 2287 1342 poralia
2322 1274 2654 1345 praetulerat,
2688 1277 3009 1347 cupiditates
3041 1288 3284 1336 sectatus
3309 1290 3362 1336 et
3389 1281 3655 1337 desideria

2082 1379 2145 1420 ac
2182 1365 2438 1423 libidines
2487 1383 2517 1423 a
2558 1368 2772 1425 ratione
2803 1369 2963 1442 longe
3002 1371 3383 1429 abhorrentes.
3438 1373 3494 1428 ld
3530 1386 3656 1428 vero

2084 1458 2249 1514 homo
2289 1474 2583 1530 aggressus
2613 1471 2696 1517 est
2722 1505 2738 1530 ,
2770 1464 2916 1534 quod
2957 1462 3220 1521 facultate
3258 1466 3469 1523 arbitrii
3497 1480 3661 1519 orna-

2084 1561 2174 1605 tus
2205 1551 2476 1611 formatus
2506 1554 2705 1625 fuerat,
2739 1572 2840 1613 nec
2866 1558 2916 1613 ei
2949 1558 3093 1615 Deus
3123 1559 3340 1616 virtutis
3360 1558 3660 1614 necessita-

382 1650 503 1697 tem
535 1642 829 1709 indiderat,
876 1652 939 1699 ut
968 1659 1229 1701 coronam
1256 1654 1311 1701 et
1342 1644 1609 1701 honorem
1638 1644 1972 1719 dignamque
2008 1649 2318 1706 mercedem
2359 1662 2807 1724 consequeretur,
2843 1664 2902 1710 ut
2934 1654 3030 1725 qui
3096 1655 3211 1726 ipse
3250 1670 3281 1709 a
3330 1668 3390 1709 se
3418 1656 3423 1659 '
3456 1653 3659 1708 bonum

378 1739 637 1809 eligeret.

465 1830 624 1886 Κατά
655 1831 758 1903 τὴν
805 1830 1025 1905 θέλησιν
1052 1832 1147 1888 οῦν
1186 1834 1356 1888 αὐτοῦ
1388 1835 1417 1890 6
1455 1834 1747 1908 ἄνθρωπος
1795 1836 1967 1891 ἐπλα-

2141 1833 2254 1889 Sua
2286 1831 2470 1905 itaque
2503 1831 2783 1890 voluntate
2807 1833 2973 1890 homo
3024 1845 3323 1902 erraverat,
3355 1834 3658 1891 secundum

382 1924 555 1993 νήθη,
591 1923 716 1977 καθ’
747 1924 830 1996 δή
880 1925 1159 1996 τελειότης
1183 1926 1281 1981 τοῦ
1336 1917 1643 2000 ἀνθρώπου
1667 1928 1984 2001 θεωρεῖται,

383 2014 495 2069 καὶ
517 2014 791 2085 ὼλίσθησε
817 2016 914 2070 καὶ
937 2016 1163 2084 ἐξέπεσε
1194 2018 1295 2090 τῆς
1312 2019 1474 2093 δόξης
1495 2022 1588 2075 τοῦ
1610 2020 1771 2085 Θεοῦ,
1793 2022 1982 2094 δηλον-

378 2107 476 2158 ότι
536 2106 628 2160 διά
686 2108 789 2177 τὴν
849 2105 1297 2181 διεστραμμένην
1356 2110 1582 2183 θέλησιν
1637 2112 1841 2167 αὐτοῦ’
1902 2112 1985 2167 διὸ

381 2198 489 2249 καὶ
518 2197 891 2268 κατεδικάσθη
933 2197 1027 2252 τὸν
1055 2199 1308 2270 θάνατον,
1348 2202 1430 2258 ὅτι
1477 2204 1679 2277 θνητὴν
1730 2200 1845 2277 εἶχε
1876 2204 1983 2277 φύ-

386 2307 506 2356 σιν,
528 2290 843 2361 δυναμένην
876 2290 1271 2363 ἀποθνήσκειν.
1306 2294 1489 2368 Ὅπερ
1529 2296 1619 2352 διά
1670 2297 1983 2370 φιλανθρω-

389 2383 535 2437 πίαν
585 2382 810 2451 ἐγένετο
837 2381 930 2436 τοῦ
955 2382 1117 2450 Θεοῦ,
1150 2387 1241 2443 ἵνα
1274 2387 1351 2460 μὴ
1399 2389 1671 2445 ἀθάνατον
1709 2385 1743 2463 ᾖ
1776 2390 1838 2445 τδ
1878 2408 1984 2446 κα-

392 2475 521 2541 κὸν,
574 2474 711 2536 ἀλλά
739 2475 984 2545 παύηται
1011 2477 1113 2548 τῆς
1134 2478 1440 2551 ἁμαρτίας,
1484 2484 1840 2555 μεμνημένος
1884 2482 1982 2538 τοῦ

396 2565 636 2621 θανάτου
654 2565 751 2620 καὶ
776 2564 1112 2637 φοϐούμενος
1139 2571 1327 2625 αὐτόν.
1378 2572 1490 2626 Καὶ
1521 2572 1635 2644 γὰρ
1684 2572 1774 2626 διὰ
1824 2572 1983 2629 τοῦτο

388 2658 698 2732 τὴνψυχὴν
744 2659 823 2732 τῷ
852 2659 1036 2732 θνητῷ
1065 2662 1283 2734 σώματι
1303 2664 1656 2732 συνέπλεξεν,
1706 2666 1797 2732 ἵν’,
1849 2666 1982 2721 ὅταν

392 2755 708 2827 πρωιρεθῇ
738 2756 809 2810 τά
839 2754 1024 2826 φαῦλα
1074 2756 1163 2810 διὰ
1192 2756 1293 2829 τὴν
1326 2758 1812 2830 αύτεξουσιότητα,
1871 2778 1980 2816 πα-

392 2846 662 2915 ραχρῆμα
703 2845 1146 2916 καταδικάζηται
1180 2847 1552 2916 ἀποθνήσκων
1592 2848 1681 2903 διά
1713 2847 1815 2919 τὴν
1847 2847 1979 2921 θνηο

384 2943 601 3012 τότ-ητα
644 2942 741 2996 τοῦ
786 2940 1077 3013 σώματος’
1121 2944 1264 3017 ὅπερ
1291 2943 1492 3015 ἔμελλε
1520 2944 1742 3008 πάντως
1777 2942 1981 2999 ἀθάνα⁶

386 3051 486 3089 τον
506 3029 673 3101 εἶναι,
711 3035 761 3089 εί
794 3037 1098 3109 προῃρεῖτο
1124 3035 1194 3091 τά
1224 3035 1432 3105 ἀγαθὰ,
1487 3037 1583 3091 καὶ
1613 3036 1758 3105 ἅπερ
1789 3034 1980 3101 όΘεδς

380 3124 669 3181 ἐϐούλετο.
732 3126 913 3189 Μέσος
972 3124 1083 3196 γὰρ
1151 3125 1481 3199 θνητότητος
1532 3130 1630 3183 καὶ
1674 3125 1977 3190 ἀθανασίας
2000 3168 2047 3232 c

381 3217 667 3290 ἐπλάσθη.
716 3219 775 3271 '0
804 3218 863 3272 δὲ
896 3219 1077 3274 Σατάν
1100 3219 1161 3273 οὐ
1204 3220 1576 3293 κατεδικάσθη
1608 3219 1975 3289 ἀποθνήσκειν

372 3309 650 3364 ἐκπεσὼν
682 3312 776 3364 τοῦ
806 3310 968 3377 Θεοῦ,
989 3313 1073 3366 ὅτι
1121 3312 1326 3385 θνητὴν
1350 3312 1536 3384 φύσιν,
1577 3311 1768 3385 ὥσπερ
1789 3313 1976 3384 ἡμεῖς,

368 3405 488 3457 οὐκ
519 3398 667 3473 εἶχε,
698 3403 1005 3475 δυναμένην
1037 3407 1429 3476 ἀποθνήσκειν.
1455 3404 1556 3460 Διά
1600 3403 1779 3460 ταῦτα
1810 3404 1905 3458 καὶ
1949 3407 1978 3458 6

362 3495 486 3566 μὲν
531 3494 833 3563 ἄνθρωπος
867 3498 1124 3566 μετανοεῖ
1174 3497 1528 3569 μεμνημένος
1574 3496 1668 3551 τοῦ
1719 3496 1976 3566 θανάτου,

361 3590 477 3643 καὶ
514 3587 688 3640 τοῦτο
713 3591 890 3642 ποιεῖν
915 3589 1145 3644 δύναται
1176 3590 1374 3659 ἐφόσον
1404 3589 1472 3661 ζῇ
1526 3590 1666 3661 μετὰ
1715 3588 1811 3643 τοῦ
1870 3589 1978 3643 σώ-

354 3698 563 3755 ματος
620 3679 716 3733 τοῦ
740 3681 1081 3750 μεταϐλητῶν
1114 3683 1309 3735 τούτου
1340 3699 1356 3714 ο
1392 3683 1533 3753 μετά
1561 3681 1619 3734 δὲ
1674 3682 1768 3735 τὸν
1814 3681 1979 3736 θάνα-

350 3792 466 3829 τον
496 3774 570 3827 οὐ
606 3772 919 3842 δυνήσεται,
948 3773 1066 3829 ἀλλ’
1100 3773 1369 3843 ἄτρεπτος
1419 3772 1717 3827 διατελέσει
1746 3772 1977 3827 διαπαν-

351 3870 485 3935 τὸς,
521 3868 644 3935 τὴν
674 3866 948 3937 λαχοῦσαν
978 3864 1166 3938 χώραν
1208 3865 1360 3937 αύτῷ
1391 3865 1638 3937 κατέχων
1668 3879 1687 3899 ⁸
1714 3868 1742 3920 6
1774 3866 1831 3919 δὲ
1860 3865 1978 3920 δαί-

352 3981 493 4035 μων
533 3960 615 4013 οὐ
645 3961 901 4026 μετανοεῖ
927 3958 1015 4014 διὰ
1043 3959 1105 4012 τὸ
1134 3957 1233 4027 τῆς
1267 3957 1469 4013 ἐαυτοῦ
1520 3959 1740 4029 φύσεως
1765 3958 1977 4030 ἀμετά-

351 4058 620 4128 ϐλητον.
674 4054 745 4107 Ὃ
797 4054 909 4126 γὰρ
991 4053 1225 4117 θάνατος
1287 4054 1347 4107 ἐν
1412 4051 1744 4125 ἀνθρώποις,
1819 4052 1979 4109 τοῦτο

352 4150 677 4208 ἔκπτωσις
712 4144 768 4197 ἐν
797 4143 1076 4213 ἀγγέλοις.

444 4328 639 4385 Ἐπεὶ
670 4320 769 4380 οὖν
806 4327 1158 4397 ὁμολογεῖται
1186 4328 1268 4382 ὅτι
1309 4328 1465 4399 παρὰ
1483 4329 1579 4384 τοῦ
1636 4330 1773 4387 Θεοῦ
1834 4332 1979 4387 κατά

354 4425 453 4478 τὸν
494 4420 804 4492 πρέποντα
843 4418 1128 4489 κρίνονται
1156 4420 1340 4490 λόγον,
1370 4421 1580 4492 ἔπρεπε
1594 4423 1665 4489 τὸ
1699 4422 1977 4494 ἀνθρώπι-

352 4534 451 4568 νον
490 4507 1016 4579 ἐπανορθώσασθαι
1051 4510 1269 4581 νόσημα
1294 4510 1385 4565 διά
1428 4509 1523 4563 τοῦ
1552 4510 1752 4564 ἐαυτοῦ
1775 4512 1974 4581 Λόγου,

354 4610 431 4663 δι’
465 4598 543 4659 οὗ
590 4603 690 4655 καὶ
716 4601 955 4672 ἐξαρχῆς
980 4603 1014 4674 ἡ
1035 4601 1148 4657 τῶν
1178 4602 1486 4679 ἀνθρώπων
1515 4602 1765 4674 ἐπλάσθη
1791 4604 1977 4674 φύσις.

371 4701 555 4756 ἐπεὶ
598 4695 659 4748 δὲ
683 4694 747 4748 τὸ
776 4696 989 4767 νόσημα
1019 4694 1130 4747 τῶν
1179 4693 1489 4765 ἀνθρώπων
1516 4694 1550 4764 ἡ
1578 4694 1825 4767 ἁμαρτία
1887 4690 1979 4764 ἦν,

364 4796 522 4862 ὅπερ
571 4788 884 4859 ἐνήργησεν
935 4789 969 4857 ἠ
1001 4787 1149 4859 κακὴ
1187 4785 1428 4857 θέλησις,
1485 4785 1727 4857 ἔπρεπεν
1767 4787 1854 4840 ἵνα
1886 4786 1983 4841 καὶ

366 4890 403 4955 η
438 4879 844 4950 ἐπανόρθωσις
878 4878 1057 4932 οίκεία
1119 4880 1216 4932 καὶ
1267 4878 1586 4951 ἁρμόζουσα
1738 4879 1877 4949 πρὸς
1918 4880 1981 4933 τὸ

374 4980 625 5045 νόσημα
649 4988 663 5002 ο
722 4969 910 5043 ὥσπερ
963 4972 1060 5027 καὶ
1091 4971 1140 5024 οἱ
1181 4972 1361 5041 ίατροὶ
1391 4970 1490 5035 τὰς
1528 4970 1826 5043 θεραπείας
1846 4972 1979 5027 ἀναη

369 5070 595 5135 λόγους
635 5062 791 5115 ποιοῦ
802 5079 851 5116 σι
891 5063 1031 5132 πρὸς
1054 5062 1114 5115 τὸ
1137 5062 1349 5132 νόσημα
1364 5064 1467 5116 διαὶ
1498 5062 1590 5117 τὸν
1614 5060 1972 5116 ἀσθενοῦντα.

376 5160 501 5215 Καὶ
528 5155 651 5224 γάρ
676 5172 827 5224 φασι,
873 5174 891 5207 ι
937 5154 1020 5207 Τὰ
1058 5153 1278 5208 ἐναντία
1302 5154 1413 5209 τῶν
1443 5153 1703 5210 ἐναντίων
1745 5154 1976 5224 ίάματα.

375 5252 557 5305 Οὕτω
593 5248 638 5300 δ’
665 5248 734 5300 ἂν
757 5242 823 5318 ἦν
850 5248 1032 5303 οἰκεία
1070 5247 1166 5302 καὶ⁵
1227 5246 1547 5317 ἁρμόζουσα
1602 5248 1635 5319 ἡ
1683 5245 1980 5318 θεραπεία.

379 5345 437 5399 εἴ
458 5358 532 5411 γε
562 5342 597 5393 ὁ
622 5340 726 5409 μὲν
752 5339 1039 5411 ἄνθρωπος
1087 5339 1227 5395 καθὸ
1276 5340 1627 5407 αύτεξούσιος
1660 5339 1841 5408 οἰκεία
1897 5336 1985 5389 θε-

374 5438 555 5505 λήσει
586 5433 883 5503 προῃρεῖτο
911 5435 972 5485 rb
1022 5431 1233 5500 ἀγαθόν
1269 5448 1283 5463 ο
1325 5432 1451 5485 ἐπεὶ
1487 5431 1583 5485 καὶ
1611 5432 1789 5501 οίκειᾳ
1822 5430 1983 5500 θελή-

380 5545 475 5581 σει
510 5522 805 5593 προῃρέθη
830 5524 889 5574 τὸ
931 5522 1102 5586 κακόν
1126 5539 1139 5554 ’
1170 5524 1204 5594 ἠ
1241 5523 1297 5577 δὲ
1333 5523 1553 5593 θέλησις
1603 5522 1797 5587 αὐτοῦ,
1833 5521 1887 5574 εί
1918 5538 1982 5590 γε

378 5613 785 5673 κατευαιδοῦτο
819 5617 913 5667 καὶ
949 5615 1315 5691 κατευθύνετο
1374 5614 1510 5688 πρὸς
1568 5614 1665 5682 τὴν
1716 5613 1832 5667 ὁδὸν
1885 5613 1980 5667 τοῦ

464 5800 517 5827 τ’
554 5794 697 5848 Cen.
745 5810 782 5860 ι,
821 5794 908 5846 Ξϋ.

2085 1942 2250 1998 quam
2300 1926 2539 1984 hominis
2574 1925 2837 1998 perfectio
2865 1928 3265 1994 consideratur,
3301 1938 3468 1999 atque
3498 1944 3526 1983 a
3564 1927 3659 1984 Dei

2083 2016 2258 2088 gloria
2285 2015 2606 2084 exciderat;
2637 2016 2709 2073 ob
2742 2032 3056 2089 perversam
3089 2019 3346 2075 nimirum
3371 2035 3525 2075 suam
3562 2034 3660 2075 vo-

2083 2107 2378 2164 luntatem.
2404 2106 2777 2175 Quamobrem
2810 2110 2975 2166 etiam
3004 2111 3195 2167 mortis
3226 2110 3521 2167 damnatus
3550 2120 3657 2175 est,

2080 2197 2229 2268 quod
2261 2198 2481 2254 mortali
2513 2208 2711 2254 natura
2744 2199 3006 2270 praeditus
3035 2210 3173 2265 erat,
3208 2198 3478 2269 ejusmodi
3509 2202 3659 2257 scili-

2080 2299 2170 2346 cet
2215 2304 2338 2361 qua:
2382 2288 2526 2345 mori
2566 2275 2775 2362 posset.
2829 2290 2987 2359 Quod
3032 2292 3212 2362 ipsum
3266 2294 3511 2363 impensa
3562 2292 3659 2349 Dci

2082 2382 2427 2449 humanitate
2457 2397 2523 2440 ac
2544 2383 2831 2440 clementia
2856 2383 3062 2442 factum
3097 2394 3204 2451 est,
3229 2401 3298 2441 ne
3323 2386 3523 2440 malum
3558 2386 3661 2441 im-

2082 2471 2317 2527 mortale
2364 2471 2528 2539 foret,
2576 2473 2670 2529 sed
2716 2473 3188 2545 peccandi-finem
3238 2476 3400 2530 homo
3429 2475 3660 2541 faceret,

2079 2577 2244 2633 quem
2297 2565 2491 2621 mortis
2537 2567 2803 2622 memoria
2862 2567 3096 2639 ejusque
3147 2579 3326 2624 metus
3379 2568 3434 2625 in
3478 2569 3659 2625 omcio
3718 2584 3721 2585 '

2079 2655 2408 2711 contineret.
2449 2654 2586 2711 Nam
2618 2664 2675 2713 et
2711 2656 2837 2714 ideo
2860 2660 3078 2714 mortali
3103 2661 3322 2731 corpori
3350 2660 3657 2730 conjunxe-

2077 2754 2166 2803 rat
2214 2734 2480 2815 animam,
2516 2757 2597 2814 ut,
2648 2748 2697 2806 si
2750 2765 2860 2822 qua
2912 2751 3174 2822 praeditus
3224 2752 3345 2807 erat
3398 2752 3656 2810 facultate

2081 2836 2318 2902 arbitrii,
2371 2838 2515 2894 mala
2565 2838 2809 2911 eligeret,
2861 2840 3149 2898 confestim
3200 2843 3392 2897 mortis
3438 2852 3644 2898 senten-

2077 2931 2234 2995 tiam,
2264 2944 2496 3001 corpore
2548 2931 2790 2998 mortali,
2848 2932 3183 3002 incurreret,
3236 2934 3379 3004 quod
3430 2938 3655 2989 omnino

2077 3017 2389 3074 immortale
2440 3015 2688 3075 futurum
2733 3029 2872 3087 erat,
2918 3022 2963 3089 si
3001 3022 3167 3089 bona,
3195 3031 3249 3077 et
3290 3038 3413 3092 quae
3451 3038 3517 3076 ex
3563 3022 3657 3076 ι)ιαί

2078 3118 2265 3166 essent
2289 3110 2574 3166 voluntate
2596 3119 2941 3181 praeeptaret.
2965 3110 3174 3167 Medius
3198 3112 3345 3166 enim
3370 3113 3655 3167 mortalem

2081 3202 2225 3257 inter
2250 3212 2306 3258 et
2338 3202 2700 3259 immortalem
2728 3214 2929 3259 sortem
2974 3203 3228 3259 conditus
3262 3201 3461 3259 fuerat.
3486 3203 3655 3259 Satan

2078 3310 2234 3359 vero,
2288 3312 2412 3352 cum
2438 3312 2509 3359 ex
2556 3295 2670 3352 Deo
2710 3297 2993 3360 exciderit,
3038 3299 3182 3352 haud
3235 3306 3415 3352 tamen
3456 3298 3658 3353 mortis

2078 3388 2372 3446 damnatus
2424 3398 2548 3455 est,
2598 3387 2745 3459 quod
2792 3389 3009 3443 mortali
3060 3399 3291 3454 natura,
3331 3389 3475 3444 sicut
3520 3405 3650 3454 nos,

2078 3483 2345 3551 praeditus
2372 3496 2484 3537 non
2518 3490 2660 3547 erat,
2688 3497 2796 3552 qua
2829 3480 3039 3537 scilicet
3082 3482 3218 3536 mori
3252 3492 3457 3553 posset.
3489 3479 3658 3537 llinc-

2078 3588 2187 3645 que
2221 3574 2358 3630 adeo
2388 3583 2493 3638 est,
2538 3584 2599 3631 ut
2631 3575 2818 3641 homo,
2867 3573 3058 3630 mortis
3092 3587 3324 3640 memor,
3357 3574 3654 3644 paeniteat;

2079 3666 2312 3738 ejusque
2341 3667 2421 3724 rei
2472 3668 2551 3724 illi
2583 3667 2820 3724 facultas
2862 3676 2967 3734 est,
3017 3667 3263 3738 quandiu
3298 3677 3550 3722 versatur
3598 3667 3653 3721 in

2079 3759 2330 3815 mutabili
2360 3760 2464 3816 hoc
2498 3774 2773 3831 corpore:
2823 3769 2947 3830 post
2976 3768 3207 3815 mortem
3241 3773 3394 3824 vero,
3428 3758 3657 3813 minime

2079 3850 2264 3907 futura
2303 3860 2409 3927 est,
2443 3850 2539 3907 sed
2591 3866 2808 3922 semper
2838 3848 3196 3905 immutabilis
3232 3849 3357 3912 erit,
3390 3863 3513 3904 eum
3558 3844 3652 3919 qui

2080 3942 2158 3997 illi
2210 3941 2469 4011 obtigerit
2524 3943 2704 3998 locum
2756 3941 3027 3998 retinens.
3073 3940 3293 3996 Daemon
3324 3955 3457 3996 vero
3503 3940 3654 3996 nulla

2078 4036 2403 4107 pcenilentia
2435 4033 2677 4100 ducitur,
2707 4049 2815 4104 qua
2859 4033 3124 4106 praeditus
3152 4043 3348 4089 natura
3390 4033 3658 4090 immobili

2079 4136 2184 4184 est.
2216 4126 2376 4194 Quod
2422 4127 2571 4184 enim
2617 4140 2767 4183 mors
2800 4124 3121 4182 hominibus
3152 4134 3258 4189 est,
3292 4124 3345 4179 id
3384 4137 3545 4181 casus
3572 4136 3661 4180 est

2082 4221 2314 4291 angens.
2610 4210 2615 4213 ⁸

2152 4312 2293 4382 Quia
2338 4312 2505 4384 igitur
2547 4312 2890 4383 exploratum
2920 4321 3024 4378 est,
3056 4310 3407 4367 convenienti
3439 4325 3537 4366 eos
3569 4325 3658 4364 ra-

2082 4407 2232 4463 tione
2279 4422 2309 4462 a
2359 4406 2468 4461 Deo
2511 4406 2748 4477 judicari
2788 4422 2803 4460 :
2840 4404 3071 4460 decebat
3121 4418 3219 4473 per
3264 4401 3385 4471 ejus
3422 4400 3658 4456 Verbum

2081 4498 2307 4554 humani
2342 4499 2559 4568 generis
2584 4496 2782 4567 depelli
2829 4496 3083 4549 morbum
3118 4502 3285 4564 atque
3324 4492 3529 4557 sanari,
3558 4506 3655 4561 per

2085 4591 2229 4662 quod
2277 4590 2442 4645 etiam
2493 4604 2523 4642 a
2578 4588 2850 4658 principio
2902 4589 3141 4641 humana
3185 4595 3380 4639 natura
3424 4584 3661 4638 formata

2081 4684 2283 4740 fuerat.
2317 4680 2452 4749 Quia
2488 4694 2619 4734 vero
2652 4680 2877 4734 morbus
2911 4678 3000 4733 ille
3026 4685 3311 4747 peccatum
3334 4684 3471 4742 erat,
3499 4675 3661 4745 cujus

2083 4775 2298 4834 auctori
2352 4773 2496 4829 mala
2545 4771 2800 4828 voluntas
2853 4770 3165 4834 exstiterat,
3216 4767 3448 4824 decebat
3491 4777 3551 4824 ut
3602 4777 3662 4824 et

2081 4868 2299 4925 curatio
2339 4864 2562 4937 propria
2592 4873 2740 4920 esset
2768 4878 2834 4919 ac
2875 4877 2977 4933 pro
3021 4862 3201 4918 morbi
3252 4862 3468 4918 ratione
3492 4874 3662 4931 appo-

2081 4961 2208 5017 sita.
2240 4959 2326 5016 Uti
2360 4958 2523 5013 etiam
2570 4956 2793 5019 medici,
2827 4971 2926 5025 pro
2952 4954 3131 5011 morbi
3157 4962 3319 5025 atque
3346 4954 3536 5025 aegreti
3569 4969 3661 5008 ru-

2083 5055 2233 5109 tionc
2267 5051 2444 5107 solent
2485 5049 2745 5105 adhibere
2787 5049 3053 5115 remedia,
3086 5062 3316 5118 quorum
3347 5045 3479 5102 illud
3510 5060 3665 5101 coin—

2082 5159 2247 5201 mune
2296 5142 2516 5198 efatum
2564 5157 2578 5195 :
2616 5158 2635 5191 ο
2675 5139 2965 5196 Contraria
3014 5141 3416 5197 contrariorum
3488 5138 3666 5194 medi-

2079 5244 2351 5293 camenta.
2388 5253 2408 5288 ι
2448 5233 2539 5289 Sic
2575 5247 2704 5288 vero
2753 5246 2977 5304 propria
3010 5242 3248 5316 aptaque
3283 5234 3471 5314 futura
3500 5246 3662 5285 cura-

2082 5330 2157 5384 tio
2182 5335 2323 5390 erat,
2345 5326 2390 5381 si
2426 5325 2612 5387 homo,
2645 5337 2753 5393 qua
2784 5321 2999 5377 rati0ne
3045 5320 3201 5374 liberi
3226 5318 3438 5373 arbitrii
3482 5316 3660 5371 facul-

2084 5432 2197 5478 tate
2230 5418 2495 5490 praaditus
2522 5425 2626 5481 est,
2657 5414 2876 5485 pr0pria
2900 5414 3182 5468 voluntate
3206 5412 3407 5466 bonum
3436 5411 3663 5480 eligeret

2092 5515 2315 5586 (quippe
2348 5510 2441 5582 qui
2488 5509 2604 5578 ipse
2654 5507 2873 5578 propria
2902 5506 3092 5561 eadem
3137 5504 3415 5559 voluntate
3459 5504 3666 5557 malum

2090 5604 2349 5680 elegerat)
2378 5603 2603 5674 ejusque
2637 5601 2749 5671 ipsa
2782 5600 3035 5695 voluntas
3081 5598 3378 5670 (siquidem
3407 5597 3497 5652 illa
3538 5612 3668 5667 pro-
