3916 6204
422 355 522 419 615

1705 335 2449 404 ΜΑΝΗΕιιε-εΑιΕΟΑι
3528 337 3611 403 διδ
3668 366 3673 373 .

426 476 766 539 speraretur,
824 476 1082 533 recteque
1137 461 1191 517 in
1245 457 1461 516 honesti
1521 456 1609 511 via
1668 454 2008 527 procederet)

2122 451 2305 518 καλοῦ,
2338 452 2435 505 καὶ
2466 448 2537 503 τὰ
2558 449 2789 520 οὑρανια
2842 447 2937 501 καὶ
2960 446 3078 500 θεῖα
3137 444 3351 539 ἡγάπαρ
3384 450 3618 520 μισήσασα

424 560 665 615 coelestia
693 559 984 625 divinaque
1022 554 1291 622 diligeret,
1339 551 1467 606 odio
1500 549 1705 603 habens
1736 561 1801 600 ac
1836 545 2007 615 proji-

428 653 600 717 ciens,
642 664 763 719 qua;
807 656 935 701 ante
977 646 1117 700 mala
1155 645 1423 699 voluerat.
1460 641 1615 696 Sicut
1648 639 1794 694 enim
1818 637 2023 693 volun-‘

424 744 552 795 tntis
586 740 862 809 perversio
888 746 992 803 est,
1026 737 1209 792 odisse
1244 736 1385 791 bona
1422 752 1436 787 :
1474 735 1553 788 sic
1582 732 1702 801 ejus
1736 730 2008 786 rectitude

424 846 526 892 esu,
560 830 750 884 eadem
784 831 1035 899 diligere.
1066 827 1191 882 llaec
1217 828 1361 882 enim
1412 827 1576 881 homo
1610 824 1654 878 si
1697 831 2004 893 praestaret,

424 922 645 975 omnino
683 922 903 990 propria
938 926 1125 974 essent
1159 925 1416 987 aptaque,
1450 930 1515 971 ae
1548 916 1629 971 sic
1663 914 2009 969 emendatio-

423 1027 550 1067 nem
586 1012 827 1067 nancisci
861 999 1065 1081 posset.

492 1101 756 1172 Angelum
806 1115 969 1170 porro
1014 1100 1067 1153 id
1110 1106 1373 1168 praestare
1416 1111 1525 1150 non
1573 1094 1821 1160 decebat,
1858 1092 2007 1162 quod

421 1176 699 1261 proprium
734 1192 959 1245 minime
998 1189 1242 1243 futurum
1278 1197 1415 1241 erat.
1441 1186 1549 1241 Nec
1580 1187 1725 1240 enim
1759 1201 1854 1255 per
1882 1200 2006 1241 eum

421 1284 586 1335 homo
630 1282 809 1337 fuerat
847 1281 1124 1341 conditus.
1167 1290 1224 1334 ut
1250 1294 1344 1347 per
1369 1292 1491 1334 eum
1533 1278 1809 1333 contritus
1847 1293 2008 1346 repa-

430 1382 644 1424 raretur
694 1391 708 1427 :
761 1388 861 1427 nec
920 1374 1013 1441 qui
1080 1379 1427 1440 peccaverat,
1478 1369 1819 1424 curationem
1886 1378 2006 1423 erat

425 1466 779 1531 quarsilurus,
814 1462 906 1517 sed
944 1478 1040 1532 pro
1074 1463 1182 1516 alio
1218 1462 1396 1526 alius;
1437 1460 1582 1529 quod
1626 1476 1733 1514 non
1760 1460 1894 1515 satis
1940 1461 2006 1515 ad

424 1554 646 1622 justitiaa
688 1563 803 1607 erat.
838 1567 1086 1607 normam
1131 1560 1403 1605 exactum.
1447 1549 1516 1602 At
1550 1564 1728 1618 neque
1768 1557 1829 1604 ut
1858 1550 2011 1619 quis—

427 1659 589 1713 quam
647 1644 930 1697 hominum
965 1657 1078 1697 rem
1111 1650 1397 1711 praestaret
1427 1640 1541 1695 ﬁeri
1590 1648 1824 1710 poterat,
1861 1642 2007 1711 quod

424 1748 615 1787 omnes
651 1742 874 1803 peccato
908 1733 1117 1788 obnixii
1154 1742 1357 1789 essent.
1410 1731 1623 1787 Etenim
1674 1733 1851 1802 ipsum
1905 1733 2009 1789 hoc

2086 549 2209 639 ,καὶ
2247 544 2606 616 ἀπορρίψασα
2638 544 2707 595 τὰ
2738 541 2940 611 φαῦλα,
2974 541 3116 608 ἅπερ
3135 532 3351 609 ἠθέλησε
3379 542 3618 611 πρότερον.

2112 640 2327 709 ’Ὠσπερ
2364 640 2476 708 γὰρ
2510 638 2545 706 ἡ
2575 635 2877 706 διαστροφὴ
2909 633 3009 703 τῆς
3038 632 3297 701 θελήσεώς
3326 634 3432 685 ἐστι
3458 633 3511 685 τί)
3547 653 3621 702 μι-

2118 735 2232 785 σεῖν
2258 733 2326 784 τὰ
2351 730 2523 793 καλὰ,
2548 728 2721 791 οὕτως
2761 729 2793 797 ὴ
2827 726 3055 797 ὀρθότης
3087 724 3249 791 αὐτῆς
3301 722 3358 776 τὸ
3403 724 3464 777 τὰ
3507 727 3623 780 καλὰ

2110 826 2353 895 ἀγαπᾷν.
2390 821 2579 876 Ταῦτα
2609 820 2716 891 γὰρ
2754 820 2913 888 εἴπερ
2943 820 2971 872 6
3018 817 3293 887 ἄνθρωπος
3320 816 3493 880 ἐποίει,
3517 818 3623 871 πάν-

2108 933 2217 980 τως
2256 911 2398 985 ἦσαν
2430 914 2607 967 οίκεϊα
2632 912 2730 965 καὶ
2763 912 3089 981 ἁρμόζοντα,
3121 909 3213 962 καὶ
3260 907 3419 969 οὕτως
3439 907 3622 962 ἐδύνατο

2092 1007 2207 1078 γτὴν
2236 1006 2620 1076 ἐπανόρθωσιν
2650 1006 2855 1075 εὑρεῖν.

2185 1097 2452 1165 ’Δγγελον
2491 1096 2588 1167 μὲν
2621 1092 2715 1149 οὖν
2742 1094 2900 1149 τοῦτο
2954 1094 3176 1164 ποιῆσαι
3206 1093 3304 1146 οὑκ
3354 1092 3469 1157 ἔδει,
3522 1094 3628 1145 διότι

2109 1182 2379 1238 ἀνοίκειον
2399 1180 2485 1256 ἦν.
2534 1182 2674 1238 Οὔτε
2706 1184 2816 1254 γὰρ
2839 1184 2905 1235 δι’
2954 1182 3125 1236 αὑτοῦ
3159 1182 3366 1249 ἐγένετο
3394 1184 3420 1234 6
3449 1182 3627 1251 ἀνθρω-

2111 1293 2234 1340 πος,
2279 1276 2366 1329 ἵνα
2424 1277 2519 1331 καὶ
2562 1275 2631 1329 δι’
2685 1274 2850 1328 αὑτοῦ
2927 1271 3237 1344 συντριϐεὶς
3285 1270 3629 1342 ὲπανορθωθῇ·

2108 1367 2233 1437 οὑτε
2288 1368 2346 1430 ὃς
2402 1367 2620 1437 ἥμαρτε
2669 1365 2769 1436 τὴν
2822 1365 3119 1436 θεραπείαν
3167 1362 3350 1433 ἔμελλε
3395 1362 3632 1432 ζητήσειν,

2110 1459 2247 1514 ἀλλὰ
2274 1459 2434 1521 ἀλλος
2469 1460 2592 1512 ἀντὶ
2620 1458 2785 1512 ἄλλου
2809 1474 2824 1491 ο
2853 1458 2993 1529 ὅπερ
3024 1459 3125 1510 οὑκ
3156 1453 3223 1528 ἦν
3261 1456 3475 1509 δίκαιον.
3501 1455 3634 1507 Ἀλλὰ

2118 1552 2229 1623 μὴν
2259 1552 2382 1605 οὐδέ
2408 1569 2529 1604 τινα
2560 1551 2850 1620 ἄνθρωπον
2881 1550 3108 1604 δυνατὸν
3133 1544 3200 1619 ἦν
3244 1549 3395 1601 τοῦτο
3430 1548 3632 1617 ἐργάσα-

2113 1644 2263 1707 σθαι,
2297 1643 2433 1696 διότι
2491 1644 2694 1707 πάντες
2748 1644 2921 1714 ἔνοχοι
2972 1639 3113 1714 ἦσαν
3140 1644 3205 1712 τῇ
3258 1639 3501 1711 ἁμαρτίᾳ.
3549 1639 3637 1692 Καὶ

2110 1734 2221 1802 γὰρ
2254 1734 2385 1786 αὑτὸ
2422 1734 2639 1803 πρῶτον
2666 1734 2728 1786 τὸ
2758 1734 2818 1798 ἐξ
2868 1732 3060 1803 ἀνδρρς
3109 1732 3196 1784 διὰ
3228 1729 3470 1799 γυναικὸς
3524 1729 3635 1797 μετὰ

422 1828 682 1897 primum,
712 1828 857 1896 quod
899 1843 962 1883 ex
994 1828 1112 1882 viro
1142 1844 1238 1897 per
1287 1828 1569 1883 mulierem
1604 1843 1728 1882 cum
1778 1828 2005 1883 libidine

2122 1824 2317 1887 πάθους
2340 1824 2638 1893 γεννᾶσθαι
2676 1825 2741 1877 ὲκ
2801 1825 2903 1893 τῆς
2956 1821 3371 1894 προπατορικῆς
3407 1820 3637 1889 ἁμαρτίας

423 1928 741 1982 nascantur,
770 1935 834 1973 ex
869 1920 1169 1989 primorum
1196 1927 1485 1990 parentum
1514 1928 1737 1988 peccato
1767 1921 2002 1975 descen-

419 2009 534 2075 dit;
589 2018 668 2074 ut,
711 2010 792 2065 vel
840 2009 885 2063 si
937 2011 1043 2064 alia
1085 2011 1265 2065 omnia
1315 2012 1599 2075 deessent,
1652 2012 1756 2066 hoc
1810 2011 2001 2066 saltem

423 2115 615 2155 omnes
648 2110 869 2169 peccato
918 2101 1284 2171 subjacerent.
1334 2101 1548 2157 Idcirco
1596 2102 1761 2158 etiam
1793 2104 2003 2158 daemon

422 2191 729 2243 animarum
787 2200 1102 2247 sanctorum
1164 2207 1391 2265 compos
1428 2202 1581 2259 erat,
1644 2193 1789 2270 quod
1826 2195 2008 2249 nullus

422 2280 707 2335 hominum
754 2296 782 2335 a
824 2292 1050 2350 peccato
1097 2284 1322 2337 omnino
1361 2284 1494 2339 liber
1524 2286 1860 2359 exsistebat;
1898 2301 2008 2355 prae

421 2371 543 2440 ejus
583 2371 843 2425 nimirum
878 2373 1173 2427 insatiabili
1208 2372 1509 2443 cupiditate
1555 2375 1872 2444 injustaque
1916 2389 2004 2428 ra-

424 2463 658 2533 pacitate
688 2478 752 2517 ac
784 2465 993 2533 peccati
1033 2465 1415 2531 similitudine,
1466 2483 1572 2537 qua
1627 2468 1702 2522 illi
1735 2450 1859 2523 curn
1908 2466 2010 2522 ho—

426 2556 668 2611 minibus
704 2556 849 2625 (aliis
878 2557 1021 2625 plus,
1048 2558 1171 2614 aliis
1199 2561 1405 2631 minus)
1431 2560 1821 2615 commercium
1851 2568 2005 2615 erat:

426 2661 604 2715 eoque
633 2649 960 2703 commercio
1001 2653 1151 2721 regni
1182 2653 1267 2707 sui
1317 2652 1532 2721 signum
1566 2667 1631 2707 ac
1664 2652 2007 2720 signaculum

426 2739 660 2807 (peccati
701 2740 929 2812 scilicet)
980 2735 1033 2795 in
1081 2743 1159 2796 eis
1195 2743 1451 2807 habebat,
1507 2751 1565 2797 ut
1596 2755 1648 2798 et
1691 2742 1835 2811 juris
1866 2759 2014 2814 quae—

404 2831 550 2884 dam
588 2830 700 2883 haec
735 2832 946 2899 species
977 2840 1141 2887 esset.
1179 2831 1231 2885 Id
1278 2847 1405 2886 vero
1436 2833 1598 2887 etiam
1647 2835 1827 2890 avaris
1866 2833 2011 2904 inju-

430 2923 641 2991 stisque
704 2925 1017 2993 raptoribus
1074 2924 1362 2992 inolitum;
1424 2940 1638 2996 semper
1691 2927 2010 2984 occasiones

431 3024 707 3081 quaerunt,
742 3022 801 3067 ut
831 3030 953 3084 qua:
996 3015 1271 3070 minorum
1318 3027 1448 3071 sunt
1490 3031 1555 3072 ac
1581 3017 1912 3083 vicinorum,
1945 3020 2013 3073 ab

430 3104 510 3157 eis
538 3105 748 3169 avulsa,
797 3105 1023 3162 ditionis
1064 3122 1178 3163 sua:
1212 3107 1463 3178 iurisque
1490 3107 1748 3164 elliciant.
1778 3109 2014 3166 Necesse

431 3194 649 3248 demum
680 3203 795 3249 erat
821 3197 1110 3265 quemdam
1143 3198 1405 3253 exsistere
1443 3201 1718 3254 hominem
1751 3200 1820 3255 ab
1858 3202 2011 3256 omni

430 3299 657 3362 prorsus
693 3298 919 3354 peccato
961 3287 1283 3351 immunem,
1320 3296 1379 3341 ut
1412 3303 1521 3342 non
1552 3304 1681 3343 suos
1713 3289 1831 3359 ipse
1864 3290 2016 3347 defe—

430 3385 551 3429 ctus
576 3376 949 3430 emendandos
980 3377 1228 3442 haberet,
1270 3378 1364 3433 sed
1394 3378 1623 3435 aliorum
1651 3380 1705 3434 in
1737 3394 1798 3437 se
1828 3396 2016 3437 suSCe-

430 3470 539 3539 ptis
570 3469 831 3538 peccatis,
868 3484 968 3540 pro
1006 3470 1088 3526 eis
1138 3471 1280 3541 apud
1315 3470 1482 3528 Deum
1526 3474 1893 3542 satisfaceret,
1926 3476 2015 3530 cui

432 3564 687 3618 homines
734 3564 942 3618 inimici
978 3564 1268 3633 hostesque
1299 3549 1501 3635 erant,
1533 3568 1678 3638 quod
1725 3568 1869 3624 mala
1902 3577 2015 3624 tum

432 3670 541 3726 quo
569 3655 885 3725 diligebant,
921 3666 1032 3710 tum
1068 3666 1122 3711 et
1151 3657 1409 3725 agebant.

508 3747 577 3801 Ut
625 3750 807 3817 itaque
854 3747 906 3801 id
944 3748 1192 3803 homines
1245 3757 1593 3818 praestarent,
1620 3759 1721 3826 .utt
1754 3751 1958 3807 dictum
1989 3768 2017 3806 a

433 3840 593 3892 nobis
619 3850 723 3898 est,
752 3838 867 3892 ﬁeri
902 3855 1006 3894 non
1032 3847 1271 3911 poterat,
1296 3842 1440 3910 quod
1473 3842 1707 3911 quisque
1732 3842 2018 3897 hominum

436 3938 660 3997 peccato
695 3932 967 3983 obnoxius
999 3939 1186 3987 esset:
1234 3931 1440 3987 idcirco
1474 3946 1746 4002 propensa
1787 3932 1881 3987 Dei
1924 3934 2021 3989 Fi-

436 4020 542 4073 lius
581 4020 880 4085 voluntate,
934 4036 1032 4091 per
1079 4038 1239 4092 quem
1274 4024 1459 4077 omnia
1512 4023 1737 4079 condita
1782 4023 2020 4092 fuerant,

437 4119 681 4163 nostram
719 4121 970 4165 naturam
1005 4112 1074 4166 ab
1116 4113 1266 4166 omni
1313 4115 1615 4170 immunem
1662 4125 1889 4185 peccato
1934 4133 2022 4172 as-

438 4201 697 4268 sumpsit.
746 4199 903 4256 Unde
949 4203 1110 4257 etiatn
1167 4204 1315 4258 nasci
1363 4220 1431 4260 ex
1472 4203 1696 4277 Virgine
1742 4208 1931 4273 voluit,
1966 4219 2025 4263 ut

439 4293 666 4344 omnino
700 4291 837 4347 liber
871 4303 1016 4348 esset
1061 4308 1090 4348 a
1142 4304 1368 4363 peccato
1417 4296 1670 4366 originis,
1719 4297 1908 4368 sicque
1944 4300 2022 4353 vi-

440 4393 550 4435 tam
591 4382 901 4447 instituere,
930 4393 989 4437 ut
1019 4383 1229 4441 nullum
1262 4386 1315 4439 in
1346 4401 1409 4441 eo
1441 4396 1723 4456 peceatum
1759 4398 2020 4457 exstaret,

440 4475 532 4529 sed
578 4477 765 4529 ortntis
822 4475 998 4530 virtus
1052 4477 1314 4542 eluceret,
1374 4479 1575 4548 quibus
1627 4489 1682 4535 et
1733 4480 1921 4535 docuit
1972 4491 2024 4535 ct

440 4566 588 4633 egit;
641 4566 734 4634 qui
791 4580 991 4634 nempe
1046 4582 1237 4620 norma
1289 4568 1549 4622 omnibus
1599 4569 1913 4639 propositus
1960 4584 2023 4623 ac

440 4657 745 4725 exemplum
794 4656 859 4709 ad
908 4656 1140 4713 salutem
1179 4667 1345 4726 esset,
1401 4660 1733 4730 modumque
1767 4677 1832 4715 ac
1875 4661 2017 4715 viam

440 4750 697 4802 curanda:
765 4740 988 4803 humani
1057 4752 1273 4816 generis
1348 4743 1733 4821 (egritudinis,
1802 4752 2021 4807 virtutis

444 4841 592 4895 cultu
626 4851 897 4911 reetzeque
933 4842 986 4896 in
1018 4846 1099 4898 eis
1131 4844 1453 4908 voluntatis,
1500 4845 1762 4900 mortales
1815 4844 2025 4914 praedo-

442 4944 607 4988 ουκ-οι.
648 4936 858 4989 Etenim
898 4950 998 4989 suo
1026 4935 1140 5005 ipse
1163 4938 1409 5006 exemplo
1435 4938 1640 4999 docuit,
1680 4937 1770 5005 qui
1806 4937 1895 4988 ﬂat
1941 4944 2020 4999 ut,

440 5045 550 5096 quo
586 5029 920 5090 laboramus,
956 5031 1204 5082 morbum
1244 5030 1623 5083 etnendetnus.

517 5120 753 5171 Primum
798 5120 942 5173 enim
976 5124 1225 5190 apparuit
1269 5135 1362 5187 per
1409 5122 1511 5175 hoc
1547 5120 1861 5191 mysterium
1912 5122 2030 5175 dis~

442 5214 803 5281 pensationis,
841 5229 865 5268 s
900 5215 947 5268 ic
1010 5230 1106 5268 nos
1139 5217 1302 5268 Deum
1339 5214 1615 5277 dilexisse,
1649 5221 1707 5267 ut
1749 5224 1801 5267 et
1832 5213 2025 5268 Filium

443 5318 603 5355 suum
639 5303 916 5361 hominem
960 5306 1075 5360 ﬁeri
1109 5306 1364 5370 voluerit,
1397 5305 1634 5375 hincque
1664 5306 1800 5359 adeo
1831 5317 1889 5360 ut
1925 5324 2022 5361 nos

445 5395 621 5460 ipsum
652 5396 943 5467 diligamus
976 5398 1192 5467 egregie
1226 5398 1423 5463 suasit,
1469 5398 1562 5465 qui
1605 5412 1799 5467 nempe
1846 5400 2026 5454 excel-

447 5486 645 5540 lentem
694 5488 814 5557 ejus
858 5505 983 5559 erga
1044 5504 1145 5544 nos
1198 5490 1542 5545 dilectionem
1596 5490 1965 5560 intelligamus
2014 5511 2026 5545 :

447 5577 612 5644 inque
663 5579 808 5635 hunc
856 5584 1078 5636 modum
1136 5583 1287 5636 illius
1346 5582 1554 5636 auxilio
1612 5591 1778 5652 atque
1824 5586 2021 5652 gratia,

449 5681 665 5725 esturtsa
698 5674 857 5729 nobis
886 5685 1195 5742 prementes
1225 5676 1454 5745 vestigia
1498 5676 1790 5746 ipsumque
1819 5678 2019 5740 secuti,

444 5769 738 5826 adepturos
808 5781 906 5821 nos
966 5768 1356 5823 beatitudinem
1418 5785 1700 5837 speramus
1766 5771 1857 5840 (in
1928 5771 2019 5824 Dei

2040 3158 2087 3221 α

2108 1914 2410 1983 κατάγεται
2433 1931 2448 1947 ο
2483 1913 2627 1969 ὥστε
2659 1916 2708 1968 εί
2754 1914 2831 1986 μὴ
2859 1913 3004 1968 κατά
3039 1930 3095 1966 τι
3127 1912 3274 1977 ἄλλο,
3333 1912 3463 1966 κατὰ
3507 1909 3638 1961 τοῦτο

2106 2006 2237 2075 γοῦν
2266 2007 2498 2069 ἕκαστος
2524 2006 2774 2077 ἁμαρτίᾳ
2836 2007 3147 2059 ὑπόκειται.
3187 2005 3285 2058 Διὰ
3338 2002 3485 2055 τοῦτο
3531 2000 3637 2067 γοῦν

2109 2097 2206 2151 καὶ
2230 2095 2508 2168 ιγκρατὴς
2534 2091 2603 2168 ἦν
2628 2099 2655 2150 6
2678 2096 2890 2173 δαίμων
2942 2095 3055 2148 τῶν
3097 2094 3285 2164 ψυχῶν
3320 2092 3421 2147 τῶν
3475 2092 3635 2156 ἀγέων.

2107 2190 2189 2242 ὅτι
2236 2189 2414 2252 οὐδεὶς
2450 2188 2547 2241 ἀνθ
2560 2187 2757 2260 ρώπων
2786 2187 3218 2257 ἀπηλλαγμένος
3250 2181 3316 2257 ἧν
3341 2185 3640 2238 παντάπασιν

2111 2279 2390 2350 ἁμαρτίας
2423 2280 2509 2333 διὰ
2538 2280 2637 2348 τὴν
2671 2278 2980 2349 ἀπληστίαν
3006 2276 3178 2331 αὑτοῦ
3209 2277 3304 2331 καὶ
3344 2276 3436 2347 τὴν
3460 2275 3643 2327 πλεονε-

2113 2368 2260 2435 ξίαν,
2291 2370 2385 2421 καὶ
2415 2368 2508 2422 διὰ
2537 2368 2637 2440 τὴν
2660 2370 2962 2439 ὁμοιότητα
2995 2370 3099 2437 τῆς
3131 2366 3420 2437 ἁμαρτίας,
3467 2363 3572 2417 καθ’
3590 2363 3644 2431 ἣν

2110 2462 2222 2522 τοῖς
2270 2458 2579 2529 ἀνθρώποις
2628 2458 2927 2523 ὲκοινὼνειν
2960 2462 3073 2521 τοῖς
3124 2459 3223 2531 μὲν
3269 2457 3440 2510 πλεῖον
3474 2456 3567 2517 τοῖς
3600 2450 3648 2505 δὲ

2112 2546 2360 2619 ἔλαττον,
2388 2554 2483 2606 καὶ
2504 2554 2642 2608 καθὸ
2676 2554 2855 2618 αὐτοῖς
2876 2556 3154 2609 ἐκοινώνει
3180 2556 3393 2623 σημεῖον
3409 2550 3650 2615 2126;93:-

2112 2646 2238 2714 γῖδσο
2266 2647 2324 2699 έν
2374 2647 2559 2711 αὐτοῖς
2632 2642 2745 2717 εἶχε
2792 2647 2893 2717 τῆς
2944 2648 3142 2702 ἑαυτοῦ
3207 2645 3490 2718 βασιλείας,
3519 2657 3648 2695 τουτ-

2114 2740 2261 2794 έστιν
2284 2740 2561 2811 ἁμαρτίας
2588 2756 2602 2771 ο
2623 2739 2765 2793 ὥστε
2800 2738 2903 2792 καί
2924 2739 3226 2811 δικαίωμα.
3251 2736 3412 2791 Τοῦτο
3436 2735 3487 2788 δὲ
3508 2735 3589 2787 καὶ
3610 2731 3651 2784 οί

2122 2832 2446 2885 πλεονέκται
2480 2830 2748 2898 ποιοῦσιν,
2787 2832 3045 2903 ἀφορμὰς
3108 2832 3447 2903 εὑρίσκοντες
3481 2828 3557 2880 ἀεὶ
3594 2826 3653 2877 τὰ

2113 2923 2222 2976 τῶν
2254 2923 2559 2978 ἐλαττόνων
2617 2925 2714 2977 καὶ
2762 2923 3192 2999 γειτνιαζόντων
3235 2923 3535 2993 παρασπᾷν,
3579 2917 3655 2972 καὶ

2115 3015 2291 3070 ταῦτα
2351 3015 2565 3068 ἑαυτῶν
2619 3014 2988 3085 κληρονομίαν
3044 3017 3247 3069 ποιεῖν.
3313 3015 3452 3067 Ἔδει
3503 3008 3656 3063 λοιπὸν

2118 3109 2404 3178 ἄνθρωπον
2431 3108 2552 3163 τινὰ
2573 3108 2829 3176 γενέσθαι
2880 3108 3278 3179 ἀναμάρτητον
3324 3094 3509 3174 πάντη,
3536 3102 3654 3155 ὥστε

2125 3200 2200 3271 μὴ
2231 3201 2377 3271 ἔχειν
2414 3200 2605 3271 χρείαν
2637 3201 2704 3254 τὰ
2725 3194 2920 3255 ἑαυτοῦ
2951 3198 3296 3271 ἐπανορθοῦν
3320 3195 3656 3263 ἐλαττώματα.

2120 3292 2258 3347 ἀλλὰ
2287 3292 2353 3346 τὰ
2372 3292 2481 3345 τῶν
2516 3292 2695 3348 ἄλλων
2724 3291 3128 3361 ἀναδεξάμενον
3146 3282 3659 3363 ἁμαρτήματα,ὑπὲρ

2121 3385 2346 3439 ἐκείνων
2381 3384 2517 3455 πρὸς
2550 3386 2642 3438 τὸν
2669 3384 2807 3439 Θεὸν
2839 3387 3317 3458 ἀπολογήσασθαι,
3350 3378 3392 3452 ᾧ
3449 3377 3574 3451 ἦσαν
3620 3375 3660 3426 οἱ

2121 3474 2400 3547 ἄνθρωποι
2436 3476 2689 3547 πολέμιοι
2716 3478 2812 3531 καὶ
2838 3477 3046 3548 ἐχθροὶ,
3082 3478 3155 3533 τὰ
3217 3475 3396 3546 φαῦλα
3439 3471 3526 3527 καὶ
3551 3468 3663 3534 ἀγα-

2125 3565 2340 3630 πῶντες
2364 3568 2460 3621 καὶ
2482 3567 2841 3640 πράττοντες.

2195 3749 2356 3821 Παρὰ
2393 3752 2492 3821 μὲν
2518 3751 2611 3806 οὖν
2640 3754 2750 3805 τῶν
2775 3751 3108 3823 ἀνθρώπων,
3132 3754 3209 3816 ὡς
3247 3752 3471 3826 ἔφημεν,
3498 3744 3663 3798 6166\n-

2122 3859 2213 3895 τον
2257 3838 2325 3913 ἦν
2360 3844 2521 3897 τοῦτο
2540 3845 2825 3911 γενέσθαι,
2860 3845 2951 3897 διὰ
3011 3848 3073 3897 τὸ
3123 3846 3355 3899 ἕκαστον
3410 3836 3667 3911 ἁμαρτίαις

2125 3933 2431 3988 ὑπεύθυνον
2465 3926 2627 3989 εἶναι.
2664 3937 2763 3988 Διὰ
2788 3935 2950 3990 τοῦτο
2980 3937 3007 3990 6
3038 3936 3173 4001 Υίδς
3218 3935 3312 3990 τοῦ
3349 3933 3499 3991 Θεοῦ.
3531 3928 3591 3983 δι’
3615 3919 3664 3979 οὗ

2124 4026 2192 4079 τὰ
2224 4028 2401 4081 πάντα
2462 4030 2701 4096 ἐγένετο,
2747 4028 3009 4099 εὑδόκησε
3065 4029 3169 4102 τὴν
3228 4028 3497 4099 ἡμετέραν
3535 4021 3669 4090 φύσιν

2127 4118 2537 4190 ἀναμαρτήτως
2569 4119 2884 4175 ἀναλαϐεῖν.
2933 4121 3099 4174 Ὅθεν
3158 4122 3255 4177 καὶ
3304 4124 3367 4174 ὲκ
3429 4114 3670 4186 Παρθένου

2126 4209 2347 4281 ἐτέχθη,
2396 4209 2696 4283 ἵναηπάντη
2736 4213 3021 4283 ἐλεύθερος
3161 4215 3264 4285 τῆς
3303 4205 3671 4283 προπατορῑκῆς

2127 4302 2443 4371 ἁμαρτίαςο
2496 4305 2593 4356 καὶ
2652 4302 2794 4357 οὑτω
2842 4305 3153 4371 διαϐιῶναι,
3228 4305 3370 4359 ὥστε
3438 4296 3670 4373 μηδεμίαν

2131 4394 2416 4462 ἀμαρτίαν
2440 4395 2497 4447 ὲν
2522 4396 2673 4465 αὑτῷ
2703 4396 2998 4467 εὑρεθῆναι
3027 4411 3040 4425 ⁸
3078 4398 3220 4452 ἀλλά
3247 4399 3426 4451 πᾶσαν
3477 4392 3665 4462 ἀρετὴν.

2059 4512 2100 4566 θ
2131 4483 2200 4537 δι’
2254 4481 2328 4539 ῶν
2371 4487 2579 4553 ἐδίδαξε
2611 4489 2705 4541 καὶ
2729 4488 2933 4559 ἔπραξε
2957 4492 3066 4554 τοῖς
3093 4488 3405 4560 ἀνθρώποις
3434 4483 3669 4556 προθέντα

2135 4579 2305 4631 τύπον
2349 4580 2448 4633 καὶ
2479 4582 2847 4650 ὑπογραμμὸν
2870 4583 3003 4634 πᾶσι
3036 4585 3330 4651 γεγονέναι
3357 4582 3488 4652 πρὸς
3525 4588 3671 4638 σωτη-

2141 4672 2286 4741 ρίαν,
2325 4672 2421 4725 καὶ
2449 4673 2540 4725 τὸν
2560 4674 2761 4743 τρόπον
2785 4674 2878 4726 καὶ
2904 4674 3003 4745 τὴν
3026 4676 3147 4728 όδδιν
3180 4677 3279 4745 τῆς
3307 4669 3582 4743 θεραπείας
3596 4660 3673 4716 τοῦ

2136 4763 2481 4831 ἀνθρωπίνου
2511 4767 2811 4835 νοσήματος
2848 4766 2934 4819 διὰ
2958 4770 3054 4832 τῆς
3078 4764 3284 4837 ἀρετῆξ
3308 4768 3397 4819 καί
3428 4764 3516 4831 τῆς
3536 4756 3675 4825 όρθῇς

2135 4853 2192 4904 ὲν
2224 4854 2409 4915 αὑτοῖς
2437 4854 2711 4925 θελήσεως
2746 4856 3084 4926 προδιδάξοιι.
3138 4858 3243 4910 Καὶ
3285 4859 3390 4927 γὰρ
3420 4850 3574 4913 ἔδειξε
3622 4840 3678 4894 δι’

2137 4943 2357 5010 ἑαυτοῦ,
2400 4946 2505 4998 τίνι
2560 4949 2749 5018 τρόπῳ
2803 4949 3149 5021 δυνησόμεθα
3204 4951 3266 5002 τὸ
3304 4949 3511 5016 νόσημα
3547 4939 3679 5009 ἡμῶν

2139 5037 2651 5108 ἐπανορθώσασθαι.
3429 5052 3432 5056 ’

2210 5131 2436 5199 Πρῶτον
2467 5134 2573 5201 γὰρ
2617 5133 2792 5201 ἐφάνη
2847 5133 2939 5185 διὰ
3016 5132 3111 5186 τοῦ
3165 5132 3469 5203 μυστηρίου
3520 5125 3683 5178 τούτου

2139 5222 2238 5291 τῆς
2257 5224 2569 5290 οἰκονομίας
2602 5222 2682 5277 ὅτι
2710 5228 2735 5277 6
2772 5225 2905 5289 Θεὸς
2938 5228 3197 5280 τοσοῦτον
3236 5220 3681 5295 ἠγάπησενήμᾶςο

2138 5313 2218 5362 ὅτι
2260 5313 2353 5363 καὶ
2411 5313 2697 5383 ἄνθρωπον
2750 5315 3012 5382 γενέσθαι
3066 5314 3303 5385 ἠθέλησε
3369 5315 3457 5368 τὸν
3513 5305 3682 5364 sur-0'3

2142 5403 2292 5467 Υὶὸν,
2330 5408 2421 5457 καὶ
2449 5405 2537 5458 διὰ
2558 5405 2748 5459 τούτου
2799 5409 3122 5461 κατέπεισεν
3155 5410 3305 5480 ἡμᾶς
3366 5406 3577 5480 ἀγαπᾷν
3602 5399 3683 5452 a5-

2142 5496 2255 5563 τὸν,
2313 5497 2794 5569 ἐννοοῦντας-’τὴν
2847 5498 3304 5568 ὑπερϐάλλουσαν
3362 5494 3524 5551 αὑτοῦ
3580 5487 3684 5557 περ.

2141 5588 2290 5656 ἡμᾶς
2318 5587 2561 5657 ἀγάπην.
2594 5592 2703 5643 Καὶ
2742 5589 2887 5644 οὑτω
2913 5595 2977 5663 τῇ
3009 5592 3176 5645 αὑτοῦ
3209 5592 3437 5665 βοηθείᾳ
3466 5591 3553 5651 καὶ
3603 5584 3682 5655 xi:

2143 5696 2251 5749 ριτι
2285 5684 2394 5741 τοῖς
2422 5681 2786 5751 ὑποδειχθεῖσι
2815 5686 3037 5755 τρόποις
3073 5686 3364 5755 ἑπόμενοι,
3415 5684 3683 5747 ἐλπίζομεί

2140 5772 2327 5842 τυχεῖν
2360 5772 2457 5838 τῆς
2494 5777 2922 5845 μακαριότητος,
2954 5778 3075 5849 ἥτις
3131 5778 3191 5829 ὲν
3230 5781 3294 5848 τῇ
3352 5776 3483 5829 Θεοῦ
3515 5768 3684 5839 θεωρίῖδ
