  <div class='ocr_page' id='page_1' title='image "/cluster/home/n/w/nwhite01/storage/ocr_20150623/152/hvd.32044073502635/320.png"; bbox 0 0 3916 6204; ppageno 0'>
   <div class='ocr_carea' id='block_1_1' title="bbox 229 354 308 420">
    <p class='ocr_par' dir='ltr' id='par_1_1' title="bbox 229 354 308 420">
     <span class='ocr_line' id='line_1_1' title="bbox 229 354 308 420; baseline 0 -1"><span class='ocrx_word' id='word_1_1' title='bbox 229 354 308 420; x_wconf 69' lang='lat' dir='ltr'><strong>ﬁll</strong></span> 
     </span>
    </p>
   </div>
   <div class='ocr_carea' id='block_1_2' title="bbox 1132 359 2454 430">
    <p class='ocr_par' dir='ltr' id='par_1_2' title="bbox 1132 359 2454 430">
     <span class='ocr_line' id='line_1_2' title="bbox 1132 359 2454 430; baseline 0.008 -11"><span class='ocrx_word' id='word_1_2' title='bbox 1132 359 1230 419; x_wconf 85' lang='lat' dir='ltr'><strong>DE</strong></span> <span class='ocrx_word' id='word_1_3' title='bbox 1273 359 1696 422; x_wconf 81' lang='lat' dir='ltr'><strong>PRINClPllS</strong></span> <span class='ocrx_word' id='word_1_4' title='bbox 1738 362 1949 422; x_wconf 85' lang='lat' dir='ltr'><strong>FlDEI</strong></span> <span class='ocrx_word' id='word_1_5' title='bbox 1983 365 2454 430; x_wconf 74' lang='lat' dir='ltr'><strong>CATHULIC/E.</strong></span> 
     </span>
    </p>
   </div>
   <div class='ocr_carea' id='block_1_3' title="bbox 3323 369 3429 434">
    <p class='ocr_par' dir='ltr' id='par_1_3' title="bbox 3323 369 3429 434">
     <span class='ocr_line' id='line_1_3' title="bbox 3323 369 3429 434; baseline 0 -1"><span class='ocrx_word' id='word_1_6' title='bbox 3323 369 3429 434; x_wconf 79' lang='lat'><strong>618</strong></span> 
     </span>
    </p>
   </div>
   <div class='ocr_carea' id='block_1_4' title="bbox 228 468 1755 558">
    <p class='ocr_par' dir='ltr' id='par_1_4' title="bbox 228 468 1754 545">
     <span class='ocr_line' id='line_1_4' title="bbox 228 468 1754 545; baseline 0.003 -20"><span class='ocrx_word' id='word_1_7' title='bbox 228 470 622 532; x_wconf 74' lang='grc' dir='ltr'>συνίσταταιοείς</span> <span class='ocrx_word' id='word_1_8' title='bbox 652 470 720 542; x_wconf 69' lang='grc' dir='ltr'>ἢν</span> <span class='ocrx_word' id='word_1_9' title='bbox 778 468 941 533; x_wconf 76' lang='grc' dir='ltr'>αὐτὸς</span> <span class='ocrx_word' id='word_1_10' title='bbox 987 470 1138 540; x_wconf 73' lang='grc' dir='ltr'>ἡμᾶς</span> <span class='ocrx_word' id='word_1_11' title='bbox 1195 472 1438 530; x_wconf 80' lang='grc' dir='ltr'>εἵλκυσε.</span> <span class='ocrx_word' id='word_1_12' title='bbox 1481 473 1594 545; x_wconf 77' lang='grc' dir='ltr'><strong>Τὴν</strong></span> <span class='ocrx_word' id='word_1_13' title='bbox 1644 474 1754 545; x_wconf 79' lang='grc' dir='ltr'><strong>γάρ</strong></span> 
     </span>
    </p>
   </div>
   <div class='ocr_carea' id='block_1_5' title="bbox 1860 468 3486 558">
    <p class='ocr_par' dir='ltr' id='par_1_5' title="bbox 1860 475 3486 558">
     <span class='ocr_line' id='line_1_5' title="bbox 1860 475 3486 558; baseline 0.003 -27"><span class='ocrx_word' id='word_1_14' title='bbox 1860 475 2069 533; x_wconf 84' lang='lat' dir='ltr'><strong>scilicet</strong></span> <span class='ocrx_word' id='word_1_15' title='bbox 2104 478 2312 535; x_wconf 80' lang='lat' dir='ltr'><strong>visione</strong></span> <span class='ocrx_word' id='word_1_16' title='bbox 2358 478 2616 550; x_wconf 84' lang='lat' dir='ltr'><strong>positam)</strong></span> <span class='ocrx_word' id='word_1_17' title='bbox 2651 481 2716 535; x_wconf 89' lang='lat' dir='ltr'><strong>ad</strong></span> <span class='ocrx_word' id='word_1_18' title='bbox 2750 494 2913 550; x_wconf 88' lang='lat' dir='ltr'><strong>quam</strong></span> <span class='ocrx_word' id='word_1_19' title='bbox 2958 479 3075 551; x_wconf 87' lang='lat' dir='ltr'><strong>ipse</strong></span> <span class='ocrx_word' id='word_1_20' title='bbox 3106 495 3204 537; x_wconf 89' lang='lat' dir='ltr'><strong>nos</strong></span> <span class='ocrx_word' id='word_1_21' title='bbox 3240 485 3426 539; x_wconf 77' lang='lat' dir='ltr'><strong>traxit.</strong></span> <span class='ocrx_word' id='word_1_22' title='bbox 3482 552 3486 558; x_wconf 23' lang='grc'><em>⁴</em></span> 
     </span>
    </p>
   </div>
   <div class='ocr_carea' id='block_1_6' title="bbox 222 562 1751 636">
    <p class='ocr_par' dir='ltr' id='par_1_6' title="bbox 222 562 1751 636">
     <span class='ocr_line' id='line_1_6' title="bbox 222 562 1751 636; baseline -0.001 -16"><span class='ocrx_word' id='word_1_23' title='bbox 222 564 465 620; x_wconf 71' lang='grc' dir='ltr'>ἀσθένειαν</span> <span class='ocrx_word' id='word_1_24' title='bbox 518 563 714 620; x_wconf 76' lang='grc' dir='ltr'>ἑαυτοῦ</span> <span class='ocrx_word' id='word_1_25' title='bbox 746 562 1040 631; x_wconf 79' lang='grc' dir='ltr'><strong>γινώσκων</strong></span> <span class='ocrx_word' id='word_1_26' title='bbox 1093 567 1120 618; x_wconf 82' lang='grc' dir='ltr'>ὁ</span> <span class='ocrx_word' id='word_1_27' title='bbox 1173 564 1480 636; x_wconf 74' lang='grc' dir='ltr'>ἄνθρωπος,</span> <span class='ocrx_word' id='word_1_28' title='bbox 1528 567 1628 621; x_wconf 74' lang='grc' dir='ltr'><strong>οὐκ</strong></span> <span class='ocrx_word' id='word_1_29' title='bbox 1684 568 1751 620; x_wconf 85' lang='grc' dir='ltr'><strong>ἀν</strong></span> 
     </span>
    </p>
   </div>
   <div class='ocr_carea' id='block_1_7' title="bbox 218 655 1752 731">
    <p class='ocr_par' dir='ltr' id='par_1_7' title="bbox 218 655 1752 731">
     <span class='ocr_line' id='line_1_7' title="bbox 218 655 1752 731; baseline 0.003 -22"><span class='ocrx_word' id='word_1_30' title='bbox 218 658 402 727; x_wconf 74' lang='grc' dir='ltr'>ἐνόμισε</span> <span class='ocrx_word' id='word_1_31' title='bbox 425 655 560 727; x_wconf 82' lang='grc' dir='ltr'>πρὸς</span> <span class='ocrx_word' id='word_1_32' title='bbox 587 657 793 726; x_wconf 86' lang='grc' dir='ltr'>ταύτην</span> <span class='ocrx_word' id='word_1_33' title='bbox 820 655 1120 727; x_wconf 72' lang='grc' dir='ltr'>δυνηθῆναι</span> <span class='ocrx_word' id='word_1_34' title='bbox 1144 656 1465 728; x_wconf 75' lang='grc' dir='ltr'>ἀφίξεσθαι,</span> <span class='ocrx_word' id='word_1_35' title='bbox 1485 658 1532 712; x_wconf 84' lang='grc' dir='ltr'>εἰ</span> <span class='ocrx_word' id='word_1_36' title='bbox 1561 660 1635 731; x_wconf 81' lang='grc' dir='ltr'><strong>μὴ</strong></span> <span class='ocrx_word' id='word_1_37' title='bbox 1653 661 1752 731; x_wconf 82' lang='grc' dir='ltr'><strong>τὴν</strong></span> 
     </span>
    </p>
   </div>
   <div class='ocr_carea' id='block_1_8' title="bbox 217 748 1749 822">
    <p class='ocr_par' dir='ltr' id='par_1_8' title="bbox 217 748 1749 822">
     <span class='ocr_line' id='line_1_8' title="bbox 217 748 1749 822; baseline 0.001 -19"><span class='ocrx_word' id='word_1_38' title='bbox 217 750 350 820; x_wconf 86' lang='grc' dir='ltr'><strong>παρά</strong></span> <span class='ocrx_word' id='word_1_39' title='bbox 391 748 523 804; x_wconf 87' lang='grc' dir='ltr'><strong>Θεοῦ</strong></span> <span class='ocrx_word' id='word_1_40' title='bbox 570 750 650 811; x_wconf 85' lang='grc' dir='ltr'><strong>είς</strong></span> <span class='ocrx_word' id='word_1_41' title='bbox 700 749 890 802; x_wconf 71' lang='grc' dir='ltr'>ἑαυτὸν</span> <span class='ocrx_word' id='word_1_42' title='bbox 949 749 1178 802; x_wconf 74' lang='grc' dir='ltr'>ἔϐλεπεν</span> <span class='ocrx_word' id='word_1_43' title='bbox 1237 748 1405 803; x_wconf 78' lang='grc' dir='ltr'>οὖσαν</span> <span class='ocrx_word' id='word_1_44' title='bbox 1457 751 1749 822; x_wconf 86' lang='grc' dir='ltr'>τοσαύτην,</span> 
     </span>
    </p>
   </div>
   <div class='ocr_carea' id='block_1_9' title="bbox 215 837 1753 911">
    <p class='ocr_par' dir='ltr' id='par_1_9' title="bbox 215 837 1753 911">
     <span class='ocr_line' id='line_1_9' title="bbox 215 837 1753 911; baseline 0.001 -20"><span class='ocrx_word' id='word_1_45' title='bbox 215 838 338 891; x_wconf 77' lang='grc' dir='ltr'>ὥστε</span> <span class='ocrx_word' id='word_1_46' title='bbox 361 837 443 891; x_wconf 86' lang='grc' dir='ltr'><strong>τὸν</strong></span> <span class='ocrx_word' id='word_1_47' title='bbox 465 837 596 890; x_wconf 93' lang='grc' dir='ltr'>Θεὸν</span> <span class='ocrx_word' id='word_1_48' title='bbox 649 837 938 908; x_wconf 75' lang='grc' dir='ltr'>ἄνθρωπον</span> <span class='ocrx_word' id='word_1_49' title='bbox 971 837 1248 907; x_wconf 81' lang='grc' dir='ltr'>γενέσθαι,</span> <span class='ocrx_word' id='word_1_50' title='bbox 1295 840 1391 893; x_wconf 73' lang='grc' dir='ltr'><strong>καὶ</strong></span> <span class='ocrx_word' id='word_1_51' title='bbox 1434 842 1482 893; x_wconf 90' lang='grc' dir='ltr'><strong>εί</strong></span> <span class='ocrx_word' id='word_1_52' title='bbox 1514 840 1588 911; x_wconf 80' lang='grc' dir='ltr'>μὴ</span> <span class='ocrx_word' id='word_1_53' title='bbox 1616 841 1753 910; x_wconf 89' lang='grc' dir='ltr'>πρὸς</span> 
     </span>
    </p>
   </div>
   <div class='ocr_carea' id='block_1_10' title="bbox 219 929 1754 1004">
    <p class='ocr_par' dir='ltr' id='par_1_10' title="bbox 219 929 1754 1004">
     <span class='ocr_line' id='line_1_10' title="bbox 219 929 1754 1004; baseline 0.003 -20"><span class='ocrx_word' id='word_1_54' title='bbox 219 932 390 984; x_wconf 71' lang='grc' dir='ltr'>ἑαυτὸν</span> <span class='ocrx_word' id='word_1_55' title='bbox 418 929 445 980; x_wconf 82' lang='grc' dir='ltr'>ὀ</span> <span class='ocrx_word' id='word_1_56' title='bbox 475 929 607 992; x_wconf 88' lang='grc' dir='ltr'>Θεὸς</span> <span class='ocrx_word' id='word_1_57' title='bbox 634 931 783 1000; x_wconf 74' lang='grc' dir='ltr'>ἡμᾶς</span> <span class='ocrx_word' id='word_1_58' title='bbox 818 930 1202 1002; x_wconf 75' lang='grc' dir='ltr'>προύκαλεῖτο.</span> <span class='ocrx_word' id='word_1_59' title='bbox 1245 932 1307 986; x_wconf 74' lang='lat' dir='ltr'><strong>EE</strong></span> <span class='ocrx_word' id='word_1_60' title='bbox 1341 933 1453 1004; x_wconf 86' lang='grc' dir='ltr'><strong>γάρ</strong></span> <span class='ocrx_word' id='word_1_61' title='bbox 1485 932 1560 1003; x_wconf 78' lang='grc' dir='ltr'>μὴ</span> <span class='ocrx_word' id='word_1_62' title='bbox 1593 933 1754 988; x_wconf 83' lang='grc' dir='ltr'>δυνα-</span> 
     </span>
    </p>
   </div>
   <div class='ocr_carea' id='block_1_11' title="bbox 216 1018 1752 1096">
    <p class='ocr_par' dir='ltr' id='par_1_11' title="bbox 216 1018 1752 1096">
     <span class='ocr_line' id='line_1_11' title="bbox 216 1018 1752 1096; baseline 0.003 -22"><span class='ocrx_word' id='word_1_63' title='bbox 216 1023 293 1075; x_wconf 83' lang='grc' dir='ltr'><strong>τὸν</strong></span> <span class='ocrx_word' id='word_1_64' title='bbox 312 1018 373 1092; x_wconf 75' lang='grc' dir='ltr'>ἦν</span> <span class='ocrx_word' id='word_1_65' title='bbox 393 1022 523 1094; x_wconf 81' lang='grc' dir='ltr'>πρὸς</span> <span class='ocrx_word' id='word_1_66' title='bbox 553 1022 644 1075; x_wconf 82' lang='grc' dir='ltr'><strong>τὸν</strong></span> <span class='ocrx_word' id='word_1_67' title='bbox 671 1023 807 1076; x_wconf 88' lang='grc' dir='ltr'>Θεὸν</span> <span class='ocrx_word' id='word_1_68' title='bbox 828 1023 977 1093; x_wconf 75' lang='grc' dir='ltr'>ἡμᾶς</span> <span class='ocrx_word' id='word_1_69' title='bbox 1008 1022 1151 1076; x_wconf 74' lang='grc' dir='ltr'>κατὰ</span> <span class='ocrx_word' id='word_1_70' title='bbox 1172 1023 1232 1078; x_wconf 87' lang='grc' dir='ltr'><strong>τὸ</strong></span> <span class='ocrx_word' id='word_1_71' title='bbox 1288 1025 1571 1096; x_wconf 70' lang='grc' dir='ltr'>ἐγχωροῦν</span> <span class='ocrx_word' id='word_1_72' title='bbox 1621 1025 1752 1079; x_wconf 84' lang='grc' dir='ltr'>ἀνα-</span> 
     </span>
    </p>
   </div>
   <div class='ocr_carea' id='block_1_12' title="bbox 217 1113 1752 1190">
    <p class='ocr_par' dir='ltr' id='par_1_12' title="bbox 217 1113 1752 1190">
     <span class='ocr_line' id='line_1_12' title="bbox 217 1113 1752 1190; baseline 0.003 -23"><span class='ocrx_word' id='word_1_73' title='bbox 217 1113 480 1180; x_wconf 82' lang='grc' dir='ltr'>τείνεσθαι,</span> <span class='ocrx_word' id='word_1_74' title='bbox 512 1113 613 1168; x_wconf 80' lang='grc' dir='ltr'>οὐκ</span> <span class='ocrx_word' id='word_1_75' title='bbox 637 1114 704 1168; x_wconf 85' lang='grc' dir='ltr'><strong>ἂν</strong></span> <span class='ocrx_word' id='word_1_76' title='bbox 733 1115 794 1167; x_wconf 85' lang='grc' dir='ltr'><strong>τὸ</strong></span> <span class='ocrx_word' id='word_1_77' title='bbox 815 1113 1078 1169; x_wconf 88' lang='grc' dir='ltr'>ἀδύνατον</span> <span class='ocrx_word' id='word_1_78' title='bbox 1110 1117 1187 1180; x_wconf 89' lang='grc' dir='ltr'><strong>είς</strong></span> <span class='ocrx_word' id='word_1_79' title='bbox 1222 1118 1289 1170; x_wconf 84' lang='grc' dir='ltr'><strong>τά</strong></span> <span class='ocrx_word' id='word_1_80' title='bbox 1319 1116 1561 1172; x_wconf 85' lang='grc' dir='ltr'>ἀδύνατα</span> <span class='ocrx_word' id='word_1_81' title='bbox 1581 1118 1752 1190; x_wconf 67' lang='grc' dir='ltr'>προῠο</span> 
     </span>
    </p>
   </div>
   <div class='ocr_carea' id='block_1_13' title="bbox 222 1205 422 1259">
    <p class='ocr_par' dir='ltr' id='par_1_13' title="bbox 222 1205 422 1259">
     <span class='ocr_line' id='line_1_13' title="bbox 222 1205 422 1259; baseline 0.01 -3"><span class='ocrx_word' id='word_1_82' title='bbox 222 1205 422 1259; x_wconf 80' lang='grc' dir='ltr'>καλεῖτο.</span> 
     </span>
    </p>
   </div>
   <div class='ocr_carea' id='block_1_14' title="bbox 277 1295 1751 1375">
    <p class='ocr_par' dir='ltr' id='par_1_14' title="bbox 277 1295 1751 1375">
     <span class='ocr_line' id='line_1_14' title="bbox 277 1295 1751 1375; baseline 0.007 -28"><span class='ocrx_word' id='word_1_83' title='bbox 277 1297 419 1349; x_wconf 81' lang='grc' dir='ltr'>Ὥστε</span> <span class='ocrx_word' id='word_1_84' title='bbox 443 1297 502 1348; x_wconf 86' lang='grc' dir='ltr'><strong>τὸ</strong></span> <span class='ocrx_word' id='word_1_85' title='bbox 523 1295 855 1366; x_wconf 85' lang='grc' dir='ltr'>τιμιώτατον</span> <span class='ocrx_word' id='word_1_86' title='bbox 886 1298 981 1352; x_wconf 82' lang='grc' dir='ltr'>τοῦ</span> <span class='ocrx_word' id='word_1_87' title='bbox 999 1299 1138 1352; x_wconf 81' lang='grc' dir='ltr'>Θεοῦ</span> <span class='ocrx_word' id='word_1_88' title='bbox 1177 1301 1381 1367; x_wconf 78' lang='grc' dir='ltr'><strong>κτίσμα</strong></span> <span class='ocrx_word' id='word_1_89' title='bbox 1410 1303 1438 1356; x_wconf 79' lang='grc' dir='ltr'><strong>ὁ</strong></span> <span class='ocrx_word' id='word_1_90' title='bbox 1465 1301 1751 1375; x_wconf 73' lang='grc' dir='ltr'>ἄνθρωπος</span> 
     </span>
    </p>
   </div>
   <div class='ocr_carea' id='block_1_15' title="bbox 219 1387 1792 1466">
    <p class='ocr_par' dir='ltr' id='par_1_15' title="bbox 219 1387 1792 1466">
     <span class='ocr_line' id='line_1_15' title="bbox 219 1387 1792 1466; baseline 0.005 -28"><span class='ocrx_word' id='word_1_91' title='bbox 219 1387 400 1456; x_wconf 68' lang='grc' dir='ltr'>ἐπέγνω</span> <span class='ocrx_word' id='word_1_92' title='bbox 420 1388 509 1440; x_wconf 83' lang='grc' dir='ltr'><strong>τὸν</strong></span> <span class='ocrx_word' id='word_1_93' title='bbox 538 1388 717 1458; x_wconf 86' lang='grc' dir='ltr'>ἀληθῆ</span> <span class='ocrx_word' id='word_1_94' title='bbox 748 1387 885 1443; x_wconf 92' lang='grc' dir='ltr'>Θεὸν</span> <span class='ocrx_word' id='word_1_95' title='bbox 921 1389 1011 1443; x_wconf 82' lang='grc' dir='ltr'>διὰ</span> <span class='ocrx_word' id='word_1_96' title='bbox 1041 1390 1138 1445; x_wconf 78' lang='grc' dir='ltr'><strong>τοῦ</strong></span> <span class='ocrx_word' id='word_1_97' title='bbox 1171 1392 1266 1445; x_wconf 87' lang='grc' dir='ltr'><strong>τὸν</strong></span> <span class='ocrx_word' id='word_1_98' title='bbox 1289 1391 1426 1446; x_wconf 84' lang='grc' dir='ltr'>Θεὸν</span> <span class='ocrx_word' id='word_1_99' title='bbox 1459 1392 1751 1466; x_wconf 73' lang='grc' dir='ltr'>ἄνθρωπον</span> <span class='ocrx_word' id='word_1_100' title='bbox 1781 1439 1792 1446; x_wconf 90' lang='grc'><em>.</em></span> 
     </span>
    </p>
   </div>
   <div class='ocr_carea' id='block_1_16' title="bbox 221 1478 1750 1555">
    <p class='ocr_par' dir='ltr' id='par_1_16' title="bbox 221 1478 1750 1555">
     <span class='ocr_line' id='line_1_16' title="bbox 221 1478 1750 1555; baseline 0.005 -24"><span class='ocrx_word' id='word_1_101' title='bbox 221 1478 466 1546; x_wconf 78' lang='grc' dir='ltr'>γενέσθαι,</span> <span class='ocrx_word' id='word_1_102' title='bbox 499 1480 595 1533; x_wconf 71' lang='grc' dir='ltr'><strong>καὶ</strong></span> <span class='ocrx_word' id='word_1_103' title='bbox 627 1481 728 1550; x_wconf 78' lang='grc' dir='ltr'>τῆς</span> <span class='ocrx_word' id='word_1_104' title='bbox 769 1481 880 1534; x_wconf 85' lang='grc' dir='ltr'>τῶν</span> <span class='ocrx_word' id='word_1_105' title='bbox 903 1482 1176 1553; x_wconf 78' lang='grc' dir='ltr'><strong>δαιμόνων</strong></span> <span class='ocrx_word' id='word_1_106' title='bbox 1226 1484 1438 1555; x_wconf 77' lang='grc' dir='ltr'><strong>ἀπέστη</strong></span> <span class='ocrx_word' id='word_1_107' title='bbox 1492 1484 1750 1555; x_wconf 78' lang='grc' dir='ltr'><strong>λατρείας</strong></span> 
     </span>
    </p>
   </div>
   <div class='ocr_carea' id='block_1_17' title="bbox 219 1571 1750 1647">
    <p class='ocr_par' dir='ltr' id='par_1_17' title="bbox 219 1571 1750 1647">
     <span class='ocr_line' id='line_1_17' title="bbox 219 1571 1750 1647; baseline 0.003 -24"><span class='ocrx_word' id='word_1_108' title='bbox 219 1571 296 1624; x_wconf 68' lang='grc' dir='ltr'>καὶ</span> <span class='ocrx_word' id='word_1_109' title='bbox 322 1571 544 1636; x_wconf 79' lang='grc' dir='ltr'><strong>πλάνης,</strong></span> <span class='ocrx_word' id='word_1_110' title='bbox 563 1571 660 1626; x_wconf 71' lang='grc' dir='ltr'><strong>καὶ</strong></span> <span class='ocrx_word' id='word_1_111' title='bbox 689 1572 788 1642; x_wconf 76' lang='grc' dir='ltr'><strong>τῆς</strong></span> <span class='ocrx_word' id='word_1_112' title='bbox 819 1573 1016 1636; x_wconf 85' lang='grc' dir='ltr'>ίάσεως</span> <span class='ocrx_word' id='word_1_113' title='bbox 1041 1573 1252 1644; x_wconf 75' lang='grc' dir='ltr'>ἔτυχεν.</span> <span class='ocrx_word' id='word_1_114' title='bbox 1275 1576 1350 1629; x_wconf 69' lang='grc' dir='ltr'><strong>Οὔ</strong></span> <span class='ocrx_word' id='word_1_115' title='bbox 1381 1575 1489 1645; x_wconf 81' lang='grc' dir='ltr'><strong>γάρ</strong></span> <span class='ocrx_word' id='word_1_116' title='bbox 1512 1571 1580 1647; x_wconf 77' lang='grc' dir='ltr'>ἦν</span> <span class='ocrx_word' id='word_1_117' title='bbox 1603 1576 1750 1640; x_wconf 84' lang='grc' dir='ltr'>είκὸς</span> 
     </span>
    </p>
   </div>
   <div class='ocr_carea' id='block_1_18' title="bbox 218 1662 1749 1738">
    <p class='ocr_par' dir='ltr' id='par_1_18' title="bbox 218 1662 1749 1738">
     <span class='ocr_line' id='line_1_18' title="bbox 218 1662 1749 1738; baseline 0.005 -23"><span class='ocrx_word' id='word_1_118' title='bbox 218 1662 296 1716; x_wconf 81' lang='grc' dir='ltr'><strong>τὸν</strong></span> <span class='ocrx_word' id='word_1_119' title='bbox 312 1662 454 1730; x_wconf 83' lang='grc' dir='ltr'>Θεὸν,</span> <span class='ocrx_word' id='word_1_120' title='bbox 477 1663 681 1733; x_wconf 83' lang='grc' dir='ltr'>ἀγαθὸν</span> <span class='ocrx_word' id='word_1_121' title='bbox 702 1663 856 1730; x_wconf 70' lang='grc' dir='ltr'>ὄντα,</span> <span class='ocrx_word' id='word_1_122' title='bbox 875 1667 936 1719; x_wconf 87' lang='grc' dir='ltr'><strong>τὸ</strong></span> <span class='ocrx_word' id='word_1_123' title='bbox 953 1665 1154 1719; x_wconf 80' lang='grc' dir='ltr'>ἑαυτοῦ</span> <span class='ocrx_word' id='word_1_124' title='bbox 1179 1665 1405 1738; x_wconf 87' lang='grc' dir='ltr'>πλάσμα</span> <span class='ocrx_word' id='word_1_125' title='bbox 1429 1669 1749 1723; x_wconf 82' lang='grc' dir='ltr'>καταλιπεῖν</span> 
     </span>
    </p>
   </div>
   <div class='ocr_carea' id='block_1_19' title="bbox 218 1749 509 1822">
    <p class='ocr_par' dir='ltr' id='par_1_19' title="bbox 218 1749 509 1822">
     <span class='ocr_line' id='line_1_19' title="bbox 218 1749 509 1822; baseline 0 -18"><span class='ocrx_word' id='word_1_126' title='bbox 218 1749 509 1822; x_wconf 75' lang='grc' dir='ltr'>ἀϐοήθητον.</span> 
     </span>
    </p>
   </div>
   <div class='ocr_carea' id='block_1_20' title="bbox 1854 565 3425 644">
    <p class='ocr_par' dir='ltr' id='par_1_20' title="bbox 1854 565 3425 644">
     <span class='ocr_line' id='line_1_20' title="bbox 1854 565 3425 644; baseline 0.007 -26"><span class='ocrx_word' id='word_1_127' title='bbox 1854 565 2031 622; x_wconf 89' lang='lat' dir='ltr'><strong>llomo</strong></span> <span class='ocrx_word' id='word_1_128' title='bbox 2078 570 2222 623; x_wconf 89' lang='lat' dir='ltr'><strong>enim</strong></span> <span class='ocrx_word' id='word_1_129' title='bbox 2271 572 2687 627; x_wconf 50' lang='lat' dir='ltr'><strong>sum‘conscius</strong></span> <span class='ocrx_word' id='word_1_130' title='bbox 2734 571 3094 636; x_wconf 81' lang='lat' dir='ltr'><strong>infirmitatis,</strong></span> <span class='ocrx_word' id='word_1_131' title='bbox 3144 590 3425 644; x_wconf 81' lang='lat' dir='ltr'><strong>nunquam</strong></span> 
     </span>
    </p>
   </div>
   <div class='ocr_carea' id='block_1_21' title="bbox 1853 659 3428 729">
    <p class='ocr_par' dir='ltr' id='par_1_21' title="bbox 1853 659 3428 729">
     <span class='ocr_line' id='line_1_21' title="bbox 1853 659 3428 729; baseline 0.005 -17"><span class='ocrx_word' id='word_1_132' title='bbox 1853 672 1913 712; x_wconf 87' lang='lat' dir='ltr'><strong>se</strong></span> <span class='ocrx_word' id='word_1_133' title='bbox 1945 659 2010 712; x_wconf 88' lang='lat' dir='ltr'><strong>ad</strong></span> <span class='ocrx_word' id='word_1_134' title='bbox 2047 675 2164 714; x_wconf 88' lang='lat' dir='ltr'><strong>eam</strong></span> <span class='ocrx_word' id='word_1_135' title='bbox 2194 676 2482 718; x_wconf 83' lang='lat' dir='ltr'><strong>evasurum</strong></span> <span class='ocrx_word' id='word_1_136' title='bbox 2514 664 2872 729; x_wconf 73' lang='lat' dir='ltr'><strong>enstimaret,</strong></span> <span class='ocrx_word' id='word_1_137' title='bbox 2901 666 3009 722; x_wconf 87' lang='lat' dir='ltr'><strong>nisi</strong></span> <span class='ocrx_word' id='word_1_138' title='bbox 3040 673 3243 721; x_wconf 82' lang='lat' dir='ltr'><strong>tantam</strong></span> <span class='ocrx_word' id='word_1_139' title='bbox 3279 667 3330 721; x_wconf 90' lang='lat' dir='ltr'><strong>in</strong></span> <span class='ocrx_word' id='word_1_140' title='bbox 3367 683 3428 722; x_wconf 88' lang='lat' dir='ltr'><strong>se</strong></span> 
     </span>
    </p>
   </div>
   <div class='ocr_carea' id='block_1_22' title="bbox 1857 749 3424 824">
    <p class='ocr_par' dir='ltr' id='par_1_22' title="bbox 1857 749 3424 824">
     <span class='ocr_line' id='line_1_22' title="bbox 1857 749 3424 824; baseline 0.006 -21"><span class='ocrx_word' id='word_1_141' title='bbox 1857 749 1950 806; x_wconf 87' lang='lat' dir='ltr'><strong>Dei</strong></span> <span class='ocrx_word' id='word_1_142' title='bbox 1995 751 2367 821; x_wconf 81' lang='lat' dir='ltr'><strong>dignationem</strong></span> <span class='ocrx_word' id='word_1_143' title='bbox 2401 756 2634 821; x_wconf 84' lang='lat' dir='ltr'><strong>videret,</strong></span> <span class='ocrx_word' id='word_1_144' title='bbox 2678 766 2736 812; x_wconf 88' lang='lat' dir='ltr'><strong>ut</strong></span> <span class='ocrx_word' id='word_1_145' title='bbox 2783 768 2835 811; x_wconf 91' lang='lat' dir='ltr'><strong>et</strong></span> <span class='ocrx_word' id='word_1_146' title='bbox 2871 757 3010 813; x_wconf 88' lang='lat' dir='ltr'><strong>Deus</strong></span> <span class='ocrx_word' id='word_1_147' title='bbox 3049 759 3212 814; x_wconf 81' lang='lat' dir='ltr'><strong>homo</strong></span> <span class='ocrx_word' id='word_1_148' title='bbox 3250 758 3424 824; x_wconf 80' lang='lat' dir='ltr'><strong>ﬁeret,</strong></span> 
     </span>
    </p>
   </div>
   <div class='ocr_carea' id='block_1_23' title="bbox 1853 831 3427 902">
    <p class='ocr_par' dir='ltr' id='par_1_23' title="bbox 1853 831 3427 902">
     <span class='ocr_line' id='line_1_23' title="bbox 1853 831 3427 902; baseline 0.004 -6"><span class='ocrx_word' id='word_1_149' title='bbox 1853 857 1918 896; x_wconf 89' lang='lat' dir='ltr'><strong>ac</strong></span> <span class='ocrx_word' id='word_1_150' title='bbox 1953 840 2057 898; x_wconf 88' lang='lat' dir='ltr'><strong>nisi</strong></span> <span class='ocrx_word' id='word_1_151' title='bbox 2091 843 2157 896; x_wconf 90' lang='lat' dir='ltr'><strong>ad</strong></span> <span class='ocrx_word' id='word_1_152' title='bbox 2207 859 2267 898; x_wconf 88' lang='lat' dir='ltr'><strong>se</strong></span> <span class='ocrx_word' id='word_1_153' title='bbox 2314 841 2456 900; x_wconf 87' lang='lat' dir='ltr'><strong>Deus</strong></span> <span class='ocrx_word' id='word_1_154' title='bbox 2491 859 2592 900; x_wconf 86' lang='lat' dir='ltr'><strong>nos</strong></span> <span class='ocrx_word' id='word_1_155' title='bbox 2641 831 2917 902; x_wconf 81' lang='lat' dir='ltr'><strong>invitaret.</strong></span> <span class='ocrx_word' id='word_1_156' title='bbox 2973 848 3085 902; x_wconf 75' lang='lat' dir='ltr'><strong>Nisi</strong></span> <span class='ocrx_word' id='word_1_157' title='bbox 3115 849 3259 902; x_wconf 90' lang='lat' dir='ltr'><strong>enim</strong></span> <span class='ocrx_word' id='word_1_158' title='bbox 3311 851 3427 902; x_wconf 86' lang='lat' dir='ltr'><strong>tieri</strong></span> 
     </span>
    </p>
   </div>
   <div class='ocr_carea' id='block_1_24' title="bbox 1856 935 3422 1004">
    <p class='ocr_par' dir='ltr' id='par_1_24' title="bbox 1856 935 3422 1004">
     <span class='ocr_line' id='line_1_24' title="bbox 1856 935 3422 1004; baseline 0.003 -17"><span class='ocrx_word' id='word_1_159' title='bbox 1856 943 2058 1002; x_wconf 88' lang='lat' dir='ltr'><strong>posset,</strong></span> <span class='ocrx_word' id='word_1_160' title='bbox 2101 942 2158 989; x_wconf 87' lang='lat' dir='ltr'><strong>ut</strong></span> <span class='ocrx_word' id='word_1_161' title='bbox 2189 948 2287 1004; x_wconf 88' lang='lat' dir='ltr'><strong>pro</strong></span> <span class='ocrx_word' id='word_1_162' title='bbox 2317 943 2518 989; x_wconf 70' lang='lat' dir='ltr'><strong>nostrae</strong></span> <span class='ocrx_word' id='word_1_163' title='bbox 2562 935 2836 992; x_wconf 74' lang='lat' dir='ltr'><strong>facultatis</strong></span> <span class='ocrx_word' id='word_1_164' title='bbox 2871 939 3093 994; x_wconf 83' lang='lat' dir='ltr'><strong>modulo</strong></span> <span class='ocrx_word' id='word_1_165' title='bbox 3137 939 3202 994; x_wconf 91' lang='lat' dir='ltr'><strong>ad</strong></span> <span class='ocrx_word' id='word_1_166' title='bbox 3252 939 3422 993; x_wconf 90' lang='lat' dir='ltr'><strong>Deum</strong></span> 
     </span>
    </p>
   </div>
   <div class='ocr_carea' id='block_1_25' title="bbox 1855 1023 3423 1102">
    <p class='ocr_par' dir='ltr' id='par_1_25' title="bbox 1855 1023 3423 1102">
     <span class='ocr_line' id='line_1_25' title="bbox 1855 1023 3423 1102; baseline 0.006 -26"><span class='ocrx_word' id='word_1_167' title='bbox 1855 1023 1958 1093; x_wconf 84' lang='lat' dir='ltr'><strong>ipsi</strong></span> <span class='ocrx_word' id='word_1_168' title='bbox 2017 1025 2374 1092; x_wconf 85' lang='lat' dir='ltr'><strong>eniteremur,</strong></span> <span class='ocrx_word' id='word_1_169' title='bbox 2418 1042 2696 1097; x_wconf 85' lang='lat' dir='ltr'><strong>nunquam</strong></span> <span class='ocrx_word' id='word_1_170' title='bbox 2755 1028 2848 1085; x_wconf 90' lang='lat' dir='ltr'><strong>ille</strong></span> <span class='ocrx_word' id='word_1_171' title='bbox 2882 1030 2970 1085; x_wconf 70' lang='lat' dir='ltr'><strong>&#39;ad</strong></span> <span class='ocrx_word' id='word_1_172' title='bbox 3037 1031 3423 1102; x_wconf 85' lang='lat' dir='ltr'><strong>impossibilia,</strong></span> 
     </span>
    </p>
   </div>
   <div class='ocr_carea' id='block_1_26' title="bbox 1853 1115 2960 1189">
    <p class='ocr_par' dir='ltr' id='par_1_26' title="bbox 1853 1115 2960 1189">
     <span class='ocr_line' id='line_1_26' title="bbox 1853 1115 2960 1189; baseline 0.01 -22"><span class='ocrx_word' id='word_1_173' title='bbox 1853 1115 2000 1185; x_wconf 90' lang='lat' dir='ltr'><strong>quod</strong></span> <span class='ocrx_word' id='word_1_174' title='bbox 2028 1115 2374 1185; x_wconf 81' lang='lat' dir='ltr'><strong>impossibile</strong></span> <span class='ocrx_word' id='word_1_175' title='bbox 2406 1126 2578 1184; x_wconf 87' lang='lat' dir='ltr'><strong>esset,</strong></span> <span class='ocrx_word' id='word_1_176' title='bbox 2618 1133 2960 1189; x_wconf 87' lang='lat' dir='ltr'><strong>provocaret.</strong></span> 
     </span>
    </p>
   </div>
   <div class='ocr_carea' id='block_1_27' title="bbox 1925 1289 3421 1371">
    <p class='ocr_par' dir='ltr' id='par_1_27' title="bbox 1925 1289 3421 1371">
     <span class='ocr_line' id='line_1_27' title="bbox 1925 1289 3421 1371; baseline 0.01 -29"><span class='ocrx_word' id='word_1_177' title='bbox 1925 1289 2132 1359; x_wconf 91' lang='lat' dir='ltr'><strong>Itaque,</strong></span> <span class='ocrx_word' id='word_1_178' title='bbox 2173 1294 2264 1360; x_wconf 91' lang='lat' dir='ltr'><strong>qui</strong></span> <span class='ocrx_word' id='word_1_179' title='bbox 2306 1292 2450 1348; x_wconf 89' lang='lat' dir='ltr'><strong>inter</strong></span> <span class='ocrx_word' id='word_1_180' title='bbox 2481 1292 2574 1350; x_wconf 84' lang='lat' dir='ltr'><strong>Dei</strong></span> <span class='ocrx_word' id='word_1_181' title='bbox 2623 1295 2878 1366; x_wconf 81' lang='lat' dir='ltr'><strong>figmenta</strong></span> <span class='ocrx_word' id='word_1_182' title='bbox 2911 1299 3206 1371; x_wconf 85' lang='lat' dir='ltr'><strong>principem</strong></span> <span class='ocrx_word' id='word_1_183' title='bbox 3243 1302 3421 1357; x_wconf 85' lang='lat' dir='ltr'><strong>locum</strong></span> 
     </span>
    </p>
   </div>
   <div class='ocr_carea' id='block_1_28' title="bbox 1854 1379 3422 1465">
    <p class='ocr_par' dir='ltr' id='par_1_28' title="bbox 1854 1379 3422 1465">
     <span class='ocr_line' id='line_1_28' title="bbox 1854 1379 3422 1465; baseline 0.011 -35"><span class='ocrx_word' id='word_1_184' title='bbox 1854 1385 2023 1440; x_wconf 86' lang='lat' dir='ltr'><strong>tenet,</strong></span> <span class='ocrx_word' id='word_1_185' title='bbox 2053 1379 2236 1447; x_wconf 87' lang='lat' dir='ltr'><strong>homo,</strong></span> <span class='ocrx_word' id='word_1_186' title='bbox 2270 1382 2393 1437; x_wconf 89' lang='lat' dir='ltr'><strong>inde</strong></span> <span class='ocrx_word' id='word_1_187' title='bbox 2423 1397 2612 1438; x_wconf 85' lang='lat' dir='ltr'><strong>verum</strong></span> <span class='ocrx_word' id='word_1_188' title='bbox 2640 1389 2860 1458; x_wconf 80' lang='lat' dir='ltr'><strong>agnovit</strong></span> <span class='ocrx_word' id='word_1_189' title='bbox 2884 1389 3077 1465; x_wconf 55' lang='lat' dir='ltr'><strong>Deum,</strong></span> <span class='ocrx_word' id='word_1_190' title='bbox 3104 1394 3248 1460; x_wconf 89' lang='lat' dir='ltr'><strong>quod</strong></span> <span class='ocrx_word' id='word_1_191' title='bbox 3282 1393 3422 1448; x_wconf 86' lang='lat' dir='ltr'><strong>Deus</strong></span> 
     </span>
    </p>
   </div>
   <div class='ocr_carea' id='block_1_29' title="bbox 1859 1462 3425 1549">
    <p class='ocr_par' dir='ltr' id='par_1_29' title="bbox 1859 1462 3425 1549">
     <span class='ocr_line' id='line_1_29' title="bbox 1859 1462 3425 1549; baseline 0.011 -25"><span class='ocrx_word' id='word_1_192' title='bbox 1859 1462 2028 1525; x_wconf 60' lang='lat' dir='ltr'><strong>ho&#39;mo</strong></span> <span class='ocrx_word' id='word_1_193' title='bbox 2060 1470 2238 1529; x_wconf 83' lang='lat' dir='ltr'><strong>factus</strong></span> <span class='ocrx_word' id='word_1_194' title='bbox 2265 1485 2383 1544; x_wconf 89' lang='lat' dir='ltr'><strong>est;</strong></span> <span class='ocrx_word' id='word_1_195' title='bbox 2418 1478 2833 1549; x_wconf 80' lang='lat' dir='ltr'><strong>abscedensque</strong></span> <span class='ocrx_word' id='word_1_196' title='bbox 2863 1498 2891 1536; x_wconf 74' lang='grc' dir='ltr'>τι</span> <span class='ocrx_word' id='word_1_197' title='bbox 2936 1462 3242 1540; x_wconf 82' lang='lat' dir='ltr'><strong>daemonum</strong></span> <span class='ocrx_word' id='word_1_198' title='bbox 3274 1488 3425 1542; x_wconf 88' lang='lat' dir='ltr'><strong>cultu</strong></span> 
     </span>
    </p>
   </div>
   <div class='ocr_carea' id='block_1_30' title="bbox 1852 1565 3428 1645">
    <p class='ocr_par' dir='ltr' id='par_1_30' title="bbox 1852 1565 3428 1645">
     <span class='ocr_line' id='line_1_30' title="bbox 1852 1565 3428 1645; baseline 0.011 -32"><span class='ocrx_word' id='word_1_199' title='bbox 1852 1573 1918 1614; x_wconf 90' lang='lat' dir='ltr'><strong>ac</strong></span> <span class='ocrx_word' id='word_1_200' title='bbox 1956 1573 2166 1623; x_wconf 85' lang='lat' dir='ltr'><strong>errore.</strong></span> <span class='ocrx_word' id='word_1_201' title='bbox 2209 1565 2498 1620; x_wconf 86' lang='lat' dir='ltr'><strong>sanitatem</strong></span> <span class='ocrx_word' id='word_1_202' title='bbox 2544 1568 2798 1639; x_wconf 86' lang='lat' dir='ltr'><strong>indeptus</strong></span> <span class='ocrx_word' id='word_1_203' title='bbox 2838 1582 2941 1626; x_wconf 91' lang='lat' dir='ltr'><strong>est.</strong></span> <span class='ocrx_word' id='word_1_204' title='bbox 2981 1573 3102 1628; x_wconf 80' lang='lat' dir='ltr'><strong>Non</strong></span> <span class='ocrx_word' id='word_1_205' title='bbox 3134 1576 3276 1629; x_wconf 89' lang='lat' dir='ltr'><strong>enim</strong></span> <span class='ocrx_word' id='word_1_206' title='bbox 3331 1591 3428 1645; x_wconf 89' lang='lat' dir='ltr'><strong>par</strong></span> 
     </span>
    </p>
   </div>
   <div class='ocr_carea' id='block_1_31' title="bbox 1852 1653 3425 1733">
    <p class='ocr_par' dir='ltr' id='par_1_31' title="bbox 1852 1653 3425 1733">
     <span class='ocr_line' id='line_1_31' title="bbox 1852 1653 3425 1733; baseline 0.011 -28"><span class='ocrx_word' id='word_1_207' title='bbox 1852 1659 1970 1705; x_wconf 88' lang='lat' dir='ltr'><strong>erat</strong></span> <span class='ocrx_word' id='word_1_208' title='bbox 2037 1661 2096 1707; x_wconf 92' lang='lat' dir='ltr'><strong>ut</strong></span> <span class='ocrx_word' id='word_1_209' title='bbox 2165 1653 2330 1721; x_wconf 86' lang='lat' dir='ltr'><strong>Deus,</strong></span> <span class='ocrx_word' id='word_1_210' title='bbox 2378 1657 2472 1726; x_wconf 87' lang='lat' dir='ltr'><strong>qui</strong></span> <span class='ocrx_word' id='word_1_211' title='bbox 2523 1659 2698 1716; x_wconf 78' lang='lat' dir='ltr'><strong>bonus</strong></span> <span class='ocrx_word' id='word_1_212' title='bbox 2736 1662 2827 1725; x_wconf 87' lang='lat' dir='ltr'><strong>sit,</strong></span> <span class='ocrx_word' id='word_1_213' title='bbox 2891 1663 3206 1733; x_wconf 75' lang='lat' dir='ltr'><strong>figmentum</strong></span> <span class='ocrx_word' id='word_1_214' title='bbox 3263 1685 3425 1724; x_wconf 86' lang='lat' dir='ltr'><strong>suum</strong></span> 
     </span>
    </p>
   </div>
   <div class='ocr_carea' id='block_1_32' title="bbox 1851 1744 2872 1823">
    <p class='ocr_par' dir='ltr' id='par_1_32' title="bbox 1851 1744 2872 1823">
     <span class='ocr_line' id='line_1_32' title="bbox 1851 1744 2872 1823; baseline 0.01 -25"><span class='ocrx_word' id='word_1_215' title='bbox 1851 1745 2000 1798; x_wconf 91' lang='lat' dir='ltr'><strong>omni</strong></span> <span class='ocrx_word' id='word_1_216' title='bbox 2033 1744 2355 1801; x_wconf 90' lang='lat' dir='ltr'><strong>destitutum</strong></span> <span class='ocrx_word' id='word_1_217' title='bbox 2383 1763 2486 1818; x_wconf 90' lang='lat' dir='ltr'><strong>ope</strong></span> <span class='ocrx_word' id='word_1_218' title='bbox 2517 1751 2872 1823; x_wconf 87' lang='lat' dir='ltr'><strong>relinqueret.</strong></span> 
     </span>
    </p>
   </div>
   <div class='ocr_carea' id='block_1_33' title="bbox 277 1832 1755 1921">
    <p class='ocr_par' dir='ltr' id='par_1_33' title="bbox 277 1843 1751 1921">
     <span class='ocr_line' id='line_1_33' title="bbox 277 1843 1751 1921; baseline 0.005 -24"><span class='ocrx_word' id='word_1_219' title='bbox 277 1843 490 1899; x_wconf 79' lang='grc' dir='ltr'>Ἔπειτα</span> <span class='ocrx_word' id='word_1_220' title='bbox 511 1845 634 1900; x_wconf 75' lang='grc' dir='ltr'>ἐπεὶ</span> <span class='ocrx_word' id='word_1_221' title='bbox 685 1846 950 1917; x_wconf 77' lang='grc' dir='ltr'>ἐλέγομεν</span> <span class='ocrx_word' id='word_1_222' title='bbox 975 1849 1036 1901; x_wconf 89' lang='grc' dir='ltr'><strong>τὸ</strong></span> <span class='ocrx_word' id='word_1_223' title='bbox 1068 1848 1412 1919; x_wconf 85' lang='grc' dir='ltr'>ἀνθρώπινον</span> <span class='ocrx_word' id='word_1_224' title='bbox 1445 1849 1751 1921; x_wconf 80' lang='grc' dir='ltr'>ἁμάρτημα</span> 
     </span>
    </p>
   </div>
   <div class='ocr_carea' id='block_1_34' title="bbox 1860 1832 3428 1921">
    <p class='ocr_par' dir='ltr' id='par_1_34' title="bbox 1930 1832 3428 1914">
     <span class='ocr_line' id='line_1_34' title="bbox 1930 1832 3428 1914; baseline 0.013 -28"><span class='ocrx_word' id='word_1_225' title='bbox 1930 1832 2158 1900; x_wconf 89' lang='lat' dir='ltr'><strong>Deinde,</strong></span> <span class='ocrx_word' id='word_1_226' title='bbox 2205 1838 2332 1906; x_wconf 87' lang='lat' dir='ltr'><strong>quia</strong></span> <span class='ocrx_word' id='word_1_227' title='bbox 2378 1839 2698 1897; x_wconf 86' lang='lat' dir='ltr'><strong>dicebamus</strong></span> <span class='ocrx_word' id='word_1_228' title='bbox 2749 1856 3034 1914; x_wconf 88' lang='lat' dir='ltr'><strong>peccatum</strong></span> <span class='ocrx_word' id='word_1_229' title='bbox 3081 1847 3326 1905; x_wconf 85' lang='lat' dir='ltr'><strong>hominis</strong></span> <span class='ocrx_word' id='word_1_230' title='bbox 3371 1850 3428 1906; x_wconf 87' lang='lat' dir='ltr'><strong>in</strong></span> 
     </span>
    </p>
   </div>
   <div class='ocr_carea' id='block_1_35' title="bbox 218 1932 1752 2010">
    <p class='ocr_par' dir='ltr' id='par_1_35' title="bbox 218 1932 1752 2010">
     <span class='ocr_line' id='line_1_35' title="bbox 218 1932 1752 2010; baseline 0.003 -20"><span class='ocrx_word' id='word_1_231' title='bbox 218 1938 538 1993; x_wconf 74' lang='grc' dir='ltr'>συνίστασθαι</span> <span class='ocrx_word' id='word_1_232' title='bbox 570 1939 635 1992; x_wconf 67' lang='grc' dir='ltr'><strong>ὲκ</strong></span> <span class='ocrx_word' id='word_1_233' title='bbox 666 1937 762 1992; x_wconf 81' lang='grc' dir='ltr'>τοῦ</span> <span class='ocrx_word' id='word_1_234' title='bbox 809 1934 886 1992; x_wconf 56' lang='grc' dir='ltr'><strong>’τὰ</strong></span> <span class='ocrx_word' id='word_1_235' title='bbox 935 1932 1119 2008; x_wconf 72' lang='grc' dir='ltr'>φαῦλα</span> <span class='ocrx_word' id='word_1_236' title='bbox 1183 1941 1478 2010; x_wconf 76' lang='grc' dir='ltr'>ἐπιθυμεῖν</span> <span class='ocrx_word' id='word_1_237' title='bbox 1543 1941 1752 2010; x_wconf 15' lang='grc' dir='ltr'>καὶῆ-τὰ</span> 
     </span>
    </p>
   </div>
   <div class='ocr_carea' id='block_1_36' title="bbox 218 2030 1749 2103">
    <p class='ocr_par' dir='ltr' id='par_1_36' title="bbox 218 2030 1749 2103">
     <span class='ocr_line' id='line_1_36' title="bbox 218 2030 1749 2103; baseline 0.003 -22"><span class='ocrx_word' id='word_1_238' title='bbox 218 2035 473 2100; x_wconf 65' lang='grc' dir='ltr'>σωματικὰ</span> <span class='ocrx_word' id='word_1_239' title='bbox 528 2031 734 2099; x_wconf 66' lang='grc' dir='ltr'>ἀγαθὰ,</span> <span class='ocrx_word' id='word_1_240' title='bbox 781 2030 851 2083; x_wconf 84' lang='grc' dir='ltr'>τὰ</span> <span class='ocrx_word' id='word_1_241' title='bbox 901 2031 956 2084; x_wconf 72' lang='grc' dir='ltr'>δὲ</span> <span class='ocrx_word' id='word_1_242' title='bbox 994 2031 1192 2085; x_wconf 73' lang='grc' dir='ltr'>αἰώνια</span> <span class='ocrx_word' id='word_1_243' title='bbox 1243 2031 1424 2098; x_wconf 81' lang='grc' dir='ltr'>ἀγαθὰ</span> <span class='ocrx_word' id='word_1_244' title='bbox 1466 2032 1749 2103; x_wconf 75' lang='grc' dir='ltr'>οὐδαμῶςο</span> 
     </span>
    </p>
   </div>
   <div class='ocr_carea' id='block_1_37' title="bbox 217 2117 1753 2193">
    <p class='ocr_par' dir='ltr' id='par_1_37' title="bbox 217 2117 1753 2193">
     <span class='ocr_line' id='line_1_37' title="bbox 217 2117 1753 2193; baseline 0.001 -19"><span class='ocrx_word' id='word_1_245' title='bbox 217 2123 313 2185; x_wconf 84' lang='grc' dir='ltr'>πῶς</span> <span class='ocrx_word' id='word_1_246' title='bbox 358 2117 424 2192; x_wconf 78' lang='grc' dir='ltr'>ἦν</span> <span class='ocrx_word' id='word_1_247' title='bbox 465 2121 694 2176; x_wconf 87' lang='grc' dir='ltr'>δυνατὸν</span> <span class='ocrx_word' id='word_1_248' title='bbox 758 2119 918 2174; x_wconf 79' lang='grc' dir='ltr'>τοῦτο</span> <span class='ocrx_word' id='word_1_249' title='bbox 995 2121 1430 2193; x_wconf 84' lang='grc' dir='ltr'>θεραπευθῆναι,</span> <span class='ocrx_word' id='word_1_250' title='bbox 1485 2122 1753 2193; x_wconf 75' lang='grc' dir='ltr'>καὶπρὸς</span> 
     </span>
    </p>
   </div>
   <div class='ocr_carea' id='block_1_38' title="bbox 215 2205 1750 2283">
    <p class='ocr_par' dir='ltr' id='par_1_38' title="bbox 215 2205 1750 2283">
     <span class='ocr_line' id='line_1_38' title="bbox 215 2205 1750 2283; baseline 0.003 -16"><span class='ocrx_word' id='word_1_251' title='bbox 215 2214 326 2267; x_wconf 78' lang='grc' dir='ltr'>Θεὸν</span> <span class='ocrx_word' id='word_1_252' title='bbox 360 2213 681 2283; x_wconf 76' lang='grc' dir='ltr'>ἀναχθῆναι,</span> <span class='ocrx_word' id='word_1_253' title='bbox 714 2211 782 2266; x_wconf 86' lang='grc' dir='ltr'>δι’</span> <span class='ocrx_word' id='word_1_254' title='bbox 807 2205 882 2266; x_wconf 81' lang='grc' dir='ltr'>ὧν</span> <span class='ocrx_word' id='word_1_255' title='bbox 924 2212 1128 2282; x_wconf 70' lang='grc' dir='ltr'>ἔπραξε</span> <span class='ocrx_word' id='word_1_256' title='bbox 1152 2215 1248 2268; x_wconf 76' lang='grc' dir='ltr'>καὶ</span> <span class='ocrx_word' id='word_1_257' title='bbox 1295 2214 1540 2268; x_wconf 84' lang='grc' dir='ltr'>πέπονθε</span> <span class='ocrx_word' id='word_1_258' title='bbox 1575 2217 1750 2271; x_wconf 79' lang='grc' dir='ltr'>καθα-</span> 
     </span>
    </p>
   </div>
   <div class='ocr_carea' id='block_1_39' title="bbox 217 2305 1752 2383">
    <p class='ocr_par' dir='ltr' id='par_1_39' title="bbox 217 2305 1752 2383">
     <span class='ocr_line' id='line_1_39' title="bbox 217 2305 1752 2383; baseline 0.003 -25"><span class='ocrx_word' id='word_1_259' title='bbox 217 2307 308 2377; x_wconf 79' lang='grc' dir='ltr'>ρῶς</span> <span class='ocrx_word' id='word_1_260' title='bbox 328 2305 512 2370; x_wconf 80' lang='grc' dir='ltr'>ἔδειξε.</span> <span class='ocrx_word' id='word_1_261' title='bbox 553 2305 656 2360; x_wconf 77' lang='grc' dir='ltr'>Καὶ</span> <span class='ocrx_word' id='word_1_262' title='bbox 683 2306 792 2383; x_wconf 77' lang='grc' dir='ltr'><strong>γάρ</strong></span> <span class='ocrx_word' id='word_1_263' title='bbox 814 2305 1056 2375; x_wconf 82' lang='grc' dir='ltr'>πένητας</span> <span class='ocrx_word' id='word_1_264' title='bbox 1083 2305 1274 2374; x_wconf 79' lang='grc' dir='ltr'>γονέας</span> <span class='ocrx_word' id='word_1_265' title='bbox 1317 2307 1622 2370; x_wconf 88' lang='grc' dir='ltr'>προείλετο,</span> <span class='ocrx_word' id='word_1_266' title='bbox 1653 2309 1752 2377; x_wconf 79' lang='grc' dir='ltr'>τὴν</span> 
     </span>
    </p>
   </div>
   <div class='ocr_carea' id='block_1_40' title="bbox 209 2396 1748 2470">
    <p class='ocr_par' dir='ltr' id='par_1_40' title="bbox 209 2396 1748 2470">
     <span class='ocr_line' id='line_1_40' title="bbox 209 2396 1748 2470; baseline 0.003 -20"><span class='ocrx_word' id='word_1_267' title='bbox 209 2398 254 2450; x_wconf 69' lang='grc' dir='ltr'>δὲ</span> <span class='ocrx_word' id='word_1_268' title='bbox 274 2401 464 2469; x_wconf 82' lang='grc' dir='ltr'>ὰρετην</span> <span class='ocrx_word' id='word_1_269' title='bbox 491 2396 762 2460; x_wconf 86' lang='grc' dir='ltr'>τελείους,</span> <span class='ocrx_word' id='word_1_270' title='bbox 793 2397 882 2450; x_wconf 81' lang='grc' dir='ltr'>ἴνα</span> <span class='ocrx_word' id='word_1_271' title='bbox 912 2397 1100 2467; x_wconf 76' lang='grc' dir='ltr'>μηδεὶς</span> <span class='ocrx_word' id='word_1_272' title='bbox 1125 2397 1463 2468; x_wconf 82' lang='grc' dir='ltr'>ὲγκαυχᾶται</span> <span class='ocrx_word' id='word_1_273' title='bbox 1485 2401 1550 2470; x_wconf 76' lang='grc' dir='ltr'>τῇ</span> <span class='ocrx_word' id='word_1_274' title='bbox 1591 2401 1748 2454; x_wconf 81' lang='grc' dir='ltr'>ἀσθε-</span> 
     </span>
    </p>
   </div>
   <div class='ocr_carea' id='block_1_41' title="bbox 205 2484 1754 2564">
    <p class='ocr_par' dir='ltr' id='par_1_41' title="bbox 205 2484 1754 2564">
     <span class='ocr_line' id='line_1_41' title="bbox 205 2484 1754 2564; baseline 0.003 -24"><span class='ocrx_word' id='word_1_275' title='bbox 205 2488 310 2559; x_wconf 75' lang='grc' dir='ltr'>νείᾳ</span> <span class='ocrx_word' id='word_1_276' title='bbox 328 2489 422 2556; x_wconf 81' lang='grc' dir='ltr'>τῆς</span> <span class='ocrx_word' id='word_1_277' title='bbox 455 2487 682 2558; x_wconf 78' lang='grc' dir='ltr'>σαρκός.</span> <span class='ocrx_word' id='word_1_278' title='bbox 712 2487 932 2558; x_wconf 78' lang='grc' dir='ltr'>Πτωχὸν</span> <span class='ocrx_word' id='word_1_279' title='bbox 965 2484 1078 2558; x_wconf 71' lang='grc' dir='ltr'>εἶχε</span> <span class='ocrx_word' id='word_1_280' title='bbox 1111 2487 1248 2559; x_wconf 84' lang='grc' dir='ltr'>βίον,</span> <span class='ocrx_word' id='word_1_281' title='bbox 1277 2489 1363 2541; x_wconf 81' lang='grc' dir='ltr'>ἵνα</span> <span class='ocrx_word' id='word_1_282' title='bbox 1391 2489 1517 2552; x_wconf 75' lang='grc' dir='ltr'>τοὺς</span> <span class='ocrx_word' id='word_1_283' title='bbox 1544 2489 1754 2564; x_wconf 83' lang='grc' dir='ltr'>ἀνθρὼ-</span> 
     </span>
    </p>
   </div>
   <div class='ocr_carea' id='block_1_42' title="bbox 207 2567 1754 2652">
    <p class='ocr_par' dir='ltr' id='par_1_42' title="bbox 207 2567 1754 2652">
     <span class='ocr_line' id='line_1_42' title="bbox 207 2567 1754 2652; baseline 0.004 -23"><span class='ocrx_word' id='word_1_284' title='bbox 207 2593 326 2640; x_wconf 72' lang='lat' dir='ltr'><strong>me;</strong></span> <span class='ocrx_word' id='word_1_285' title='bbox 352 2577 538 2648; x_wconf 78' lang='grc' dir='ltr'>διδάξῃ</span> <span class='ocrx_word' id='word_1_286' title='bbox 569 2577 868 2648; x_wconf 82' lang='grc' dir='ltr'>χρημάτων</span> <span class='ocrx_word' id='word_1_287' title='bbox 903 2581 1287 2650; x_wconf 75' lang='grc' dir='ltr'>καταφρονεῖν.</span> <span class='ocrx_word' id='word_1_288' title='bbox 1349 2567 1754 2652; x_wconf 82' lang='grc' dir='ltr'>Ἐστερημένος</span> 
     </span>
    </p>
   </div>
   <div class='ocr_carea' id='block_1_43' title="bbox 204 2667 1754 2744">
    <p class='ocr_par' dir='ltr' id='par_1_43' title="bbox 204 2667 1754 2744">
     <span class='ocr_line' id='line_1_43' title="bbox 204 2667 1754 2744; baseline 0.003 -24"><span class='ocrx_word' id='word_1_289' title='bbox 204 2667 488 2736; x_wconf 80' lang='grc' dir='ltr'>ἀξιώματος</span> <span class='ocrx_word' id='word_1_290' title='bbox 508 2668 716 2731; x_wconf 75' lang='grc' dir='ltr'>διεϐίω,</span> <span class='ocrx_word' id='word_1_291' title='bbox 747 2669 836 2724; x_wconf 70' lang='grc' dir='ltr'>ἵνα</span> <span class='ocrx_word' id='word_1_292' title='bbox 867 2669 1055 2741; x_wconf 80' lang='grc' dir='ltr'>παύσῃ</span> <span class='ocrx_word' id='word_1_293' title='bbox 1114 2671 1241 2735; x_wconf 76' lang='grc' dir='ltr'>τοὺς</span> <span class='ocrx_word' id='word_1_294' title='bbox 1279 2669 1602 2742; x_wconf 82' lang='grc' dir='ltr'>ἀνθρώπους</span> <span class='ocrx_word' id='word_1_295' title='bbox 1653 2671 1754 2744; x_wconf 79' lang='grc' dir='ltr'><strong>τῆς</strong></span> 
     </span>
    </p>
   </div>
   <div class='ocr_carea' id='block_1_44' title="bbox 199 2757 1752 2836">
    <p class='ocr_par' dir='ltr' id='par_1_44' title="bbox 199 2757 1752 2836">
     <span class='ocr_line' id='line_1_44' title="bbox 199 2757 1752 2836; baseline 0.005 -26"><span class='ocrx_word' id='word_1_296' title='bbox 199 2759 418 2813; x_wconf 76' lang='grc' dir='ltr'>ἀτάκτου</span> <span class='ocrx_word' id='word_1_297' title='bbox 444 2759 576 2830; x_wconf 75' lang='grc' dir='ltr'>περὶ</span> <span class='ocrx_word' id='word_1_298' title='bbox 603 2757 702 2823; x_wconf 79' lang='grc' dir='ltr'><strong>τάς</strong></span> <span class='ocrx_word' id='word_1_299' title='bbox 750 2758 924 2830; x_wconf 80' lang='grc' dir='ltr'>τιμὰς</span> <span class='ocrx_word' id='word_1_300' title='bbox 963 2760 1282 2832; x_wconf 72' lang='grc' dir='ltr'>ἐπιθυμίας.</span> <span class='ocrx_word' id='word_1_301' title='bbox 1315 2763 1505 2831; x_wconf 82' lang='grc' dir='ltr'>Πόνον,</span> <span class='ocrx_word' id='word_1_302' title='bbox 1573 2765 1752 2836; x_wconf 87' lang='grc' dir='ltr'>λιμὸν,</span> 
     </span>
    </p>
   </div>
   <div class='ocr_carea' id='block_1_45' title="bbox 197 2848 1754 2927">
    <p class='ocr_par' dir='ltr' id='par_1_45' title="bbox 197 2848 1754 2927">
     <span class='ocr_line' id='line_1_45' title="bbox 197 2848 1754 2927; baseline 0.007 -28"><span class='ocrx_word' id='word_1_303' title='bbox 197 2848 363 2918; x_wconf 71' lang='grc' dir='ltr'>δίψαν,</span> <span class='ocrx_word' id='word_1_304' title='bbox 386 2851 656 2921; x_wconf 84' lang='grc' dir='ltr'>μάστιγας</span> <span class='ocrx_word' id='word_1_305' title='bbox 679 2850 954 2921; x_wconf 79' lang='grc' dir='ltr'>ὑπέμενεν</span> <span class='ocrx_word' id='word_1_306' title='bbox 985 2853 1042 2904; x_wconf 70' lang='grc' dir='ltr'>ιν</span> <span class='ocrx_word' id='word_1_307' title='bbox 1066 2849 1144 2922; x_wconf 84' lang='grc' dir='ltr'>τῷ</span> <span class='ocrx_word' id='word_1_308' title='bbox 1172 2852 1409 2922; x_wconf 83' lang='grc' dir='ltr'>σώματι,</span> <span class='ocrx_word' id='word_1_309' title='bbox 1446 2853 1532 2907; x_wconf 83' lang='grc' dir='ltr'><strong>ῖνα</strong></span> <span class='ocrx_word' id='word_1_310' title='bbox 1569 2855 1754 2927; x_wconf 77' lang='grc' dir='ltr'>διδάξῃ</span> 
     </span>
    </p>
   </div>
   <div class='ocr_carea' id='block_1_46' title="bbox 197 2939 1755 3014">
    <p class='ocr_par' dir='ltr' id='par_1_46' title="bbox 197 2939 1755 3014">
     <span class='ocr_line' id='line_1_46' title="bbox 197 2939 1755 3014; baseline 0.006 -24"><span class='ocrx_word' id='word_1_311' title='bbox 197 2939 310 3002; x_wconf 78' lang='grc' dir='ltr'>τοὺς</span> <span class='ocrx_word' id='word_1_312' title='bbox 335 2939 653 3011; x_wconf 82' lang='grc' dir='ltr'>ἀνθρώπους</span> <span class='ocrx_word' id='word_1_313' title='bbox 712 2940 786 3012; x_wconf 82' lang='grc' dir='ltr'>μὴ</span> <span class='ocrx_word' id='word_1_314' title='bbox 827 2940 990 3012; x_wconf 75' lang='grc' dir='ltr'>ἡδονῇ</span> <span class='ocrx_word' id='word_1_315' title='bbox 1042 2942 1136 2994; x_wconf 73' lang='grc' dir='ltr'>καὶ</span> <span class='ocrx_word' id='word_1_316' title='bbox 1192 2945 1372 3014; x_wconf 76' lang='grc' dir='ltr'>τρυφῇ</span> <span class='ocrx_word' id='word_1_317' title='bbox 1428 2945 1523 2998; x_wconf 57' lang='grc' dir='ltr'><strong>καὶ⁸</strong></span> <span class='ocrx_word' id='word_1_318' title='bbox 1571 2944 1755 3000; x_wconf 80' lang='grc' dir='ltr'>ἀνέσει</span> 
     </span>
    </p>
   </div>
   <div class='ocr_carea' id='block_1_47' title="bbox 199 3031 1750 3109">
    <p class='ocr_par' dir='ltr' id='par_1_47' title="bbox 199 3031 1750 3109">
     <span class='ocr_line' id='line_1_47' title="bbox 199 3031 1750 3109; baseline 0.008 -28"><span class='ocrx_word' id='word_1_319' title='bbox 199 3033 556 3101; x_wconf 78' lang='grc' dir='ltr'>προσέχοντας</span> <span class='ocrx_word' id='word_1_320' title='bbox 596 3031 931 3099; x_wconf 71' lang='grc' dir='ltr'>ἀφίστασθαι</span> <span class='ocrx_word' id='word_1_321' title='bbox 966 3033 1062 3086; x_wconf 82' lang='grc' dir='ltr'>τοῦ</span> <span class='ocrx_word' id='word_1_322' title='bbox 1118 3035 1220 3104; x_wconf 82' lang='grc' dir='ltr'>τῆς</span> <span class='ocrx_word' id='word_1_323' title='bbox 1268 3037 1472 3109; x_wconf 77' lang='grc' dir='ltr'>ἀρετῆς</span> <span class='ocrx_word' id='word_1_324' title='bbox 1522 3036 1750 3106; x_wconf 81' lang='grc' dir='ltr'>ἀγαθοῦ.</span> 
     </span>
    </p>
   </div>
   <div class='ocr_carea' id='block_1_48' title="bbox 93 3122 1754 3198">
    <p class='ocr_par' dir='ltr' id='par_1_48' title="bbox 93 3122 1754 3198">
     <span class='ocr_line' id='line_1_48' title="bbox 93 3122 1754 3198; baseline 0.002 -20"><span class='ocrx_word' id='word_1_325' title='bbox 93 3164 99 3178; x_wconf 86' lang='grc'>.</span> <span class='ocrx_word' id='word_1_326' title='bbox 199 3122 353 3186; x_wconf 81' lang='grc' dir='ltr'>Τέλος</span> <span class='ocrx_word' id='word_1_327' title='bbox 388 3125 620 3178; x_wconf 83' lang='grc' dir='ltr'>θάνατον</span> <span class='ocrx_word' id='word_1_328' title='bbox 643 3124 964 3196; x_wconf 77' lang='grc' dir='ltr'>ὑπέμεινεν,</span> <span class='ocrx_word' id='word_1_329' title='bbox 998 3125 1084 3178; x_wconf 77' lang='grc' dir='ltr'><strong>ἵνα</strong></span> <span class='ocrx_word' id='word_1_330' title='bbox 1112 3125 1305 3196; x_wconf 67' lang='grc' dir='ltr'>μηδεὶς</span> <span class='ocrx_word' id='word_1_331' title='bbox 1328 3127 1416 3180; x_wconf 78' lang='grc' dir='ltr'>διὰ</span> <span class='ocrx_word' id='word_1_332' title='bbox 1446 3127 1538 3181; x_wconf 87' lang='grc' dir='ltr'><strong>τὸν</strong></span> <span class='ocrx_word' id='word_1_333' title='bbox 1589 3128 1754 3198; x_wconf 69' lang='grc' dir='ltr'>φόϐον</span> 
     </span>
    </p>
   </div>
   <div class='ocr_carea' id='block_1_49' title="bbox 1855 1925 3429 2011">
    <p class='ocr_par' dir='ltr' id='par_1_49' title="bbox 1855 1925 3429 2011">
     <span class='ocr_line' id='line_1_49' title="bbox 1855 1925 3429 2011; baseline 0.009 -29"><span class='ocrx_word' id='word_1_334' title='bbox 1855 1925 1960 1982; x_wconf 87' lang='lat' dir='ltr'><strong>hoc</strong></span> <span class='ocrx_word' id='word_1_335' title='bbox 1995 1927 2233 1998; x_wconf 82' lang='lat' dir='ltr'><strong>positum</strong></span> <span class='ocrx_word' id='word_1_336' title='bbox 2259 1943 2403 1996; x_wconf 88' lang='lat' dir='ltr'><strong>esse,</strong></span> <span class='ocrx_word' id='word_1_337' title='bbox 2434 1933 2581 2001; x_wconf 93' lang='lat' dir='ltr'><strong>quod</strong></span> <span class='ocrx_word' id='word_1_338' title='bbox 2618 1935 2760 1989; x_wconf 86' lang='lat' dir='ltr'><strong>mala</strong></span> <span class='ocrx_word' id='word_1_339' title='bbox 2792 1938 3146 2006; x_wconf 85' lang='lat' dir='ltr'><strong>concupiscat</strong></span> <span class='ocrx_word' id='word_1_340' title='bbox 3175 1940 3429 2011; x_wconf 89' lang='lat' dir='ltr'><strong>bonaque</strong></span> 
     </span>
    </p>
   </div>
   <div class='ocr_carea' id='block_1_50' title="bbox 1855 2022 3424 2106">
    <p class='ocr_par' dir='ltr' id='par_1_50' title="bbox 1855 2022 3424 2106">
     <span class='ocr_line' id='line_1_50' title="bbox 1855 2022 3424 2106; baseline 0.011 -30"><span class='ocrx_word' id='word_1_341' title='bbox 1855 2022 2202 2092; x_wconf 86' lang='lat' dir='ltr'><strong>corporalia,</strong></span> <span class='ocrx_word' id='word_1_342' title='bbox 2261 2041 2608 2098; x_wconf 81' lang='lat' dir='ltr'><strong>nequaquam</strong></span> <span class='ocrx_word' id='word_1_343' title='bbox 2672 2047 2802 2088; x_wconf 87' lang='lat' dir='ltr'><strong>vero</strong></span> <span class='ocrx_word' id='word_1_344' title='bbox 2853 2033 2995 2089; x_wconf 87' lang='lat' dir='ltr'><strong>bona</strong></span> <span class='ocrx_word' id='word_1_345' title='bbox 3046 2037 3424 2106; x_wconf 86' lang='lat' dir='ltr'><strong>sempiterna;</strong></span> 
     </span>
    </p>
   </div>
   <div class='ocr_carea' id='block_1_51' title="bbox 1855 2115 3422 2188">
    <p class='ocr_par' dir='ltr' id='par_1_51' title="bbox 1855 2115 3422 2188">
     <span class='ocr_line' id='line_1_51' title="bbox 1855 2115 3422 2188; baseline 0.01 -24"><span class='ocrx_word' id='word_1_346' title='bbox 1855 2126 2092 2180; x_wconf 89' lang='lat' dir='ltr'><strong>quonam</strong></span> <span class='ocrx_word' id='word_1_347' title='bbox 2123 2115 2285 2170; x_wconf 87' lang='lat' dir='ltr'><strong>modo</strong></span> <span class='ocrx_word' id='word_1_348' title='bbox 2315 2117 2431 2172; x_wconf 75' lang='lat' dir='ltr'><strong>fieri</strong></span> <span class='ocrx_word' id='word_1_349' title='bbox 2462 2120 2656 2188; x_wconf 87' lang='lat' dir='ltr'><strong>possit,</strong></span> <span class='ocrx_word' id='word_1_350' title='bbox 2696 2132 2756 2177; x_wconf 89' lang='lat' dir='ltr'><strong>ut</strong></span> <span class='ocrx_word' id='word_1_351' title='bbox 2789 2123 2915 2180; x_wconf 82' lang='lat' dir='ltr'><strong>huic</strong></span> <span class='ocrx_word' id='word_1_352' title='bbox 2949 2125 3091 2180; x_wconf 91' lang='lat' dir='ltr'><strong>malo</strong></span> <span class='ocrx_word' id='word_1_353' title='bbox 3122 2125 3422 2182; x_wconf 82' lang='lat' dir='ltr'><strong>remedium</strong></span> 
     </span>
    </p>
   </div>
   <div class='ocr_carea' id='block_1_52' title="bbox 1856 2197 3429 2286">
    <p class='ocr_par' dir='ltr' id='par_1_52' title="bbox 1856 2197 3429 2286">
     <span class='ocr_line' id='line_1_52' title="bbox 1856 2197 3429 2286; baseline 0.012 -34"><span class='ocrx_word' id='word_1_354' title='bbox 1856 2197 2178 2256; x_wconf 84' lang='lat' dir='ltr'><strong>adhibeatur</strong></span> <span class='ocrx_word' id='word_1_355' title='bbox 2205 2211 2259 2256; x_wconf 90' lang='lat' dir='ltr'><strong>et</strong></span> <span class='ocrx_word' id='word_1_356' title='bbox 2289 2203 2454 2260; x_wconf 90' lang='lat' dir='ltr'><strong>homo</strong></span> <span class='ocrx_word' id='word_1_357' title='bbox 2481 2207 2547 2262; x_wconf 90' lang='lat' dir='ltr'><strong>ad</strong></span> <span class='ocrx_word' id='word_1_358' title='bbox 2586 2209 2752 2263; x_wconf 88' lang='lat' dir='ltr'><strong>Deum</strong></span> <span class='ocrx_word' id='word_1_359' title='bbox 2781 2225 3054 2282; x_wconf 81' lang='lat' dir='ltr'><strong>assurgat,</strong></span> <span class='ocrx_word' id='word_1_360' title='bbox 3085 2216 3284 2284; x_wconf 90' lang='lat' dir='ltr'><strong>quibus</strong></span> <span class='ocrx_word' id='word_1_361' title='bbox 3318 2218 3429 2286; x_wconf 78' lang='lat' dir='ltr'><strong>egit</strong></span> 
     </span>
    </p>
   </div>
   <div class='ocr_carea' id='block_1_53' title="bbox 1856 2297 3428 2376">
    <p class='ocr_par' dir='ltr' id='par_1_53' title="bbox 1856 2297 3428 2376">
     <span class='ocr_line' id='line_1_53' title="bbox 1856 2297 3428 2376; baseline 0.012 -32"><span class='ocrx_word' id='word_1_362' title='bbox 1856 2300 2020 2360; x_wconf 87' lang='lat' dir='ltr'><strong>atque</strong></span> <span class='ocrx_word' id='word_1_363' title='bbox 2048 2307 2245 2361; x_wconf 88' lang='lat' dir='ltr'><strong>passus</strong></span> <span class='ocrx_word' id='word_1_364' title='bbox 2271 2305 2358 2350; x_wconf 91' lang='lat' dir='ltr'><strong>est</strong></span> <span class='ocrx_word' id='word_1_365' title='bbox 2391 2297 2598 2366; x_wconf 84' lang='lat' dir='ltr'><strong>liquido</strong></span> <span class='ocrx_word' id='word_1_366' title='bbox 2633 2303 2895 2356; x_wconf 85' lang='lat' dir='ltr'><strong>ostendit.</strong></span> <span class='ocrx_word' id='word_1_367' title='bbox 2931 2305 3142 2360; x_wconf 88' lang='lat' dir='ltr'><strong>Etenim</strong></span> <span class='ocrx_word' id='word_1_368' title='bbox 3170 2318 3428 2376; x_wconf 89' lang='lat' dir='ltr'><strong>parentes</strong></span> 
     </span>
    </p>
   </div>
   <div class='ocr_carea' id='block_1_54' title="bbox 1857 2386 3423 2464">
    <p class='ocr_par' dir='ltr' id='par_1_54' title="bbox 1857 2386 3423 2464">
     <span class='ocr_line' id='line_1_54' title="bbox 1857 2386 3423 2464; baseline 0.012 -29"><span class='ocrx_word' id='word_1_369' title='bbox 1857 2396 2124 2452; x_wconf 87' lang='lat' dir='ltr'><strong>pauperes</strong></span> <span class='ocrx_word' id='word_1_370' title='bbox 2163 2386 2348 2456; x_wconf 77' lang='lat' dir='ltr'><strong>elegit,</strong></span> <span class='ocrx_word' id='word_1_371' title='bbox 2383 2392 2473 2457; x_wconf 90' lang='lat' dir='ltr'><strong>qui</strong></span> <span class='ocrx_word' id='word_1_372' title='bbox 2509 2399 2690 2445; x_wconf 87' lang='lat' dir='ltr'><strong>tamen</strong></span> <span class='ocrx_word' id='word_1_373' title='bbox 2716 2394 2916 2448; x_wconf 86' lang='lat' dir='ltr'><strong>virtute</strong></span> <span class='ocrx_word' id='word_1_374' title='bbox 2939 2395 3164 2464; x_wconf 80' lang='lat' dir='ltr'><strong>perfecti</strong></span> <span class='ocrx_word' id='word_1_375' title='bbox 3198 2410 3423 2463; x_wconf 84' lang='lat' dir='ltr'><strong>essent;</strong></span> 
     </span>
    </p>
   </div>
   <div class='ocr_carea' id='block_1_55' title="bbox 1861 2474 3427 2549">
    <p class='ocr_par' dir='ltr' id='par_1_55' title="bbox 1861 2474 3427 2549">
     <span class='ocr_line' id='line_1_55' title="bbox 1861 2474 3427 2549; baseline 0.014 -22"><span class='ocrx_word' id='word_1_376' title='bbox 1861 2487 1928 2528; x_wconf 87' lang='lat' dir='ltr'><strong>ne</strong></span> <span class='ocrx_word' id='word_1_377' title='bbox 1949 2475 2073 2544; x_wconf 89' lang='lat' dir='ltr'><strong>quis</strong></span> <span class='ocrx_word' id='word_1_378' title='bbox 2107 2474 2367 2544; x_wconf 78' lang='lat' dir='ltr'><strong>glorietur</strong></span> <span class='ocrx_word' id='word_1_379' title='bbox 2390 2479 2480 2548; x_wconf 91' lang='lat' dir='ltr'><strong>qui</strong></span> <span class='ocrx_word' id='word_1_380' title='bbox 2505 2482 2685 2538; x_wconf 87' lang='lat' dir='ltr'><strong>carnis</strong></span> <span class='ocrx_word' id='word_1_381' title='bbox 2714 2483 3026 2540; x_wconf 78' lang='lat' dir='ltr'><strong>infirmitate</strong></span> <span class='ocrx_word' id='word_1_382' title='bbox 3050 2487 3427 2549; x_wconf 89' lang='lat' dir='ltr'><strong>circumdatus</strong></span> 
     </span>
    </p>
   </div>
   <div class='ocr_carea' id='block_1_56' title="bbox 1856 2563 3426 2644">
    <p class='ocr_par' dir='ltr' id='par_1_56' title="bbox 1856 2563 3426 2644">
     <span class='ocr_line' id='line_1_56' title="bbox 1856 2563 3426 2644; baseline 0.015 -27"><span class='ocrx_word' id='word_1_383' title='bbox 1856 2563 1951 2617; x_wconf 91' lang='lat' dir='ltr'><strong>sit.</strong></span> <span class='ocrx_word' id='word_1_384' title='bbox 2007 2563 2150 2620; x_wconf 84' lang='lat' dir='ltr'><strong>Pene</strong></span> <span class='ocrx_word' id='word_1_385' title='bbox 2203 2568 2441 2624; x_wconf 86' lang='lat' dir='ltr'><strong>mendici</strong></span> <span class='ocrx_word' id='word_1_386' title='bbox 2475 2571 2639 2625; x_wconf 79' lang='lat' dir='ltr'><strong>vitam</strong></span> <span class='ocrx_word' id='word_1_387' title='bbox 2689 2575 2829 2644; x_wconf 79' lang='lat' dir='ltr'><strong>egit,</strong></span> <span class='ocrx_word' id='word_1_388' title='bbox 2883 2589 2942 2632; x_wconf 89' lang='lat' dir='ltr'><strong>ut</strong></span> <span class='ocrx_word' id='word_1_389' title='bbox 2999 2586 3426 2641; x_wconf 88' lang='lat' dir='ltr'><strong>contemnendas</strong></span> 
     </span>
    </p>
   </div>
   <div class='ocr_carea' id='block_1_57' title="bbox 1857 2658 3431 2742">
    <p class='ocr_par' dir='ltr' id='par_1_57' title="bbox 1857 2658 3431 2742">
     <span class='ocr_line' id='line_1_57' title="bbox 1857 2658 3431 2742; baseline 0.01 -32"><span class='ocrx_word' id='word_1_390' title='bbox 1857 2658 2115 2724; x_wconf 82' lang='lat' dir='ltr'><strong>pecunias</strong></span> <span class='ocrx_word' id='word_1_391' title='bbox 2168 2659 2418 2718; x_wconf 85' lang='lat' dir='ltr'><strong>homines</strong></span> <span class='ocrx_word' id='word_1_392' title='bbox 2457 2663 2698 2723; x_wconf 86' lang='lat' dir='ltr'><strong>doceret.</strong></span> <span class='ocrx_word' id='word_1_393' title='bbox 2749 2665 2906 2724; x_wconf 84' lang='lat' dir='ltr'><strong>Nulla</strong></span> <span class='ocrx_word' id='word_1_394' title='bbox 2954 2672 3215 2742; x_wconf 83' lang='lat' dir='ltr'><strong>dignitate</strong></span> <span class='ocrx_word' id='word_1_395' title='bbox 3268 2694 3431 2732; x_wconf 85' lang='lat' dir='ltr'><strong>mun.</strong></span> 
     </span>
    </p>
   </div>
   <div class='ocr_carea' id='block_1_58' title="bbox 1855 2746 3430 2827">
    <p class='ocr_par' dir='ltr' id='par_1_58' title="bbox 1855 2746 3430 2827">
     <span class='ocr_line' id='line_1_58' title="bbox 1855 2746 3430 2827; baseline 0.015 -26"><span class='ocrx_word' id='word_1_396' title='bbox 1855 2746 2002 2802; x_wconf 90' lang='lat' dir='ltr'><strong>dano</strong></span> <span class='ocrx_word' id='word_1_397' title='bbox 2043 2749 2189 2804; x_wconf 90' lang='lat' dir='ltr'><strong>cultu</strong></span> <span class='ocrx_word' id='word_1_398' title='bbox 2239 2751 2492 2810; x_wconf 86' lang='lat' dir='ltr'><strong>sublimis</strong></span> <span class='ocrx_word' id='word_1_399' title='bbox 2519 2755 2681 2810; x_wconf 88' lang='lat' dir='ltr'><strong>vitam</strong></span> <span class='ocrx_word' id='word_1_400' title='bbox 2717 2761 2978 2827; x_wconf 83' lang='lat' dir='ltr'><strong>traduxit,</strong></span> <span class='ocrx_word' id='word_1_401' title='bbox 3019 2773 3076 2818; x_wconf 91' lang='lat' dir='ltr'><strong>ut</strong></span> <span class='ocrx_word' id='word_1_402' title='bbox 3125 2766 3190 2819; x_wconf 88' lang='lat' dir='ltr'><strong>ab</strong></span> <span class='ocrx_word' id='word_1_403' title='bbox 3223 2767 3430 2824; x_wconf 89' lang='lat' dir='ltr'><strong>inordi-</strong></span> 
     </span>
    </p>
   </div>
   <div class='ocr_carea' id='block_1_59' title="bbox 1858 2842 3429 2928">
    <p class='ocr_par' dir='ltr' id='par_1_59' title="bbox 1858 2842 3429 2928">
     <span class='ocr_line' id='line_1_59' title="bbox 1858 2842 3429 2928; baseline 0.013 -34"><span class='ocrx_word' id='word_1_404' title='bbox 1858 2848 1982 2895; x_wconf 87' lang='lat' dir='ltr'><strong>nata</strong></span> <span class='ocrx_word' id='word_1_405' title='bbox 2047 2842 2317 2899; x_wconf 87' lang='lat' dir='ltr'><strong>honurum</strong></span> <span class='ocrx_word' id='word_1_406' title='bbox 2374 2848 2672 2916; x_wconf 87' lang='lat' dir='ltr'><strong>cupiditate</strong></span> <span class='ocrx_word' id='word_1_407' title='bbox 2723 2850 3004 2908; x_wconf 82' lang='lat' dir='ltr'><strong>hominum</strong></span> <span class='ocrx_word' id='word_1_408' title='bbox 3062 2871 3429 2928; x_wconf 82' lang='lat' dir='ltr'><strong>compesceret</strong></span> 
     </span>
    </p>
   </div>
   <div class='ocr_carea' id='block_1_60' title="bbox 1859 2933 3427 3014">
    <p class='ocr_par' dir='ltr' id='par_1_60' title="bbox 1859 2933 3427 3014">
     <span class='ocr_line' id='line_1_60' title="bbox 1859 2933 3427 3014; baseline 0.013 -26"><span class='ocrx_word' id='word_1_409' title='bbox 1859 2937 2095 2992; x_wconf 87' lang='lat' dir='ltr'><strong>animos.</strong></span> <span class='ocrx_word' id='word_1_410' title='bbox 2145 2933 2577 3005; x_wconf 86' lang='lat' dir='ltr'><strong>Lassitudinem,</strong></span> <span class='ocrx_word' id='word_1_411' title='bbox 2631 2940 2852 3011; x_wconf 84' lang='lat' dir='ltr'><strong>famem,</strong></span> <span class='ocrx_word' id='word_1_412' title='bbox 2891 2946 3063 3014; x_wconf 88' lang='lat' dir='ltr'><strong>sitim,</strong></span> <span class='ocrx_word' id='word_1_413' title='bbox 3105 2951 3324 3006; x_wconf 73' lang='lat' dir='ltr'><strong>Verbera</strong></span> <span class='ocrx_word' id='word_1_414' title='bbox 3374 2954 3427 3008; x_wconf 88' lang='lat' dir='ltr'><strong>in</strong></span> 
     </span>
    </p>
   </div>
   <div class='ocr_carea' id='block_1_61' title="bbox 1857 3023 3427 3109">
    <p class='ocr_par' dir='ltr' id='par_1_61' title="bbox 1857 3023 3427 3109">
     <span class='ocr_line' id='line_1_61' title="bbox 1857 3023 3427 3109; baseline 0.011 -30"><span class='ocrx_word' id='word_1_415' title='bbox 1857 3040 2085 3094; x_wconf 83' lang='lat' dir='ltr'><strong>corpore</strong></span> <span class='ocrx_word' id='word_1_416' title='bbox 2134 3023 2423 3095; x_wconf 73' lang='lat' dir='ltr'><strong>sustinuit,</strong></span> <span class='ocrx_word' id='word_1_417' title='bbox 2461 3040 2520 3085; x_wconf 91' lang='lat' dir='ltr'><strong>ut</strong></span> <span class='ocrx_word' id='word_1_418' title='bbox 2575 3031 2795 3088; x_wconf 84' lang='lat' dir='ltr'><strong>doceret</strong></span> <span class='ocrx_word' id='word_1_419' title='bbox 2847 3035 3097 3093; x_wconf 88' lang='lat' dir='ltr'><strong>homines</strong></span> <span class='ocrx_word' id='word_1_420' title='bbox 3142 3042 3427 3109; x_wconf 87' lang='lat' dir='ltr'><strong>voluptati,</strong></span> 
     </span>
    </p>
   </div>
   <div class='ocr_carea' id='block_1_62' title="bbox 1860 3119 3431 3194">
    <p class='ocr_par' dir='ltr' id='par_1_62' title="bbox 1860 3119 3431 3194">
     <span class='ocr_line' id='line_1_62' title="bbox 1860 3119 3431 3194; baseline 0.01 -22"><span class='ocrx_word' id='word_1_421' title='bbox 1860 3119 2096 3185; x_wconf 82' lang='lat' dir='ltr'><strong>deliciis,</strong></span> <span class='ocrx_word' id='word_1_422' title='bbox 2135 3121 2368 3177; x_wconf 84' lang='lat' dir='ltr'><strong>molliori</strong></span> <span class='ocrx_word' id='word_1_423' title='bbox 2414 3123 2540 3177; x_wconf 77' lang='lat' dir='ltr'><strong>vitae</strong></span> <span class='ocrx_word' id='word_1_424' title='bbox 2584 3125 2830 3180; x_wconf 86' lang='lat' dir='ltr'><strong>animum</strong></span> <span class='ocrx_word' id='word_1_425' title='bbox 2881 3128 3216 3194; x_wconf 87' lang='lat' dir='ltr'><strong>addicentes,</strong></span> <span class='ocrx_word' id='word_1_426' title='bbox 3251 3149 3280 3186; x_wconf 92' lang='lat' dir='ltr'><strong>a</strong></span> <span class='ocrx_word' id='word_1_427' title='bbox 3322 3135 3431 3187; x_wconf 85' lang='lat' dir='ltr'><strong>vir-</strong></span> 
     </span>
    </p>
   </div>
   <div class='ocr_carea' id='block_1_63' title="bbox 197 3204 1755 3294">
    <p class='ocr_par' dir='ltr' id='par_1_63' title="bbox 197 3211 1752 3290">
     <span class='ocr_line' id='line_1_63' title="bbox 197 3211 1752 3290; baseline 0.005 -25"><span class='ocrx_word' id='word_1_428' title='bbox 197 3211 284 3266; x_wconf 81' lang='grc' dir='ltr'>τοῦ</span> <span class='ocrx_word' id='word_1_429' title='bbox 307 3214 537 3270; x_wconf 81' lang='grc' dir='ltr'>θανάτου</span> <span class='ocrx_word' id='word_1_430' title='bbox 565 3217 669 3286; x_wconf 75' lang='grc' dir='ltr'>τὴν</span> <span class='ocrx_word' id='word_1_431' title='bbox 701 3215 959 3287; x_wconf 75' lang='grc' dir='ltr'>ἀλήθειαν</span> <span class='ocrx_word' id='word_1_432' title='bbox 985 3217 1457 3290; x_wconf 67' lang='grc' dir='ltr'>ἱγκαταλιμπάνῃ.</span> <span class='ocrx_word' id='word_1_433' title='bbox 1494 3219 1599 3274; x_wconf 87' lang='grc' dir='ltr'>Τὸν</span> <span class='ocrx_word' id='word_1_434' title='bbox 1623 3222 1752 3272; x_wconf 80' lang='grc' dir='ltr'>ἐπο-</span> 
     </span>
    </p>
   </div>
   <div class='ocr_carea' id='block_1_64' title="bbox 1860 3204 3431 3294">
    <p class='ocr_par' dir='ltr' id='par_1_64' title="bbox 1863 3212 3431 3294">
     <span class='ocr_line' id='line_1_64' title="bbox 1863 3212 3431 3294; baseline 0.009 -28"><span class='ocrx_word' id='word_1_435' title='bbox 1863 3214 1996 3268; x_wconf 88' lang='lat' dir='ltr'><strong>tutis</strong></span> <span class='ocrx_word' id='word_1_436' title='bbox 2032 3212 2177 3269; x_wconf 90' lang='lat' dir='ltr'><strong>hono</strong></span> <span class='ocrx_word' id='word_1_437' title='bbox 2208 3228 2314 3269; x_wconf 92' lang='lat' dir='ltr'><strong>non</strong></span> <span class='ocrx_word' id='word_1_438' title='bbox 2356 3214 2668 3270; x_wconf 87' lang='lat' dir='ltr'><strong>abscedere.</strong></span> <span class='ocrx_word' id='word_1_439' title='bbox 2712 3215 2996 3274; x_wconf 80' lang='lat' dir='ltr'><strong>Postremo</strong></span> <span class='ocrx_word' id='word_1_440' title='bbox 3040 3232 3266 3278; x_wconf 89' lang='lat' dir='ltr'><strong>mortem</strong></span> <span class='ocrx_word' id='word_1_441' title='bbox 3308 3240 3431 3294; x_wconf 91' lang='lat' dir='ltr'><strong>per-</strong></span> 
     </span>
    </p>
   </div>
   <div class='ocr_carea' id='block_1_65' title="bbox 200 3307 1755 3382">
    <p class='ocr_par' dir='ltr' id='par_1_65' title="bbox 200 3307 1755 3382">
     <span class='ocr_line' id='line_1_65' title="bbox 200 3307 1755 3382; baseline 0.005 -27"><span class='ocrx_word' id='word_1_442' title='bbox 200 3307 454 3362; x_wconf 81' lang='grc' dir='ltr'>νείδιστον</span> <span class='ocrx_word' id='word_1_443' title='bbox 486 3308 575 3362; x_wconf 83' lang='grc' dir='ltr'><strong>διά</strong></span> <span class='ocrx_word' id='word_1_444' title='bbox 605 3308 844 3378; x_wconf 87' lang='grc' dir='ltr'>σταυροῦ</span> <span class='ocrx_word' id='word_1_445' title='bbox 876 3309 1162 3380; x_wconf 84' lang='grc' dir='ltr'>προείλετο</span> <span class='ocrx_word' id='word_1_446' title='bbox 1182 3309 1430 3375; x_wconf 83' lang='grc' dir='ltr'>θάνατον,</span> <span class='ocrx_word' id='word_1_447' title='bbox 1458 3311 1546 3365; x_wconf 77' lang='grc' dir='ltr'><strong>ἵνα</strong></span> <span class='ocrx_word' id='word_1_448' title='bbox 1565 3311 1755 3382; x_wconf 80' lang='grc' dir='ltr'>μηδεὶς</span> 
     </span>
    </p>
   </div>
   <div class='ocr_carea' id='block_1_66' title="bbox 197 3399 1758 3476">
    <p class='ocr_par' dir='ltr' id='par_1_66' title="bbox 197 3399 1758 3476">
     <span class='ocr_line' id='line_1_66' title="bbox 197 3399 1758 3476; baseline 0.004 -24"><span class='ocrx_word' id='word_1_449' title='bbox 197 3399 327 3470; x_wconf 67' lang='grc' dir='ltr'>ὕπὶρ</span> <span class='ocrx_word' id='word_1_450' title='bbox 351 3401 450 3470; x_wconf 77' lang='grc' dir='ltr'>τῆς</span> <span class='ocrx_word' id='word_1_451' title='bbox 499 3400 762 3471; x_wconf 77' lang='grc' dir='ltr'>ἀληθείας</span> <span class='ocrx_word' id='word_1_452' title='bbox 779 3400 871 3456; x_wconf 89' lang='grc' dir='ltr'><strong>τὸν</strong></span> <span class='ocrx_word' id='word_1_453' title='bbox 899 3403 1259 3457; x_wconf 76' lang='grc' dir='ltr'>ἐπονείδιστον</span> <span class='ocrx_word' id='word_1_454' title='bbox 1282 3403 1618 3476; x_wconf 71' lang='grc' dir='ltr'>ἐκτρέπηται</span> <span class='ocrx_word' id='word_1_455' title='bbox 1661 3405 1758 3459; x_wconf 64' lang='lat' dir='ltr'><strong>0d-</strong></span> 
     </span>
    </p>
   </div>
   <div class='ocr_carea' id='block_1_67' title="bbox 196 3491 1752 3565">
    <p class='ocr_par' dir='ltr' id='par_1_67' title="bbox 196 3491 1752 3565">
     <span class='ocr_line' id='line_1_67' title="bbox 196 3491 1752 3565; baseline 0.006 -25"><span class='ocrx_word' id='word_1_456' title='bbox 196 3506 363 3546; x_wconf 72' lang='grc' dir='ltr'>νατον.</span> <span class='ocrx_word' id='word_1_457' title='bbox 397 3492 560 3546; x_wconf 72' lang='grc' dir='ltr'>Ὥστε</span> <span class='ocrx_word' id='word_1_458' title='bbox 604 3491 850 3563; x_wconf 82' lang='grc' dir='ltr'>προσῆκε</span> <span class='ocrx_word' id='word_1_459' title='bbox 886 3492 980 3547; x_wconf 82' lang='grc' dir='ltr'><strong>τὸν</strong></span> <span class='ocrx_word' id='word_1_460' title='bbox 995 3491 1126 3548; x_wconf 80' lang='grc' dir='ltr'>Θεὸν</span> <span class='ocrx_word' id='word_1_461' title='bbox 1154 3495 1446 3565; x_wconf 75' lang='grc' dir='ltr'>ἄνθρωπον</span> <span class='ocrx_word' id='word_1_462' title='bbox 1473 3496 1752 3565; x_wconf 87' lang='grc' dir='ltr'>γενέσθαι,</span> 
     </span>
    </p>
   </div>
   <div class='ocr_carea' id='block_1_68' title="bbox 202 3579 1755 3658">
    <p class='ocr_par' dir='ltr' id='par_1_68' title="bbox 202 3579 1755 3658">
     <span class='ocr_line' id='line_1_68' title="bbox 202 3579 1755 3658; baseline 0.006 -27"><span class='ocrx_word' id='word_1_463' title='bbox 202 3579 282 3633; x_wconf 73' lang='lat' dir='ltr'><strong>(va.</strong></span> <span class='ocrx_word' id='word_1_464' title='bbox 303 3583 382 3653; x_wconf 79' lang='grc' dir='ltr'>τῷ</span> <span class='ocrx_word' id='word_1_465' title='bbox 429 3583 553 3638; x_wconf 82' lang='grc' dir='ltr'>καθ’</span> <span class='ocrx_word' id='word_1_466' title='bbox 616 3583 780 3637; x_wconf 86' lang='grc' dir='ltr'>αὐτὸν</span> <span class='ocrx_word' id='word_1_467' title='bbox 832 3585 1194 3654; x_wconf 80' lang='grc' dir='ltr'>ὑποδείγματι</span> <span class='ocrx_word' id='word_1_468' title='bbox 1253 3587 1382 3650; x_wconf 78' lang='grc' dir='ltr'>τοὺς</span> <span class='ocrx_word' id='word_1_469' title='bbox 1427 3585 1755 3658; x_wconf 77' lang='grc' dir='ltr'>ἀνθρώπους</span> 
     </span>
    </p>
   </div>
   <div class='ocr_carea' id='block_1_69' title="bbox 185 3673 1756 3748">
    <p class='ocr_par' dir='ltr' id='par_1_69' title="bbox 185 3673 1756 3748">
     <span class='ocr_line' id='line_1_69' title="bbox 185 3673 1756 3748; baseline 0.005 -25"><span class='ocrx_word' id='word_1_470' title='bbox 185 3673 284 3725; x_wconf 76' lang='grc' dir='ltr'><strong>’ἐπὶ</strong></span> <span class='ocrx_word' id='word_1_471' title='bbox 313 3675 413 3746; x_wconf 76' lang='grc' dir='ltr'>τὴν</span> <span class='ocrx_word' id='word_1_472' title='bbox 442 3673 646 3746; x_wconf 78' lang='grc' dir='ltr'>ἀρετὴν</span> <span class='ocrx_word' id='word_1_473' title='bbox 691 3675 1118 3746; x_wconf 77' lang='grc' dir='ltr'>προκαλέσηται,</span> <span class='ocrx_word' id='word_1_474' title='bbox 1161 3677 1303 3732; x_wconf 86' lang='grc' dir='ltr'>καθά</span> <span class='ocrx_word' id='word_1_475' title='bbox 1329 3694 1496 3748; x_wconf 85' lang='grc' dir='ltr'>φησιν</span> <span class='ocrx_word' id='word_1_476' title='bbox 1518 3679 1545 3732; x_wconf 84' lang='grc' dir='ltr'><strong>δ</strong></span> <span class='ocrx_word' id='word_1_477' title='bbox 1571 3677 1756 3748; x_wconf 77' lang='grc' dir='ltr'>μακά·</span> 
     </span>
    </p>
   </div>
   <div class='ocr_carea' id='block_1_70' title="bbox 201 3765 1756 3840">
    <p class='ocr_par' dir='ltr' id='par_1_70' title="bbox 201 3765 1756 3840">
     <span class='ocr_line' id='line_1_70' title="bbox 201 3765 1756 3840; baseline 0.005 -26"><span class='ocrx_word' id='word_1_478' title='bbox 201 3778 305 3831; x_wconf 86' lang='grc' dir='ltr'>ριος</span> <span class='ocrx_word' id='word_1_479' title='bbox 336 3765 560 3836; x_wconf 80' lang='grc' dir='ltr'>Πέτρος,</span> <span class='ocrx_word' id='word_1_480' title='bbox 591 3785 610 3817; x_wconf 75' lang='grc' dir='ltr'><strong>ι</strong></span> <span class='ocrx_word' id='word_1_481' title='bbox 646 3767 880 3836; x_wconf 85' lang='grc' dir='ltr'>Χριστὸς</span> <span class='ocrx_word' id='word_1_482' title='bbox 921 3765 1191 3820; x_wconf 79' lang='grc' dir='ltr'>πέπονθεν</span> <span class='ocrx_word' id='word_1_483' title='bbox 1221 3767 1364 3840; x_wconf 70' lang='grc' dir='ltr'>ὑπὲρ</span> <span class='ocrx_word' id='word_1_484' title='bbox 1412 3767 1594 3838; x_wconf 76' lang='grc' dir='ltr'>ἡμῶν,</span> <span class='ocrx_word' id='word_1_485' title='bbox 1619 3770 1756 3840; x_wconf 78' lang='grc' dir='ltr'>ἡμῖν</span> 
     </span>
    </p>
   </div>
   <div class='ocr_carea' id='block_1_71' title="bbox 200 3855 1756 3932">
    <p class='ocr_par' dir='ltr' id='par_1_71' title="bbox 200 3855 1756 3932">
     <span class='ocr_line' id='line_1_71' title="bbox 200 3855 1756 3932; baseline 0.007 -28"><span class='ocrx_word' id='word_1_486' title='bbox 200 3855 688 3929; x_wconf 74' lang='grc' dir='ltr'>ὲγκαταλιμπάνων</span> <span class='ocrx_word' id='word_1_487' title='bbox 716 3858 1110 3928; x_wconf 85' lang='grc' dir='ltr'>ὑπογραμμὸν,</span> <span class='ocrx_word' id='word_1_488' title='bbox 1136 3857 1227 3914; x_wconf 80' lang='grc' dir='ltr'>ἵνα</span> <span class='ocrx_word' id='word_1_489' title='bbox 1252 3861 1367 3924; x_wconf 77' lang='grc' dir='ltr'>τοῖς</span> <span class='ocrx_word' id='word_1_490' title='bbox 1423 3859 1630 3932; x_wconf 86' lang='grc' dir='ltr'>ίχνεσιν</span> <span class='ocrx_word' id='word_1_491' title='bbox 1657 3861 1756 3914; x_wconf 81' lang='grc' dir='ltr'>αύ-</span> 
     </span>
    </p>
   </div>
   <div class='ocr_carea' id='block_1_72' title="bbox 201 3947 937 4022">
    <p class='ocr_par' dir='ltr' id='par_1_72' title="bbox 201 3947 937 4022">
     <span class='ocr_line' id='line_1_72' title="bbox 201 3947 937 4022; baseline 0.004 -23"><span class='ocrx_word' id='word_1_492' title='bbox 201 3947 285 4000; x_wconf 76' lang='grc' dir='ltr'><strong>τοῦ</strong></span> <span class='ocrx_word' id='word_1_493' title='bbox 316 3951 874 4022; x_wconf 79' lang='grc' dir='ltr'>ὲπακολουθὴσωμεν.</span> <span class='ocrx_word' id='word_1_494' title='bbox 919 3970 937 4002; x_wconf 77' lang='grc' dir='ltr'><strong>ι</strong></span> 
     </span>
    </p>
   </div>
   <div class='ocr_carea' id='block_1_73' title="bbox 275 4039 1758 4114">
    <p class='ocr_par' dir='ltr' id='par_1_73' title="bbox 275 4039 1758 4114">
     <span class='ocr_line' id='line_1_73' title="bbox 275 4039 1758 4114; baseline 0.002 -19"><span class='ocrx_word' id='word_1_495' title='bbox 275 4039 424 4096; x_wconf 77' lang='grc' dir='ltr'>Ἐπεὶ</span> <span class='ocrx_word' id='word_1_496' title='bbox 449 4043 506 4096; x_wconf 69' lang='grc' dir='ltr'>δὲ</span> <span class='ocrx_word' id='word_1_497' title='bbox 533 4043 595 4096; x_wconf 81' lang='grc' dir='ltr'><strong>οὐ</strong></span> <span class='ocrx_word' id='word_1_498' title='bbox 637 4043 800 4113; x_wconf 81' lang='grc' dir='ltr'>μόνον</span> <span class='ocrx_word' id='word_1_499' title='bbox 853 4043 922 4097; x_wconf 83' lang='grc' dir='ltr'><strong>τά</strong></span> <span class='ocrx_word' id='word_1_500' title='bbox 983 4042 1085 4112; x_wconf 81' lang='grc' dir='ltr'>τῆς</span> <span class='ocrx_word' id='word_1_501' title='bbox 1145 4043 1348 4114; x_wconf 81' lang='grc' dir='ltr'>ἀρετῆς</span> <span class='ocrx_word' id='word_1_502' title='bbox 1400 4043 1536 4114; x_wconf 78' lang='grc' dir='ltr'>ἔργα</span> <span class='ocrx_word' id='word_1_503' title='bbox 1597 4043 1758 4098; x_wconf 84' lang='grc' dir='ltr'>ίκανά</span> 
     </span>
    </p>
   </div>
   <div class='ocr_carea' id='block_1_74' title="bbox 207 4129 1757 4207">
    <p class='ocr_par' dir='ltr' id='par_1_74' title="bbox 207 4129 1757 4207">
     <span class='ocr_line' id='line_1_74' title="bbox 207 4129 1757 4207; baseline 0.007 -28"><span class='ocrx_word' id='word_1_504' title='bbox 207 4129 300 4181; x_wconf 83' lang='grc' dir='ltr'>εἰσι</span> <span class='ocrx_word' id='word_1_505' title='bbox 331 4132 457 4202; x_wconf 84' lang='grc' dir='ltr'>πρὸς</span> <span class='ocrx_word' id='word_1_506' title='bbox 482 4135 544 4187; x_wconf 88' lang='grc' dir='ltr'><strong>τὸ</strong></span> <span class='ocrx_word' id='word_1_507' title='bbox 572 4135 765 4205; x_wconf 78' lang='grc' dir='ltr'>τυχεῖν</span> <span class='ocrx_word' id='word_1_508' title='bbox 795 4136 896 4206; x_wconf 73' lang='grc' dir='ltr'><strong>τῆς</strong></span> <span class='ocrx_word' id='word_1_509' title='bbox 927 4135 1152 4190; x_wconf 77' lang='grc' dir='ltr'>αἰωνίου</span> <span class='ocrx_word' id='word_1_510' title='bbox 1173 4134 1594 4207; x_wconf 81' lang='grc' dir='ltr'>μακαριότητος,</span> <span class='ocrx_word' id='word_1_511' title='bbox 1619 4133 1757 4190; x_wconf 81' lang='grc' dir='ltr'>ἀλλὰ</span> 
     </span>
    </p>
   </div>
   <div class='ocr_carea' id='block_1_75' title="bbox 206 4223 1756 4299">
    <p class='ocr_par' dir='ltr' id='par_1_75' title="bbox 206 4223 1756 4299">
     <span class='ocr_line' id='line_1_75' title="bbox 206 4223 1756 4299; baseline 0.006 -28"><span class='ocrx_word' id='word_1_512' title='bbox 206 4223 290 4273; x_wconf 71' lang='grc' dir='ltr'><strong>καὶ</strong></span> <span class='ocrx_word' id='word_1_513' title='bbox 317 4226 349 4294; x_wconf 81' lang='grc' dir='ltr'>ἡ</span> <span class='ocrx_word' id='word_1_514' title='bbox 374 4227 569 4292; x_wconf 80' lang='grc' dir='ltr'>γνῶσις</span> <span class='ocrx_word' id='word_1_515' title='bbox 593 4228 694 4297; x_wconf 83' lang='grc' dir='ltr'>τῆς</span> <span class='ocrx_word' id='word_1_516' title='bbox 726 4227 858 4298; x_wconf 71' lang='grc' dir='ltr'>περὶ</span> <span class='ocrx_word' id='word_1_517' title='bbox 890 4227 1024 4282; x_wconf 84' lang='grc' dir='ltr'>Θεὸν</span> <span class='ocrx_word' id='word_1_518' title='bbox 1058 4227 1321 4298; x_wconf 82' lang='grc' dir='ltr'>ἀληθείας</span> <span class='ocrx_word' id='word_1_519' title='bbox 1341 4243 1359 4260; x_wconf 79' lang='grc' dir='ltr'><strong>ο</strong></span> <span class='ocrx_word' id='word_1_520' title='bbox 1422 4228 1522 4281; x_wconf 85' lang='grc' dir='ltr'><strong>οὐκ</strong></span> <span class='ocrx_word' id='word_1_521' title='bbox 1578 4223 1648 4299; x_wconf 78' lang='grc' dir='ltr'>ἦν</span> <span class='ocrx_word' id='word_1_522' title='bbox 1697 4227 1756 4280; x_wconf 80' lang='grc' dir='ltr'>δὲ</span> 
     </span>
    </p>
   </div>
   <div class='ocr_carea' id='block_1_76' title="bbox 207 4312 1754 4390">
    <p class='ocr_par' dir='ltr' id='par_1_76' title="bbox 207 4312 1754 4390">
     <span class='ocr_line' id='line_1_76' title="bbox 207 4312 1754 4390; baseline 0.006 -26"><span class='ocrx_word' id='word_1_523' title='bbox 207 4312 414 4370; x_wconf 80' lang='grc' dir='ltr'>δυνατὸν</span> <span class='ocrx_word' id='word_1_524' title='bbox 447 4321 550 4389; x_wconf 79' lang='grc' dir='ltr'><strong>τὴν</strong></span> <span class='ocrx_word' id='word_1_525' title='bbox 579 4321 708 4389; x_wconf 77' lang='grc' dir='ltr'>περὶ</span> <span class='ocrx_word' id='word_1_526' title='bbox 745 4318 878 4372; x_wconf 88' lang='grc' dir='ltr'>Θεὸν</span> <span class='ocrx_word' id='word_1_527' title='bbox 929 4320 1195 4390; x_wconf 79' lang='grc' dir='ltr'>ἀλήθειαν</span> <span class='ocrx_word' id='word_1_528' title='bbox 1260 4320 1550 4390; x_wconf 75' lang='grc' dir='ltr'>ἄνθρωπον</span> <span class='ocrx_word' id='word_1_529' title='bbox 1601 4319 1754 4373; x_wconf 71' lang='grc' dir='ltr'>διδά-</span> 
     </span>
    </p>
   </div>
   <div class='ocr_carea' id='block_1_77' title="bbox 211 4409 1755 4481">
    <p class='ocr_par' dir='ltr' id='par_1_77' title="bbox 211 4409 1755 4481">
     <span class='ocr_line' id='line_1_77' title="bbox 211 4409 1755 4481; baseline 0.003 -23"><span class='ocrx_word' id='word_1_530' title='bbox 211 4420 385 4463; x_wconf 75' lang='grc' dir='ltr'>σκοντα</span> <span class='ocrx_word' id='word_1_531' title='bbox 407 4411 804 4481; x_wconf 75' lang='grc' dir='ltr'>πιστευθῆναιο</span> <span class='ocrx_word' id='word_1_532' title='bbox 858 4411 974 4465; x_wconf 77' lang='grc' dir='ltr'>ἔστι</span> <span class='ocrx_word' id='word_1_533' title='bbox 1013 4413 1124 4479; x_wconf 85' lang='grc' dir='ltr'>γὰρ</span> <span class='ocrx_word' id='word_1_534' title='bbox 1166 4413 1264 4466; x_wconf 78' lang='grc' dir='ltr'><strong>καὶ</strong></span> <span class='ocrx_word' id='word_1_535' title='bbox 1317 4411 1604 4480; x_wconf 79' lang='grc' dir='ltr'>ἀπατῆσαι</span> <span class='ocrx_word' id='word_1_536' title='bbox 1659 4409 1755 4464; x_wconf 73' lang='grc' dir='ltr'>καὶ</span> 
     </span>
    </p>
   </div>
   <div class='ocr_carea' id='block_1_78' title="bbox 212 4496 1754 4572">
    <p class='ocr_par' dir='ltr' id='par_1_78' title="bbox 212 4496 1754 4572">
     <span class='ocr_line' id='line_1_78' title="bbox 212 4496 1754 4572; baseline 0.003 -22"><span class='ocrx_word' id='word_1_537' title='bbox 212 4496 531 4570; x_wconf 77' lang='grc' dir='ltr'>ἀπατηθῆναι</span> <span class='ocrx_word' id='word_1_538' title='bbox 551 4503 644 4554; x_wconf 85' lang='grc' dir='ltr'><strong>τὸν</strong></span> <span class='ocrx_word' id='word_1_539' title='bbox 672 4501 962 4572; x_wconf 81' lang='grc' dir='ltr'>ἄνθρωπον</span> <span class='ocrx_word' id='word_1_540' title='bbox 983 4517 997 4533; x_wconf 73' lang='grc'><strong>⁸</strong></span> <span class='ocrx_word' id='word_1_541' title='bbox 1025 4503 1132 4557; x_wconf 74' lang='grc' dir='ltr'>ἔδει</span> <span class='ocrx_word' id='word_1_542' title='bbox 1166 4503 1260 4556; x_wconf 76' lang='grc' dir='ltr'><strong>καὶ</strong></span> <span class='ocrx_word' id='word_1_543' title='bbox 1285 4503 1428 4557; x_wconf 82' lang='grc' dir='ltr'><strong>κατά</strong></span> <span class='ocrx_word' id='word_1_544' title='bbox 1465 4502 1624 4556; x_wconf 79' lang='grc' dir='ltr'>τοῦτο</span> <span class='ocrx_word' id='word_1_545' title='bbox 1662 4503 1754 4555; x_wconf 83' lang='grc' dir='ltr'><strong>τὸν</strong></span> 
     </span>
    </p>
   </div>
   <div class='ocr_carea' id='block_1_79' title="bbox 214 4583 1751 4666">
    <p class='ocr_par' dir='ltr' id='par_1_79' title="bbox 214 4583 1751 4666">
     <span class='ocr_line' id='line_1_79' title="bbox 214 4583 1751 4666; baseline 0.008 -29"><span class='ocrx_word' id='word_1_546' title='bbox 214 4583 325 4639; x_wconf 81' lang='grc' dir='ltr'>Θεὸν</span> <span class='ocrx_word' id='word_1_547' title='bbox 348 4590 635 4662; x_wconf 79' lang='grc' dir='ltr'>ἄνθρωπον</span> <span class='ocrx_word' id='word_1_548' title='bbox 658 4595 957 4662; x_wconf 86' lang='grc' dir='ltr'>γενόμενον</span> <span class='ocrx_word' id='word_1_549' title='bbox 984 4594 1085 4665; x_wconf 82' lang='grc' dir='ltr'>τὴν</span> <span class='ocrx_word' id='word_1_550' title='bbox 1103 4595 1280 4666; x_wconf 84' lang='grc' dir='ltr'>ἀληθῆ</span> <span class='ocrx_word' id='word_1_551' title='bbox 1304 4599 1490 4648; x_wconf 85' lang='grc' dir='ltr'>πίστιν</span> <span class='ocrx_word' id='word_1_552' title='bbox 1519 4594 1751 4661; x_wconf 77' lang='grc' dir='ltr'>διδάξαι,</span> 
     </span>
    </p>
   </div>
   <div class='ocr_carea' id='block_1_80' title="bbox 213 4676 1760 4756">
    <p class='ocr_par' dir='ltr' id='par_1_80' title="bbox 213 4676 1760 4756">
     <span class='ocr_line' id='line_1_80' title="bbox 213 4676 1760 4756; baseline 0.005 -25"><span class='ocrx_word' id='word_1_553' title='bbox 213 4676 287 4731; x_wconf 69' lang='grc' dir='ltr'>ἵνα</span> <span class='ocrx_word' id='word_1_554' title='bbox 318 4682 477 4752; x_wconf 81' lang='grc' dir='ltr'>μηδὲν</span> <span class='ocrx_word' id='word_1_555' title='bbox 499 4685 802 4756; x_wconf 80' lang='grc' dir='ltr'>ἀμφίσολον</span> <span class='ocrx_word' id='word_1_556' title='bbox 833 4687 951 4756; x_wconf 74' lang='grc' dir='ltr'>ἔχῃ,</span> <span class='ocrx_word' id='word_1_557' title='bbox 984 4686 1060 4749; x_wconf 83' lang='grc' dir='ltr'><strong>ὡς</strong></span> <span class='ocrx_word' id='word_1_558' title='bbox 1091 4685 1198 4738; x_wconf 78' lang='grc' dir='ltr'><strong>ἀπὸ</strong></span> <span class='ocrx_word' id='word_1_559' title='bbox 1251 4685 1390 4739; x_wconf 81' lang='grc' dir='ltr'>Θεοῦ</span> <span class='ocrx_word' id='word_1_560' title='bbox 1424 4688 1518 4740; x_wconf 79' lang='grc' dir='ltr'>καὶ</span> <span class='ocrx_word' id='word_1_561' title='bbox 1548 4685 1760 4756; x_wconf 59' lang='grc' dir='ltr'>ἀνθρώ.</span> 
     </span>
    </p>
   </div>
   <div class='ocr_carea' id='block_1_81' title="bbox 213 4772 1758 4848">
    <p class='ocr_par' dir='ltr' id='par_1_81' title="bbox 213 4772 1758 4848">
     <span class='ocr_line' id='line_1_81' title="bbox 213 4772 1758 4848; baseline 0.005 -28"><span class='ocrx_word' id='word_1_562' title='bbox 213 4783 302 4823; x_wconf 85' lang='grc' dir='ltr'><strong>που</strong></span> <span class='ocrx_word' id='word_1_563' title='bbox 329 4775 716 4848; x_wconf 81' lang='grc' dir='ltr'>παραδοθεῖσα.</span> <span class='ocrx_word' id='word_1_564' title='bbox 750 4775 876 4829; x_wconf 84' lang='grc' dir='ltr'>Ὅτι</span> <span class='ocrx_word' id='word_1_565' title='bbox 905 4775 962 4830; x_wconf 74' lang='grc' dir='ltr'>δὲ</span> <span class='ocrx_word' id='word_1_566' title='bbox 996 4776 1128 4840; x_wconf 88' lang='grc' dir='ltr'>Θεὸς</span> <span class='ocrx_word' id='word_1_567' title='bbox 1154 4772 1245 4848; x_wconf 77' lang='grc' dir='ltr'>ἦν,</span> <span class='ocrx_word' id='word_1_568' title='bbox 1290 4777 1493 4842; x_wconf 77' lang='grc' dir='ltr'>ἐδίδαξε</span> <span class='ocrx_word' id='word_1_569' title='bbox 1535 4777 1623 4831; x_wconf 76' lang='grc' dir='ltr'>διὰ</span> <span class='ocrx_word' id='word_1_570' title='bbox 1648 4777 1758 4830; x_wconf 84' lang='grc' dir='ltr'><strong>τῶν</strong></span> 
     </span>
    </p>
   </div>
   <div class='ocr_carea' id='block_1_82' title="bbox 211 4845 1759 4940">
    <p class='ocr_par' dir='ltr' id='par_1_82' title="bbox 211 4845 1759 4940">
     <span class='ocr_line' id='line_1_82' title="bbox 211 4845 1759 4940; baseline 0.005 -28"><span class='ocrx_word' id='word_1_571' title='bbox 211 4856 510 4930; x_wconf 78' lang='grc' dir='ltr'>θαυμάτων,</span> <span class='ocrx_word' id='word_1_572' title='bbox 552 4867 589 4920; x_wconf 78' lang='grc' dir='ltr'>ἃ</span> <span class='ocrx_word' id='word_1_573' title='bbox 624 4845 877 4938; x_wconf 80' lang='grc' dir='ltr'>οὐδαμῶς</span> <span class='ocrx_word' id='word_1_574' title='bbox 901 4845 1224 4940; x_wconf 76' lang='grc' dir='ltr'>ἀνθρωπίνῃ</span> <span class='ocrx_word' id='word_1_575' title='bbox 1251 4869 1478 4939; x_wconf 85' lang='grc' dir='ltr'>δυνάμει</span> <span class='ocrx_word' id='word_1_576' title='bbox 1533 4868 1759 4922; x_wconf 86' lang='grc' dir='ltr'>δύναται</span> 
     </span>
    </p>
   </div>
   <div class='ocr_carea' id='block_1_83' title="bbox 208 4952 1759 5032">
    <p class='ocr_par' dir='ltr' id='par_1_83' title="bbox 208 4952 1759 5032">
     <span class='ocr_line' id='line_1_83' title="bbox 208 4952 1759 5032; baseline 0.001 -21"><span class='ocrx_word' id='word_1_577' title='bbox 208 4952 544 5021; x_wconf 70' lang='grc' dir='ltr'>ἐργάσασθαι.</span> <span class='ocrx_word' id='word_1_578' title='bbox 577 4960 720 5014; x_wconf 79' lang='grc' dir='ltr'>Ἀλλ’</span> <span class='ocrx_word' id='word_1_579' title='bbox 746 4960 934 5031; x_wconf 77' lang='grc' dir='ltr'>ἐπειδὴ</span> <span class='ocrx_word' id='word_1_580' title='bbox 987 4963 1114 5025; x_wconf 78' lang='grc' dir='ltr'>τοὺς</span> <span class='ocrx_word' id='word_1_581' title='bbox 1166 4961 1267 5031; x_wconf 77' lang='grc' dir='ltr'>μὲν</span> <span class='ocrx_word' id='word_1_582' title='bbox 1297 4963 1418 5015; x_wconf 88' lang='grc' dir='ltr'>τότε</span> <span class='ocrx_word' id='word_1_583' title='bbox 1481 4962 1759 5032; x_wconf 75' lang='grc' dir='ltr'>παρόντας</span> 
     </span>
    </p>
   </div>
   <div class='ocr_carea' id='block_1_84' title="bbox 207 5047 1762 5122">
    <p class='ocr_par' dir='ltr' id='par_1_84' title="bbox 207 5047 1762 5122">
     <span class='ocr_line' id='line_1_84' title="bbox 207 5047 1762 5122; baseline 0.003 -22"><span class='ocrx_word' id='word_1_584' title='bbox 207 5047 292 5097; x_wconf 75' lang='grc' dir='ltr'><strong>καὶ</strong></span> <span class='ocrx_word' id='word_1_585' title='bbox 313 5049 546 5118; x_wconf 78' lang='grc' dir='ltr'>ὁρῶντας</span> <span class='ocrx_word' id='word_1_586' title='bbox 583 5053 735 5115; x_wconf 66' lang='grc' dir='ltr'>είαὸς</span> <span class='ocrx_word' id='word_1_587' title='bbox 756 5049 827 5122; x_wconf 81' lang='grc' dir='ltr'>ἦν</span> <span class='ocrx_word' id='word_1_588' title='bbox 878 5054 999 5105; x_wconf 85' lang='grc' dir='ltr'>τότε</span> <span class='ocrx_word' id='word_1_589' title='bbox 1050 5051 1354 5118; x_wconf 78' lang='grc' dir='ltr'>πιστεύειν,</span> <span class='ocrx_word' id='word_1_590' title='bbox 1420 5055 1468 5106; x_wconf 88' lang='grc' dir='ltr'><strong>οί</strong></span> <span class='ocrx_word' id='word_1_591' title='bbox 1509 5055 1566 5106; x_wconf 84' lang='grc' dir='ltr'>δὲ</span> <span class='ocrx_word' id='word_1_592' title='bbox 1624 5053 1762 5122; x_wconf 83' lang='grc' dir='ltr'><strong>μετά</strong></span> 
     </span>
    </p>
   </div>
   <div class='ocr_carea' id='block_1_85' title="bbox 202 5135 1763 5216">
    <p class='ocr_par' dir='ltr' id='par_1_85' title="bbox 202 5135 1763 5216">
     <span class='ocr_line' id='line_1_85' title="bbox 202 5135 1763 5216; baseline 0.008 -34"><span class='ocrx_word' id='word_1_593' title='bbox 202 5135 366 5190; x_wconf 80' lang='grc' dir='ltr'>ταῦτα</span> <span class='ocrx_word' id='word_1_594' title='bbox 425 5138 832 5213; x_wconf 58' lang='grc' dir='ltr'>προύῦιῆλοντο</span> <span class='ocrx_word' id='word_1_595' title='bbox 882 5144 948 5197; x_wconf 82' lang='grc' dir='ltr'><strong>ἂν</strong></span> <span class='ocrx_word' id='word_1_596' title='bbox 1000 5144 1298 5216; x_wconf 84' lang='grc' dir='ltr'>πλάσματα</span> <span class='ocrx_word' id='word_1_597' title='bbox 1355 5145 1528 5199; x_wconf 78' lang='grc' dir='ltr'>ταῦτα</span> <span class='ocrx_word' id='word_1_598' title='bbox 1579 5142 1717 5198; x_wconf 71' lang='grc' dir='ltr'>εἶναι</span> <span class='ocrx_word' id='word_1_599' title='bbox 1748 5159 1763 5174; x_wconf 89' lang='grc'><strong>·</strong></span> 
     </span>
    </p>
   </div>
   <div class='ocr_carea' id='block_1_86' title="bbox 203 5225 1762 5304">
    <p class='ocr_par' dir='ltr' id='par_1_86' title="bbox 203 5225 1762 5304">
     <span class='ocr_line' id='line_1_86' title="bbox 203 5225 1762 5304; baseline 0.019 -31"><span class='ocrx_word' id='word_1_600' title='bbox 203 5225 290 5276; x_wconf 72' lang='grc' dir='ltr'><strong>καὶ</strong></span> <span class='ocrx_word' id='word_1_601' title='bbox 337 5229 470 5296; x_wconf 63' lang='grc' dir='ltr'>πρὸς</span> <span class='ocrx_word' id='word_1_602' title='bbox 499 5231 660 5285; x_wconf 76' lang='grc' dir='ltr'>τοῦτο</span> <span class='ocrx_word' id='word_1_603' title='bbox 689 5233 968 5302; x_wconf 73' lang='grc' dir='ltr'>ἐπενοήθη</span> <span class='ocrx_word' id='word_1_604' title='bbox 1004 5236 1299 5304; x_wconf 79' lang='grc' dir='ltr'>θεραπεία.</span> <span class='ocrx_word' id='word_1_605' title='bbox 1349 5235 1411 5288; x_wconf 63' lang='lat' dir='ltr'><strong>El</strong></span> <span class='ocrx_word' id='word_1_606' title='bbox 1460 5234 1569 5304; x_wconf 84' lang='grc' dir='ltr'>γὰρ</span> <span class='ocrx_word' id='word_1_607' title='bbox 1599 5236 1626 5287; x_wconf 72' lang='grc'>6</span> <span class='ocrx_word' id='word_1_608' title='bbox 1662 5235 1762 5302; x_wconf 70' lang='grc' dir='ltr'><strong>τὴν</strong></span> 
     </span>
    </p>
   </div>
   <div class='ocr_carea' id='block_1_87' title="bbox 201 5317 1760 5397">
    <p class='ocr_par' dir='ltr' id='par_1_87' title="bbox 201 5317 1760 5397">
     <span class='ocr_line' id='line_1_87' title="bbox 201 5317 1760 5397; baseline 0.005 -27"><span class='ocrx_word' id='word_1_609' title='bbox 201 5317 376 5374; x_wconf 73' lang='grc' dir='ltr'>πίστιν</span> <span class='ocrx_word' id='word_1_610' title='bbox 408 5325 611 5396; x_wconf 86' lang='grc' dir='ltr'>ταύτην</span> <span class='ocrx_word' id='word_1_611' title='bbox 635 5325 854 5390; x_wconf 83' lang='grc' dir='ltr'>διδάξας</span> <span class='ocrx_word' id='word_1_612' title='bbox 905 5327 1000 5378; x_wconf 71' lang='grc' dir='ltr'>καὶ</span> <span class='ocrx_word' id='word_1_613' title='bbox 1017 5326 1086 5379; x_wconf 87' lang='grc' dir='ltr'><strong>τά</strong></span> <span class='ocrx_word' id='word_1_614' title='bbox 1113 5327 1370 5396; x_wconf 86' lang='grc' dir='ltr'>θαύματα</span> <span class='ocrx_word' id='word_1_615' title='bbox 1420 5325 1760 5397; x_wconf 76' lang='grc' dir='ltr'>ἐργάσασθαι</span> 
     </span>
    </p>
   </div>
   <div class='ocr_carea' id='block_1_88' title="bbox 198 5405 1758 5489">
    <p class='ocr_par' dir='ltr' id='par_1_88' title="bbox 198 5405 1758 5489">
     <span class='ocr_line' id='line_1_88' title="bbox 198 5405 1758 5489; baseline 0.006 -28"><span class='ocrx_word' id='word_1_616' title='bbox 198 5405 478 5479; x_wconf 74' lang='grc' dir='ltr'>λεγόμενος</span> <span class='ocrx_word' id='word_1_617' title='bbox 509 5416 767 5480; x_wconf 85' lang='grc' dir='ltr'>πλούσιος</span> <span class='ocrx_word' id='word_1_618' title='bbox 819 5411 911 5488; x_wconf 78' lang='grc' dir='ltr'>ἦν,</span> <span class='ocrx_word' id='word_1_619' title='bbox 963 5419 1058 5470; x_wconf 71' lang='grc' dir='ltr'>καὶ</span> <span class='ocrx_word' id='word_1_620' title='bbox 1127 5419 1306 5488; x_wconf 71' lang='grc' dir='ltr'>ἀρχὴν</span> <span class='ocrx_word' id='word_1_621' title='bbox 1359 5421 1603 5489; x_wconf 85' lang='grc' dir='ltr'>μεγάλην</span> <span class='ocrx_word' id='word_1_622' title='bbox 1661 5419 1758 5471; x_wconf 77' lang='grc' dir='ltr'>καὶ</span> 
     </span>
    </p>
   </div>
   <div class='ocr_carea' id='block_1_89' title="bbox 197 5505 1756 5580">
    <p class='ocr_par' dir='ltr' id='par_1_89' title="bbox 197 5505 1756 5580">
     <span class='ocr_line' id='line_1_89' title="bbox 197 5505 1756 5580; baseline 0.007 -30"><span class='ocrx_word' id='word_1_623' title='bbox 197 5506 575 5576; x_wconf 82' lang='grc' dir='ltr'>στρατεύματα</span> <span class='ocrx_word' id='word_1_624' title='bbox 606 5505 772 5578; x_wconf 79' lang='grc' dir='ltr'>εἶχεν,</span> <span class='ocrx_word' id='word_1_625' title='bbox 807 5510 981 5575; x_wconf 71' lang='grc' dir='ltr'>ἔδοξεν</span> <span class='ocrx_word' id='word_1_626' title='bbox 1011 5510 1079 5563; x_wconf 87' lang='grc' dir='ltr'><strong>ἂν</strong></span> <span class='ocrx_word' id='word_1_627' title='bbox 1115 5513 1258 5564; x_wconf 73' lang='grc' dir='ltr'>τισὶν</span> <span class='ocrx_word' id='word_1_628' title='bbox 1321 5511 1404 5563; x_wconf 78' lang='grc' dir='ltr'>ὅτι.</span> <span class='ocrx_word' id='word_1_629' title='bbox 1459 5511 1493 5580; x_wconf 78' lang='grc' dir='ltr'>ἡ</span> <span class='ocrx_word' id='word_1_630' title='bbox 1546 5510 1756 5562; x_wconf 71' lang='grc' dir='ltr'>ὶκείνου</span> 
     </span>
    </p>
   </div>
   <div class='ocr_carea' id='block_1_90' title="bbox 194 5587 1758 5674">
    <p class='ocr_par' dir='ltr' id='par_1_90' title="bbox 194 5587 1758 5674">
     <span class='ocr_line' id='line_1_90' title="bbox 194 5587 1758 5674; baseline 0.007 -30"><span class='ocrx_word' id='word_1_631' title='bbox 194 5587 504 5652; x_wconf 79' lang='grc' dir='ltr'>διδασκαλία</span> <span class='ocrx_word' id='word_1_632' title='bbox 555 5601 653 5654; x_wconf 74' lang='grc' dir='ltr'>καὶ</span> <span class='ocrx_word' id='word_1_633' title='bbox 698 5601 768 5654; x_wconf 88' lang='grc' dir='ltr'><strong>τά</strong></span> <span class='ocrx_word' id='word_1_634' title='bbox 820 5601 1074 5674; x_wconf 86' lang='grc' dir='ltr'>θαύματα</span> <span class='ocrx_word' id='word_1_635' title='bbox 1137 5604 1437 5673; x_wconf 81' lang='grc' dir='ltr'>πλάσματά</span> <span class='ocrx_word' id='word_1_636' title='bbox 1493 5605 1619 5669; x_wconf 85' lang='grc' dir='ltr'>είσι,</span> <span class='ocrx_word' id='word_1_637' title='bbox 1656 5605 1758 5655; x_wconf 81' lang='grc' dir='ltr'>’καὶ</span> 
     </span>
    </p>
   </div>
   <div class='ocr_carea' id='block_1_91' title="bbox 268 5768 783 5834">
    <p class='ocr_par' dir='ltr' id='par_1_91' title="bbox 268 5768 783 5834">
     <span class='ocr_line' id='line_1_91' title="bbox 268 5768 783 5834; baseline 0.006 -11"><span class='ocrx_word' id='word_1_638' title='bbox 268 5768 364 5824; x_wconf 82' lang='grc'><strong>⁷³1</strong></span> <span class='ocrx_word' id='word_1_639' title='bbox 398 5772 540 5829; x_wconf 83' lang='lat' dir='ltr'><strong>Petr.</strong></span> <span class='ocrx_word' id='word_1_640' title='bbox 584 5786 650 5834; x_wconf 86' lang='grc' dir='ltr'><strong>ιι,</strong></span> <span class='ocrx_word' id='word_1_641' title='bbox 690 5773 783 5826; x_wconf 68' lang='grc'><strong>24.</strong></span> 
     </span>
    </p>
   </div>
   <div class='ocr_carea' id='block_1_92' title="bbox 521 5863 1156 5926">
    <p class='ocr_par' dir='ltr' id='par_1_92' title="bbox 521 5863 1156 5926">
     <span class='ocr_line' id='line_1_92' title="bbox 521 5863 1156 5926; baseline 0.006 -4"><span class='ocrx_word' id='word_1_642' title='bbox 521 5866 790 5924; x_wconf 72' lang='grc' dir='ltr'>ίἈτιιοι.</span> <span class='ocrx_word' id='word_1_643' title='bbox 831 5865 946 5925; x_wconf 72' lang='lat' dir='ltr'><strong>Gn.</strong></span> <span class='ocrx_word' id='word_1_644' title='bbox 993 5863 1156 5926; x_wconf 89' lang='lat' dir='ltr'><strong>CLll.</strong></span> 
     </span>
    </p>
   </div>
   <div class='ocr_carea' id='block_1_93' title="bbox 1861 3303 3428 3367">
    <p class='ocr_par' dir='ltr' id='par_1_93' title="bbox 1861 3303 3428 3367">
     <span class='ocr_line' id='line_1_93' title="bbox 1861 3303 3428 3367; baseline 0.006 -9"><span class='ocrx_word' id='word_1_645' title='bbox 1861 3303 2002 3366; x_wconf 88' lang='lat' dir='ltr'><strong>tulit,</strong></span> <span class='ocrx_word' id='word_1_646' title='bbox 2051 3309 2111 3358; x_wconf 89' lang='lat' dir='ltr'><strong>ut</strong></span> <span class='ocrx_word' id='word_1_647' title='bbox 2163 3317 2324 3359; x_wconf 88' lang='lat' dir='ltr'><strong>nemo</strong></span> <span class='ocrx_word' id='word_1_648' title='bbox 2372 3304 2562 3360; x_wconf 82' lang='lat' dir='ltr'><strong>mortis</strong></span> <span class='ocrx_word' id='word_1_649' title='bbox 2607 3312 2751 3361; x_wconf 87' lang='lat' dir='ltr'><strong>metu</strong></span> <span class='ocrx_word' id='word_1_650' title='bbox 2806 3306 3098 3365; x_wconf 85' lang='lat' dir='ltr'><strong>deterritus</strong></span> <span class='ocrx_word' id='word_1_651' title='bbox 3148 3310 3428 3367; x_wconf 85' lang='lat' dir='ltr'><strong>veritatem</strong></span> 
     </span>
    </p>
   </div>
   <div class='ocr_carea' id='block_1_94' title="bbox 1855 3391 3428 3476">
    <p class='ocr_par' dir='ltr' id='par_1_94' title="bbox 1855 3391 3428 3476">
     <span class='ocr_line' id='line_1_94' title="bbox 1855 3391 3428 3476; baseline 0.009 -30"><span class='ocrx_word' id='word_1_652' title='bbox 1855 3391 2094 3448; x_wconf 83' lang='lat' dir='ltr'><strong>deserat.</strong></span> <span class='ocrx_word' id='word_1_653' title='bbox 2162 3391 2646 3450; x_wconf 84' lang='lat' dir='ltr'><strong>Probrosissimam</strong></span> <span class='ocrx_word' id='word_1_654' title='bbox 2697 3399 2876 3454; x_wconf 86' lang='lat' dir='ltr'><strong>crucis</strong></span> <span class='ocrx_word' id='word_1_655' title='bbox 2949 3403 3218 3472; x_wconf 84' lang='lat' dir='ltr'><strong>supplicio</strong></span> <span class='ocrx_word' id='word_1_656' title='bbox 3265 3406 3428 3476; x_wconf 73' lang='lat' dir='ltr'><strong>elegit</strong></span> 
     </span>
    </p>
   </div>
   <div class='ocr_carea' id='block_1_95' title="bbox 1856 3489 3427 3559">
    <p class='ocr_par' dir='ltr' id='par_1_95' title="bbox 1856 3489 3427 3559">
     <span class='ocr_line' id='line_1_95' title="bbox 1856 3489 3427 3559; baseline 0.009 -20"><span class='ocrx_word' id='word_1_657' title='bbox 1856 3494 2109 3550; x_wconf 90' lang='lat' dir='ltr'><strong>mortem,</strong></span> <span class='ocrx_word' id='word_1_658' title='bbox 2153 3496 2212 3542; x_wconf 85' lang='lat' dir='ltr'><strong>ut</strong></span> <span class='ocrx_word' id='word_1_659' title='bbox 2259 3499 2419 3541; x_wconf 86' lang='lat' dir='ltr'><strong>nemo</strong></span> <span class='ocrx_word' id='word_1_660' title='bbox 2454 3501 2551 3557; x_wconf 92' lang='lat' dir='ltr'><strong>pro</strong></span> <span class='ocrx_word' id='word_1_661' title='bbox 2579 3489 2809 3546; x_wconf 84' lang='lat' dir='ltr'><strong>veritate</strong></span> <span class='ocrx_word' id='word_1_662' title='bbox 2845 3493 3167 3559; x_wconf 84' lang='lat' dir='ltr'><strong>probrosam</strong></span> <span class='ocrx_word' id='word_1_663' title='bbox 3195 3509 3427 3553; x_wconf 89' lang='lat' dir='ltr'><strong>mortem</strong></span> 
     </span>
    </p>
   </div>
   <div class='ocr_carea' id='block_1_96' title="bbox 1856 3574 3431 3650">
    <p class='ocr_par' dir='ltr' id='par_1_96' title="bbox 1856 3574 3431 3650">
     <span class='ocr_line' id='line_1_96' title="bbox 1856 3574 3431 3650; baseline 0.01 -20"><span class='ocrx_word' id='word_1_664' title='bbox 1856 3574 2119 3646; x_wconf 67' lang='lat' dir='ltr'><strong>defugiat.</strong></span> <span class='ocrx_word' id='word_1_665' title='bbox 2167 3575 2356 3648; x_wconf 88' lang='lat' dir='ltr'><strong>Itaque</strong></span> <span class='ocrx_word' id='word_1_666' title='bbox 2405 3579 2737 3636; x_wconf 86' lang='lat' dir='ltr'><strong>conveniens</strong></span> <span class='ocrx_word' id='word_1_667' title='bbox 2786 3589 2928 3650; x_wconf 84' lang='lat' dir='ltr'><strong>erat,</strong></span> <span class='ocrx_word' id='word_1_668' title='bbox 2979 3591 3036 3638; x_wconf 87' lang='lat' dir='ltr'><strong>ut</strong></span> <span class='ocrx_word' id='word_1_669' title='bbox 3088 3585 3230 3643; x_wconf 90' lang='lat' dir='ltr'><strong>Deus</strong></span> <span class='ocrx_word' id='word_1_670' title='bbox 3267 3590 3431 3645; x_wconf 88' lang='lat' dir='ltr'><strong>homo</strong></span> 
     </span>
    </p>
   </div>
   <div class='ocr_carea' id='block_1_97' title="bbox 1856 3667 3432 3743">
    <p class='ocr_par' dir='ltr' id='par_1_97' title="bbox 1856 3667 3432 3743">
     <span class='ocr_line' id='line_1_97' title="bbox 1856 3667 3432 3743; baseline 0.008 -22"><span class='ocrx_word' id='word_1_671' title='bbox 1856 3667 2027 3732; x_wconf 79' lang='lat' dir='ltr'><strong>ﬂeret,</strong></span> <span class='ocrx_word' id='word_1_672' title='bbox 2062 3683 2173 3738; x_wconf 90' lang='lat' dir='ltr'><strong>quo</strong></span> <span class='ocrx_word' id='word_1_673' title='bbox 2219 3669 2478 3724; x_wconf 88' lang='lat' dir='ltr'><strong>nimirum</strong></span> <span class='ocrx_word' id='word_1_674' title='bbox 2527 3672 2778 3743; x_wconf 78' lang='lat' dir='ltr'><strong>exemplo</strong></span> <span class='ocrx_word' id='word_1_675' title='bbox 2804 3687 2906 3730; x_wconf 91' lang='lat' dir='ltr'><strong>suo</strong></span> <span class='ocrx_word' id='word_1_676' title='bbox 2938 3675 3186 3733; x_wconf 87' lang='lat' dir='ltr'><strong>homines</strong></span> <span class='ocrx_word' id='word_1_677' title='bbox 3220 3679 3288 3734; x_wconf 88' lang='lat' dir='ltr'><strong>ad</strong></span> <span class='ocrx_word' id='word_1_678' title='bbox 3320 3681 3432 3734; x_wconf 65' lang='lat' dir='ltr'><strong>vir»</strong></span> 
     </span>
    </p>
   </div>
   <div class='ocr_carea' id='block_1_98' title="bbox 1859 3761 3433 3828">
    <p class='ocr_par' dir='ltr' id='par_1_98' title="bbox 1859 3761 3433 3828">
     <span class='ocr_line' id='line_1_98' title="bbox 1859 3761 3433 3828; baseline 0.01 -17"><span class='ocrx_word' id='word_1_679' title='bbox 1859 3765 2030 3813; x_wconf 81' lang='lat' dir='ltr'><strong>tatem</strong></span> <span class='ocrx_word' id='word_1_680' title='bbox 2082 3763 2426 3828; x_wconf 80' lang='lat' dir='ltr'><strong>provocar&#39;et,</strong></span> <span class='ocrx_word' id='word_1_681' title='bbox 2473 3761 2550 3816; x_wconf 88' lang='lat' dir='ltr'><strong>uti</strong></span> <span class='ocrx_word' id='word_1_682' title='bbox 2581 3763 2656 3818; x_wconf 89' lang='lat' dir='ltr'><strong>ait</strong></span> <span class='ocrx_word' id='word_1_683' title='bbox 2697 3763 2893 3822; x_wconf 85' lang='lat' dir='ltr'><strong>beatus</strong></span> <span class='ocrx_word' id='word_1_684' title='bbox 2939 3765 3132 3823; x_wconf 84' lang='lat' dir='ltr'><strong>Petrus</strong></span> <span class='ocrx_word' id='word_1_685' title='bbox 3167 3786 3181 3824; x_wconf 89' lang='lat'><strong>:</strong></span> <span class='ocrx_word' id='word_1_686' title='bbox 3218 3788 3238 3823; x_wconf 77' lang='grc' dir='ltr'><strong>ι</strong></span> <span class='ocrx_word' id='word_1_687' title='bbox 3274 3771 3433 3827; x_wconf 89' lang='lat' dir='ltr'><strong>Chri-</strong></span> 
     </span>
    </p>
   </div>
   <div class='ocr_carea' id='block_1_99' title="bbox 1859 3853 3433 3931">
    <p class='ocr_par' dir='ltr' id='par_1_99' title="bbox 1859 3853 3433 3931">
     <span class='ocr_line' id='line_1_99' title="bbox 1859 3853 3433 3931; baseline 0.011 -28"><span class='ocrx_word' id='word_1_688' title='bbox 1859 3855 1976 3904; x_wconf 87' lang='lat' dir='ltr'><strong>stus</strong></span> <span class='ocrx_word' id='word_1_689' title='bbox 2004 3863 2200 3919; x_wconf 87' lang='lat' dir='ltr'><strong>passus</strong></span> <span class='ocrx_word' id='word_1_690' title='bbox 2227 3859 2310 3906; x_wconf 90' lang='lat' dir='ltr'><strong>est</strong></span> <span class='ocrx_word' id='word_1_691' title='bbox 2343 3865 2440 3921; x_wconf 91' lang='lat' dir='ltr'><strong>pro</strong></span> <span class='ocrx_word' id='word_1_692' title='bbox 2484 3853 2661 3920; x_wconf 87' lang='lat' dir='ltr'><strong>nobis,</strong></span> <span class='ocrx_word' id='word_1_693' title='bbox 2703 3856 2862 3913; x_wconf 88' lang='lat' dir='ltr'><strong>nobis</strong></span> <span class='ocrx_word' id='word_1_694' title='bbox 2899 3858 3216 3931; x_wconf 83' lang='lat' dir='ltr'><strong>relinquens</strong></span> <span class='ocrx_word' id='word_1_695' title='bbox 3245 3878 3433 3922; x_wconf 59' lang='lat' dir='ltr'><strong>axem»</strong></span> 
     </span>
    </p>
   </div>
   <div class='ocr_carea' id='block_1_100' title="bbox 1859 3941 2998 4017">
    <p class='ocr_par' dir='ltr' id='par_1_100' title="bbox 1859 3941 2998 4017">
     <span class='ocr_line' id='line_1_100' title="bbox 1859 3941 2998 4017; baseline 0.01 -24"><span class='ocrx_word' id='word_1_696' title='bbox 1859 3941 2031 4011; x_wconf 92' lang='lat' dir='ltr'><strong>plum,</strong></span> <span class='ocrx_word' id='word_1_697' title='bbox 2063 3950 2122 3998; x_wconf 90' lang='lat' dir='ltr'><strong>ut</strong></span> <span class='ocrx_word' id='word_1_698' title='bbox 2154 3957 2447 4013; x_wconf 88' lang='lat' dir='ltr'><strong>sequamur</strong></span> <span class='ocrx_word' id='word_1_699' title='bbox 2473 3945 2697 4017; x_wconf 79' lang='lat' dir='ltr'><strong>vestigia</strong></span> <span class='ocrx_word' id='word_1_700' title='bbox 2731 3948 2850 4017; x_wconf 81' lang='lat' dir='ltr'><strong>ejus</strong></span> <span class='ocrx_word' id='word_1_701' title='bbox 2872 3951 2939 4004; x_wconf 83' lang='grc'><strong>⁷³.</strong></span> <span class='ocrx_word' id='word_1_702' title='bbox 2977 3969 2998 4004; x_wconf 72' lang='grc' dir='ltr'><strong>ι</strong></span> 
     </span>
    </p>
   </div>
   <div class='ocr_carea' id='block_1_101' title="bbox 1929 4029 3432 4114">
    <p class='ocr_par' dir='ltr' id='par_1_101' title="bbox 1929 4029 3432 4114">
     <span class='ocr_line' id='line_1_101' title="bbox 1929 4029 3432 4114; baseline 0.013 -30"><span class='ocrx_word' id='word_1_703' title='bbox 1929 4029 2069 4097; x_wconf 84' lang='lat' dir='ltr'><strong>Quia</strong></span> <span class='ocrx_word' id='word_1_704' title='bbox 2115 4047 2243 4088; x_wconf 91' lang='lat' dir='ltr'><strong>vero</strong></span> <span class='ocrx_word' id='word_1_705' title='bbox 2277 4047 2384 4089; x_wconf 91' lang='lat' dir='ltr'><strong>non</strong></span> <span class='ocrx_word' id='word_1_706' title='bbox 2432 4035 2548 4091; x_wconf 85' lang='lat' dir='ltr'><strong>sola</strong></span> <span class='ocrx_word' id='word_1_707' title='bbox 2585 4037 2803 4094; x_wconf 84' lang='lat' dir='ltr'><strong>virtutis</strong></span> <span class='ocrx_word' id='word_1_708' title='bbox 2842 4055 3001 4111; x_wconf 90' lang='lat' dir='ltr'><strong>opera</strong></span> <span class='ocrx_word' id='word_1_709' title='bbox 3046 4044 3342 4114; x_wconf 85' lang='lat' dir='ltr'><strong>sufficiunt,</strong></span> <span class='ocrx_word' id='word_1_710' title='bbox 3375 4059 3432 4104; x_wconf 93' lang='lat' dir='ltr'><strong>ut</strong></span> 
     </span>
    </p>
   </div>
   <div class='ocr_carea' id='block_1_102' title="bbox 1859 4127 3429 4204">
    <p class='ocr_par' dir='ltr' id='par_1_102' title="bbox 1859 4127 3429 4204">
     <span class='ocr_line' id='line_1_102' title="bbox 1859 4127 3429 4204; baseline 0.01 -24"><span class='ocrx_word' id='word_1_711' title='bbox 1859 4135 2120 4182; x_wconf 87' lang='lat' dir='ltr'><strong>aeternam</strong></span> <span class='ocrx_word' id='word_1_712' title='bbox 2150 4127 2278 4198; x_wconf 89' lang='lat' dir='ltr'><strong>quis</strong></span> <span class='ocrx_word' id='word_1_713' title='bbox 2319 4127 2717 4185; x_wconf 87' lang='lat' dir='ltr'><strong>beatitudinem</strong></span> <span class='ocrx_word' id='word_1_714' title='bbox 2761 4145 3153 4204; x_wconf 87' lang='lat' dir='ltr'><strong>consequatur,</strong></span> <span class='ocrx_word' id='word_1_715' title='bbox 3187 4140 3282 4193; x_wconf 91' lang='lat' dir='ltr'><strong>sed</strong></span> <span class='ocrx_word' id='word_1_716' title='bbox 3336 4157 3429 4196; x_wconf 87' lang='lat' dir='ltr'><strong>ne-</strong></span> 
     </span>
    </p>
   </div>
   <div class='ocr_carea' id='block_1_103' title="bbox 1859 4220 3433 4290">
    <p class='ocr_par' dir='ltr' id='par_1_103' title="bbox 1859 4220 3433 4290">
     <span class='ocr_line' id='line_1_103' title="bbox 1859 4220 3433 4290; baseline 0.008 -16"><span class='ocrx_word' id='word_1_717' title='bbox 1859 4220 2096 4275; x_wconf 84' lang='lat' dir='ltr'><strong>cessaria</strong></span> <span class='ocrx_word' id='word_1_718' title='bbox 2127 4233 2347 4290; x_wconf 88' lang='lat' dir='ltr'><strong>quoque</strong></span> <span class='ocrx_word' id='word_1_719' title='bbox 2376 4221 2619 4276; x_wconf 80' lang='lat' dir='ltr'><strong>veritatis</strong></span> <span class='ocrx_word' id='word_1_720' title='bbox 2649 4221 2718 4277; x_wconf 88' lang='lat' dir='ltr'><strong>de</strong></span> <span class='ocrx_word' id='word_1_721' title='bbox 2749 4221 2860 4280; x_wconf 88' lang='lat' dir='ltr'><strong>Deo</strong></span> <span class='ocrx_word' id='word_1_722' title='bbox 2898 4228 3138 4289; x_wconf 73' lang='lat' dir='ltr'><strong>cognitio</strong></span> <span class='ocrx_word' id='word_1_723' title='bbox 3166 4239 3250 4284; x_wconf 87' lang='lat' dir='ltr'><strong>est</strong></span> <span class='ocrx_word' id='word_1_724' title='bbox 3283 4248 3296 4284; x_wconf 91' lang='lat'>:</span> <span class='ocrx_word' id='word_1_725' title='bbox 3335 4250 3433 4287; x_wconf 90' lang='lat' dir='ltr'><strong>nec</strong></span> 
     </span>
    </p>
   </div>
   <div class='ocr_carea' id='block_1_104' title="bbox 1857 4311 3434 4392">
    <p class='ocr_par' dir='ltr' id='par_1_104' title="bbox 1857 4311 3434 4392">
     <span class='ocr_line' id='line_1_104' title="bbox 1857 4311 3434 4392; baseline 0.009 -28"><span class='ocrx_word' id='word_1_726' title='bbox 1857 4326 1990 4366; x_wconf 87' lang='lat' dir='ltr'><strong>vero</strong></span> <span class='ocrx_word' id='word_1_727' title='bbox 2025 4311 2146 4367; x_wconf 86' lang='lat' dir='ltr'><strong>fieri</strong></span> <span class='ocrx_word' id='word_1_728' title='bbox 2189 4319 2404 4381; x_wconf 88' lang='lat' dir='ltr'><strong>poterat</strong></span> <span class='ocrx_word' id='word_1_729' title='bbox 2429 4321 2487 4366; x_wconf 90' lang='lat' dir='ltr'><strong>ut</strong></span> <span class='ocrx_word' id='word_1_730' title='bbox 2531 4314 2694 4368; x_wconf 91' lang='lat' dir='ltr'><strong>homo</strong></span> <span class='ocrx_word' id='word_1_731' title='bbox 2724 4316 3006 4371; x_wconf 81' lang='lat' dir='ltr'><strong>veritatem</strong></span> <span class='ocrx_word' id='word_1_732' title='bbox 3049 4318 3275 4382; x_wconf 84' lang='lat' dir='ltr'><strong>docens,</strong></span> <span class='ocrx_word' id='word_1_733' title='bbox 3312 4339 3434 4392; x_wconf 68' lang='lat' dir='ltr'><strong>quae</strong></span> 
     </span>
    </p>
   </div>
   <div class='ocr_carea' id='block_1_105' title="bbox 1859 4395 3433 4475">
    <p class='ocr_par' dir='ltr' id='par_1_105' title="bbox 1859 4395 3433 4475">
     <span class='ocr_line' id='line_1_105' title="bbox 1859 4395 3433 4475; baseline 0.003 -17"><span class='ocrx_word' id='word_1_734' title='bbox 1859 4404 1926 4459; x_wconf 87' lang='lat' dir='ltr'><strong>de</strong></span> <span class='ocrx_word' id='word_1_735' title='bbox 1974 4395 2084 4457; x_wconf 79' lang='lat' dir='ltr'><strong>Deo</strong></span> <span class='ocrx_word' id='word_1_736' title='bbox 2120 4414 2222 4466; x_wconf 90' lang='lat' dir='ltr'><strong>est,</strong></span> <span class='ocrx_word' id='word_1_737' title='bbox 2256 4413 2460 4457; x_wconf 90' lang='lat' dir='ltr'><strong>certam</strong></span> <span class='ocrx_word' id='word_1_738' title='bbox 2495 4404 2720 4458; x_wconf 89' lang='lat' dir='ltr'><strong>omnino</strong></span> <span class='ocrx_word' id='word_1_739' title='bbox 2749 4405 2907 4461; x_wconf 88' lang='lat' dir='ltr'><strong>fidem</strong></span> <span class='ocrx_word' id='word_1_740' title='bbox 2956 4408 3214 4475; x_wconf 84' lang='lat' dir='ltr'><strong>haberet;</strong></span> <span class='ocrx_word' id='word_1_741' title='bbox 3268 4413 3433 4466; x_wconf 78' lang='lat' dir='ltr'><strong>homo</strong></span> 
     </span>
    </p>
   </div>
   <div class='ocr_carea' id='block_1_106' title="bbox 1859 4493 3434 4571">
    <p class='ocr_par' dir='ltr' id='par_1_106' title="bbox 1859 4493 3434 4571">
     <span class='ocr_line' id='line_1_106' title="bbox 1859 4493 3434 4571; baseline 0.005 -22"><span class='ocrx_word' id='word_1_742' title='bbox 1859 4497 2004 4550; x_wconf 88' lang='lat' dir='ltr'><strong>enim</strong></span> <span class='ocrx_word' id='word_1_743' title='bbox 2049 4503 2103 4549; x_wconf 90' lang='lat' dir='ltr'><strong>et</strong></span> <span class='ocrx_word' id='word_1_744' title='bbox 2148 4494 2322 4562; x_wconf 88' lang='lat' dir='ltr'><strong>decipi</strong></span> <span class='ocrx_word' id='word_1_745' title='bbox 2359 4504 2412 4548; x_wconf 90' lang='lat' dir='ltr'><strong>et</strong></span> <span class='ocrx_word' id='word_1_746' title='bbox 2450 4493 2702 4563; x_wconf 86' lang='lat' dir='ltr'><strong>decipere</strong></span> <span class='ocrx_word' id='word_1_747' title='bbox 2752 4506 2952 4564; x_wconf 89' lang='lat' dir='ltr'><strong>potest,</strong></span> <span class='ocrx_word' id='word_1_748' title='bbox 2987 4513 3051 4552; x_wconf 91' lang='lat' dir='ltr'><strong>ea</strong></span> <span class='ocrx_word' id='word_1_749' title='bbox 3082 4515 3298 4571; x_wconf 89' lang='lat' dir='ltr'><strong>quoque</strong></span> <span class='ocrx_word' id='word_1_750' title='bbox 3347 4519 3434 4557; x_wconf 81' lang='lat' dir='ltr'><strong>ra-</strong></span> 
     </span>
    </p>
   </div>
   <div class='ocr_carea' id='block_1_107' title="bbox 1862 4583 3429 4650">
    <p class='ocr_par' dir='ltr' id='par_1_107' title="bbox 1862 4583 3429 4650">
     <span class='ocr_line' id='line_1_107' title="bbox 1862 4583 3429 4650; baseline 0.003 -8"><span class='ocrx_word' id='word_1_751' title='bbox 1862 4587 2008 4642; x_wconf 91' lang='lat' dir='ltr'><strong>tione</strong></span> <span class='ocrx_word' id='word_1_752' title='bbox 2042 4586 2290 4650; x_wconf 85' lang='lat' dir='ltr'><strong>decebat,</strong></span> <span class='ocrx_word' id='word_1_753' title='bbox 2338 4595 2396 4638; x_wconf 88' lang='lat' dir='ltr'><strong>ut</strong></span> <span class='ocrx_word' id='word_1_754' title='bbox 2445 4583 2585 4640; x_wconf 90' lang='lat' dir='ltr'><strong>Deus</strong></span> <span class='ocrx_word' id='word_1_755' title='bbox 2621 4587 2802 4640; x_wconf 85' lang='lat' dir='ltr'><strong>factus</strong></span> <span class='ocrx_word' id='word_1_756' title='bbox 2836 4589 3000 4642; x_wconf 91' lang='lat' dir='ltr'><strong>homo</strong></span> <span class='ocrx_word' id='word_1_757' title='bbox 3043 4604 3226 4645; x_wconf 89' lang='lat' dir='ltr'><strong>veram</strong></span> <span class='ocrx_word' id='word_1_758' title='bbox 3273 4591 3429 4647; x_wconf 84' lang='lat' dir='ltr'><strong>fidem</strong></span> 
     </span>
    </p>
   </div>
   <div class='ocr_carea' id='block_1_108' title="bbox 1856 4677 3432 4749">
    <p class='ocr_par' dir='ltr' id='par_1_108' title="bbox 1856 4677 3432 4749">
     <span class='ocr_line' id='line_1_108' title="bbox 1856 4677 3432 4749; baseline 0.005 -17"><span class='ocrx_word' id='word_1_759' title='bbox 1856 4681 2096 4744; x_wconf 89' lang='lat' dir='ltr'><strong>doceret,</strong></span> <span class='ocrx_word' id='word_1_760' title='bbox 2130 4692 2240 4749; x_wconf 93' lang='lat' dir='ltr'><strong>quo</strong></span> <span class='ocrx_word' id='word_1_761' title='bbox 2276 4677 2364 4732; x_wconf 91' lang='lat' dir='ltr'><strong>illa</strong></span> <span class='ocrx_word' id='word_1_762' title='bbox 2415 4677 2550 4732; x_wconf 81' lang='lat' dir='ltr'><strong>nihil</strong></span> <span class='ocrx_word' id='word_1_763' title='bbox 2595 4679 2934 4748; x_wconf 85' lang='lat' dir='ltr'><strong>ambiguum,</strong></span> <span class='ocrx_word' id='word_1_764' title='bbox 2979 4682 3124 4737; x_wconf 89' lang='lat' dir='ltr'><strong>velut</strong></span> <span class='ocrx_word' id='word_1_765' title='bbox 3157 4699 3186 4736; x_wconf 91' lang='lat' dir='ltr'><strong>a</strong></span> <span class='ocrx_word' id='word_1_766' title='bbox 3227 4681 3338 4740; x_wconf 88' lang='lat' dir='ltr'><strong>Deo</strong></span> <span class='ocrx_word' id='word_1_767' title='bbox 3379 4699 3432 4740; x_wconf 86' lang='lat' dir='ltr'><strong>et</strong></span> 
     </span>
    </p>
   </div>
   <div class='ocr_carea' id='block_1_109' title="bbox 1858 4772 3435 4838">
    <p class='ocr_par' dir='ltr' id='par_1_109' title="bbox 1858 4772 3435 4838">
     <span class='ocr_line' id='line_1_109' title="bbox 1858 4772 3435 4838; baseline 0.003 -10"><span class='ocrx_word' id='word_1_768' title='bbox 1858 4772 2092 4828; x_wconf 87' lang='lat' dir='ltr'><strong>homine&#39;</strong></span> <span class='ocrx_word' id='word_1_769' title='bbox 2113 4773 2337 4838; x_wconf 90' lang='lat' dir='ltr'><strong>tradita,</strong></span> <span class='ocrx_word' id='word_1_770' title='bbox 2370 4773 2617 4828; x_wconf 86' lang='lat' dir='ltr'><strong>haberet.</strong></span> <span class='ocrx_word' id='word_1_771' title='bbox 2657 4773 2790 4829; x_wconf 87' lang='lat' dir='ltr'><strong>Esse</strong></span> <span class='ocrx_word' id='word_1_772' title='bbox 2821 4785 3002 4829; x_wconf 81' lang='lat' dir='ltr'><strong>autem</strong></span> <span class='ocrx_word' id='word_1_773' title='bbox 3051 4792 3109 4832; x_wconf 92' lang='lat' dir='ltr'><strong>se</strong></span> <span class='ocrx_word' id='word_1_774' title='bbox 3141 4777 3308 4832; x_wconf 87' lang='lat' dir='ltr'><strong>Deum</strong></span> <span class='ocrx_word' id='word_1_775' title='bbox 3339 4781 3435 4833; x_wconf 88' lang='lat' dir='ltr'><strong>do-</strong></span> 
     </span>
    </p>
   </div>
   <div class='ocr_carea' id='block_1_110' title="bbox 1861 4855 3431 4939">
    <p class='ocr_par' dir='ltr' id='par_1_110' title="bbox 1861 4855 3431 4939">
     <span class='ocr_line' id='line_1_110' title="bbox 1861 4855 3431 4939; baseline 0.001 -18"><span class='ocrx_word' id='word_1_776' title='bbox 1861 4866 1975 4921; x_wconf 87' lang='lat' dir='ltr'><strong>cuit</strong></span> <span class='ocrx_word' id='word_1_777' title='bbox 2015 4855 2116 4935; x_wconf 25' lang='lat' dir='ltr'><strong>per&#39;</strong></span> <span class='ocrx_word' id='word_1_778' title='bbox 2146 4865 2434 4930; x_wconf 70' lang='lat' dir='ltr'><strong>miracula,</strong></span> <span class='ocrx_word' id='word_1_779' title='bbox 2469 4881 2591 4934; x_wconf 77' lang='lat' dir='ltr'><strong>quae</strong></span> <span class='ocrx_word' id='word_1_780' title='bbox 2622 4866 2766 4919; x_wconf 90' lang='lat' dir='ltr'><strong>nulla</strong></span> <span class='ocrx_word' id='word_1_781' title='bbox 2799 4867 3036 4922; x_wconf 91' lang='lat' dir='ltr'><strong>humana</strong></span> <span class='ocrx_word' id='word_1_782' title='bbox 3072 4868 3268 4922; x_wconf 83' lang='lat' dir='ltr'><strong>virtute</strong></span> <span class='ocrx_word' id='word_1_783' title='bbox 3302 4885 3431 4939; x_wconf 53' lang='lat' dir='ltr'><strong>pos-</strong></span> 
     </span>
    </p>
   </div>
   <div class='ocr_carea' id='block_1_111' title="bbox 1861 4955 3435 5028">
    <p class='ocr_par' dir='ltr' id='par_1_111' title="bbox 1861 4955 3435 5028">
     <span class='ocr_line' id='line_1_111' title="bbox 1861 4955 3435 5028; baseline 0 -16"><span class='ocrx_word' id='word_1_784' title='bbox 1861 4967 1987 5012; x_wconf 88' lang='lat' dir='ltr'><strong>sunt</strong></span> <span class='ocrx_word' id='word_1_785' title='bbox 2027 4957 2295 5026; x_wconf 66' lang='lat' dir='ltr'><strong>praestari.</strong></span> <span class='ocrx_word' id='word_1_786' title='bbox 2345 4955 2481 5022; x_wconf 85' lang='lat' dir='ltr'><strong>Quia</strong></span> <span class='ocrx_word' id='word_1_787' title='bbox 2519 4965 2700 5009; x_wconf 90' lang='lat' dir='ltr'><strong>tamen</strong></span> <span class='ocrx_word' id='word_1_788' title='bbox 2738 4971 2837 5026; x_wconf 82' lang='lat' dir='ltr'><strong>par</strong></span> <span class='ocrx_word' id='word_1_789' title='bbox 2868 4967 3006 5021; x_wconf 89' lang='lat' dir='ltr'><strong>erat,</strong></span> <span class='ocrx_word' id='word_1_790' title='bbox 3041 4973 3136 5016; x_wconf 88' lang='lat' dir='ltr'><strong>eos</strong></span> <span class='ocrx_word' id='word_1_791' title='bbox 3180 4959 3271 5028; x_wconf 90' lang='lat' dir='ltr'><strong>qui</strong></span> <span class='ocrx_word' id='word_1_792' title='bbox 3306 4968 3435 5020; x_wconf 86' lang='lat' dir='ltr'><strong>tunc</strong></span> 
     </span>
    </p>
   </div>
   <div class='ocr_carea' id='block_1_112' title="bbox 1861 5047 3434 5122">
    <p class='ocr_par' dir='ltr' id='par_1_112' title="bbox 1861 5047 3434 5122">
     <span class='ocr_line' id='line_1_112' title="bbox 1861 5047 3434 5122; baseline 0.003 -20"><span class='ocrx_word' id='word_1_793' title='bbox 1861 5057 2160 5119; x_wconf 69' lang='lat' dir='ltr'><strong>praesentes</strong></span> <span class='ocrx_word' id='word_1_794' title='bbox 2191 5058 2349 5103; x_wconf 87' lang='lat' dir='ltr'><strong>erant</strong></span> <span class='ocrx_word' id='word_1_795' title='bbox 2379 5064 2439 5102; x_wconf 90' lang='lat' dir='ltr'><strong>ac</strong></span> <span class='ocrx_word' id='word_1_796' title='bbox 2463 5047 2740 5115; x_wconf 84' lang='lat' dir='ltr'><strong>videbant,</strong></span> <span class='ocrx_word' id='word_1_797' title='bbox 2777 5057 2908 5104; x_wconf 91' lang='lat' dir='ltr'><strong>tunc</strong></span> <span class='ocrx_word' id='word_1_798' title='bbox 2940 5051 3286 5116; x_wconf 81' lang='lat' dir='ltr'><strong>credituros;</strong></span> <span class='ocrx_word' id='word_1_799' title='bbox 3333 5068 3434 5122; x_wconf 91' lang='lat' dir='ltr'><strong>po-</strong></span> 
     </span>
    </p>
   </div>
   <div class='ocr_carea' id='block_1_113' title="bbox 1861 5127 3430 5209">
    <p class='ocr_par' dir='ltr' id='par_1_113' title="bbox 1861 5127 3430 5209">
     <span class='ocr_line' id='line_1_113' title="bbox 1861 5127 3430 5209; baseline 0.001 -15"><span class='ocrx_word' id='word_1_800' title='bbox 1861 5150 2040 5194; x_wconf 87' lang='lat' dir='ltr'><strong>steros</strong></span> <span class='ocrx_word' id='word_1_801' title='bbox 2069 5153 2221 5200; x_wconf 84' lang='lat' dir='ltr'><strong>vero,</strong></span> <span class='ocrx_word' id='word_1_802' title='bbox 2275 5137 2526 5209; x_wconf 82' lang='lat' dir='ltr'><strong>figmenta</strong></span> <span class='ocrx_word' id='word_1_803' title='bbox 2579 5138 2696 5192; x_wconf 62' lang='lat' dir='ltr'><strong>hajc</strong></span> <span class='ocrx_word' id='word_1_804' title='bbox 2744 5127 2888 5201; x_wconf 76' lang='lat' dir='ltr'><strong>esse,</strong></span> <span class='ocrx_word' id='word_1_805' title='bbox 2935 5141 3051 5192; x_wconf 81' lang='lat' dir='ltr'><strong>fore.</strong></span> <span class='ocrx_word' id='word_1_806' title='bbox 3091 5141 3430 5208; x_wconf 84' lang='lat' dir='ltr'><strong>objecturos;</strong></span> 
     </span>
    </p>
   </div>
   <div class='ocr_carea' id='block_1_114' title="bbox 1863 5229 3433 5302">
    <p class='ocr_par' dir='ltr' id='par_1_114' title="bbox 1863 5229 3433 5302">
     <span class='ocr_line' id='line_1_114' title="bbox 1863 5229 3433 5302; baseline 0.001 -17"><span class='ocrx_word' id='word_1_807' title='bbox 1863 5232 1990 5285; x_wconf 87' lang='lat' dir='ltr'><strong>huic</strong></span> <span class='ocrx_word' id='word_1_808' title='bbox 2037 5245 2254 5300; x_wconf 89' lang='lat' dir='ltr'><strong>quoque</strong></span> <span class='ocrx_word' id='word_1_809' title='bbox 2309 5230 2614 5299; x_wconf 78' lang='lat' dir='ltr'><strong>excogitata</strong></span> <span class='ocrx_word' id='word_1_810' title='bbox 2650 5230 2832 5284; x_wconf 83' lang='lat' dir='ltr'><strong>cautio</strong></span> <span class='ocrx_word' id='word_1_811' title='bbox 2863 5239 2963 5284; x_wconf 91' lang='lat' dir='ltr'><strong>est.</strong></span> <span class='ocrx_word' id='word_1_812' title='bbox 3002 5229 3136 5284; x_wconf 84' lang='lat' dir='ltr'><strong>Nam</strong></span> <span class='ocrx_word' id='word_1_813' title='bbox 3185 5233 3230 5286; x_wconf 93' lang='lat' dir='ltr'><strong>si</strong></span> <span class='ocrx_word' id='word_1_814' title='bbox 3264 5231 3308 5287; x_wconf 91' lang='lat' dir='ltr'><strong>is</strong></span> <span class='ocrx_word' id='word_1_815' title='bbox 3341 5237 3433 5302; x_wconf 86' lang='lat' dir='ltr'><strong>qui</strong></span> 
     </span>
    </p>
   </div>
   <div class='ocr_carea' id='block_1_115' title="bbox 1862 5320 3436 5390">
    <p class='ocr_par' dir='ltr' id='par_1_115' title="bbox 1862 5320 3436 5390">
     <span class='ocr_line' id='line_1_115' title="bbox 1862 5320 3436 5390; baseline 0.001 -14"><span class='ocrx_word' id='word_1_816' title='bbox 1862 5323 2007 5376; x_wconf 82' lang='lat' dir='ltr'><strong>hanc</strong></span> <span class='ocrx_word' id='word_1_817' title='bbox 2049 5323 2231 5376; x_wconf 89' lang='lat' dir='ltr'><strong>docuit</strong></span> <span class='ocrx_word' id='word_1_818' title='bbox 2267 5320 2451 5379; x_wconf 84' lang='lat' dir='ltr'><strong>fidem.</strong></span> <span class='ocrx_word' id='word_1_819' title='bbox 2483 5327 2538 5373; x_wconf 90' lang='lat' dir='ltr'><strong>et</strong></span> <span class='ocrx_word' id='word_1_820' title='bbox 2575 5320 2668 5390; x_wconf 82' lang='lat' dir='ltr'><strong>qui</strong></span> <span class='ocrx_word' id='word_1_821' title='bbox 2704 5320 2968 5374; x_wconf 87' lang='lat' dir='ltr'><strong>miracula</strong></span> <span class='ocrx_word' id='word_1_822' title='bbox 3001 5320 3197 5378; x_wconf 89' lang='lat' dir='ltr'><strong>fecisse</strong></span> <span class='ocrx_word' id='word_1_823' title='bbox 3240 5339 3436 5378; x_wconf 82' lang='lat' dir='ltr'><strong>narra-</strong></span> 
     </span>
    </p>
   </div>
   <div class='ocr_carea' id='block_1_116' title="bbox 1870 5411 3436 5486">
    <p class='ocr_par' dir='ltr' id='par_1_116' title="bbox 1870 5411 3436 5486">
     <span class='ocr_line' id='line_1_116' title="bbox 1870 5411 3436 5486; baseline 0.002 -19"><span class='ocrx_word' id='word_1_824' title='bbox 1870 5425 1978 5479; x_wconf 88' lang='lat' dir='ltr'><strong>tur,</strong></span> <span class='ocrx_word' id='word_1_825' title='bbox 2007 5412 2159 5468; x_wconf 84' lang='lat' dir='ltr'><strong>dives</strong></span> <span class='ocrx_word' id='word_1_826' title='bbox 2206 5411 2418 5478; x_wconf 83' lang='lat' dir='ltr'><strong>fuisset,</strong></span> <span class='ocrx_word' id='word_1_827' title='bbox 2466 5412 2766 5482; x_wconf 77' lang='lat' dir='ltr'><strong>ingensque</strong></span> <span class='ocrx_word' id='word_1_828' title='bbox 2813 5413 3102 5481; x_wconf 88' lang='lat' dir='ltr'><strong>imperium</strong></span> <span class='ocrx_word' id='word_1_829' title='bbox 3148 5429 3212 5469; x_wconf 91' lang='lat' dir='ltr'><strong>ac</strong></span> <span class='ocrx_word' id='word_1_830' title='bbox 3250 5416 3436 5486; x_wconf 84' lang='lat' dir='ltr'><strong>copias</strong></span> 
     </span>
    </p>
   </div>
   <div class='ocr_carea' id='block_1_117' title="bbox 1869 5503 3437 5577">
    <p class='ocr_par' dir='ltr' id='par_1_117' title="bbox 1869 5503 3437 5577">
     <span class='ocr_line' id='line_1_117' title="bbox 1869 5503 3437 5577; baseline 0.001 -15"><span class='ocrx_word' id='word_1_831' title='bbox 1869 5507 2114 5571; x_wconf 85' lang='lat' dir='ltr'><strong>haberet,</strong></span> <span class='ocrx_word' id='word_1_832' title='bbox 2163 5505 2350 5560; x_wconf 87' lang='lat' dir='ltr'><strong>venire</strong></span> <span class='ocrx_word' id='word_1_833' title='bbox 2395 5505 2451 5558; x_wconf 89' lang='lat' dir='ltr'><strong>in</strong></span> <span class='ocrx_word' id='word_1_834' title='bbox 2499 5513 2735 5560; x_wconf 89' lang='lat' dir='ltr'><strong>mentem</strong></span> <span class='ocrx_word' id='word_1_835' title='bbox 2793 5503 2956 5560; x_wconf 87' lang='lat' dir='ltr'><strong>alicui</strong></span> <span class='ocrx_word' id='word_1_836' title='bbox 3007 5516 3237 5577; x_wconf 87' lang='lat' dir='ltr'><strong>poterat,</strong></span> <span class='ocrx_word' id='word_1_837' title='bbox 3290 5508 3437 5563; x_wconf 89' lang='lat' dir='ltr'><strong>illius</strong></span> 
     </span>
    </p>
   </div>
   <div class='ocr_carea' id='block_1_118' title="bbox 1869 5595 3438 5673">
    <p class='ocr_par' dir='ltr' id='par_1_118' title="bbox 1869 5595 3438 5673">
     <span class='ocr_line' id='line_1_118' title="bbox 1869 5595 3438 5673; baseline 0.001 -17"><span class='ocrx_word' id='word_1_838' title='bbox 1869 5600 2174 5656; x_wconf 89' lang='lat' dir='ltr'><strong>doctrinam</strong></span> <span class='ocrx_word' id='word_1_839' title='bbox 2213 5613 2278 5652; x_wconf 88' lang='lat' dir='ltr'><strong>ac</strong></span> <span class='ocrx_word' id='word_1_840' title='bbox 2318 5597 2579 5654; x_wconf 90' lang='lat' dir='ltr'><strong>miracula</strong></span> <span class='ocrx_word' id='word_1_841' title='bbox 2613 5595 2868 5668; x_wconf 77' lang='lat' dir='ltr'><strong>ﬁgmenta</strong></span> <span class='ocrx_word' id='word_1_842' title='bbox 2900 5613 3044 5666; x_wconf 85' lang='lat' dir='ltr'><strong>esse,</strong></span> <span class='ocrx_word' id='word_1_843' title='bbox 3092 5600 3438 5673; x_wconf 85' lang='lat' dir='ltr'><strong>humanaque</strong></span> 
     </span>
    </p>
   </div>
   <div class='ocr_carea' id='block_1_119' title="bbox 2966 5868 3043 5928">
    <p class='ocr_par' dir='ltr' id='par_1_119' title="bbox 2966 5868 3043 5928">
     <span class='ocr_line' id='line_1_119' title="bbox 2966 5868 3043 5928; baseline 0.026 -2"><span class='ocrx_word' id='word_1_844' title='bbox 2966 5868 3043 5928; x_wconf 74' lang='grc'><strong>20</strong></span> 
     </span>
    </p>
   </div>
  </div>
