3916 6204
218 351 295 418 631

211 560 289 614 τοῦ
311 560 454 615 Θεοῦ
478 562 577 614 καλ⁵
600 561 848 631 δυνάμει,
885 561 918 632 ή
949 560 1019 614 δι’
1065 562 1327 630 ἀγγέλου,
1384 560 1486 614 οὐκ
1521 561 1588 614 ἂν
1641 562 1778 629 into.

211 653 376 707 λούθει
401 654 464 707 τὸ
501 655 643 726 μετά
667 654 1041 723 δικαιοσύνης.
1078 654 1245 709 Ἀλλά
1288 653 1400 725 μὴν
1423 656 1453 709 6
1511 652 1646 718 Θεὸς
1699 654 1780 707 δί-

210 745 354 808 καιός
378 746 557 800 ἐστιν.
597 746 688 808 Ὧς
712 741 808 800 οὖν
838 748 866 800 6
896 745 1058 814 λόγος
1111 747 1213 815 τῆς
1262 745 1615 815 δικαιοσύνης
1640 744 1782 816 ἀπῄ-

211 853 302 897 τει.
336 837 510 901 οὕτως
542 840 785 907 εγένετο.
821 840 1009 909 Ἰκανὴ
1047 840 1107 894 δὲ
1143 840 1321 910 ἐφάνη
1341 841 1438 894 καὶ
1467 841 1500 909 ἡ
1534 838 1781 902 διάλυσις

209 926 296 979 τοῦ
317 927 664 996 πταίσματος
720 928 816 982 τοῦ
858 930 1210 1001 ἀνθρωπίνου
1277 931 1432 1002 παρά
1480 933 1579 987 τοῦ
1644 932 1778 985 Υίοῦ

215 1016 299 1071 τοῦ
320 1017 454 1071 Θεοῦ
489 1019 788 1089 γενομένη,
810 1019 872 1083 ὃς
898 1014 1351 1094 προσλσωμενος
1398 1025 1605 1094 σάρκα,
1639 1027 1777 1078 πάν-

222 1128 313 1172 τως
333 1112 559 1181 ἄπειρον
590 1112 692 1180 τὴν
723 1112 883 1178 ἀξίαν
911 1109 1048 1186 εἷχε,
1093 1116 1192 1169 καὶ
1231 1115 1306 1178 ὡς
1358 1116 1493 1179 Θεὸς
1557 1119 1653 1171 καὶ
1701 1119 1780 1181 ὡς

221 1201 483 1271 ἅνθρωπος
511 1204 924 1275 ἀναμάρτητος.
980 1206 1147 1260 Ὅσον
1184 1206 1280 1261 οὖν
1317 1210 1349 1278 ἡ
1400 1207 1540 1274 ἀξία
1581 1210 1776 1264 τούτου

224 1290 480 1361 ύπερεϊχε,
510 1293 770 1348 τοσοῦτον
811 1296 1059 1366 ήδυνήθη
1115 1297 1318 1369 ῥᾳδίως
1369 1301 1468 1354 καὶ
1523 1301 1622 1370 τὴν
1669 1303 1780 1358 τῶν

220 1382 502 1452 ἀνθρώπων
547 1387 691 1457 πρὸς
716 1388 810 1440 τὸν
838 1387 973 1441 Θεὸν
1000 1389 1207 1460 εχθραν
1248 1390 1631 1448 διαλύσασθαι.
1669 1396 1780 1448 Καὶ

223 1476 316 1545 γὰρ
344 1476 503 1545 ἴσμεν
547 1478 637 1532 ὅτι
681 1481 713 1533 6
747 1480 973 1550 μείζονα
998 1481 1140 1553 ἔχων
1195 1483 1380 1550 ἀξίαν,
1421 1478 1590 1555 οἷονή
1628 1485 1780 1555 βασι-

220 1565 558 1636 λεύςῆᾶλλος
614 1586 701 1633 τις
759 1570 1069 1642 ὑπερέχων,
1107 1575 1447 1646 παρακαλῶν
1497 1575 1639 1647 ὑπὲρ
1665 1577 1780 1630 δια-

220 1653 403 1717 λύσεως
432 1656 579 1720 τινὸς
620 1658 985 1731 ἀδικήματος,
1056 1663 1263 1730 μᾶλλον
1311 1664 1689 1730 εἰσακούεται,
1738 1667 1773 1739 ἢ

218 1746 266 1799 εί
302 1763 380 1807 τις
411 1748 550 1820 ὑπὲρ
581 1749 747 1803 αὑτοῦ
770 1752 962 1806 τούτου
983 1752 1078 1807 τοῦ
1106 1752 1450 1826 ἀδικήματος
1492 1742 1779 1828 ίκετηρίᾶν

222 1841 501 1907 προτείνοι,
544 1841 892 1913 στρατιώτης
933 1845 1162 1918 τυχδνῆ
1215 1847 1404 1919 ἕτερός
1446 1866 1531 1914 τις
1580 1849 1778 1904 ὑποδε-

219 1926 408 1996 σηκώς.
438 1930 606 1984 Ὅθεν
639 1933 737 1985 καὶ
763 1933 911 1987 κατά
935 1935 1096 1989 τοῦτο
1116 1936 1230 1990 ἔδει
1264 1937 1358 1991 τὸν
1388 1938 1525 1993 Θεὸν
1569 1940 1781 2013 ἀνθρω-

223 2037 312 2073 πον
336 2021 610 2088 γενέσθαι,
640 2024 729 2078 ἵνα
755 2026 987 2097 ἄπειρον
1032 2030 1136 2098 τὴν
1166 2029 1327 2098 ἀξίαν
1369 2032 1508 2105 ἔχων
1568 2033 1774 2106 δυνηθῇ

217 2111 278 2164 τὰ
298 2112 669 2183 ἁμαρτήματα
718 2115 1082 2174 διαλύσασθαι
1112 2121 1235 2177 ζτῶν
1278 2123 1612 2195 ἀνθρώπων
1642 2128 1780 2199 ὅπερ

218 2199 359 2264 ἄλλος
384 2201 628 2256 οὐδέποτ’
648 2200 728 2257 ’ἂν
744 2205 1000 2277 ἐδυνήθη.
1030 2209 1131 2263 οὐκ
1152 2212 1405 2279 ἄγγελος,
1438 2214 1538 2267 οὐκ
1567 2214 1784 2286 ἄνθρω-

220 2309 329 2353 πος.
364 2292 545 2357 Οὐδεὶς
585 2294 696 2364 γὰρ
718 2295 787 2350 ἂν
813 2296 1050 2371 ὲξισὼθη
1086 2304 1150 2372 τῇ
1197 2302 1326 2374 ἀξίᾳ
1354 2304 1450 2359 τοῦ
1488 2305 1779 2379 Θεανθρὼ-

204 2380 315 2433 ’που
348 2381 544 2450 Λόγου.

280 2474 371 2527 Διὰ
396 2476 565 2532 ταῦτα
595 2479 779 2534 τοίνυν
811 2482 874 2536 ού
895 2481 980 2537 δεῖ
1010 2483 1203 2553 λέγειν
1220 2487 1304 2540 δτι
1335 2488 1560 2545 ἐδύνατο
1592 2493 1621 2545 ό
1647 2491 1781 2556 Θεὸς

224 2558 309 2653 τὸν
330 2563 606 2636 ἄνθρωπον
636 2570 714 2640 μὴ
731 2572 1047 2643 συγχωρεῖν
1058 2581 1245 2630 πεσεῖν
1269 2577 1346 2641 είς
1368 2578 1468 2650 τὴν
1486 2582 1780 2653 ἁμαρτίαν.

226 2650 379 2741 Τοῦτο
402 2655 510 2725 γὰρ
530 2656 624 2711 τὸν
651 2658 812 2727 λόγον
840 2662 936 2716 τοῦ
970 2663 1322 2729 αύτεξουσίου
1361 2650 1619 2741 ἀναιρεῖ(
1638 2675 1700 2728 '0
1726 2676 1782 2729 δὲ

223 2740 345 2832 Θεὸς
362 2744 453 2815 τὴν
478 2748 631 2813 τάξιν
651 2750 760 2805 τῶν
781 2754 1124 2823 πραγμάτων
1145 2758 1247 2811 οὐκ
1267 2740 1503 2832 ἀναιρεῖ,
1526 2763 1662 2817 ἀλλὰ
1679 2767 1784 2819 σώ-

224 2831 317 2894 ζει.
334 2834 460 2890 οὔτε
492 2838 598 2909 μὴν
609 2840 788 2910 λέγειν
808 2844 957 2909 είκδς
981 2848 1063 2901 ὅτι
1086 2848 1310 2904 ἐδύνατο
1329 2831 1459 2907 ἄνευ
1487 2854 1784 2923 διαλύσεως

229 2924 321 2995 τῆς
348 2930 615 3000 ἁμαρτίας
663 2933 757 2988 τδν
801 2933 1094 3008 ἄνθρωπον
1145 2940 1408 3012 καθᾶραι.
1459 2946 1631 3001 Τοῦτο
1675 2951 1784 3020 γὰρ

227 3016 314 3086 τήν
337 3021 482 3087 τάξιν
511 3023 609 3094 τῆς
628 3025 979 3097 δικαιοσύνης
999 3029 1236 3102 ἀναιρεῖ.
1269 3034 1521 3090 1Ιθαίνεται
1548 3039 1728 3093 τοίνυν

1162 354 1261 415 DE
1301 351 1753 415 PRINCIPIIS.
1771 351 1979 413 FIDE!
2022 352 2469 414 CATllOLlCﬂ‘]
2484 399 2497 414 .

213 470 372 537 λόγον.
411 467 475 521 El
511 469 620 539 γὰρ
642 467 989 539 ἀλλοτρόπως
1004 467 1532 538 ήλευθερούμεθα,ἢ
1565 466 1775 537 ὁρισμῷ

1890 465 1979 520 Dei
2028 467 2250 522 decreto
2288 474 2342 521 et
2380 465 2646 536 potentia,
2697 466 2812 520 sive
2844 480 2939 535 per
2988 464 3267 536 angelum,
3322 468 3468 522 haud
3539 541 3546 550 l

3354 350 3466 415 623's

1883 555 1972 609 illa
2014 556 2192 621 nobis,
2245 556 2459 623 iustitia
2509 556 2731 619 comite,
2784 564 2937 626 parta
2991 568 3160 612 esset.
3192 556 3266 611 At
3318 559 3467 613 Nllm

1885 645 2029 704 Deus
2066 648 2251 717 justus
2290 658 2394 704 est.
2427 648 2901 715 Quemadmouutn
2935 648 3104 718 igitur
3133 649 3470 718 exposcebat

1876 740 2107 809 iustitia:
2144 742 2308 807 ratio,
2342 741 2420 796 ita
2465 741 2671 796 factum
2713 749 2819 796 est.
2854 739 3145 796 Sumciens
3194 755 3325 795 vero
3367 742 3467 794 huc

1882 833 2029 889 mani
2063 836 2279 905 generis
2310 834 2535 891 offensae
2565 834 2768 889 solutio
2801 850 2828 888 a
2865 833 2956 888 Dei
2996 832 3137 889 Filio
3176 832 3321 889 facta
3350 835 3466 889 visa

1880 939 1984 993 est,
2011 930 2103 998 qui
2132 928 2394 984 nimirum
2432 937 2716 997 assumpta
2754 944 2942 992 carne,
2972 928 3199 983 omnino
3238 928 3468 984 inﬁnita:

1881 1017 2187 1087 dignitatis,
2236 1016 2506 1085 nullique,
2551 1026 2666 1072 tum
2713 1026 2773 1073 ut
2820 1017 2987 1084 Deus,
3036 1026 3149 1074 tum
3193 1027 3254 1073 ut
3296 1019 3462 1073 homo

1881 1109 2160 1167 obnoxius
2211 1120 2439 1180 peccato
2487 1120 2656 1166 esset.
2689 1110 2966 1178 Quantum
3005 1111 3171 1182 igitur
3208 1111 3330 1181 ejus
3374 1112 3462 1165 di-

1881 1201 2062 1271 gnitas
2092 1201 2408 1272 praestabat,
2456 1208 2606 1257 tanto
2649 1212 2705 1256 et
2751 1201 2966 1258 facilius
3014 1202 3299 1258 hominum
3332 1217 3459 1257 cum

1882 1293 1993 1348 Deo
2024 1292 2370 1347 inimicitiam
2416 1291 2718 1348 dissolvere
2751 1294 2948 1363 potuit.
2982 1292 3093 1349 Nec
3133 1294 3280 1349 enim
3308 1294 3459 1358 latet,

1879 1385 1971 1453 qui
2021 1384 2213 1453 majori
2264 1384 2430 1454 pollet
2480 1383 2768 1454 dignitate,
2822 1396 2949 1453 puta
3003 1400 3119 1450 rex,
3170 1384 3285 1440 sive
3318 1385 3463 1439 alius

1881 1476 2150 1561 quispiam
2185 1491 2500 1557 pgocerum,
2532 1477 2662 1531 dum
2696 1493 2885 1545 preces
2909 1477 3070 1532 oﬂ'ert
3104 1476 3174 1531 ad
3203 1476 3465 1546 iniuriam

1880 1570 2121 1636 aliquam
2158 1569 2498 1633 diluendam,
2531 1570 2714 1639 potius
2758 1570 3033 1635 exaudiri,
3059 1580 3222 1642 quam
3251 1572 3298 1627 si
3340 1573 3468 1642 quis

1884 1678 1985 1733 pro
2008 1664 2205 1719 eadem
2237 1663 2438 1733 injuria
2468 1665 2764 1734 supplicet,
2788 1672 2921 1733 puta
2950 1664 3131 1731 miles,
3165 1665 3281 1721 sive
3308 1666 3467 1736 quis-

1883 1757 2009 1827 quis
2034 1755 2182 1810 alius
2206 1738 2474 1826 dignitate
2505 1755 2733 1810 inferior
2761 1765 2867 1810 est.
2901 1755 3112 1812 Idcirco
3138 1755 3376 1813 decebat
3406 1768 3467 1812 ut

1884 1848 2027 1902 Deus
2063 1862 2162 1917 per
2192 1847 2338 1901 hunc
2371 1847 2592 1901 modum
2628 1847 2791 1901 homo
2830 1847 3004 1914 lieret,
3040 1860 3098 1903 ut
3129 1848 3221 1917 qui
3254 1848 3465 1903 inﬁnita

1879 1938 2146 2009 dignitate
2203 1939 2478 2008 pollebat,
2542 1939 2825 1993 hoiuinum
2880 1951 3104 2009 peccata
3159 1940 3468 1994 dissolvere

1880 2042 2089 2103 posset,
2138 2031 2286 2101 quod
2338 2046 2503 2086 nemo
2552 2046 2792 2100 unquam
2846 2031 2991 2116 ali‘us
3037 2033 3326 2102 potuisset,
3359 2048 3465 2086 non

1881 2124 2127 2192 angelus,
2158 2139 2265 2178 non
2299 2123 2501 2188 homo;
2527 2124 2709 2180 nullus
2728 2124 2874 2181 enim
2900 2126 3017 2195 pari
3046 2125 3317 2196 dignitate
3340 2139 3465 2179 cum

1886 2215 2063 2270 Verbo
2096 2212 2204 2270 Deo
2245 2215 2465 2271 homine
2494 2224 2598 2271 est.

1957 2484 2088 2539 Eam
2123 2486 2287 2555 igitur
2329 2484 2400 2538 ob
2432 2498 2653 2538 causam
2693 2483 2835 2538 haud
2887 2484 3178 2539 dicendum
3206 2494 3295 2540 cst
3320 2523 3337 2550 ,
3370 2502 3468 2556 po.

1885 2576 2060 2633 tuisse
2104 2575 2273 2632 Deum
2314 2591 2421 2629 non
2456 2578 2769 2645 permittere
2801 2588 2858 2631 ut
2899 2579 3062 2633 homo
3090 2578 3147 2632 in
3176 2591 3464 2650 peccatum

1884 2669 2129 2724 caderet.
2169 2668 2281 2723 lloc
2327 2669 2473 2725 enim
2529 2669 2684 2724 liberi
2732 2670 2939 2725 arbitrii
2982 2672 3244 2726 rationem
3282 2673 3463 2739 tollit;

1884 2760 2031 2815 Deus
2060 2770 2243 2816 autem
2281 2775 2463 2816 rerum
2494 2760 2741 2816 ordinem
2784 2777 2893 2817 non
2948 2764 3106 2828 tollit.
3153 2766 3248 2821 sed
3283 2779 3469 2821 servat

1886 2851 2241 2909 incolumem.
2273 2852 2345 2906 At
2379 2867 2559 2923 neque
2585 2868 2682 2922 par
2707 2862 2794 2911 est
2823 2865 2882 2910 ut
2917 2854 3188 2922 dicamus,
3223 2859 3470 2928 potuisse

1887 2942 2096 3013 absque
2153 2945 2363 3013 peccati
2406 2944 2775 3002 dissolutione
2808 2946 3092 3004 horninem
3133 2950 3463 3008 emundare.

1889 3032 2004 3090 lloc
2049 3035 2197 3090 enim
2234 3035 2462 3105 iustitia:
2501 3036 2642 3092 tollit
2692 3038 2962 3097 ordinem.
3038 3039 3235 3111 Liquet
3298 3042 3466 3113 igitur

224 3107 344 3173 Θεὸς
354 3111 429 3165 ὅτι
442 3114 529 3168 διὰ
542 3114 639 3169 τοῦ
660 3118 893 3174 θανάτου
910 3120 1006 3175 τοῦ
1034 3122 1161 3177 Υίοῦ
1184 3126 1349 3181 αὑτοῦ
1365 3127 1465 3199 τὴν
1485 3133 1593 3183 τῶν
1612 3149 1775 3200 πραγ-

1892 3126 2058 3182 Deum
2091 3143 2187 3198 per
2213 3138 2441 3185 mortem
2467 3128 2604 3186 Fille
2629 3131 2712 3187 sui
2728 3146 2917 3205 rerum
2942 3134 3192 3190 ordinem
3216 3151 3467 3193 servasse

229 3200 392 3268 μάτων
445 3207 684 3280 ἐτήρησε
725 3210 881 3279 τάξιν
902 3215 999 3267 καὶ⁸
1036 3215 1181 3269 κατά
1204 3218 1304 3287 τὴν
1327 3219 1488 3287 φύσιν
1514 3224 1608 3277 καὶ
1639 3226 1782 3277 κατὰ

228 3290 313 3361 τὴν
346 3294 709 3369 δικαιοσύνην.
743 3303 857 3357 Καὶ
896 3306 1031 3377 ἡμῖν
1059 3307 1216 3362 οὐδὲν
1239 3310 1443 3365 ἄτοπον
1468 3314 1778 3380 ἀκολουθεῖ,

229 3382 422 3452 λέγουσι
461 3390 551 3443 τὸν
589 3393 714 3446 Υἱὸν
746 3395 843 3448 τοῦ
877 3397 1016 3451 Θεοῦ
1050 3398 1345 3470 ἄνθρωπον
1390 3402 1650 3471 γενέσθαι
1685 3411 1780 3462 καὶ

227 3476 511 3567 att-oliuae“.
554 3482 763 3548 Ἄλλως
810 3504 871 3539 τε
904 3493 966 3542 εν
1013 3492 1127 3554 τοῖς
1165 3490 1262 3545 τοῦ
1307 3493 1446 3548 Θεοῦ
1486 3495 1671 3567 ἔργοις
1715 3500 1778 3551 ού

225 3563 361 3618 τοῦτο
383 3574 601 3624 σκοπεῖν
631 3573 737 3638 δεῖ,
771 3576 857 3630 ὅτι
887 3578 1010 3631 τόδε
1037 3596 1092 3632 τι
1124 3581 1220 3636 καὶ
1250 3584 1321 3640 δι’
1350 3563 1542 3659 ἑτέρου
1564 3563 1776 3659 τρόπον

224 3655 418 3712 ἐδύνατο
443 3664 721 3731 γενέσθαι,
758 3668 893 3722 ἀλλά
915 3670 1033 3737 πῶς
1065 3671 1135 3726 ἀν
1156 3655 1508 3750 οίκειοτέρῷς
1534 3655 1773 3750 ἱγίνετο,

224 3751 306 3802 καὶ
336 3753 380 3805 sl
404 3754 477 3825 μή
507 3755 570 3808 τὸ
603 3756 829 3827 ἄριστόν
857 3763 1210 3831 ὲστινοῦτως
1236 3767 1313 3833 ὡς
1347 3769 1484 3842 Ιχει.

285 3923 339 3977 Εἰ
368 3923 409 3978 δ’
433 3928 513 3981 ὅτι
539 3929 798 4003 λέγομεν,
839 3925 902 3989 Ὀ
931 3938 1065 4003 θεὸς
1090 3940 1355 4009 ἀπέθανε,
1388 3945 1496 4003 τῶν
1526 3948 1774 4004 ἀπίστων

226 4026 296 4074 τις
322 4016 426 4081 πῶς
450 4018 679 4077 δύναται
711 4025 973 4091 γενέσθαι
1001 4027 1164 4083 τοῦτο
1190 4030 1466 4105 διαπορεῖ,
1495 4036 1640 4093 ὥστε
1680 4059 1770 4095 νο-

227 4104 380 4204 μίζειν
424 4111 507 4165 ὃτι
559 4113 591 4166 6
643 4113 776 4179 Θεὸς
821 4118 902 4180 είς
955 4104 1367 4194 ἀνθρωπότητα
1421 4131 1728 4204 μετεϐλήθη
1754 4151 1771 4168 ·

224 4195 319 4294 ἀλλ’
344 4203 501 4273 ἡμεῖς
531 4206 693 4261 τοῦτο
714 4210 816 4280 οὐχ
849 4209 994 4266 οὕτω
1017 4214 1278 4286 λέγομεν.
1305 4217 1387 4273 Td
1409 4195 1517 4293 γὰρ
1542 4195 1774 4294 σώματά

225 4292 314 4344 εἰσι
337 4298 400 4348 τὰ
450 4298 869 4367 μεταϐάλλοντα
890 4304 971 4369 είς
1004 4306 1238 4376 ἄλληλα,
1290 4311 1366 4376 ὡς
1548 4292 1660 4388 πῦρ
1687 4319 1773 4386 γί·

224 4397 366 4450 νεῖαι,
390 4390 467 4452 εἰς
494 4391 608 4462 πῦρ
640 4394 880 4463 μεταδά)
892 4397 984 4451 λον
1007 4413 1023 4432 ·
1053 4401 1123 4455 τὰ
1148 4401 1204 4454 δὲ
1236 4404 1510 4475 ἀσώματα
1534 4407 1613 4479 τῷ
1642 4410 1772 4481 δρα-

1884 3218 2241 3283 incolumem,
2277 3221 2392 3276 sive
2422 3224 2549 3291 quis
2598 3236 2848 3279 naturam
2884 3236 3113 3295 spectet,
3162 3228 3276 3282 sive
3304 3229 3464 3297 justi-

1884 3308 2038 3364 tiam.
2074 3308 2185 3365 Nec
2218 3312 2444 3367 absurdi
2482 3314 2693 3383 aliquid
2726 3315 2993 3386 sequitur,
3025 3334 3092 3372 eo
3125 3320 3269 3387 quod
3308 3321 3467 3375 dica-

1882 3416 2007 3454 mus
2041 3401 2132 3455 Dei
2168 3400 2367 3457 Filium
2397 3403 2601 3459 factum
2628 3421 2753 3462 esse
2787 3408 3064 3464 hominem
3092 3425 3157 3464 ac
3187 3424 3465 3467 mortuum

1882 3504 2028 3544 esse.
2064 3489 2334 3558 Accedit,
2367 3482 2478 3547 non
2520 3495 2623 3549 hoc
2659 3497 3019 3565 spectandum
3051 3500 3106 3555 in
3150 3500 3245 3556 Dei
3277 3505 3464 3572 operi-

1882 3582 2007 3646 bus,
2040 3582 2288 3649 potuisse
2326 3583 2431 3638 hoc
2458 3595 2553 3640 aut
2590 3586 2719 3642 illud
2751 3588 2845 3644 tali
2876 3589 2959 3645 vel
2993 3591 3087 3646 tali
3123 3592 3289 3648 modo
3314 3595 3458 3658 lieri,

1879 3676 1972 3730 sed
2020 3675 2301 3744 quomodo
2367 3680 2785 3737 convenientius
2814 3684 3072 3753 quodque
3102 3684 3307 3741 factum
3348 3688 3457 3751 sit;

1879 3781 1942 3821 ac
1972 3782 2102 3821 num
2139 3768 2408 3837 optimum
2437 3770 2508 3824 sit
2536 3773 2679 3841 quod
2712 3773 2795 3828 sic
2818 3789 2881 3830 se
2905 3789 2996 3831 res
3027 3776 3283 3841 habeant,
3310 3794 3375 3834 ac
3400 3797 3463 3836 se

1876 3858 2099 3913 habent.

1944 3952 2043 4007 Sin
2073 3962 2254 4009 autem
2290 3956 2498 4013 ideirco
2527 3959 2675 4028 quod
2714 3960 2952 4018 dicimus
2979 3963 3151 4021 Deum
3183 3975 3459 4024 mortuum

1875 4029 2018 4109 esse,
2072 4043 2372 4102 inﬁdelium
2409 4049 2607 4119 aliquis
2654 4051 2886 4117 dubitet,
2934 4071 3174 4125 quonam
3206 4058 3262 4113 id
3299 4061 3462 4116 modo

1876 4135 1994 4191 ﬂeri
2022 4137 2220 4207 possit,
2252 4147 2312 4194 ut
2336 4141 2714 4201 existimemus
2752 4144 2921 4201 Deum
2970 4148 3024 4203 in
3070 4160 3320 4207 naturam
3361 4156 3454 4208 hn-

1875 4242 2095 4285 manam
2127 4239 2402 4288 mutatum
2456 4236 2627 4292 esse?
2672 4239 3070 4308 respondemus
3117 4243 3171 4299 id
3206 4259 3307 4300 nos
3347 4261 3460 4301 non

1873 4321 2077 4378 dicere.
2120 4320 2326 4394 Nempe
2365 4339 2599 4395 corpora
2637 4340 2785 4396 sunt,
2820 4347 2943 4401 qua:
2971 4335 3074 4389 alia
3102 4335 3158 4391 in
3186 4337 3293 4392 alia
3329 4354 3453 4393 mu-

1875 4422 2079 4494 tantur,
2117 4425 2243 4485 puta
2276 4432 2370 4473 aer
2406 4419 2551 4488 ignis
2579 4420 2831 4489 edicitur,
2866 4428 3009 4496 quod
3038 4428 3092 4482 in
3130 4431 3308 4500 ignem
3341 4448 3460 4486 mu-

224 4478 368 4548 στικῷ
392 4481 488 4550 τῆς
523 4484 709 4537 αὐτῶν
747 4485 1036 4559 δυνάμεως
1086 4493 1331 4548 ἑνοῦνται
1369 4499 1482 4559 τοῖς
1528 4517 1767 4570 σωματι-

224 4566 316 4588 ..-9-
434 4573 446 4588 ι
492 4573 515 4588 δ
542 4573 558 4588 Ι
647 4576 660 4588 ί
715 4577 741 4588 ⁹
830 4579 852 4588 ⁸
891 4582 903 4588 ‘
1214 4585 1235 4588 ~

2063 4478 2079 4494 ,
2118 4478 2131 4485 -
2430 4478 2458 4488 ν
2815 4478 2830 4489 ,
2874 4478 2917 4496 τ
2949 4478 3009 4482 η
3130 4478 3307 4500 -ο-----.

1881 4515 2039 4561 tctur.
2074 4509 2398 4577 lncorporea
2432 4524 2571 4565 vero
2618 4527 2733 4566 sua:
2758 4514 2841 4567 vis
2869 4514 3106 4572 emcacia
3135 4522 3459 4588 corporibus

223 4566 335 4666 τοῖς,
365 4573 454 4625 καὶ
487 4573 558 4627 δι’
598 4576 783 4631 αὐτῶν
824 4579 1107 4651 διήκουσιν
1135 4600 1151 4617 ο
1200 4585 1392 4658 ὥσπερ
1421 4590 1455 4660 ἠ
1504 4566 1651 4663 ψυχῆ
1697 4603 1776 4666 τῷ

220 4657 405 4755 cibum
433 4665 673 4723 ἑνοῦται.
711 4668 772 4723 Εἰ
804 4672 917 4744 δὲή
948 4674 1098 4746 ψυχή
1127 4677 1204 4746 τῷ
1248 4657 1461 4751 σώματι
1506 4657 1769 4755 ἑνουμένή

216 4747 267 4797 οὗ
315 4757 708 4821 μεταϐάλλεται
759 4766 881 4819 κατ’
931 4768 1160 4823 οὐσίαν·
1231 4773 1415 4845 πολλῷ
1479 4776 1684 4847 μᾶλλον
1741 4782 1770 4833 6

214 4841 526 4915 ἀπλούσατος
563 4853 699 4917 Θεὸς
730 4856 891 4914 πλέον
920 4860 953 4930 ἢ
986 4862 1054 4915 ἂν
1080 4861 1225 4918 εἴποι
1254 4883 1336 4927 τις
1356 4841 1583 4924 δύναται
1613 4871 1767 4926 ἑνοῦ-

211 4934 317 4991 «Oct
343 4944 449 5005 τοῖς
498 4943 745 5013 σώμασι,
783 4951 860 5020 μή
913 4955 1412 5027 μεταϐαλλόμενος.
1461 4963 1624 5017 Ἀλλά
1671 4966 1764 5019 καὶ

209 5027 261 5079 τὸ
286 5032 387 5104 πῦρ
408 5035 500 5089 τὸν
529 5039 755 5110 σίδηρον
786 5042 1012 5113 πύρινον
1042 5047 1232 5114 ποιῶν,
1260 5050 1321 5103 ού
1355 5053 1759 5121 μεταϐάλλεται

212 5121 281 5183 εἷς
317 5126 409 5195 τὴν
458 5132 556 5184 τοῦ
588 5134 762 5204 πυρὸς
815 5137 1025 5193 οὐσίαν.
1073 5140 1215 5195 Ἀλλ’
1243 5146 1302 5196 ἑν
1356 5144 1455 5213 μὲν
1486 5148 1599 5209 τοῖς
1651 5150 1768 5202 κτί-

210 5228 359 5279 σμασι
390 5222 511 5274 κατ¹
563 5222 724 5277 ἄλλον
762 5227 964 5297 τρόπον
989 5232 1016 5282 6
1044 5231 1178 5294 Θεὸς
1221 5233 1381 5286 οἰκεῖ’
1434 5239 1525 5288 καὶ
1558 5236 1768 5304 τούτοις

208 5305 423 5373 ἑν.ῦ;αι,
451 5317 564 5379 τοῖς
600 5316 701 5385 μὲν
730 5318 941 5383 πλεῖον,
964 5323 1079 5384 τοῖς
1110 5321 1169 5375 δὲ
1213 5322 1456 5387 ἔλαττον,
1494 5328 1636 5382 κατά
1667 5334 1769 5400 τὴν

205 5396 472 5468 ἀναλογίαν
498 5407 600 5475 τῆς
638 5407 819 5462 αὐτῶν
856 5410 1073 5477 φύσεως
1097 5413 1197 5465 καὶ
1223 5413 1567 5485 τελειότητος
1604 5421 1763 5488 μετέ-

205 5490 380 5554 χετοαι
417 5497 712 5568 λεγόμενος
759 5501 1084 5570 ἀμεοέκτως
1109 5520 1124 5535 °
1174 5508 1229 5559 ἐν
1258 5507 1317 5560 δὲ
1348 5513 1413 5579 τῇ
1443 5513 1767 5582 προσλήψει

202 5580 361 5673 ταύτῃ
384 5587 484 5655 τῆς
528 5592 756 5660 σαρκὸς,
789 5593 858 5665 ήν
911 5596 940 5647 6
971 5595 1108 5661 Θεὸς
1153 5599 1335 5670 ἐαυτῷ
1386 5580 1761 5673 ὑπεστήσατο,

204 5669 517 5750 ὑψηλότερον
545 5686 748 5754 τρόπον
777 5691 869 5742 καὶ
904 5690 992 5741 ἐπ’
1021 5690 1232 5745 ἐκείνου
1277 5669 1440 5762 μόνον
1478 5669 1762 5767 συμϐάντα

101 5787 113 5800 ο
205 5766 290 5820 καὶ
322 5770 779 5849 ἀπορῥητότερον,
807 5782 900 5834 καὶ
939 5781 1127 5853 μεῖζον
1162 5784 1194 5857 ἦ
1220 5786 1251 5839 ό
1277 5786 1401 5851 νοῦς
1429 5766 1760 5861 καταλαϐεῖν

1878 4596 2165 4659 uniuotur,
2205 4611 2382 4665 eaque
2412 4599 2717 4667 pervadunt
2744 4615 2811 4655 ac
2839 4613 3160 4671 penetrant;
3189 4615 3456 4677 quemad-

1876 4687 2096 4740 modum
2126 4690 2308 4742 anima
2341 4691 2558 4760 corpori
2594 4692 2803 4748 unitur.
2834 4695 2990 4760 Quod
3021 4699 3068 4752 si
3103 4700 3284 4757 anima
3331 4718 3458 4759 cor-
3501 4688 3543 4783 ᾖ

1871 4779 1988 4847 pori
2039 4776 2192 4853 unita
2239 4793 2348 4834 non
2406 4788 2649 4838 mutatur
2693 4787 2996 4846 secundum
3049 4792 3455 4863 substantiam;

1868 4869 2067 4939 potiori
2091 4870 2251 4941 longe
2277 4871 2490 4928 ratione
2513 4877 2670 4944 cujus
2695 4893 2909 4935 summa
2931 4882 3281 4954 simplicitas,
3310 4887 3454 4944 Dens

1867 4978 1930 5017 ac
1969 4967 2140 5034 magis
2168 4980 2334 5035 quam
2376 4967 2519 5023 ullus
2546 4971 2729 5027 verbis
2772 4986 3121 5044 assequatur,
3172 4982 3320 5035 nulla
3367 4987 3456 5037 sui

1868 5057 2170 5112 mutatione
2204 5061 2527 5128 corporibus
2580 5063 2723 5117 nuiri
2762 5075 2960 5134 potest.
3009 5068 3154 5135 Quin
3184 5081 3240 5127 et
3269 5074 3451 5145 ignis,

1873 5146 2104 5216 ignitum
2135 5147 2383 5206 faciendo
2417 5152 2643 5218 ferrum,
2674 5172 2783 5210 non
2814 5169 3057 5215 mutatur
3087 5162 3141 5217 in
3188 5164 3316 5219 ferri
3353 5183 3453 5220 na-

1876 5246 2074 5293 turam.
2110 5236 2311 5295 Verum
2355 5240 2461 5296 alio
2498 5247 2658 5301 modo
2702 5245 2848 5305 Deus
2881 5250 2936 5304 in
2968 5253 3167 5310 creatis
3202 5256 3447 5325 habitat;

1873 5330 2089 5400 illisque
2120 5333 2339 5398 unitur,
2371 5335 2493 5391 aliis
2533 5338 2678 5407 plus,
2708 5341 2833 5397 aliis
2862 5343 3078 5411 minus;
3126 5348 3216 5416 qui
3255 5366 3450 5423 nempe

1875 5439 1975 5492 pro
2013 5439 2205 5480 eorum
2250 5435 2462 5483 naturae
2508 5431 2732 5487 modulo
2780 5449 2845 5489 ac
2894 5436 3251 5505 perfectionis
3298 5454 3450 5499 extra

1874 5531 2091 5571 omnem
2141 5519 2609 5588 participationem
2647 5526 2965 5597 participari
2996 5530 3227 5589 dicatur.
3261 5535 3319 5589 In
3349 5538 3452 5592 hac

1874 5617 2057 5662 autem
2106 5611 2292 5667 carnis
2341 5628 2759 5685 assumptione,
2808 5634 2971 5690 quam
3022 5624 3125 5679 sibi
3160 5626 3452 5696 ipseDeus
3536 5608 3545 5611 Δ

1873 5691 2138 5769 condidit,
2170 5704 2352 5757 altiori
2384 5708 2566 5773 modo,
2597 5723 2660 5764 ac
2706 5712 2798 5781 qui
2832 5727 2899 5768 eo
2941 5716 3290 5774 solummodo
3318 5736 3454 5776 cou-

1873 5794 2080 5866 tingat,
2131 5796 2545 5870 abstrusiusque
2595 5816 2659 5858 ac
2701 5804 2875 5876 magis
2921 5821 3085 5877 quam
3137 5826 3290 5869 mens
3343 5814 3450 5867 ulla
