3916 6204
473 314 578 377 6:23

1731 311 2130 374 MANUELIS
2154 310 2459 372 CALECEE
3550 313 3638 377 624

471 435 934 505 emnprehendere
964 433 1140 488 valeat
1191 431 1338 503 (nam
1394 445 1569 500 neque
1601 439 1808 484 natura:
1847 430 2046 484 divina:

2157 428 2408 499 ἑξισχύει,
2458 427 2689 497 ἐπείπερ
2727 426 2846 480 οὑδὲ
2883 423 2944 480 τὸ
2973 425 3256 496 δραστικὸν
3295 427 3382 495 τῆς
3409 427 3536 491 θείας
3557 432 3641 498 φύ·

472 524 579 576 vim
605 539 666 576 ac
695 520 1062 576 cllicacitatem
1090 536 1244 575 mens
1279 521 1514 575 humana
1544 519 1677 574 satis
1701 520 1914 588 assequi
1951 534 2044 588 po-

475 615 621 683 ιυει),
643 621 959 682 tantumque
989 612 1175 667 imitus
1204 622 1308 674 cet,
1338 620 1397 664 ut
1419 625 1539 681 quae
1571 611 1776 664 unione
1800 620 2048 664 conserta

475 716 601 760 sunt
625 746 640 769 ,
677 704 778 758 alia
829 704 896 756 ab
932 703 1052 756 aliis
1085 701 1470 771 inseparabilia
1502 710 1794 766 maneant;
1835 699 2069 755 tametsi.

473 812 584 864 quo
618 804 856 862 tempore
893 801 1067 848 morte
1098 791 1318 846 functus
1353 802 1436 845 est
1459 833 1474 856 ,
1508 792 1693 846 anima
1728 791 1775 844 'a
1822 805 2051 861 corpore

475 885 1131 956 tanlisper'ahseesserit.
1179 884 1446 952 Quodque
1491 899 1703 939 summa
1753 884 1870 938 haec
1921 886 2051 938 unio

472 981 586 1045 sit,
649 978 881 1032 alterum
938 976 1164 1030 alterius
1220 975 1441 1029 nomine
1491 982 1858 1042 nuncupatur,
1905 972 2052 1028 Deus

475 1073 658 1133 homo,
691 1085 755 1124 ac
795 1071 957 1124 homo
1003 1067 1182 1134 Deus;
1233 1066 1520 1136 amboque,
1560 1081 1666 1120 una
1702 1066 1908 1120 scilicet
1953 1066 2053 1136 hy-

475 1164 708 1232 postasis
748 1177 810 1216 ac
840 1175 1095 1231 persona,
1127 1160 1268 1213 idem
1304 1159 1443 1214 Deus
1471 1167 1524 1212 et
1556 1159 1724 1212 homo
1745 1159 2050 1213 secundum

477 1255 621 1309 aliud
665 1264 828 1322 atque
871 1252 1039 1306 aliud.
1073 1250 1547 1316 Quemadmodum
1580 1253 1745 1303 etiam
1783 1250 1946 1304 homo
1976 1252 2054 1303 vi-

475 1347 609 1398 dens
639 1356 803 1413 atque
834 1344 1085 1410 audiens,
1128 1359 1237 1397 non
1265 1343 1563 1398 secundum
1598 1342 1736 1397 idem
1768 1344 1915 1398 videt
1949 1359 2051 1396 au-

475 1440 659 1508 ditque
688 1455 703 1504 ;
739 1438 830 1492 sed
861 1438 1091 1490 alterum
1122 1436 1361 1504 quidem,
1393 1451 1500 1504 qua
1534 1434 1790 1504 facultate
1817 1435 2051 1500 vivendi;

477 1532 731 1595 alterum,
768 1546 872 1599 qua
909 1529 1159 1582 audiendi
1190 1529 1447 1597 praeditus
1475 1537 1578 1582 est.

545 1641 718 1708 llujus
769 1649 948 1694 autem
979 1639 1221 1701 unionis,
1274 1638 1485 1691 nullum
1533 1637 1811 1706 proprium
1872 1651 2056 1694 exem-

477 1731 621 1801 plum
661 1739 763 1784 est.
801 1729 857 1781 Si
908 1728 1051 1783 enim
1100 1727 1250 1781 velut
1296 1727 1598 1781 naturalem
1637 1729 1953 1796 {potentiam
1997 1728 2052 1782 in

477 1821 798 1890 corporibus
837 1820 1238 1875 consideratam
1275 1817 1510 1888 exempli
1559 1819 1683 1874 loco
1728 1822 2050 1890 produxeri-

479 1931 621 1978 nms,
665 1925 758 1967 aut
789 1914 880 1982 qui
915 1913 968 1966 in
1003 1911 1166 1966 corde
1206 1921 1475 1974 versatur,
1511 1925 1817 1964 sermonem
1841 1951 1860 1978 ,
1896 1909 2053 1966 loris-

474 2022 580 2073 que
627 2003 949 2058 iutcrmedia
984 2017 1114 2055 voce
1159 2000 1584 2062 manifesnitur,
1629 2001 1707 2054 vel
1759 2001 1927 2054 animi
1984 2002 2050 2054 ad

474 2111 695 2166 corpus,
731 2097 814 2149 vel
864 2095 1003 2163 ignis
1049 2091 1113 2146 ad
1151 2092 1355 2146 ferrum
1390 2092 1484 2146 illo
1517 2092 1798 2146 incensum
1836 2091 2050 2147 habitu-

427 2232 429 2234 .
474 2190 656 2243 dinem
709 2201 1018 2256 nexumque
1053 2186 1374 2248 dixerimus,
1427 2185 1564 2238 nihil
1610 2185 1754 2254 quod
1804 2184 1878 2239 sit
1923 2199 2052 2252 pro-

473 2282 652 2351 prium
682 2280 880 2334 dicturi
913 2293 1128 2333 smnus.
1169 2275 1292 2330 Hmc
1323 2276 1465 2329 enim
1516 2291 1621 2330 non
1671 2275 1785 2342 ipsa
1834 2289 1958 2329 vere
1989 2289 2054 2330 ac

386 2380 389 2381 ⁷
473 2390 569 2442 per
599 2388 658 2427 se
690 2370 1028 2435 exsistentia,
1066 2368 1347 2436 magisque
1377 2365 1728 2419 continentur
1757 2376 1922 2435 atque
1960 2365 2054 2419 ha-

474 2468 692 2525 bentur.
728 2457 889 2532 quam
943 2461 1056 2529 ipsa
1105 2459 1419 2513 contineant
1451 2471 1514 2512 ac
1547 2457 1798 2512 habeant.
1837 2459 1904 2509 At
1944 2456 2037 2511 Dei

475 2556 645 2612 Filius
684 2556 800 2625 ipse
839 2570 966 2609 vere
1019 2567 1082 2607 ac
1116 2567 1211 2620 per
1247 2565 1307 2605 se
1333 2551 1627 2614 exsistens,
1663 2550 1955 2618 vivensque
1989 2563 2055 2604 ac

474 2648 750 2720 perlectus
781 2656 894 2712 est;
928 2659 990 2698 ac
1041 2643 1184 2698 velut
1224 2643 1355 2712 quid
1393 2642 1628 2696 nobilius
1676 2641 2055 2710 praestantius-

473 2758 602 2813 que,
634 2750 970 2809 sssumptam
1003 2740 1291 2792 humanam
1328 2738 1567 2789 continet
1613 2733 1902 2803 habetque.
1952 2731 2057 2788 Ne-

474 2847 582 2904 que
634 2832 850 2887 demum
899 2830 1040 2884 sicut
1091 2827 1326 2880 dicimus
1359 2832 1608 2878 naturam
1643 2821 1939 2876 humanam
1981 2835 2047 2874 ex

474 2923 688 2978 duabus
723 2920 977 2990 partibus
1008 2915 1211 2986 (anima
1263 2913 1471 2968 scilicet
1514 2922 1568 2966 et
1614 2912 1866 2980 corpore)
1921 2923 2053 2964 con-

475 3025 643 3070 stare.
675 3011 808 3066 Nam
837 3021 888 3064 ‹·ι
915 3010 1095 3064 anima
1132 3005 1367 3078 (tametsi
1406 3003 1648 3058 omnium
1689 2999 1896 3071 judicio
1929 3015 2054 3055 cor-

475 3124 606 3178 pore
661 3105 895 3159 nobilior
935 3109 1039 3162 est,
1088 3095 1456 3167 imperfectior
1514 3093 1870 3148 nihilominus
1922 3104 2001 3147 est
2031 3131 2046 3156 ,
2083 3119 2126 3180 ο

475 3213 638 3268 quam
680 3208 735 3250 ut
784 3210 890 3248 una
921 3193 1035 3260 ipsa
1083 3191 1361 3245 hominem
1391 3185 1692 3257 perfectum
1726 3185 2044 3254 constituat)

477 3289 557 3344 sic
587 3299 803 3355 quoque
829 3283 1130 3348 eodemque
1159 3279 1324 3333 modo
1361 3277 1620 3339 dicimus,
1647 3275 1848 3330 Christi
1885 3284 2049 3328 natu-

477 3393 596 3433 ram
626 3393 688 3430 ex
726 3385 879 3445 parte
907 3370 1131 3426 conﬂari
1161 3368 1360 3422 deitate
1389 3380 1453 3419 ac
1501 3363 1841 3420 humanitate
1870 3378 1886 3428 ;
1928 3361 2049 3415 Dei-

479 3479 566 3525 tas
595 3468 740 3524 enim
775 3479 1039 3534 nusquam
1075 3475 1199 3532 pars
1229 3470 1331 3516 est.
1363 3457 1496 3512 Nam
1532 3456 1710 3511 omnis
1738 3469 1884 3524 pars,
1919 3452 2049 3522 quid

478 3560 852 3630 imperfectum
881 3567 984 3617 est.
1014 3569 1113 3610 nee
1147 3551 1361 3618 Deitati,
1387 3565 1510 3605 cum
1542 3546 1932 3618 perfectissima
1959 3546 2050 3608 sit,

480 3654 588 3707 ulla
616 3652 817 3706 additio
847 3651 944 3715 fit;
971 3647 1064 3703 sed
1097 3648 1179 3703 sic
1205 3644 1462 3707 dic-imus,
1498 3640 1700 3695 Christi
1732 3635 2048 3708 hypostasin

479 3761 574 3800 seu
611 3758 902 3814 personam
934 3757 999 3796 ex
1037 3739 1246 3794 Deitate
1277 3750 1398 3792 esse
1437 3743 1492 3788 et
1519 3731 1900 3792 humanitate;
1939 3743 2049 3782 non

477 3834 626 3886 velut
655 3832 813 3884 ambo
857 3832 966 3883 lucc
997 3829 1116 3896 ejus
1147 3834 1333 3896 partes
1360 3826 1471 3879 sint
1493 3861 1508 3887 ,
1553 3821 1646 3876 sed
1695 3819 1842 3888 quod
1881 3817 2054 3872 amba:

478 3931 689 3976 naturae
737 3916 1062 3972 immutabili
1104 3931 1245 3968 nexu
1296 3918 1351 3967 in
1399 3925 1568 3965 unum
1604 3907 1947 3979 copulentur.
1982 3909 2052 3962 At

480 4028 657 4080 neque
686 4009 922 4064 dicimus
964 4022 1030 4059 ex
1068 4005 1281 4059 duabus
1309 4000 1630 4058 substantiis
1665 4016 1826 4055 unam
1858 4016 2052 4071 quam-

479 4117 644 4172 quam
681 4100 895 4154 tertiam
935 4108 1188 4151 naturam
1223 4102 1683 4161 contemperatatn
1723 4107 1866 4156 esse;
1910 4093 2054 4148 sicut

480 4197 663 4248 vinum
715 4199 769 4246 et
810 4205 950 4259 aqua
1003 4190 1055 4240 in
1106 4201 1273 4240 unum
1313 4193 1708 4253 temperantur,
1743 4185 1886 4254 quod
1923 4200 2058 4237 neu-

2153 539 2290 584 σεως
2317 523 2346 574 ό
2372 521 2496 585 νοῦς
2521 523 2548 574 ό
2581 518 2917 588 ἀνθρώπινος
2970 517 3288 572 καταλαϐεῖν
3322 519 3548 587 δύναται,
3566 525 3644 576 καὶ

2151 612 2406 666 τοσοῦτον
2427 613 2660 682 ἥνωται,
2687 609 2827 664 ὥστε
2849 609 2917 662 τὰ
2944 609 3270 678 συναφθέντα
3291 611 3534 680 ἀχώριστα
3553 614 3645 667 δια-

2157 707 2363 775 μεῖναι,
2399 707 2447 758 εί
2490 705 2588 758 καὶ
2614 706 2645 774 ἡ
2675 703 2992 774 ἀνθρωπίνη
3023 703 3168 773 ψυχὴ
3211 703 3266 756 ἐν
3295 703 3366 772 τῷ
3397 706 3551 775 καιρῷ
3573 707 3646 758 τοῦ

2155 799 2390 853 θανάτου
2426 798 2518 852 τοῦ
2555 797 2812 868 σώματος
2842 798 2981 866 πρὸς
3033 796 3210 864 ὀλίγον
3241 797 3440 865 διέστη·
3477 799 3557 850 καὶ
3579 801 3657 866 διὰ,

2153 891 2254 960 τὴν
2282 891 2460 960 ἄκραν
2488 890 2682 943 ἕνωσιν
2712 890 2772 942 τὺ
2801 889 2988 958 ἓτερον
3019 887 3095 957 τῷ
3125 886 3216 941 τοῦ
3258 888 3430 956 ἐτέρου
3467 889 3650 956 ὀνόματι

2154 981 2414 1049 λέγεσθαι
2441 977 2529 1053 ἦν,
2564 983 2658 1033 τὸν
2699 981 2832 1033 Θεὸν
2866 975 3150 1051 ἄνθρωπον
3179 979 3269 1032 καὶ
3299 979 3382 1031 τὸν
3411 979 3651 1048 ἄνθρωπον

2155 1071 2309 1134 Θεὸν,
2347 1074 2442 1124 καὶ
2486 1072 2794 1141 ἀμφότερα,
2843 1071 3090 1123 τουτέστι
3119 1068 3214 1138 τὴν
3260 1067 3383 1137 μίαν
3409 1070 3654 1121 ὑπόστασιν

2157 1165 2247 1217 τὸν
2276 1164 2440 1216 αὑτὸν
2471 1164 2602 1217 Θεὸν
2643 1164 2740 1216 καὶ
2767 1162 3055 1233 ἄνθρωπον
3094 1163 3212 1214 κατ’
3250 1161 3372 1215 ἄλλο
3413 1163 3494 1214 καὶ
3516 1162 3619 1213 ἄλλο
3640 1179 3652 1193 ·

2157 1253 2346 1326 ὥσπερ
2380 1255 2471 1306 καὶ
2499 1257 2526 1306 ὁ
2555 1253 2845 1324 ἄνθρωπος
2887 1254 3028 1322 ὁρῶν
3072 1255 3166 1307 καὶ
3204 1255 3425 1318 ἀκούων,
3462 1255 3514 1305 οὑ
3549 1255 3659 1306 κατα

2155 1345 2217 1396 τὸ
2245 1344 2376 1397 αῦτό
2431 1346 2532 1414 ὁρᾷ
2583 1347 2676 1399 καὶ
2726 1345 2911 1398 ἀκούει
2939 1361 2955 1379 ·
3000 1346 3135 1398 ἀλλὰ
3185 1346 3244 1399 τὸ
3281 1346 3376 1416 μὲν
3427 1347 3546 1397 κατὰ
3581 1347 3659 1413 τὴν

2158 1437 2423 1507 ὁρατικὴν
2461 1437 2712 1507 δύναμιν,
2744 1439 2804 1491 τὸ
2829 1437 2885 1492 δὲ
2915 1439 3061 1491 κατὰ
3090 1439 3187 1510 τὴν
3213 1439 3536 1507 ἀκουστικήν.

2232 1617 2589 1686 Παράδειγμα
2613 1619 2669 1671 δὲ
2703 1619 2802 1688 τῆς
2831 1617 3081 1683 ὲνώσεως
3106 1619 3305 1688 ταύτης
3330 1619 3425 1672 οὑκ
3447 1619 3572 1672 ἐστιν
3589 1619 3662 1670 οὑ-

2157 1707 2245 1760 διν
2277 1711 2494 1761 οἰκεῖον.
2530 1711 2589 1762 El
2613 1709 2723 1780 γὰρ
2757 1711 2947 1780 ὥσπερ
2987 1711 3225 1780 φυσικὴν
3255 1710 3484 1777 δύναμιν,
3509 1709 3591 1778 τὴν
3616 1712 3659 1760 ἐν

2157 1802 2266 1863 τοῖς
2299 1799 2512 1868 σώμασι
2541 1800 2925 1871 θεωρουμένην
2945 1802 3026 1863 ὡς
3049 1802 3385 1871 παράδειγμα
3411 1801 3662 1869 προδηλοῦν

2159 1910 2280 1960 μεν,
2313 1895 2342 1963 ἢ
2378 1894 2468 1946 τὸν
2501 1895 2559 1945 ἐν
2595 1894 2795 1965 καρδίᾳ
2821 1894 3000 1960 λόγον,
3032 1893 3091 1955 ὃς
3119 1893 3208 1945 διὰ
3236 1893 3330 1961 τῆς
3361 1894 3527 1960 φωνῆς
3560 1891 3663 1954 {Etu-

2158 1984 2249 2037 θεν
2277 1984 2556 2054 δηλοῦται,
2587 1985 2619 2051 ἢ
2647 1984 2745 2054 τὴν
2773 1985 2950 2055 ψυχὴν
2985 1984 3124 2055 πρὸς
3153 1985 3213 2036 τὸ
3244 1983 3414 2052 σῶμα,
3455 1981 3484 2050 ἦ
3513 1984 3562 2034 τὸ
3583 1981 3667 2048 πῦρ

2155 2077 2292 2148 πρὸς
2331 2077 2422 2130 τὸν
2477 2078 2698 2147 σίδηρον
2746 2077 3164 2146 ἐκπυρούμενον
3220 2076 3310 2128 ὑπ’
3335 2074 3506 2136 αὑτοῦ,
3551 2071 3669 2125 οὐδὲν

2155 2166 2390 2237 ἐροῦμεν
2436 2168 2655 2220 οἰκεῖον.
2695 2166 2877 2220 Ταῦτα
2917 2168 3027 2237 γὰρ
3063 2163 3422 2221 ’ἀνυπόστατα
3461 2165 3573 2226 εἰσι,
3599 2162 3674 2215 καὶ

2160 2255 2364 2325 μᾶλλον
2416 2257 2764 2325 περιέχονται
2795 2256 2827 2323 ἢ
2881 2259 3257 2328 περιέχουσιν.
3293 2259 3351 2310 Ὁ
3373 2259 3426 2310 δὲ
3458 2257 3563 2318 Υἱὸς
3598 2255 3672 2307 τοῦ

2153 2347 2290 2401 Θεοῦ
2319 2349 2680 2411 ὲνυπόστατός
2709 2351 2821 2402 ἐστι
2862 2353 2955 2404 καὶ
2995 2351 3110 2415 ζῶν
3147 2353 3237 2405 καὶ
3269 2351 3490 2412 τέλειος·
3519 2350 3595 2401 καὶ
3615 2349 3674 2408 ὡς

2154 2440 2484 2511 τιμιώτερον
2505 2443 2598 2496 καὶ
2619 2445 2870 2512 κρεῖττον
2893 2446 3148 2516 περιέχει
3176 2445 3270 2515 τὴν
3293 2443 3675 2514 προσληφθεῖσαν

2155 2533 2504 2604 ἀνθρωπίνην
2533 2534 2716 2604 φύσιν.
2754 2537 2831 2590 Οὑ
2865 2538 2974 2608 μὴν
2999 2538 3118 2592 οὐδ’
3160 2536 3346 2607 ὥσπερ
3374 2537 3578 2604 λέγομεν
3612 2533 3675 2585 ὅτι

2155 2627 2188 2695 ὴ
2225 2625 2542 2696 ἀνθρωπίνη
2569 2628 2732 2696 φύσις
2766 2630 2830 2681 ὲκ
2853 2628 2949 2682 δύο
2983 2630 3177 2701 μερῶν
3212 2629 3498 2696 σύγκειται,
3523 2627 3676 2692 σώμαι

2155 2735 2244 2780 τος
2269 2718 2364 2772 καὶ
2401 2717 2581 2789 ψυχῆς
2626 2723 2745 2790 (καὶ
2778 2720 2886 2792 γὰρ
2921 2723 2955 2790 ὴ
2997 2723 3174 2794 ψυχὴ,
3213 2723 3260 2774 εί
3305 2720 3394 2774 καὶ
3424 2718 3678 2789 τιμιωτέρα

2158 2811 2248 2865 τοῦ
2275 2812 2530 2882 σώματος
2561 2814 2929 2883 ὁμολογεῖται,
2963 2815 3089 2869 ἀλλ’
3117 2817 3211 2870 οῦν
3244 2817 3430 2886 ἀτελής
3467 2816 3592 2866 ἐστιν
3616 2811 3680 2871 είς

2157 2905 2219 2957 τὸ
2251 2907 2515 2975 συστῆσαι
2571 2905 2706 2974 μόνη
2740 2905 2946 2957 τέλειον
2987 2905 3308 2977 ἄνθρωπον)
3331 2921 3345 2937 ·
3373 2906 3499 2959 κατὰ
3527 2903 3679 2956 τοῦτον

2159 2999 2249 3050 τὸν
2280 2996 2482 3066 τρόπον
2537 2994 2774 3063 λέγομεν
2804 2997 2887 3049 ὅτι
2931 2998 2965 3068 ἠ
3013 2998 3118 3051 τοῦ
3175 2995 3409 3069 Χριστοῦ
3455 2993 3595 3063 φύσις
3633 2991 3681 3040 ἐκ

2162 3087 2362 3157 μέρους
2396 3086 2680 3153 σύγκειται
2710 3087 2810 3156 τῆς
2852 3087 3120 3159 θεότητος
3150 3091 3247 3143 καὶ
3275 3087 3650 3158 ἀνθρωπότητος
3667 3095 3679 3110 ⁹

2155 3181 2188 3249 ἦ
2222 3178 2330 3248 γὰρ
2379 3177 2572 3248 θεότης
2629 3182 2797 3248 μέρος
2834 3179 2935 3232 οὑκ
2986 3179 3168 3235 ἔστιν.
3213 3179 3420 3241 Ἀτελὶς
3467 3177 3561 3245 γάρ
3590 3176 3684 3226 ἐστι

2158 3270 2268 3322 πᾶν
2301 3267 2500 3338 μέρος·
2545 3268 2640 3322 καὶ
2669 3270 2736 3338 τῇ
2776 3267 2994 3340 θεύτητι
3055 3271 3368 3340 τελειοτάτη
3413 3266 3536 3338 οὔσῃ
3563 3262 3686 3315 οὺδδν

2159 3358 2528 3430 προστίθεται·
2567 3359 2680 3412 ἀλλ’
2718 3359 2862 3414 οὑτω
2915 3360 3177 3431 λέγομεν,
3211 3363 3292 3416 ὅτι
3350 3362 3382 3432 ἡ
3431 3359 3688 3414 ὑπόστασις

2159 3452 2252 3505 τοῦ
2280 3450 2516 3520 Χριστοῦ
2566 3453 2712 3505 ἐστιν
2741 3453 2807 3505 ὲκ
2835 3451 3100 3522 θεότητος
3149 3455 3243 3508 καὶ
3277 3450 3652 3523 ἀνθρωπότητος
3670 3461 3682 3476 ’

2161 3542 2258 3611 οὐχ
2295 3541 2370 3604 ὡς
2400 3542 2662 3611 ἑκατέρου
2693 3542 2896 3596 τούτων
2926 3544 3143 3614 μέρους
3167 3545 3337 3610 ὄντος,
3365 3541 3489 3596 ἀλλὰ
3515 3541 3591 3594 διὰ
3611 3536 3690 3605 τὴν

2157 3632 2534 3703 ἀμετάϐλητον
2587 3633 2779 3687 ἕνωσιν
2825 3636 2906 3697 είς
2937 3634 2996 3687 ἐν
3021 3637 3142 3688 τῶν
3189 3636 3284 3689 δύο
3315 3636 3538 3704 φύσεων.
3577 3625 3691 3683 Ἀλλ’

2156 3725 2277 3778 οὑδὲ
2306 3725 2540 3795 λέγομεν
2568 3725 2651 3778 ότι
2692 3726 2757 3778 ἐκ
2802 3725 2898 3779 δύο
2943 3727 3155 3782 οὐσιῶν
3188 3729 3291 3798 μία
3319 3743 3401 3790 τις
3428 3726 3570 3796 τρίτη
3597 3722 3695 3775 ἀνι⁶

2159 3817 2336 3886 κράθη
2370 3817 2559 3885 φύσις,
2597 3817 2788 3887 ὥσπερ
2813 3814 2954 3879 οἶνος
2983 3820 3086 3872 καὶ
3118 3818 3265 3888 ὕδωρ
3292 3820 3370 3881 είς
3405 3815 3460 3868 ἓν
3489 3815 3693 3880 ἀνακρα-

2159 3908 2318 3961 θέντα
2354 3910 2451 3961 καὶ
2482 3909 2783 3979 μηδέτερον
2812 3907 2893 3960 ὃν·
2924 3907 3041 3961 ἀλλ’
3069 3910 3154 3962 ὅτι
3186 3910 3283 3962 καὶ
3309 3907 3446 3979 μετὰ
3471 3904 3558 3975 τὴν
3582 3903 3693 3954 Evin-

2159 4018 2244 4054 σιν
2278 4001 2597 4070 διαμένουσι
2642 4001 2735 4053 δύο
2767 4000 2956 4070 φύσεις
2985 4000 3412 4072 διακεκριμέναι
3449 3996 3691 4065 ἀλλήλων·

2158 4093 2220 4145 οὑ
2275 4093 2396 4146 καθ’
2434 4095 2734 4147 ὑπόστασιν
2770 4093 2924 4164 (μίαν
2956 4093 3065 4161 γὰρ
3101 4095 3400 4147 ὑπόστασιν
3449 4082 3696 4160 ὁμολογοῦ-

2165 4190 2310 4256 μεν),
2347 4187 2465 4241 ἀλλ’
2495 4189 2620 4242 ὅσον
2655 4187 2797 4240 κατὰ
2831 4187 2928 4257 τὴν
2959 4187 3071 4240 τῶν
3109 4187 3331 4257 φύσεων
3370 4186 3605 4252 ίδιότητα.

479 4300 623 4344 trum
652 4301 839 4342 eorum
889 4295 1008 4349 est;
1057 4282 1154 4337 sed
1189 4280 1330 4350 quod
1392 4278 1554 4334 etiam
1615 4287 1738 4348 post
1791 4281 2046 4335 unionem
2088 4294 2308 4340 maneat
2341 4284 2537 4352 duplex
2588 4294 2808 4350 natura,
2849 4284 3072 4352 aliaque
3139 4284 3210 4339 ab
3257 4281 3361 4336 alia
3442 4279 3698 4348 distincta;

481 4400 585 4439 non
629 4378 965 4452 hypostatice
1003 4390 1068 4430 ac
1115 4389 1360 4445 personae
1407 4375 1618 4428 ratione
1669 4375 1856 4442 (unam
1896 4375 2042 4429 enim
2085 4379 2413 4434 conﬁtemur
2445 4379 2762 4450 hypostasin
2794 4393 2858 4432 ac
2895 4385 3242 4449 personam),
3282 4378 3375 4435 sed
3404 4375 3538 4447 quod
3598 4369 3699 4426 atti-

479 4487 570 4532 net
598 4477 663 4530 ad
701 4483 1020 4528 naturarqu
1055 4470 1466 4539 proprietatem.

548 4569 705 4638 Quod
742 4583 870 4623 vero
898 4580 1008 4620 uno
1039 4565 1290 4618 onmium
1327 4577 1597 4618 consensu
1629 4573 1903 4632 receptum
1931 4571 2014 4618 est
2036 4601 2051 4627 ,
2080 4563 2134 4623 D

478 4665 722 4717 divinam
781 4671 1028 4712 nat-uram
1087 4655 1316 4710 inﬁnitis
1366 4656 1539 4710 modis
1587 4655 1870 4710 nobilitate
1917 4671 2056 4724 prte-

479 4765 660 4816 stare,
690 4765 754 4804 ac
782 4763 904 4804 cum
938 4764 1001 4802 ea
1029 4761 1148 4814 quae
1182 4746 1393 4799 min-ora
1426 4755 1553 4799 sunt
1587 4747 2057 4813 praestantioribus

479 4844 634 4914 quasi
668 4841 981 4895 cohaereant
1012 4839 1261 4906 velutqu-e
1295 4838 1364 4890 ab
1397 4839 1477 4891 eis
1515 4837 1817 4903 pendeant;
1850 4836 2059 4890 ideirco

481 4951 587 4990 non
639 4933 872 4987 dicimus
913 4937 1166 4983 naturam
1206 4932 1496 4981 humanam
1537 4927 1629 4980 Dei
1673 4939 1920 4980 naturam
1972 4943 2060 4981 as-

480 5027 807 5095 sumpsisse,
864 5023 956 5078 sed
987 5062 1002 5086 ,
1050 5021 1218 5074 Deum
1263 5005 1538 5073 naturam
1566 5021 1903 5082 humanam;
1953 5036 2056 5071 non

480 5120 640 5189 quasi
674 5119 728 5170 in
767 5116 937 5170 Deum
970 5113 1060 5166 illa
1112 5121 1319 5166 mutata
1370 5113 1460 5173 sit,
1505 5111 1599 5164 sed
1646 5112 1791 5179 quod
1829 5111 1934 5165 Deo
1965 5127 2058 5164 co-

483 5208 724 5274 haeserit,
780 5209 970 5276 illique
1006 5204 1256 5274 capulata
1314 5203 1404 5254 sit.
1461 5200 1668 5254 idcirco
1724 5201 1867 5254 velut
1925 5202 2056 5271 quid

483 5309 600 5374 ipse
638 5302 1004 5372 praestantius,
1036 5299 1328 5351 humanam
1364 5297 1522 5348 habet
1571 5302 1842 5350 naturain.
1891 5294 2058 5345 hahe-

484 5410 683 5466 turque
713 5400 829 5465 ipsa
860 5408 890 5448 a
924 5392 1106 5447 divina
1145 5398 1362 5443 natura.
1399 5386 1554 5440 Velut
1588 5385 1894 5446 hominem,
1933 5401 2058 5438 cum

486 5488 842 5561 principalius
889 5485 962 5539 sit
1004 5499 1068 5537 ac
1106 5481 1360 5541 nobilius,
1405 5493 1624 5532 manum
1677 5476 1876 5532 habere
1923 5475 2060 5530 dici-

486 5595 642 5644 tnus;
687 5595 792 5633 non
843 5587 1022 5631 autem
1070 5574 1214 5643 quod
1271 5587 1462 5625 manus
1511 5571 1706 5624 haheat
1755 5569 2053 5623 hominem.

489 5671 768 5740 Siquidem
807 5669 968 5736 igitur
999 5677 1176 5734 partes
1220 5673 1401 5718 essent
1450 5662 1629 5716 Deitas
1657 5672 1708 5715 et
1750 5651 2060 5715 humanitas

490 5766 587 5834 (ita
626 5762 879 5814 nimirum
914 5769 969 5812 ut
999 5772 1066 5811 ex
1098 5759 1176 5811 cis
1211 5769 1317 5810 una
1350 5765 1542 5808 natura
1587 5751 1900 5828 communis
1930 5768 2059 5805 con-

2244 4564 2398 4616 Ἐπεὶ
2427 4563 2484 4615 δὲ
2519 4561 2866 4632 ὡμολόγηται
2912 4562 2945 4631 ἠ
2981 4561 3078 4615 τοῦ
3121 4563 3262 4616 Θεοῦ
3313 4561 3472 4630 φύσις
3524 4555 3701 4621 ιὶττείριι

2158 4657 2342 4726 μέτρῳ
2368 4655 2697 4723 τιμιωτέρα·
2733 4653 2827 4705 τοῦ
2873 4653 2930 4706 δὲ
2979 4656 3320 4724 τιμιωτέρου
3367 4653 3433 4705 τὰ
3483 4649 3707 4702 ἐλάττονα

2156 4747 2369 4815 ἔχονται
2403 4748 2496 4798 καὶ
2524 4746 2637 4798 οἱον
2667 4745 3061 4815 ὲκκρέμανται·
3094 4747 3187 4798 διὰ
3221 4746 3382 4798 τοῦτο
3410 4744 3468 4796 ού
3503 4741 3707 4806 λέγομεν

2156 4841 2235 4893 ὃτι
2264 4842 2296 4910 ἡ
2328 4837 2641 4909 ἀνθρωπίνη
2694 4839 2853 4906 φύσις
2901 4839 3001 4908 τὴν
3033 4837 3128 4889 τοῦ
3169 4838 3311 4890 Θεοῦ
3369 4829 3706 4907 προσελὰθετο

2160 4932 2346 5001 φύσιν·
2367 4931 2480 4984 ἀλλ’
2505 4933 2532 4983 ὁ
2561 4930 2691 4992 Θεὸς
2720 4929 2816 5000 τὴν
2838 4928 3200 4998 ἀνθρωπίνην
3233 4930 3524 4984 ἀνελάϐετο
3547 4921 3706 4991 φύσιν’

2158 5025 2254 5093 οὑχ
2286 5024 2359 5084 ὼς
2396 5025 2472 5084 είς
2505 5022 2637 5074 Θεὸν
2689 5021 3149 5088 μεταϐληθεῖααν,
3211 5022 3332 5074 ἀλλ’
3389 5020 3462 5082 ὡς
3495 5016 3566 5085 τῷ
3611 5008 3710 5078 Θεῷ

2157 5117 2632 5181 προσπεφυκυῖαν.
2686 5113 2786 5164 Διά
2814 5111 2972 5164 τοῦτο
3000 5113 3098 5164 καὶ
3125 5112 3205 5175 ὠς
3233 5113 3587 5181 τιμιὼτερον,
3617 5103 3712 5170 ἔχει

2160 5209 2256 5275 μὲν
2287 5207 2383 5276 τὴν
2414 5204 2760 5276 ἀνθρωπίνην
2793 5202 2974 5272 φύσιν,
3004 5204 3192 5272 ἔχεται
3224 5203 3284 5254 δὲ
3319 5204 3456 5271 αὕτη
3509 5198 3603 5252 ὑπὸ
3633 5194 3713 5258 τῆς

2158 5296 2306 5358 θείας
2331 5296 2566 5361 φύσεως·
2591 5294 2779 5363 ὥσπερ
2807 5296 2833 5346 ὁ
2855 5293 2952 5363 μὲν
2983 5295 3280 5363 ἄνθρωπος
3303 5291 3712 5365 ἁρχοειδέστερον

2158 5392 2216 5443 ὃν
2250 5392 2343 5444 καὶ
2373 5389 2694 5460 τιμιώτερον
2725 5388 2870 5456 ἔχειν
2903 5385 3001 5455 τὴν
3034 5387 3198 5455 χεῖρα
3235 5386 3492 5454 λέγομεν,
3523 5378 3627 5434 ἀλλ’
3665 5372 3710 5425 οὗ

2168 5485 2259 5536 τὸν
2291 5483 2577 5551 ἄνθρωπον
2611 5482 2643 5551 ἡ
2677 5481 2814 5552 χείρ.
2849 5479 2908 5532 Ei
2937 5481 3118 5531 τοίνυν
3147 5479 3296 5549 μέρη
3327 5475 3471 5549 ἦσαν
3497 5477 3526 5545 ἡ
3559 5473 3712 5537 θεότης

2172 5577 2262 5627 καὶ
2292 5576 2324 5641 ἠ
2361 5573 2736 5642 ἀνθρωπότης.
2774 5573 2849 5633 ὡς
2889 5573 2946 5638 ἐξ
2995 5571 3182 5624 αὐτῶν
3212 5569 3564 5636 συνίστασθαι
3611 5562 3713 5632 μίαν

2161 5668 2325 5735 φύσιν
2361 5667 2568 5733 κοινὴν,
2607 5666 2767 5726 mgf-1x
2790 5665 2968 5733 ψυχῆς
3009 5663 3102 5718 καὶ
3140 5665 3403 5735 σώματος
3440 5661 3714 5731 ἄνθρωπον.

2162 5756 2421 5824 ἐλέγομεν
2452 5756 2514 5808 ἂν
2546 5759 2626 5807 ὅτι
2665 5760 2753 5807 καί
2797 5759 2822 5808 ό
2855 5758 2986 5820 Θεὸς
3021 5756 3136 5825 ἔχει
3185 5759 3283 5810 τὸν
3314 5756 3612 5824 ἄνθρωπον,
3640 5745 3715 5793 καὶ
