3916 6204
464 278 573 341 627

1729 292 2127 353 MANUELIS
2165 296 2471 356 eamea
3304 254 3305 257 γ
3539 302 3625 365 (328

459 397 621 452 nobis
652 409 825 451 autem
857 402 1057 453 vocatis
1075 399 1281 457 Iudaeis
1305 412 1467 472 atque
1492 404 1698 459 Grrecis
1747 404 2011 461 Christuu

2138 411 2192 463 δὲ
2227 414 2340 474 τοῖς
2376 411 2595 481 κλητοῖς
2633 410 2913 475 Ἰουδαίοις
2944 410 3037 465 καὶ
3064 410 3286 481 Ἕλλησι.
3303 410 3500 482 Χριστὸν
3516 416 3624 470 Θεώ

460 482 558 537 Dei
605 487 858 540 virtutem
884 500 935 542 et
968 491 1058 545 Dei
1096 492 1414 561 sapientiam
1442 493 1509 546 ⁸⁸.
1579 512 1596 544 ι
1669 495 1742 547 Ac
1770 511 1960 550 rursus
2012 512 2025 548 :

466 592 485 623 ι
534 575 684 639 Quod
733 577 959 633 stultum
1006 590 1091 634 est
1144 582 1260 648 Dei,
1308 584 1612 653 sapientius
1659 594 1741 640 est
1788 585 2031 639 homini-

462 662 563 718 bus
592 665 689 719 θ’.»
747 671 853 723 Per
890 670 1047 724 fidem
1085 672 1271 742 itaque
1296 673 1585 729 Trinitatis
1618 684 1671 729 et
1705 676 2034 729 incarnatio-

457 755 548 810 nis
574 753 689 809 Filii
728 757 816 811 Dei
840 760 1241 817 confessionem
1303 779 1591 832 Speremus
1623 781 1684 819 ex
1739 767 1826 820 Dei
1877 768 2031 821 auxi-

458 845 557 909 lio,
581 847 722 915 quod
754 850 909 905 nobis
930 852 982 903 in
1004 852 1107 907 hac
1131 853 1236 907 vita
1252 868 1345 923 per
1360 865 1699 909 sacramenta
1720 863 2028 924 pra-statur,

457 946 617 1004 atque
644 938 793 992 liberi
823 941 1039 996 arbitrii
1066 959 1229 1012 opera
1306 944 1547 998 futuram
1586 960 1684 999 nos
1734 946 2029 1001 beatitudi-

455 1043 578 1081 nem
626 1041 748 1096 post
817 1044 1046 1089 mortem
1098 1047 1524 1102 consecuturos;
1589 1046 1718 1092 tunc
1793 1038 2024 1099 scilicet.

454 1132 577 1171 eum
637 1118 798 1175 fuerit
852 1134 1194 1180 mortuorum
1245 1126 1578 1182 resurrectio
1627 1141 1692 1181 ac
1751 1127 2020 1197 judicium

454 1218 785 1266 extremum.

1121 1418 1351 1473 CAPUT
1383 1418 1511 1473 Vlll.

647 1503 717 1559 De
778 1508 961 1576 futura
1025 1521 1347 1564 marmorum
1417 1512 1813 1564 resurrectione.

521 1596 732 1652 Etenim
755 1615 873 1651 cum
902 1602 969 1653 iis
988 1617 1107 1669 quae
1132 1612 1255 1655 sunt
1287 1602 1408 1655 fidei
1437 1602 1634 1671 capita,
1668 1600 2023 1657 resurrectio-

450 1704 573 1743 nem
634 1702 971 1745 mortuorutn
1027 1704 1244 1762 Oportet
1297 1710 1397 1748 nos
1467 1694 1710 1749 erodere.
1784 1693 2022 1747 Primum

2135 501 2371 571 δύναμιν
2402 504 2496 556 καὶ
2547 502 2683 556 Θεοῦ
2735 504 2947 573 σοφίαν.
2987 522 3007 555 ι
3046 503 3149 557 Καὶ
3183 503 3349 566 πάλιν,
3388 524 3404 556 ι
3440 506 3503 557 Τὸ
3539 524 3629 573 μω-

2136 592 2355 662 ρότερον
2386 594 2480 646 τοῦ
2512 591 2653 646 Θεοῦ
2691 592 2996 664 σοφώτερον
3022 595 3126 645 τῶν
3155 595 3431 660 ἀνθρώπων
3453 597 3619 650 ἐστίν.)

2136 684 2297 736 Ὥστε
2329 683 2415 738 διὰ
2464 685 2563 754 τῆς
2596 686 2727 751 περὶ
2785 686 2885 754 τὴν
2942 684 3142 755 Τριάδα
3198 685 3414 746 πίστεως
3445 686 3525 737 καὶ
3551 690 3629 754 τῆς

2134 775 2275 828 κατὰ
2308 776 2406 843 τὴν
2460 774 2871 845 ὲνανθρώπησιν
2902 776 2997 827 τοῦ
3046 776 3171 829 Υῑοῦ
3201 776 3295 828 τοῦ
3327 776 3444 830 Θεοῦ
3474 780 3629 845 ὁμολο-

2133 869 2257 935 γίας
2286 867 2576 935 ἐλπίζομεν
2610 867 2716 919 ἀπὸ
2754 868 2852 935 τῆς
2875 867 2967 919 τοῦ
2996 867 3131 920 Θεοῦ
3165 866 3415 937 βοηθείας,
3444 869 3500 937 ἢν
3528 870 3633 938 ἡμῖν

2131 961 2189 1011 ἐν
2216 962 2295 1029 τῷ
2330 961 2555 1028 παρόντι
2582 958 2668 1012 διὰ
2697 958 2808 1010 τῶν
2843 958 3155 1028 μυστηρίων
3200 957 3392 1021 δίδωσι,
3439 959 3518 1010 καὶ
3545 959 3632 1012 τῶν

2128 1052 2221 1105 τοῦ
2270 1050 2616 1114 αὐτεξουσίου
2651 1050 2864 1121 ἔργων,
2926 1050 3063 1118 μετὰ
3116 1048 3337 1101 θάνατον
3379 1048 3631 1115 ἀξιωθῆναι

2127 1142 2227 1205 τῆς
2262 1140 2559 1210 μελλούσης
2588 1141 3013 1210 μακαριότητος,
3064 1140 3186 1210 ἥτις
3238 1139 3378 1192 ἔσται
3425 1139 3513 1207 τῆς
3546 1140 3635 1191 τῶν

2129 1234 2340 1303 νεκρῶν
2393 1233 2743 1297 ἀναστάσεως
2788 1234 2882 1288 καὶ
2933 1234 3031 1303 τῆς
3090 1232 3391 1295 τελευταίας
3436 1230 3635 1301 κρίσεως

2129 1327 2453 1396 γενομένης.

2724 1415 2974 1471 ΚΕΦΔΛ.
3014 1416 3097 1467 H'.

2130 1509 2265 1577 Περὶ
2309 1508 2419 1577 τῆς
2443 1508 2799 1578 μελλούσης
2844 1506 2964 1560 τῶν
3002 1504 3232 1574 νεκρῶν
3271 1502 3636 1568 ἀναστάσεως.

2198 1602 2307 1654 Καὶ
2344 1598 2453 1669 γὰρ
2482 1600 2622 1669 μετὰ
2656 1600 2764 1651 τῶν
2808 1598 2905 1668 τῆς
2955 1598 3191 1660 πίστεως
3228 1593 3526 1664 κεφαλαίων
3562 1593 3640 1645 καὶ

2129 1690 2423 1744 ἀνάστασιν
2490 1689 2701 1759 νεκρῶν
2758 1688 3049 1758 ὀφείλομεν
3105 1685 3396 1740 πιστεύειν.
3454 1683 3641 1753 Πρῶτον

448 1782 687 1849 quidem,
716 1782 841 1851 quia
869 1799 991 1838 cum
1027 1785 1167 1841 Deus
1196 1785 1382 1853 justus
1415 1786 1508 1851 sit,
1560 1802 1784 1842 necesse
1840 1793 1928 1841 est
1964 1796 2011 1841 ut

2127 1781 2248 1849 μὲν,
2274 1781 2355 1833 ὅτι
2410 1780 2532 1832 ἐπεὶ
2565 1757 2773 1843 δίκαιός
2824 1782 2970 1832 ὲστιν
3008 1780 3038 1832 ὁ
3070 1779 3222 1843 Θεὸς,
3262 1779 3462 1848 ἀνάγκη
3508 1775 3641 1830 αὑτὸν

443 1873 590 1938 justa
640 1874 901 1943 rependat
946 1875 1198 1944 praemia;
1235 1886 1291 1930 ut
1343 1877 1552 1932 scilicet
1603 1877 1741 1930 mala
1818 1877 2017 1940 malis‘,

444 1963 585 2018 bona
652 1964 1121 2023 honis’retribuat.
1168 1968 1266 2023 Sin
1299 1979 1483 2023 autem
1539 1970 1639 2023 hoc
1689 1968 2018 2033 dederimus,

448 2064 560 2109 tum
588 2055 775 2111 fruitio
797 2058 922 2122 erit,
957 2067 1067 2113 tum
1095 2061 1329 2129 punitio.
1363 2060 1463 2115 Sin
1486 2070 1665 2115 autem
1698 2062 1812 2115 haec
1833 2065 2017 2123 erunt,

445 2146 608 2200 etiam
660 2149 766 2202 erit
798 2148 1099 2217 judicium;
1158 2151 1242 2206 sin
1298 2161 1477 2206 autem
1526 2152 1807 2218 iudicium,
1855 2151 2015 2205 etiam

444 2236 737 2293 retributio
784 2253 849 2294 ac
905 2255 1115 2297 merces
1172 2257 1433 2312 operum.
1490 2243 1635 2312 Ergo
1682 2244 1813 2312 quia
1875 2243 2018 2297 Deus

436 2325 619 2393 justus
651 2338 753 2394 est,
800 2330 982 2386 futura
1018 2334 1356 2389 resurrectio
1389 2343 1491 2389 est.
1530 2334 1882 2389 Resurrectio
1916 2349 2017 2388 au-

442 2430 552 2474 tem
609 2436 929 2491 corporum,
974 2439 1095 2477 nam
1130 2425 1311 2479 anima
1363 2425 1690 2480 immortalis
1724 2435 1829 2481 est.
1875 2424 2012 2480 Cor-

440 2527 545 2577 pus
565 2513 708 2567 enim
745 2514 910 2584 (quod
943 2515 1014 2570 sit
1045 2518 1329 2586 organum)
1361 2532 1482 2571 cum
1516 2518 1693 2571 anima
1744 2531 2014 2572 commer-

440 2604 584 2657 cium
642 2604 825 2670 habet,
859 2606 913 2658 in
969 2607 1171 2676 quibus
1232 2608 1322 2661 illa
1368 2609 1610 2678 appetitu
1673 2608 1892 2662 ducitur
1949 2622 2014 2661 ac

440 2697 714 2762 incitatur,
746 2699 861 2754 sive
924 2701 1242 2762 contrariis,
1304 2701 1422 2754 sive
1492 2716 1622 2753 non.
1676 2701 1884 2754 Idcirco
1933 2699 2009 2753 illi

438 2786 690 2851 debetur,
751 2799 811 2844 ut
868 2790 1055 2845 eadem
1117 2805 1180 2846 ac
1228 2792 1434 2854 anima,
1498 2792 1580 2846 vel
1634 2792 1858 2861 gloriam
1923 2792 2008 2845 vel

441 2880 679 2936 dedecus
699 2896 777 2936 'ac
804 2883 1060 2951 probrum
1121 2892 1515 2953 consequatur.
1570 2884 1627 2938 Si
1676 2884 1801 2952 quis
1848 2897 2008 2952 porro

440 2981 597 3033 tidem
658 2979 743 3034 his
801 2994 908 3035 non
967 2980 1366 3045 accommodat,
1435 2982 1581 3050 quod
1638 2981 1718 3035 sic
1778 2994 2004 3047 corpora

2122 1870 2462 1942 ἀμείψασθαι
2493 1871 2619 1933 τοὺς
2647 1870 2747 1939 μὲν
2778 1872 3051 1941 πονηροὺς
3081 1873 3288 1935 κακοῖς,
3313 1872 3431 1933 τοὺς
3456 1870 3505 1922 δὲ
3533 1868 3647 1935 ἀγα-

2123 1964 2250 2027 θοὺς
2286 1964 2533 2031 ἀγαθοῖς.
2575 1965 2637 2017 Et
2668 1964 2729 2016 δὲ
2757 1964 2915 2017 τοῦτό
2952 1966 3125 2030 ἐστιν,
3157 1965 3307 2018 ἔσται
3335 1964 3423 2016 καὶ
3445 1962 3647 2016 ἀπόλαυ-

2123 2073 2208 2117 σις
2242 2055 2338 2108 καὶ
2370 2054 2613 2117 κόλασις.
2655 2055 2715 2106 Et
2742 2055 2797 2108 δὲ
2831 2056 3001 2108 ταῦτα
3053 2056 3255 2125 κρίσις.
3290 2056 3349 2108 Et
3384 2054 3437 2107 δὲ
3475 2053 3644 2122 κρίσις,

2120 2148 2213 2200 καὶ
2239 2146 2621 2208 ἀνταπόδοσις.
2658 2146 2820 2198 Ὥστε
2857 2147 2980 2201 ἐπεὶ
3020 2148 3234 2209 δίκαιός
3287 2147 3427 2198 ἐστιν
3459 2146 3485 2197 ὁ
3516 2143 3645 2207 Θεὸς,

2121 2236 2277 2289 ἔσται
2313 2235 2629 2298 ἀνάστασις.
2696 2235 3021 2297 Ἀνάστασις
3078 2237 3136 2289 δὲ
3173 2237 3470 2304 σωμάτων·
3506 2232 3651 2304 ἡγὰρ

2117 2327 2263 2398 ψυχὴ
2292 2327 2562 2390 ἀθάνατός
2587 2329 2722 2382 ἐστι.
2758 2329 2867 2380 Καὶ
2897 2330 3007 2399 γὰρ
3029 2329 3099 2382 τὸ
3136 2330 3294 2400 σῶμα
3324 2330 3535 2399 ὄργανον
3558 2345 3654 2381 κοι-

2117 2421 2278 2474 νωνεί
2307 2422 2372 2492 τῇ
2420 2419 2565 2491 ψυχῇ
2620 2420 2679 2473 ἐν
2737 2416 2819 2483 οἷς
2857 2421 2922 2474 ἂν
2955 2422 3099 2492 αὕτη
3149 2423 3384 2495 ὁρμήσῃ,
3428 2423 3554 2475 κατὰ
3597 2421 3653 2472 τὰ

2115 2512 2351 2577 ἐναντία,
2384 2514 2477 2565 καὶ
2507 2513 2602 2582 μή.
2626 2512 2827 2582 Διόπερ
2855 2514 3232 2584 ὀχειλόμενον,
3259 2515 3345 2568 ἴνα
3371 2514 3472 2566 τῶν
3501 2512 3655 2567 αὐτῶν

2103 2597 2502 2675 ’κληρονομήσῃ
2548 2604 2689 2673 μετὰ
2717 2607 2817 2675 τῆς
2841 2605 3019 2675 ψυχῆς
3078 2606 3176 2660 καὶ
3213 2609 3274 2661 τὺ
3310 2608 3482 2676 σῶμα,
3523 2604 3654 2672 δόξης

2120 2696 2151 2766 ἢ
2183 2696 2432 2765 ἀτιμίας.
2464 2692 2560 2760 Οἷς
2599 2697 2650 2749 εἰ
2682 2697 2755 2767 μὴ
2790 2698 3037 2753 πιστεύει
3079 2717 3164 2762 τις
3193 2699 3281 2752 διὰ
3312 2699 3407 2761 τὰς
3452 2713 3659 2765 βηματι-

2114 2788 2214 2851 κάς
2242 2787 2448 2857 φθορὰς
2480 2788 2592 2841 τῶν
2640 2788 2912 2858 σωμάτων
2944 2790 3040 2842 καὶ
3084 2790 3433 2853 παντοδαπὰς
3460 2785 3658 2842 ἀλλοιώ·

2116 2896 2250 2943 σεις,
2291 2879 2428 2932 ἀλλὰ
2476 2880 2614 2951 πρὸς
2663 2879 2723 2932 τὸ
2777 2880 2869 2932 τοῦ
2920 2881 3060 2934 Θεοῦ
3102 2882 3505 2951 παντοδύναμον
3533 2879 3659 2932 οὐδὲν

2112 2970 2377 3024 ἀδύνατον
2411 2970 2565 3023 ἔσται
2591 2986 2603 3001 ο
2633 2970 2692 3033 ὃς
2734 2972 3073 3041 πιστεύομεν
3101 2975 3188 3027 ὅτι
3219 2975 3398 3027 πάντα
3426 2968 3523 3026 οἶδε
3552 2972 3663 3040 πρὶν

438 3075 732 3136 intereant,
786 3072 1212 3141 innumerasque
1238 3072 1643 3126 vicissitudines
1672 3070 1899 3123 aliorum
1948 3069 2001 3123 in

2117 3062 2379 3130 γενέσεως
2432 3061 2638 3127 αὐτῶν,
2699 3062 2794 3114 καὶ
2823 3063 2906 3115 ὅτι
2936 3064 2997 3116 τὸ
3048 3067 3164 3119 πᾶν
3213 3065 3401 3134 ὥσπερ
3447 3067 3497 3116 ἐν
3529 3060 3663 3129 optati

435 3163 541 3216 alia
600 3164 1055 3217 transmutatione
1117 3163 1385 3225 subeant;
1468 3171 1523 3216 at
1593 3170 1835 3231 spectata
1905 3161 2003 3215 Dei

435 3255 850 3324 omnipotentia,
887 3255 1016 3309 nihil
1057 3255 1160 3309 erit
1194 3254 1556 3324 impossibile,
1612 3255 1815 3325 quippe
1846 3268 2007 3324 quem

432 3348 718 3403 credamus
751 3347 894 3404 scire
917 3348 1132 3411 omnia,
1170 3353 1465 3416 antequam
1514 3348 1645 3401 iiant
1675 3346 1741 3410 ⁸⁸,
1800 3362 2012 3401 rerum-

434 3454 541 3507 que
582 3439 720 3495 hanc
756 3441 1164 3495 universitatem
1197 3439 1354 3508 quasi
1392 3439 1599 3509 pugillo
1629 3438 1912 3493 continere
1939 3436 2009 3493 ”.

435 3529 717 3600 Siquidem
787 3530 953 3599 igitur
1019 3530 1091 3583 ita
1151 3530 1496 3596 exploratum
1553 3536 1659 3593 est,
1722 3541 1854 3581 sane
1908 3536 2013 3579 nec'

436 3624 735 3676 humanum
799 3634 1021 3690 corpus,
1086 3603 1401 3693 quanquam
1458 3620 1790 3673 'innumeras
1842 3616 2013 3671 subiit

434 3714 782 3772 mutationes,
815 3726 961 3765 cum.
988 3711 1174 3764 mundi
1205 3710 1415 3764 ambitu
1444 3708 1813 3768 contineatur,
1842 3707 2009 3759 Deum

433 3805 632 3873 ubique
664 3811 982 3873 prmsentem
1008 3810 1174 3871 atque
1194 3801 1377 3855 omnia
1408 3800 1783 3854 continentem
1813 3796 1951 3865 fugit
1985 3816 1998 3851 ς

431 3893 558 3963 quin
592 3895 711 3964 ejus
742 3892 1035 3957 voluntati,
1060 3909 1166 3961 qua
1210 3893 1376 3961 pollet
1408 3890 1826 3960 omnipotentia,
1869 3903 2009 3959 opus

430 3998 616 4039 comes
644 3985 769 4038 crit.
804 3982 938 4037 Cum
986 3982 1135 4036 enim
1165 3983 1349 4036 omnia
1398 3997 1460 4036 ex
1500 3981 1673 4035 nihilo
1717 3981 1773 4034 in
1818 3994 2001 4035 rerum

430 4082 684 4129 naturam
732 4072 1069 4140 produxerit,
1114 4072 1207 4141 qui
1260 4072 1350 4125 liat
1396 4079 1456 4126 ut
1495 4071 1547 4125 id
1583 4079 1843 4140 praastare
1890 4083 1998 4125 non

431 4162 641 4233 possit?
664 4176 786 4216 cum
813 4162 1111 4232 praesertim
1139 4161 1381 4232 subjecta
1425 4176 1533 4216 non
1576 4160 1720 4217 desit
1748 4160 2001 4227 materia,

430 4269 743 4325 quanquam
784 4254 853 4309 ob
899 4255 1099 4309 multas
1130 4255 1421 4324 variasque
1465 4253 1794 4308 mutationes
1820 4253 1875 4306 in
1901 4252 2001 4306 mi-

2111 3153 2340 3223 συνέχει.
2393 3152 2453 3205 Εἰ
2490 3153 2622 3221 γοῦν
2651 3153 2810 3206 τοῦτο
2837 3155 3216 3223 ὁμολογεῖται,
3258 3156 3379 3209 οὐδὲ
3406 3155 3463 3208 τδ
3488 3152 3665 3222 ἀνθρὼ-

2109 3262 2262 3298 πινον
2311 3244 2473 3314 σῶμα
2520 3245 2601 3306 είς
2647 3243 2849 3313 μυρίας
2887 3247 3200 3314 μεταϐολὰς
3233 3247 3549 3317 μεταϐαλὸν,
3590 3242 3666 3294 τὸν

2109 3336 2385 3407 πανταχοῦ
2436 3337 2681 3404 παρόντα
2709 3338 2801 3389 καὶ
2831 3337 3009 3390 πάντα
3046 3340 3348 3410 συνέχοντα
3398 3336 3666 3407 διδρὰσιιει,

2108 3430 2256 3493 ἐντος
2287 3428 2347 3482 ὃν
2378 3431 2473 3481 τοῦ
2506 3431 2745 3497 κόσμου’
2786 3429 2922 3482 ἀλλὰ
2970 3430 3052 3501 τῷ
3099 3432 3301 3484 τούτου
3351 3425 3667 3497 θελήματιτδ

2108 3519 2268 3589 ἔργον
2320 3519 2680 3588 ἀκολουθήσει
2721 3520 2811 3572 διὰ
2840 3521 2897 3572 τὸ
2929 3521 3352 3590 παντοδύναμον
3382 3519 3474 3574 τοῦ
3527 3513 3667 3569 Θεοῦ.

2114 3613 2178 3664 Εἰ
2212 3612 2322 3681 γὰρ
2348 3612 2412 3665 ὲκ
2436 3611 2530 3665 τοῦ
2562 3611 2638 3681 μὴ
2666 3611 2819 3675 ὄντος
2848 3614 2927 3675 είς
2954 3612 3017 3665 τὸ
3037 3609 3186 3669 εἶναι
3220 3615 3289 3668 τὰ
3323 3613 3493 3666 πάντα
3521 3608 3671 3677 παρή-

2112 3719 2270 3769 γαγε,
2306 3703 2421 3765 πῶς
2474 3704 2556 3764 είς
2600 3702 2763 3755 τοῦτο
2810 3701 3182 3773 ἀδυνατήσει;
3252 3705 3349 3758 καὶ
3386 3700 3549 3755 ταῦτα
3587 3696 3672 3765 τῆς

2110 3790 2243 3860 ὕλης
2268 3790 2657 3859 ὑποκειμένης,
2697 3793 2746 3845 εί
2780 3792 2875 3845 καὶ
2913 3794 2992 3855 είς
3025 3793 3092 3847 τὸ
3121 3794 3415 3864 ἐλάχιστον
3437 3792 3521 3845 διὰ
3560 3789 3672 3842 πολ-

2109 3883 2217 3935 λῶν
2244 3883 2337 3936 καὶ
2371 3882 2633 3936 ποικίλων
2666 3884 2776 3935 τῶν
2829 3884 3153 3953 μεταϐολῶν
3212 3885 3588 3959 προελήλυθεν.
3610 3880 3673 3933 Οὐ

2110 3975 2218 4043 γὰρ
2250 3974 2652 4044 παντάπασινή
2697 3973 2796 4043 ὕλη
2833 3975 3049 4047 ἐφθάρη
3082 3996 3095 4007 ·
3154 3978 3315 4048 μένει
3348 3979 3404 4032 δὲ
3428 3976 3677 4037 ὁπωσοῦν,

2110 4068 2159 4120 εί
2190 4068 2285 4121 καὶ
2314 4068 2449 4137 ἡμῖν
2485 4066 2701 4137 ἄδηλος.
2751 4069 2812 4121 Et
2845 4069 2903 4122 δὲ
2939 4071 2969 4139 ἡ
3002 4070 3149 4141 αὑτὴ
3211 4072 3313 4142 ὖλη
3375 4070 3577 4131 πολλοῖς
3601 4065 3670 4127 είς

2111 4152 2325 4226 γένεσιν
2353 4159 2687 4224 συνετέλεσε,
2711 4159 2772 4213 τὸ
2798 4158 2895 4228 μὲν
2918 4160 3128 4230 ἀνῆκον
3160 4163 3384 4233 ἑκάστῳ
3405 4156 3683 4228 ἀναληφθήο

2114 4265 2298 4303 σεται’
2335 4249 2397 4302 τὸ
2427 4249 2482 4302 δὲ
2509 4249 2755 4304 ἐλλεῖπον
2781 4251 2813 4322 ἡ
2843 4249 2966 4303 θεία
2996 4251 3173 4319 φύσις
3202 4252 3608 4322 ἀναπληρώσει.

429 4352 637 4406 nimum
701 4351 832 4423 quid
880 4351 971 4407 illa
1015 4353 1237 4407 redacta
1287 4352 1382 4407 sit.
1432 4352 1552 4408 Non
1599 4351 1744 4408 enim
1774 4351 2002 4405 materia
2039 4366 2271 4421 prorsus
2305 4352 2537 4416 interiit,
2600 4352 2695 4408 sed
2724 4352 3136 4421 quodammodo
3213 4360 3423 4415 manet,
3494 4342 3680 4399 tametsi

428 4464 519 4504 res
544 4449 701 4504 nobis
745 4449 975 4504 obscura
1027 4449 1123 4504 sit.
1173 4448 1268 4503 Sin
1316 4457 1497 4503 autem
1541 4449 1731 4507 eadem
1768 4448 1996 4503 materia
2073 4449 2372 4503 multorum
2417 4449 2753 4520 generationi
2822 4451 3093 4517 inserviit,
3132 4452 3285 4522 quod
3357 4449 3549 4517 cuique
3579 4439 3686 4494 ιιιιῖ·

428 4553 543 4607 net,
580 4543 633 4596 id
659 4559 786 4598 vero
808 4553 1150 4599 assnmctur:
1206 4544 1586 4614 sttpplebitquc
1615 4544 1797 4599 divina
1824 4545 1999 4600 virtus
2038 4543 2184 4612 quod
2256 4543 2320 4597 ad
2376 4544 2592 4613 plenam
2643 4545 2894 4613 corporis
2942 4545 3149 4599 molem
3194 4545 3443 4600 deﬁciet.

500 4633 651 4688 Licet
691 4649 822 4688 vero
872 4637 1036 4688 etiam
1062 4650 1122 4687 ei
1170 4636 1336 4689 rebus
1356 4637 1655 4704 corporeis,
1677 4636 1795 4704 ejus
1825 4634 1901 4689 rei
1930 4634 2009 4688 si-

2189 4636 2300 4688 Καὶ
2323 4635 2431 4688 ἀπὸ
2457 4635 2566 4689 τῶν
2598 4636 2926 4704 σωματικῶν
2954 4636 3012 4689 δὲ
3041 4636 3201 4690 ἐστιν
3243 4636 3435 4689 εἰκόνα
3463 4629 3578 4686 τινὰ
3603 4621 3686 4680 καὶ

427 4724 731 4797 mulacrum
748 4724 1016 4793 quoddam
1040 4724 1406 4794 indiciumque
1428 4740 1726 4781 assumere.
1746 4724 2010 4780 Triticum

426 4814 571 4869 enim
592 4829 643 4867 tn
663 4823 734 4868 tet
745 4829 802 4868 ra
818 4823 1153 4883 putrescens,
1170 4828 1362 4870 rursus
1378 4830 1411 4884 ς
1443 4816 1662 4880 ratinat,
1684 4817 1849 4885 inque
1864 4832 2013 4871 eam-

432 4895 554 4961 dem
590 4906 753 4959 tritici
779 4907 1012 4974 speciem
1042 4914 1328 4975 reparatur
1356 4921 1421 4960 ac
1461 4908 1634 4977 surgit
1666 4923 1939 4977 :cumque
1957 4907 2007 4961 id

430 4995 723 5064 quotannis
778 4996 892 5050 ﬁeri
938 4996 1247 5062 videamus,
1300 5012 1410 5065 pra:
1431 4999 1829 5054 consuetudine
1877 4999 2007 5053 nihil

434 5087 681 5141 mirabile
710 5103 829 5142 esse
856 5088 1259 5143 existimamus.
1294 5089 1390 5142 Sin
1424 5105 1553 5145 vero
1583 5091 1707 5159 quis
1742 5106 1808 5144 ea
1848 5092 1914 5145 de
1948 5108 2005 5145 re

432 5194 553 5233 cum
585 5179 693 5235 illis
735 5195 1042 5235 sermonem
1071 5180 1316 5247 haberet,
1344 5182 1541 5250 quibus
1566 5198 1840 5251 nunquam
1863 5185 2004 5254 quod

433 5270 513 5324 sic
548 5280 738 5325 natura
770 5272 975 5342 geritur
1022 5272 1366 5340 exploratum
1401 5281 1567 5341 esset,
1600 5289 1701 5328 nec
1730 5275 2002 5330 seminum

431 5361 539 5414 \‘im
571 5369 733 5429 atque
771 5362 1005 5417 indolem
1044 5372 1452 5431 pernoscerent,
1482 5363 1527 5418 is
1559 5364 1700 5433 apud
1746 5364 1868 5421 illos
1901 5380 2000 5418 nec

431 5450 590 5504 tidem
611 5452 902 5509 obtineret.
932 5455 1097 5509 Aiunt
1121 5469 1248 5510 vero
1287 5454 1451 5509 etiam
1487 5455 1761 5525 quoddam
1799 5457 1998 5510 animal

434 5541 578 5596 circa
608 5544 842 5600 Orientis
870 5547 1056 5615 plagas
1092 5548 1219 5601 vitae
1265 5547 1527 5618 longioris
1570 5562 1727 5615 esse;
1778 5560 2002 5619 tumque

504 5717 598 5774 "1
644 5721 769 5775 Cor.
838 5737 874 5787 ι,
916 5723 1007 5776 ‘23.
1085 5724 1125 5756 "‘
1166 5724 1410 5778 ibil.21.
1488 5725 1531 5757 ⁸³
1572 5725 1700 5779 Dan.
1746 5739 1859 5792 xm,
1890 5727 1976 5782 i5.

2119 4726 2316 4795 δεῖγμα
2341 4725 2548 4780 λαϐεῖν.
2581 4727 2649 4780 '0
2675 4728 2784 4796 γὰρ
2831 4729 2975 4790 σῖτος
3006 4728 3065 4779 ὲν
3113 4731 3188 4799 γῇ
3223 4729 3539 4798 σηπόμενος
3574 4724 3689 4775 ἀνα-⁸

2118 4818 2413 4871 ϐλαστάνει
2467 4818 2656 4883 πάλιν,
2706 4819 2803 4871 καὶ
2838 4821 2917 4881 είς
2950 4818 3011 4870 τὸ
3043 4819 3185 4871 αὐτὸ
3241 4815 3388 4881 εἶδος
3420 4814 3510 4868 τοῦ
3556 4812 3686 4865 σίτου

2118 4907 2590 4962 ἀποκαθίσταταν
2647 4909 2785 4979 ὅπερ
2837 4908 2961 4961 κατ’
3003 4908 3126 4971 ἔτος
3160 4909 3436 4979 ὁρῶντες,
3470 4905 3574 4959 ἀπὸ
3608 4900 3692 4968 τῆς

2119 4998 2410 5068 συνηθείας
2442 4999 2596 5053 οὐδὲν
2630 5000 2950 5071 θαυμαστὸν
2989 4996 3136 5054 εἶναι
3170 5003 3499 5071 νομίζομεν.
3536 4997 3597 5049 Ei
3618 5006 3691 5051 τις

2111 5090 2169 5141 δὲ
2198 5090 2508 5159 ἀνθρώποις
2536 5091 2810 5159 διελέγετο
2838 5094 2968 5162 περὶ
2998 5093 3203 5146 τούτου
3252 5094 3529 5165 μηδέποτε
3554 5086 3692 5141 τοῦτο

2113 5182 2301 5248 ἰδοῦσι,
2333 5184 2467 5253 μηδὲ
2483 5185 2582 5254 τὴν
2601 5185 2712 5238 τῶν
2735 5186 3069 5255 σπερμάτων
3092 5186 3170 5252 φύ
3182 5203 3272 5238 σιν
3296 5182 3688 5249 ἐπισταμένοις.

2106 5274 2207 5327 οὐκ
2235 5274 2300 5328 ἂν
2332 5276 2652 5346 ἐπιστεύθη.
2680 5278 2821 5341 Φασὶ
2862 5277 2917 5329 δὲ
2950 5276 3043 5329 καί
3072 5293 3129 5329 τι
3166 5277 3318 5340 ζῶον
3364 5276 3494 5344 περὶ
3520 5273 3584 5324 τὰ
3610 5267 3691 5333 τῆς

2108 5364 2379 5435 ἀνατολῆς
2436 5369 2574 5435 μέρη
2614 5368 2782 5421 πολλὰ
2824 5369 2917 5439 ἐτη
2966 5368 3064 5437 ζῇν
3092 5384 3107 5396 ·
3148 5364 3279 5421 εἶτα
3310 5363 3581 5421 τελευτῶν
3600 5356 3692 5411 ἀπὸ

2110 5457 2210 5525 τῆς
2249 5458 2412 5510 αὑτοῦ
2472 5459 2689 5528 σήψεως
2742 5465 2909 5533 χωρὶς
2942 5461 3245 5523 συνουσίας
3298 5455 3417 5514 οἷον
3454 5455 3692 5523 σκώληκα

2111 5548 2471 5619 γεννώμενον,
2502 5551 2563 5605 τὸ
2590 5554 2722 5607 αὐτὸ
2752 5555 2889 5618 ζῶον
2924 5556 2981 5608 ὲν
3006 5553 3087 5625 τῷ
3123 5554 3288 5627 αὐτῷ
3330 5553 3469 5607 εῐδει
3495 5552 3686 5605 ἀποκα-

2055 5727 2100 5759 ⁶³
2130 5726 2227 5781 lsa.
2274 5744 2357 5792 λι..
2395 5729 2479 5785 12.
