3916 6204
272 317 356 386 6'29
1190 316 1289 378 DE
1329 316 1767 379 PRINCIPIIS
1806 316 2016 379 FIDEI
2052 292 2519 379 camenas.
3374 309 3480 371 630

188 470 195 483 -
272 437 557 499 θίστασθαι,
601 434 697 488 καὶ
747 431 909 487 πάλιν
963 430 1051 485 in’
1100 431 1268 486 αὐτοῦ
1302 431 1364 485 τὸ
1394 432 1527 485 αὐτὸ
1558 432 1805 500 γίνεσθαι

1948 446 2088 486 )sum
2119 430 2315 495 emori,
2347 444 2522 498 exque
2552 426 2722 498 ipsius
2756 423 2896 493 putri
2930 421 3152 477 materia
3182 419 3300 473 sine
3327 418 3475 474 coitu

269 528 388 584 κατὰ
420 528 520 594 τὴν
546 523 661 579 ἀπὸ
686 520 822 576 Θεοῦ
850 520 1195 591 τεταγμένην
1232 521 1343 573 τῶν
1371 520 1643 574 τοσούτων
1673 522 1805 590 χρό-

1948 525 2057 578 eiut
2102 504 2339 579 vermem
2372 521 2581 580 enasci,
2634 532 2746 588 quo
2778 518 2919 571 idem
2969 516 3167 569 animal
3206 514 3258 566 in
3287 513 3476 567 eadem

269 634 358 671 νων
387 614 652 686 περίοδον.
683 613 796 667 Καὶ
822 612 959 665 ἀλλα
987 612 1102 677 ζῶα
1132 613 1193 677 ἐξ
1216 611 1379 683 ἄλλης
1411 611 1544 682 ὕλης
1573 600 1824 680 γεννῶν-ι’

1948 614 2093 684 pecie
2160 620 2472 682 reparetur;
2527 611 2581 663 in
2635 625 2745 678 quo
2796 622 2983 661 rursus
3037 606 3180 659 idem
3241 604 3482 665 accidat,

267 724 362 773 ται,
388 705 447 760 οὐ
489 705 633 759 κατά
656 703 887 771 δύναμιν
935 701 1284 772 ἀνθρωπίνην
1310 718 1326 734 ·
1358 703 1452 756 καὶ
1486 703 1548 756 οὐ
1573 701 1640 754 τὰ
1670 701 1811 755 αὐτά

1952 713 2061 759 ista
2096 718 2160 758 ac
2192 702 2437 772 exposcit
2493 709 2571 754 tot
2604 712 2870 751 annorum
2920 711 2951 748 a
3006 694 3114 749 Deo
3175 694 3473 749 constituta

269 802 324 852 ἐκ
348 798 452 850 τῶν
484 796 666 850 αὐτῶν
694 795 784 849 ἀεί
803 810 818 826 ·
852 793 1042 862 ὥσπερ
1065 795 1275 864 σφῆκες
1338 795 1439 864 μὲν
1469 796 1534 848 ἐκ
1582 795 1684 863 τῆς
1714 792 1808 847 τοῦ

1950 796 2190 851 eriodus.
2225 793 2342 849 Alia
2374 808 2595 864 quoque
2622 789 2877 846 animalia
2927 805 2990 842 ex
3026 788 3131 842 alia
3180 789 3477 859 gignuntur

271 891 418 943 ἵππου
448 887 711 958 κεφαλῆς,
739 888 805 941 ἐκ
825 885 881 940 δὲ
908 886 1003 940 τοῦ
1026 886 1145 957 βοὸς
1175 886 1447 955 μέλιτται,
1478 889 1571 940 καὶ
1594 886 1729 940 ἄλλα
1753 885 1813 950 ἐξ

1948 887 2166 950 materia,
2219 896 2536 955 quanquam
2581 881 2633 935 id
2672 881 2965 935 humanam
3008 878 3222 933 excedit
3254 879 3483 932 faculta-

268 982 425 1035 ἀλλων
446 997 461 1012 ο
496 978 591 1032 τοῦ
627 977 764 1033 Θεοῦ
789 977 880 1031 διὰ
898 976 1105 1030 τούτων
1129 969 1540 1041 ὑποδεικνύνὲος
1575 980 1707 1046 ἡμῖν
1736 977 1813 1047 μὴ

1948 993 2047 1043 em,
2072 990 2174 1032 nec
2198 990 2411 1047 semper
2432 972 2619 1030 eadem
2658 986 2723 1026 ex
2776 971 2992 1033 iisdem,
3032 978 3162 1040 puta
3212 984 3389 1039 vespae
3417 986 3481 1022 ex

269 1071 476 1138 ἀπορεῖν
495 1069 591 1121 ἐπὶ
615 1067 725 1121 τῶν
753 1066 1085 1138 παραδοξοτέ
1095 1084 1224 1136 ρων.
1246 1083 1321 1121 ων
1348 1070 1376 1121 ὁ
1405 1069 1536 1133 Θεὸς
1560 1068 1815 1124 διδάσκα-

1950 1070 2117 1140 quino
2154 1068 2352 1137 capite,
2379 1079 2556 1135 exque
2580 1064 2778 1119 bovino
2817 1077 2966 1133 apes,
2992 1072 3045 1117 et
3089 1077 3150 1117 et
3190 1061 3310 1116 aliis
3357 1061 3480 1115 alia.

269 1158 348 1221 λος
369 1158 639 1227 ἐγεγόνειο
674 1161 770 1212 καὶ
806 1158 969 1222 αὐτὸς
1017 1160 1198 1228 μόνος,
1228 1158 1304 1223 ὡς
1340 1159 1408 1212 τὰ
1450 1161 1624 1213 πάντα
1655 1159 1808 1214 δυνά·

1948 1162 2130 1229 luibus
2168 1158 2409 1215 ostendit
2450 1156 2612 1220 Deus,
2656 1155 2801 1208 haud
2836 1156 2889 1207 in
2929 1154 3070 1219 aliis,
3107 1164 3228 1222 quze
3262 1151 3485 1225 majoris

272 1266 439 1319 μενος,
465 1249 707 1303 τελειοῦν
735 1249 978 1305 δύναται.

1954 1253 2124 1323 liquid
2145 1249 2394 1306 miraculi
2420 1249 2655 1303 habeant
2680 1246 2781 1299 lide
2830 1254 3045 1309 nutare,
3081 1258 3317 1314 quorum
3368 1243 3485 1312 ipse
3573 1265 3578 1269 -

1920 1346 2113 1400 doctor
2137 1340 2429 1401 exstiterit.
2455 1353 2519 1394 ac
2550 1353 2672 1408 qua:
2706 1337 2883 1403 solus,
2920 1336 3068 1390 velut
3111 1336 3484 1404 omnipotens,

1922 1436 2069 1492 exitu
2105 1440 2364 1505 praestare
2394 1431 2590 1503 possit.

334 1520 440 1589 Τῆς
495 1521 843 1587 ἀναστάσεως
893 1524 1073 1577 τοίνυν
1114 1525 1211 1578 καὶ
1259 1525 1358 1594 τῆς
1404 1516 1819 1588 ἀνταιὲοδόσεως

1994 1524 2220 1579 Sublata
2251 1523 2434 1592 itaque
2459 1516 2854 1575 resurrectione
2878 1525 3037 1585 atque
3067 1527 3294 1581 operum
3328 1521 3491 1565 retru-

271 1610 684 1680 ἀναιρουμένων,
707 1612 888 1682 πλήθη
908 1616 1124 1668 ἀτόπων
1144 1633 1209 1668 συ
1218 1615 1485 1685 μδήστται
1510 1616 1820 1685 ὁμολογεῖν.

1948 1616 2166 1678 mtione.
2191 1625 2532 1681 consequens
2559 1610 2617 1665 iit
2652 1619 2712 1664 ut
2760 1607 3047 1661 innumera
3104 1604 3339 1659 absurda
3391 1604 3490 1655 ad-

272 1701 387 1753 Ἶ,)τι
432 1702 499 1756 τὰ
555 1702 727 1770 ἄλογα
787 1704 902 1768 ζῶα
955 1706 1241 1775 κρείττονα
1270 1707 1426 1776 ἡμῶν
1452 1708 1595 1760 εἰσίο
1632 1705 1822 1761 καθότι

1948 1708 2191 1763 nittenda
2219 1707 2353 1759 sint.
2385 1701 2590 1771 Nempe
2623 1713 2775 1755 muta
2804 1698 3061 1753 animalia
3094 1696 3301 1750 meliori
3332 1695 3489 1748 nobis

269 1792 444 1844 ἐκεῖνα
477 1794 574 1861 μὶν
605 1792 751 1864 ζωὴν
786 1795 994 1850 ἄλυπον
1020 1795 1237 1866 ἔχουσιν
1256 1814 1272 1828 ο
1325 1798 1490 1868 ἡμεῖς
1518 1796 1575 1850 δὲ
1611 1799 1703 1851 καὶ
1731 1798 1821 1852 λυ-

1948 1812 2069 1855 nrte
2100 1800 2279 1854 futura
2313 1810 2473 1863 sunt;
2508 1807 2779 1865 quatenus
2809 1794 2899 1849 illa
2928 1793 3092 1846 vitam
3138 1791 3325 1845 vivunt
3379 1803 3495 1841 mo-

268 1885 505 1965 ποόμεθα
536 1887 632 1940 καὶ
658 1887 1063 1957 κινδυνεύομεν,
1091 1889 1387 1962 ἐξαιρέτως
1432 1890 1520 1944 διὰ
1546 1891 1645 1961 τὴν
1693 1892 1824 1962 περὶ

1948 1890 2094 1945 estiis
2148 1889 2417 1953 sohttam;
2470 1901 2569 1942 nos
2599 1900 2729 1939 vero
2777 1883 2923 1937 etiis
2981 1879 3267 1943 allicimur,
3335 1885 3389 1930 et
3435 1875 3491 1928 in

266 1973 397 2027 Θεοῦ
433 1976 706 2045 ἀλήθειαν.
730 1980 891 2043 Τίνος
916 1982 1024 2052 γὰρ
1051 1981 1214 2035 ἕνεκα
1242 1983 1429 2035 πολλοὶ
1463 1984 1571 2037 τῶν
1611 1985 1825 2057 ἀνθρώ-

1948 1980 2183 2037 iericulis
2222 1994 2523 2042 versamur,
2565 1977 2635 2031 ob
2666 1976 2905 2031 divinam
2949 1972 3248 2043 pra-sertim
3293 1969 3493 2023 verita-

270 2081 379 2118 πων
405 2067 604 2138 ἀρετὴν
618 2072 715 2123 καὶ
742 2073 1100 2142 σωφροσύνην
1124 2073 1352 2139 εἴλοντο,
1374 2075 1482 2128 τῶν
1501 2075 1593 2130 τοῦ
1617 2078 1822 2147 κόσμου

1949 2087 2057 2129 em.
2089 2071 2159 2129 Ut
2192 2070 2321 2137 quid
2349 2069 2493 2124 enim
2520 2067 2688 2122 multa
2721 2064 3003 2120 hominum
3037 2060 3195 2115 turba
3226 2059 3485 2113 virtutem

268 2160 772 2228 καταφρονήσαντες
802 2163 994 2229 ἡδέων,
1048 2167 1141 2218 καὶ
1184 2166 1323 2235 ὑπὲρ
1364 2166 1625 2238 ἀληθείας
1662 2170 1825 2240 μέχρι

1948 2180 1988 2220 ιο
2015 2164 2321 2220 castitatem
2342 2160 2570 2230 delegit,
2610 2157 2813 2226 spretis
2854 2153 3041 2210 mundi
3066 2151 3299 2216 deliciis,
3340 2162 3497 2204 tuen-

265 2246 490 2301 θανάτου
519 2251 894 2322 ἀντέστησανς
934 2255 1100 2309 Ἀλλά
1137 2256 1245 2326 μὴν
1268 2257 1425 2327 δῆλον
1462 2259 1544 2312 ὅτι
1573 2262 1826 2330 τιμιώτε-

1948 2255 2103 2325 laque
2150 2254 2377 2309 veritate
2416 2251 2481 2305 ad
2530 2260 2759 2304 mortem
2794 2261 2966 2316 usque
2999 2254 3276 2299 certamen
3327 2243 3497 2298 desua

267 2354 348 2407 ροι
378 2341 592 2395 πάντων
641 2343 806 2412 ἐσμὲν
844 2346 892 2397 oi
928 2345 1245 2416 ἄνθρωποι·
1313 2349 1409 2401 καὶ
1438 2347 1649 2410 δίκαιος
1690 2349 1768 2403 ὢν
1800 2353 1828 2405 ό

1948 2346 2111 2400 lavit?
2161 2344 2319 2414 Atqui
2379 2343 2551 2411 liquet
2600 2355 2700 2396 nos
2772 2340 3021 2395 homines
3068 2338 3188 2392 aliis
3239 2333 3499 2388 omnibus

267 2428 417 2497 Θεὸς,
468 2432 566 2486 οὐκ
602 2432 670 2487 ἂν
705 2435 1056 2508 συνεχώρησε
1095 2437 1339 2505 ματαίως
1382 2438 1526 2494 οὕτω
1553 2443 1829 2495 ταλαιπω-

1948 2438 2215 2503 mestare';
2242 2448 2474 2504 cumque
2508 2432 2648 2487 Deus
2671 2431 2856 2501 justus
2884 2431 2976 2496 sit,
3013 2444 3120 2483 non
3163 2428 3242 2483 sic
3270 2426 3499 2487 frustra.

272 2522 474 2588 ρεῖσθαι
514 2525 574 2576 τὸ
604 2525 931 2595 τιμιώτερον
983 2529 1138 2599 ἡμᾶς
1166 2529 1395 2601 κτίσμα,
1421 2531 1448 2584 δ
1488 2534 1612 2586 κατ’
1643 2535 1827 2588 είκόνα

1948 2543 2113 2582 -erum
2188 2527 2256 2581 ah
2319 2525 2440 2595 ipso
2498 2522 2844 2578 conditarum
2904 2519 3304 2573 nobilissimam
3372 2518 3500 2585 (nos

271 2612 455 2666 ἑαυτοῦ
484 2616 708 2685 ἐποίησε
738 2619 834 2671 καὶ
861 2612 1233 2688 πρὸςῒαυτδν.
1260 2620 1433 2689 ἕλκει,
1485 2627 1560 2695 μὴ
1617 2625 1828 2695 μέλλων

1948 2620 2140 2676 ιοὶιίεοι
2194 2633 2335 2689 quos
2371 2618 2437 2671 ad
2477 2630 2634 2670 suam
2678 2613 2808 2669 fecit
2872 2612 3165 2680 imaginem
3212 2612 3279 2664 ad
3334 2623 3505 2680 seque

272 2704 566 2760 ἀποδιδόναι
594 2708 723 2770 τοὺς
755 2708 984 2776 μισθοὺς
1015 2712 1229 2783 ἑκάστῳ
1257 2713 1473 2768 κατὰτὸ
1501 2715 1711 2769 δίκαιον
1735 2720 1830 2772 καὶ

1948 2711 2122 2779 ,rahit)
2168 2708 2426 2764 aerumnis
2463 2704 2657 2761 conlici
2710 2705 2937 2766 sineret,
2998 2702 3102 2759 nisi
3155 2703 3355 2771 cuique
3405 2713 3504 2770 pro

275 2794 370 2862 τὴν
389 2796 669 2865 ἀναλογίαν
687 2799 798 2853 τῶν
824 2803 1090 2871 καμάτων
1128 2804 1330 2858 αὐτῶν.
1383 2805 1831 2881 Ἀναιοεθησεται

1948 2816 1998 2858 :o
2030 2817 2095 2857 ac
2123 2815 2338 2871 aequum
2368 2799 2687 2868 justumque
2721 2804 2825 2863 est,
2864 2810 2929 2850 ac
2962 2809 3066 2864 pro
3101 2792 3351 2846 laborum
3400 2807 3502 2846 cu-

275 2881 332 2935 δὲ
352 2885 442 2938 καὶ
466 2888 497 2956 η
520 2887 657 2959 πρὸς
677 2890 769 2943 τδν
796 2890 932 2944 Θεὸν
960 2893 1208 2964 λατρεία,
1240 2898 1335 2950 καὶ
1361 2898 1394 2967 ἡ
1423 2898 1561 2968 πρὸς
1585 2901 1713 2963 τοὺς
1738 2917 1830 2969 γο-

1948 2900 2129 2963 ‘usque
2164 2893 2379 2947 ratione
2412 2888 2718 2945 mercedem
2778 2902 2843 2944 ac
2900 2886 3121 2955 praemia
3187 2883 3502 2938 redditurus

278 2975 397 3039 νέας
425 2978 574 3049 τιμὴ,
606 2980 750 3052 καὶή
777 2982 915 3055 πρὸς
943 2983 1214 3055 ἀλλήλους
1234 2985 1399 3050 αἰδὼς
1429 2988 1525 3041 καὶ
1547 2987 1827 3053 εὐλάϐεια,

1948 2994 2097 3042 esset.
2129 2985 2387 3040 Sublatns
2425 2985 2532 3039 erit
2563 2989 2621 3036 et
2681 2979 2774 3035 Dei
2847 2979 3050 3041 cultus,
3107 2984 3163 3031 et
3216 2983 3505 3045 parentum

281 3067 369 3174 καὶ
399 3069 544 3137 φιλία
573 3074 670 3125 καὶ
695 3073 926 3145 ὀρθότης
960 3077 1056 3130 καὶ
1084 3077 1341 3131 κοινωνία
1371 3077 1594 3132 πάντων
1613 3096 1628 3112 ο
1659 3081 1756 3134 καὶ
1781 3081 1831 3133 oi.

1948 3084 2132 3141 nouos,
2184 3090 2407 3146 quaque
2469 3073 2562 3128 alii
2611 3072 2747 3127 alios
2785 3068 3193 3141 prosequimur,
3227 3065 3508 3120 veneratio

282 3159 422 3226 νόμοι
450 3164 542 3215 καὶ
566 3165 633 3218 τά
658 3165 937 3237 κριτήρια,
973 3169 1070 3222 καὶ
1092 3170 1270 3224 πάντα
1298 3170 1369 3223 τὰ
1403 3170 1651 3225 τοιαῦτα.
1678 3174 1831 3227 Διατί

1948 3178 1993 3227 ει
2038 3168 2237 3240 pudor,
2297 3165 2649 3235 amicitiaque
2702 3171 2757 3218 et
2814 3160 3085 3216 rectitudo
3148 3159 3506 3225 onmiuntque

282 3245 382 3314 γᾶρ
404 3246 608 3304 ἔσονται
655 3252 867 3319 ταῦτα;
899 3256 1045 3319 τίνος
1071 3255 1273 3324 ἓνεκα;
1327 3258 1454 3312 ἐπεὶ
1491 3259 1631 3331 πρὸς
1678 3260 1831 3315 οὐδὲν

1948 3259 2180 3318 societas
2223 3276 2239 3313 :
2281 3257 2433 3330 leges
2487 3269 2710 3327 quoque
2739 3261 2794 3308 et
2844 3251 3072 3325 judicia,
3130 3259 3185 3304 et
3215 3263 3335 3315 quae
3387 3247 3515 3316 ejus

283 3336 527 3408 ἀφορῶσι.
562 3344 675 3397 Καὶ
716 3343 908 3399 τούτου
943 3346 1040 3400 τοῦ
1086 3346 1249 3415 λόγου
1278 3348 1630 3419 κρατοῦντος,
1663 3351 1832 3421 ἀναγ-

1948 3352 2153 3424 generis
2205 3360 2334 3406 sunt
2390 3348 2597 3404 omnia.
2651 3345 2725 3401 Ut
2756 3343 2883 3413 quid
2943 3346 3087 3399 enim
3120 3342 3237 3397 haec
3290 3339 3511 3394 futura?

284 3431 656 3503 κασθησόμεθα
681 3435 754 3499 ὡς
779 3437 989 3509 θηρίοις
1012 3440 1249 3511 χρῆσθαι
1274 3441 1550 3511 ἀλλήλοις,
1576 3443 1674 3497 καὶ
1693 3446 1831 3514 μήτε

1948 3441 2099 3512 cujus
2135 3454 2265 3497 vero
2296 3438 2510 3513 gratia?
2536 3452 2662 3495 cum
2706 3437 2856 3494 omni
2896 3437 3001 3492 line
3038 3443 3276 3492 careant.
3316 3435 3394 3489 Ac
3461 3434 3507 3487 si

282 3522 467 3590 μέτρον
482 3524 789 3596 βρωμάτων
809 3529 842 3600 ἢ
879 3531 1216 3602 πομάτων,ἢ
1242 3532 1391 3596 τινὸς
1428 3532 1540 3586 τῶν
1564 3533 1828 3586 τοιούτων

1948 3532 2156 3602 quidem
2192 3546 2318 3587 vera
2342 3538 2427 3586 est
2457 3530 2574 3586 tunc
2603 3529 2877 3595 doctrina,
2915 3541 3139 3582 necesse
3165 3526 3271 3579 erit
3321 3536 3380 3579 ut
3407 3523 3500 3576 alii

277 3613 501 3668 είδέναι·
554 3618 691 3672 ἀλλὰ
723 3620 908 3673 πᾶσαν
970 3620 1164 3693 ἡδονὴν
1221 3625 1554 3694 ζητήσομεν,
1610 3623 1829 3677 καὶτὸν

1948 3623 2057 3678 aliis
2091 3621 2247 3692 quasi
2282 3621 2470 3676 bestiis
2503 3629 2742 3684 utamur,
2780 3632 2843 3673 ac
2876 3632 3056 3689 neque
3103 3616 3211 3672 cibi
3262 3624 3356 3669 aut
3402 3630 3505 3684 pos-

281 3704 435 3775 ῦγρὸν
460 3711 555 3761 καὶ
596 3710 980 3780 διαλελυμένον
1022 3710 1259 3782 ζήσομεν
1291 3708 1427 3783 βίον.
1451 3716 1533 3773 (Δ
1563 3713 1628 3782 δὴ
1656 3713 1832 3768 πάντα

1948 3723 2026 3770 tus
2060 3715 2281 3769 modum
2318 3710 2485 3766 ullum
2552 3718 2853 3775 teneamus,
2888 3724 2987 3765 nec
3025 3709 3258 3763 aliorum
3319 3705 3504 3775 cujus-

281 3797 444 3852 ἄτοπα
471 3801 567 3854 καὶ
606 3803 925 3872 ἀνάρμοστα
991 3805 1089 3857 καὶ
1122 3803 1203 3875 τῷ
1263 3802 1585 3877 δημιουργῷ
1615 3805 1832 3857 πάντων

1948 3819 2098 3876 luam
2140 3804 2259 3874 ejus
2298 3801 2537 3873 generis,
2573 3801 2664 3857 sed
2712 3815 2928 3857 onmem
2970 3800 3300 3868 voluptatem
3356 3812 3509 3866 qna!-

279 3892 384 3959 θεῷ
403 3895 495 3947 καὶ
518 3893 596 3963 τῷ
626 3894 902 3966 ἀξιώματι
934 3895 1029 3950 τοῦ
1063 3897 1378 3969 ἀνθρώπου.

1948 3910 2143 3956 “anius,
2184 3896 2459 3965 vitamque
2500 3893 2717 3948 mollem
2758 3882 3180 3949 ac'dissolutam
3232 3890 3506 3945 vivamus.

280 3991 398 4055 Quae
484 3991 667 4046 omnia
724 3991 960 4049 absurda
1018 4000 1165 4056 sunt,
1242 4006 1306 4047 ac
1374 4003 1517 4077 tum.
1563 3991 1674 4047 Deo
1745 3990 1986 4046 omnium
2043 3987 2348 4053 Conditori,
2437 3996 2557 4041 tum
2653 3986 2905 4041 humana:
2983 3985 3327 4041 dissentanea
3428 3983 3508 4037 di-

281 4085 478 4151 gniiati.

344 4179 474 4250 [Ιρδς
504 4176 739 4242 τούτοις,
775 4178 899 4231 ἐπεὶ
933 4178 1160 4247 φυσικόν
1198 4179 1316 4231 ἐστι
1353 4178 1412 4231 τδ
1449 4173 1587 4231 εἶναι
1626 4193 1834 4247 συνημο

288 4273 428 4335 μένον
456 4274 523 4341 τῇ
561 4270 710 4344 ψυχῇ
743 4270 805 4324 τὸ
836 4270 1018 4340 σῶμα,
1056 4270 1207 4340 παρά
1229 4269 1393 4339 φύσιν
1415 4269 1471 4323 δέ
1494 4271 1611 4322 ἐστι
1638 4269 1699 4323 τὸ
1722 4287 1834 4340 χω·

2015 4167 2281 4223 l‘raeterea
2343 4179 2464 4220 cum
2515 4162 2766 4234 corporis
2809 4177 2933 4216 eum
2975 4160 3155 4216 anima
3191 4164 3323 4218 unio
3354 4171 3514 4218 natu-

1931 4262 2063 4317 ralis
2121 4260 2193 4314 sit
2259 4257 2486 4328 ejusque
2541 4256 2608 4311 ab
2671 4255 2759 4309 illa
2806 4255 3079 4323 separatio
3161 4257 3508 4321 innaturalis.

289 4364 516 4431 ρίζεσθαι
568 4367 667 4436 τῆς
695 4365 876 4437 ψυχῆς
909 4365 1078 4420 αὐτό·
1127 4365 1323 4418 ἕπεται
1352 4363 1685 4432 ἀναγκαίως,
1737 4362 1832 4416 τοῦ

1948 4350 2247 4408 tecessario
2303 4349 2573 4417 sequitur,
2626 4347 2708 4401 sic
2791 4347 3050 4401 nimirum
3119 4348 3508 4402 lnuatnraliter

288 4455 517 4522 σώματος
548 4457 650 4526 τῆς
682 4455 861 4526 ψυχῆς
894 4456 1047 4527 παρὰ
1102 4454 1268 4526 φύσιν
1299 4454 1699 4525 χωριζομὲνου,
1751 4453 1828 4524 μὴ

1948 4459 2169 4516 corpore
2226 4444 2297 4496 ab
2352 4442 2531 4507 anima
2598 4447 2876 4507 separato,
2937 4454 3045 4492 non
3092 4438 3145 4492 in
3187 4445 3543 4508 perpetuum'

287 4548 538 4617 διαμένειν
571 4552 653 4613 είς
710 4549 773 4603 τὸ
803 4550 1033 4619 ἄπειρον
1062 4548 1208 4603 οὕτω
1259 4546 1686 4617 κεχωρισμίνον.
1722 4546 1835 4598 Καὶ

290 4637 385 4706 γὰρ
410 4643 544 4694 κατά
576 4639 741 4710 φύσιν
762 4639 826 4693 τὸ
851 4638 1013 4708 σῶμα
1041 4641 1106 4709 τῇ
1140 4638 1286 4708 ψυχῇ
1314 4637 1523 4708 ἥνωται
1558 4636 1707 4707 παρὰ
1738 4634 1831 4688 τοῦ

290 4727 430 4789 Θεοῦ.
457 4731 640 4805 ὥσπερ
672 4734 706 4804 η
745 4731 847 4802 ὕλη
873 4732 986 4801 ἔχει
1015 4731 1153 4800 πρὸς
1188 4732 1252 4785 τὸ
1289 4727 1450 4793 εἶδος.
1491 4729 1552 4783 '0
1573 4730 1629 4782 δὲ
1668 4730 1833 4783 θάνα-

290 4835 370 4885 τος
393 4823 473 4877 διὰ
500 4825 600 4893 τὴν
628 4824 907 4894 ἁμαρτίαν
937 4822 1207 4889 ἐπελθὼν,
1255 4823 1354 4890 τὴν
1398 4821 1684 4875 διάστασιν
1734 4823 1836 4889 τῆς

293 4913 447 4984 ψυχῆς
480 4918 585 4971 ἀπὸ
607 4917 699 4970 τοῦ
734 4915 983 4987 σώματος
1036 4914 1316 4983 ἐποίησεν.
1352 4915 1510 4983 Παρὰ
1534 4912 1697 4981 φύσιν
1742 4911 1835 4964 οὖν

295 5006 602 5071 ἡδιάστασις
630 5009 824 5063 τούτου
856 5009 1092 5075 ἐγένετο.
1151 5006 1223 5058 Τὸ
1253 5005 1312 5058 δὲ
1340 5006 1491 5074 παρὰ
1522 5005 1683 5072 φύσιν
1732 5004 1835 5056 οὐκ

299 5093 501 5152 ἐπιπολὺ
526 5100 792 5168 διαμένει.
831 5094 981 5163 Οἷον,
1015 5098 1157 5152 κατὰ
1190 5095 1353 5165 φύσιν
1378 5096 1603 5166 φέρεται
1635 5096 1663 5147 ὁ
1684 5093 1832 5156 λίθος

300 5184 378 5239 ἀεὶ
403 5191 473 5251 είς
492 5191 550 5243 τὸ
602 5191 787 5245 κάτω·
834 5189 988 5258 παρὰ
1023 5188 1184 5257 φύσιν
1228 5189 1285 5242 δὲ
1331 5186 1412 5250 είς
1443 5185 1505 5239 τὸ
1534 5185 1667 5245 ἀνω,
1702 5184 1832 5237 ὅταν

300 5292 370 5338 τις
394 5279 543 5333 αὐτὸν
571 5281 662 5351 βίᾳ
677 5280 893 5350 ὠθήσῃ.
915 5279 1087 5332 Τοῦτο
1111 5278 1240 5344 γοῦν
1267 5280 1327 5332 τὸ
1346 5276 1538 5348 βιαίως
1562 5276 1657 5328 καὶ
1680 5275 1833 5345 παρὰ

298 5368 383 5435 τὴν
405 5370 554 5438 φύσιν
584 5372 678 5426 τοῦ
710 5372 861 5424 λίθου
884 5371 944 5423 οὐ
973 5370 1219 5438 διαμένει
1251 5366 1505 5421 ὲπιπολύ.
1543 5365 1833 5434 Συντόμως

299 5457 395 5526 γάρ
413 5461 561 5515 πάλιν
582 5462 805 5532 ἔρχεται
832 5461 913 5524 είς
940 5459 1000 5512 τὸ
1020 5458 1162 5512 κατὰ
1185 5456 1346 5527 φύσιν
1377 5456 1543 5510 αὑτοῦ
1575 5456 1636 5509 τὸ
1658 5455 1830 5511 κάτω.

298 5547 390 5601 Καὶ
419 5552 588 5606 τοίνυν
618 5556 654 5623 ἡ
692 5554 841 5624 ψυχὴ
873 5551 972 5604 τοῦ
1007 5550 1261 5618 σώματος
1294 5548 1664 5620 χωριζομένη,
1695 5548 1831 5619 ὅπερ

297 5640 405 5695 ἐστὶ
432 5646 577 5713 παρὰ
601 5646 787 5714 φύσιν,
820 5646 920 5698 οὐκ
951 5644 1012 5696 ὲν
1032 5643 1207 5713 τούτῳ
1226 5643 1472 5711 διαμενεῖ
1501 5642 1582 5704 εἰς
1601 5640 1662 5694 τὸ
1676 5640 1820 5694 amt.

302 5749 405 5796 («W-
460 5737 528 5790 Τὸ
559 5736 665 5808 γὰρ
705 5737 854 5808 παρὰ
907 5736 1092 5805 φύσιν,
1126 5733 1200 5797 ὼς
1260 5734 1508 5800 εἴπομεν,
1554 5732 1831 5802 συντόμως

1947 4548 2265 4590 mansurum
2318 4533 2393 4586 ita
2447 4539 2779 4599 separatum.
2833 4526 2967 4582 Nam
3009 4542 3214 4596 corpus
3252 4531 3514 4583 naturali-

1945 4638 2028 4682 ter
2059 4626 2256 4680 anima
2286 4638 2314 4677 a
2349 4622 2458 4676 Deo
2503 4621 2713 4675 unitum
2739 4628 2850 4684 est;
2896 4618 2964 4672 ad
2998 4634 3122 4672 eum
3154 4618 3371 4674 modum
3405 4636 3514 4688 quo

1943 4732 2004 4772 se
2051 4714 2281 4769 materia
2328 4713 2395 4768 ad
2424 4714 2654 4767 formam
2701 4710 2882 4765 habet.
2909 4708 3056 4764 Mors
3086 4719 3267 4765 autem
3304 4712 3510 4779 peccati

1945 4815 2097 4863 reatu
2155 4804 2545 4874 superveniens
2597 4802 2835 4858 animam
2886 4816 2915 4854 a
2955 4816 3187 4871 corpore
3221 4803 3510 4874 disjuuxit.
3611 4842 3619 4851 ι

1949 4899 2082 4968 Ejus
2119 4899 2302 4964 itaque
2332 4896 2422 4949 illa
2457 4895 2756 4965 disjunctlo
2795 4894 3120 4949 innaturalis
3174 4897 3293 4949 fuit.
3354 4896 3511 4962 Quod

1948 5000 2129 5045 autem
2180 4997 2266 5043 est
2313 4985 2620 5042 innaturale
2663 4985 2805 5039 haud
2858 4986 2950 5039 diu
2996 4988 3197 5039 durare
3220 4986 3510 5055 contingit.

1948 5082 2020 5139 Ut
2066 5083 2170 5137 sub
2214 5080 2464 5149 exemplo
2505 5080 2717 5148 loquar,
2770 5077 2935 5146 lapidi
2975 5076 3226 5132 naturale
3267 5086 3351 5132 est
3377 5075 3510 5131 ferri

1942 5179 2203 5232 deorsum
2230 5190 2245 5227 :
2274 5169 2580 5228 iunaturaie
2605 5185 2736 5225 vero
2765 5180 2823 5224 ιιι
2845 5186 3063 5226 sursum
3108 5171 3335 5235 feratur,
3384 5187 3509 5225 cum

1948 5268 2075 5337 quis
2106 5268 2155 5320 vi
2185 5269 2360 5335 ipsum
2395 5263 2693 5334 impulerit.
2730 5261 2884 5327 Quod
2913 5263 2994 5318 sic
3028 5263 3193 5332 igitur
3241 5263 3509 5317 violenter

1949 5357 2158 5411 feratur
2191 5369 2254 5409 ac
2293 5355 2564 5408 renitente
2595 5358 2810 5413 natura,
2846 5365 2951 5403 non
2980 5350 3072 5405 diu
3118 5350 3298 5405 durat.
3352 5351 3509 5405 Brevi

1946 5447 2092 5503 enim
2132 5460 2319 5501 rursus
2365 5444 2509 5499 redit
2562 5442 2629 5496 ad
2660 5442 2714 5496 id
2745 5445 2889 5513 quod
2935 5450 3022 5496 est
3076 5456 3143 5495 ex
3193 5428 3409 5505 natura,
3450 5450 3512 5493 ut

1950 5547 2145 5613 nempe
2182 5543 2438 5598 deorsum
2503 5538 2729 5594 feratur.
2777 5536 2966 5609 Itaque
3021 5538 3185 5592 etiam
3241 5538 3422 5591 anima
3479 5553 3509 5590 a

1948 5648 2183 5704 corpore
2201 5634 2447 5702 seiuncta
2491 5631 2658 5701 (quod
2710 5628 2787 5682 illi
2840 5628 3150 5684 innaturale
3180 5634 3287 5698 est)
3324 5627 3511 5684 nonin

1946 5743 2014 5784 eo
2046 5728 2098 5783 in
2120 5726 2509 5796 sempiternqu
2542 5722 2805 5779 manebit.
2827 5720 2981 5790 Quod
3011 5724 3154 5778 enim
3205 5720 3514 5777 ittttalttt'ale
