3916 6204
285 299 360 366 633
1196 305 1298 367 DE
1326 304 1757 387 PRINCIPIIS
1784 305 1997 368 FIDEI
2038 307 2512 372 CATHOLIC/E.

3360 313 3469 379 634

275 421 396 482 αὐτὸς
424 417 736 481 ’Δπόστολος
770 419 958 491 φησιν,
991 439 1011 473 ι
1059 421 1124 475 Et
1152 421 1261 492 γὰρ
1286 422 1366 492 τῷ
1392 423 1488 476 τοῦ
1521 422 1638 488 ἐνὸς
1670 441 1788 477 πα-

1898 421 2038 478 idem
2099 425 2428 496 Apostolus:
2466 445 2484 479 ι
2526 425 2582 480 Si
2644 425 2790 481 enim
2845 427 3010 483 unius
3055 425 3257 483 delicto
3319 444 3470 488 mors

273 509 540 582 ραπτώματι
592 511 621 562 ὁ
681 510 910 576 θάνατος
943 511 1261 566 ἐϐασίλευσε
1293 513 1364 567 δι’
1411 514 1555 579 ἑνὸς,
1604 514 1787 584 πολλῴ

270 604 423 674 μᾶλλον
441 605 484 657 0i
525 603 782 668 λαϐόντες
808 604 922 675 ’τὴν
971 608 1296 676 περισσείαν
1330 607 1431 677 τῆς
1455 607 1666 679 δωρεᾶς
1693 611 1787 663 καὶ

265 696 341 764 τῆς
379 695 705 768 δικαιοσύνης
761 697 1106 767 βασιλεύουσι
1168 701 1257 754 διὰ
1308 699 1406 754 τοῦ
1443 701 1561 764 ἑνὸς
1606 699 1784 770 Ἰησοῦ

264 785 474 854 Χριστοῦ.
509 803 528 836 ι
567 787 683 841 Ἱνα
716 788 897 840 τοίνυν
919 789 1180 859 ἑκάτερον
1210 792 1342 860 ἡμῖν
1370 791 1428 844 ιν
1455 790 1633 862 ἑαυτῷ
1654 792 1789 845 ὐπο-

262 878 396 949 δείξῃ,
423 878 508 932 καὶ
539 878 720 938 θανεῖν
753 881 845 934 καὶ
872 882 1173 952 ἀναστῆναι
1226 883 1392 955 ἠθέλη
1410 902 1502 939 σεν
1529 902 1544 915 ·
1579 885 1786 940 ἀποθα-

260 972 346 1022 νεῖν
373 969 480 1038 μὲν.
515 971 604 1025 ἵνα
636 972 785 1042 ἡμᾶς
815 973 916 1042 τῆς
945 973 1223 1044 ἁμαρτίας
1258 975 1555 1048 καθαρίσῃ,
1583 978 1659 1040 ῶς
1689 994 1789 1047 φη-

259 1075 326 1112 σιν
360 1061 385 1113 ὁ
430 1059 768 1126 ’Δπόστολος,
806 1081 825 1114 ι
874 1063 1086 1135 Ὠσπερ
1143 1065 1264 1119 ἔστι
1317 1068 1429 1128 τοῖς
1476 1066 1789 1137 ἀνθρώποις

256 1150 376 1215 ἅπαξ
404 1151 717 1214 ἀποθανεῖν,
749 1152 892 1209 οὕτω
921 1152 1016 1209 καὶ
1045 1158 1073 1209 ὁ
1109 1157 1347 1227 Χριστὸς
1396 1157 1547 1223 απαξ
1575 1175 1788 1230 προση-

255 1243 388 1315 νέχθη
413 1247 488 1308 είς
510 1246 572 1298 τὸ
590 1246 865 1316 ἁμαρτίας
895 1247 1178 1317 ἐξαλεῖψαι
1208 1250 1420 1305 πολλῶν
1446 1266 1460 1280 °
1499 1271 1519 1305 ι
1554 1253 1790 1324 ἀναστῆ-

253 1353 322 1388 ναι
345 1336 394 1390 δὲ
419 1336 698 1406 ⁴ἠθέλησεν,
733 1339 818 1392 ἵνα
849 1341 995 1411 ἡμᾶς
1025 1341 1119 1396 τοῦ
1151 1342 1387 1396 θανάτου
1419 1342 1786 1417 ἐλευθερώσῃ.

253 1431 389 1484 Ὅθεν
413 1431 438 1484 ὁ
463 1432 795 1498 ι’Δπόστολος
821 1436 978 1505 φησὶ,
1014 1456 1032 1490 ι
1079 1437 1318 1507 Χριστὸς
1346 1439 1411 1492 ἐκ
1433 1438 1645 1509 νεκρῶν
1669 1439 1792 1510 ἑξή-

250 1539 435 1592 γερται,
464 1523 690 1594 ἀπαρχὴ
723 1525 834 1578 τῶν
882 1529 1306 1598 κεκοιμημένων
1327 1544 1340 1560 ο
1369 1529 1452 1583 ὅτι
1485 1529 1552 1582 δι’
1581 1529 1791 1600 ἀνθρώ-

249 1614 400 1667 ποοό
451 1613 704 1681 Θάνατος,
759 1619 853 1673 καὶ
888 1617 956 1670 δι’
1013 1618 1306 1688 ἀνθρώπου
1359 1621 1656 1684 ἀνάστασις
1699 1639 1790 1674 νε-

246 1705 394 1777 κρῶν.
439 1724 458 1762 ›

301 1798 366 1851 Τὸ
422 1799 520 1867 μὲν
556 1795 674 1856 ὀὖν
729 1801 1076 1873 ἀποτέλεσμα
1127 1805 1222 1859 τοῦ
1276 1805 1512 1862 θανάτου
1561 1808 1620 1862 ὲν
1679 1809 1793 1872 τοῖς

243 1893 540 1962 μυστηρίοις
567 1894 921 1965 λαμϐάνομεν
945 1897 1070 1950 ὅσον
1101 1898 1239 1969 πρὸς
1262 1898 1362 1969 τὴν
1388 1898 1488 1970 τῆς
1513 1901 1793 1971 ἁμαρτίας

242 1984 438 2051 ἄφεσιν.
468 1987 577 2042 Καὶ
619 1987 730 2056 γὰρ
762 1988 851 2043 διὰ
891 1988 992 2055 τῆς
1015 1989 1300 2060 δυνάμεως
1327 1991 1425 2045 τοῦ
1459 1992 1665 2056 πάθους
1697 1993 1792 2047 τοῦ

242 2075 460 2161 Χριστοῦ
484 2079 550 2131 τὰ
574 2080 851 2149 μυστήρια
867 2079 1172 2152 ἐνεργοῦσι.
1205 2081 1663 2154 «Συνθαπτόμεθα
1684 2085 1794 2155 γὰρ

237 2168 372 2238 αὐτῷ
407 2170 494 2224 διὰ
513 2171 608 2226 τοῦ
639 2171 1014 2242 βαπτίσματος
1035 2191 1086 2227 ·›
1117 2177 1212 2230 καὶ
1251 2174 1346 2230 διὰ
1370 2176 1469 2246 τῆς
1504 2177 1793 2240 κοινωνίας

232 2259 316 2312 τὸν
342 2260 567 2317 θάνατον
599 2262 766 2316 αὐτοῦ
797 2263 1250 2336 καταγγέλλομεν
1272 2280 1288 2297 ο
1324 2265 1420 2319 καὶ
1450 2265 1540 2322 διὰ
1573 2266 1793 2321 πάντων

234 2353 405 2424 νεκροὶ
432 2355 498 2424 τῇ
542 2353 793 2427 ἁμαρτίᾳ
836 2355 1088 2424 γίνεσθαι
1135 2356 1574 2427 ὑπισχνούμεθα.
1623 2358 1697 2411 Τὸ
1735 2360 1792 2413 δὲ

235 2443 566 2515 ἀποτέλεσμα
593 2446 696 2515 τῆς
719 2447 1071 2510 ἀναστάσεως
1097 2446 1194 2503 τοῦ
1225 2447 1467 2519 Χριστοῦ
1493 2451 1621 2503 ὅσον
1653 2454 1790 2520 πρὸς

235 2535 322 2603 τὴν
352 2536 443 2590 τοῦ
477 2535 711 2591 θανάτου
763 2537 1085 2610 ἀπαλλαγὴν
1113 2539 1173 2592 ιν
1203 2538 1280 2609 τῷ
1316 2540 1462 2594 τέλει
1515 2541 1622 2594 τῶν
1658 2542 1792 2595 aid).

234 2643 332 2680 νων
355 2628 617 2698 ὀψόμεθα,
651 2630 780 2683 ὃταν
819 2630 1019 2694 πάντες
1047 2631 1136 2685 διὰ
1169 2631 1269 2702 τῆς
1299 2631 1394 2685 τοῦ
1427 2633 1666 2705 Χριστοῦ
1699 2634 1791 2688 δυο

238 2719 432 2789 νάμεως
461 2721 789 2790 ἀναστῶμεν
813 2739 829 2754 ο
858 2723 982 2777 ὅθεν
1007 2724 1173 2793 φησὶν
1204 2725 1233 2778 ὁ
1276 2724 1623 2791 ’Δπόστολος,
1655 2744 1672 2778 ι
1724 2727 1788 2780 El

240 2813 408 2882 νεκροὶ
422 2813 520 2868 οὐκ
539 2815 654 2882 ἐγιί
668 2831 874 2887 ρονται,
902 2815 1022 2870 οὐδὲ
1043 2817 1278 2888 Χριστὸς
1303 2816 1624 2889 ἐγήγερται.
1647 2821 1791 2890 ’Δρα

243 2898 326 2954 οὖν
352 2905 550 2973 ματαία
575 2908 610 2975 ἡ
639 2906 824 2970 πίστις
869 2906 1051 2979 ἡμῶν.
1089 2909 1232 2979 Ἀρα
1257 2909 1337 2965 ῐτι
1370 2911 1539 2982 ἐσμὲν
1569 2913 1627 2965 ἐν
1671 2915 1794 2977 ταῖς

242 2993 514 3064 ἀμαρτίαίς
541 3000 572 3069 ἡ
585 2999 722 3068 μῶν.
751 3018 770 3051 ι
809 3000 917 3053 Καὶ
950 3000 1130 3064 πάλιν,
1166 3020 1185 3052 ι
1216 3002 1276 3054 Ei
1309 3003 1419 3074 γὰρ
1456 3005 1791 3074 πιστεύομεν

1887 518 2136 587 regnavit
2209 535 2302 588 per
2345 536 2540 586 unum,
2601 521 2771 574 multo
2837 521 3012 591 magis
3075 521 3468 577 abundantiam

1888 609 2138 663 muneris
2171 620 2226 663 et
2276 610 2506 680 iustitiae
2570 610 2926 680 accipientes,
2992 610 3299 680 regnabant
3370 628 3468 682 per

1888 715 2055 754 unum
2094 698 2283 757 Iesum
2335 701 2617 757 Christum
2649 702 2718 756 υ.
2766 721 2784 754 ι
2820 701 2892 758 Ut
2953 701 3118 771 igitur
3179 709 3471 771 utrumque

1886 791 2046 845 nobis
2079 792 2134 845 in
2168 792 2289 862 ipso
2329 804 2748 856 monstraretur,
2779 808 2902 846 cum
2939 794 3100 858 mori,
3141 801 3253 846 tum
3280 808 3468 848 resur-
3546 854 3547 857 η

1887 897 2014 953 gere
2058 883 2269 950 voluit;
2303 884 2537 940 alterunt
2589 885 2834 954 quidem,
2889 892 2950 938 ut
3008 899 3106 938 nos
3143 899 3174 937 ο
3239 895 3464 954 peccato

1889 975 2199 1042 mundaret,
2260 979 2338 1033 nti
2396 980 2473 1033 ait
2544 979 2888 1048 Apostolus:
2929 995 2947 1029 ι
2986 975 3463 1044 Quemadmodum

1889 1077 2150 1120 statutum
2180 1075 2264 1122 est
2287 1068 2601 1124 hominibus
2633 1069 2799 1123 semel
2826 1069 2960 1122 mori
2988 1085 3004 1133 ;
3029 1067 3110 1123 sic
3131 1077 3186 1122 et
3208 1067 3466 1122 Christus

1889 1159 2056 1214 semel
2077 1157 2290 1215 oblatus
2322 1167 2406 1216 est
2427 1160 2493 1213 ad
2527 1161 2823 1214 multorum
2847 1158 3072 1213 delenda
3094 1167 3314 1227 peccata
3339 1159 3420 1222 ⁸⁶;
3445 1177 3464 1211 ι

1887 1249 2118 1304 alterum
2157 1265 2311 1313 vero,
2345 1259 2404 1303 ut
2435 1265 2534 1305 nos
2561 1265 2590 1304 a
2626 1258 2799 1304 morte
2835 1250 3111 1303 liberaret.
3145 1248 3359 1304 Idcirco
3391 1249 3468 1302 ait

1888 1339 2226 1411 Apostolus:
2273 1361 2292 1394 ι
2323 1343 2579 1398 Christus
2629 1342 2932 1397 resurrexit
2981 1357 3010 1394 a
3053 1341 3310 1406 mortuis,
3357 1341 3471 1409 pri;

1890 1434 2058 1490 milia:
2083 1435 2472 1511 dormientium
2500 1455 2516 1491 :
2552 1435 2680 1506 quia
2707 1449 2802 1506 per
2831 1434 3105 1488 hominem
3140 1435 3471 1488 resurrectio

1892 1534 2234 1582 mortuorum
2257 1527 2327 1580 ⁸⁷.
2373 1547 2392 1580 ι

1821 1754 1869 1814 Β
1969 1783 2155 1839 Mortis
2196 1785 2381 1856 itaque
2407 1783 2661 1842 effectum
2685 1785 2740 1840 in
2763 1784 3122 1841 sacramentis
3151 1784 3470 1854 recipimus,

1896 1877 2042 1946 quod
2073 1877 2286 1933 scilicet
2321 1878 2516 1934 attinet
2537 1879 2610 1934 ad
2641 1880 2844 1949 peccati
2892 1877 3301 1933 remissionem.
3339 1877 3469 1931 Ete-

1895 1968 2006 2022 nim
2042 1980 2382 2031 sacramenta
2433 1971 2637 2026 virtute
2670 1971 2944 2040 passionis
2976 1970 3182 2026 Christi
3233 1985 3472 2040 operan-

1895 2069 2004 2114 tur.
2044 2079 2063 2113 ι
2103 2061 2516 2132 Consepelintur
2543 2062 2687 2117 enim
2717 2064 2823 2133 ipsi
2849 2076 2948 2132 per
2999 2061 3333 2131 baptismum
3352 2061 3420 2126 ⁸⁸,
3448 2079 3467 2113 ι

1895 2166 1959 2207 ac
1991 2154 2470 2218 communicando,
2501 2164 2730 2210 mortem
2781 2152 2901 2224 ejus
2970 2152 3357 2207 annuntiamus
3385 2152 3472 2210 ⁸ος

1894 2245 2214 2314 cunctisque
2252 2254 2499 2301 mortuos
2535 2261 2634 2301 nos
2681 2255 2903 2317 peccato
2949 2241 3289 2316 pollicemur.
3327 2243 3475 2299 Elle-

1895 2346 2014 2390 ctus
2065 2345 2244 2391 autem
2277 2339 2698 2394 resurrectionis
2725 2339 2966 2405 Christi,
3005 2338 3152 2407 quod
3181 2338 3378 2392 attinet
3405 2336 3474 2391 ad

1897 2427 2023 2492 hoc,
2084 2437 2144 2483 ut
2202 2429 2305 2500 ipsi
2355 2431 2632 2487 immunes
2671 2447 2700 2486 a
2742 2439 2918 2486 morte
2985 2430 3183 2493 simus,
3242 2430 3296 2484 in
3359 2427 3469 2483 [ine

1895 2521 2216 2575 stectdorum
2246 2523 2575 2591 videbimus,
2607 2539 2731 2578 cum
2767 2538 2959 2579 omnes
3011 2538 3107 2592 per
3152 2522 3354 2577 Christi
3381 2535 3476 2591 po-

1895 2615 2121 2668 tentiam
2183 2629 2558 2688 resurgemus.
2627 2615 2778 2672 Unde
2838 2617 2913 2670 sit
2965 2615 3308 2686 Apostolus:
3346 2631 3364 2664 ι
3413 2613 3472 2668 Si

1894 2709 2095 2760 mortui
2131 2722 2237 2762 non
2259 2721 2563 2777 resurgent,
2588 2723 2688 2765 nec
2712 2707 2966 2764 Christus
2991 2707 3310 2763 resurrexit.
3338 2705 3479 2774 Ergo

1893 2813 2030 2853 vana
2095 2805 2198 2854 est.
2241 2799 2374 2856 ﬁdes
2437 2809 2645 2854 nostra.
2723 2800 2863 2870 Ergo
2941 2799 3122 2853 adhuc
3180 2814 3372 2852 sumus
3424 2797 3478 2850 in

1895 2890 2131 2957 peccatis
2162 2891 2367 2946 nostris
2391 2891 2458 2945 ”.
2497 2909 2514 2942 ι
2547 2891 2626 2944 Ac
2651 2905 2883 2946 rursus:
2925 2908 2943 2942 ι
2983 2889 3041 2945 Si
3107 2889 3252 2943 enim
3287 2887 3467 2944 credi-

1894 2995 2016 3035 mus
2043 2985 2186 3051 quod
2213 2981 2371 3038 Jesus
2400 2993 2652 3038 mortuus
2684 2991 2766 3037 est
2798 2991 2854 3037 et
2920 2983 3246 3044 resurrexit,
3304 2981 3377 3034 ita
3417 2987 3474 3033 et

243 3083 312 3135 ὅτι
337 3087 532 3152 Ἰησοῦς
553 3089 791 3142 ἀπέθανε
819 3090 914 3144 καὶ
943 3090 1164 3162 ἀνέστη,
1189 3092 1332 3146 οὕτω
1357 3071 1451 3148 καὶ
1479 3097 1507 3151 ὁ
1529 3097 1660 3161 Θεὸς
1679 3071 1793 3163 τοὺς

1911 3071 2054 3127 Deus
2093 3087 2188 3128 eos
2225 3074 2316 3145 qui
2381 3073 2746 3140 dormierunt,
2806 3089 2901 3142 per
2931 3073 3211 3126 Christum
3244 3072 3479 3126 adducet

1912 3180 2022 3184 ,μμ
2066 3179 2117 3184 -_
2153 3165 2194 3184 ε..
2271 3165 2330 3184 η.
2400 3180 2632 3184 ,
2700 3183 2708 3184 ,
2749 3163 2803 3184 σε
3143 3165 3478 3184 ____,.,-_.___

245 3180 579 3248 κςιμηθὲντας
595 3183 683 3238 διὰ
713 3185 806 3238 τοῦ
834 3185 1010 3255 Ἰησοῦ
1038 3185 1156 3252 ἄξει
1186 3187 1283 3240 σὺν
1314 3189 1481 3259 αὐτῷ.
1514 3208 1532 3242 ι
1557 3191 1670 3244 ’Καὶ
1695 3193 1802 3247 πά-

246 3265 360 3332 λιν,ι
394 3270 453 3322 Εί
480 3272 756 3342 ὀΧριστδς
777 3275 1109 3345 κηρύττεται
1139 3277 1222 3332 ὅτι
1243 3278 1444 3350 ἀνέστη
1475 3279 1539 3333 ὲκ
1569 3281 1799 3350 νεκρῶν,

248 3357 350 3420 πῶς
394 3360 534 3425 τινὲς
581 3362 832 3431 λέγωσιν
877 3367 936 3417 ὲν
977 3366 1105 3435 ὑμῖν
1135 3367 1218 3420 ὅτι
1255 3367 1554 3432 ἀνάστασις
1586 3368 1798 3439 νεκρῶν

249 3448 333 3502 οὐκ
360 3449 524 3520 Eat-tv;
566 3453 634 3507 Ei
670 3454 718 3506 δ’
741 3456 1037 3519 ἀναστασις
1055 3457 1266 3526 νεκρῶν
1299 3460 1400 3512 οὐκ
1431 3459 1599 3526 ἐστιν,
1627 3460 1748 3514 οὐδὲ
1773 3461 1802 3514 6

247 3541 454 3611 Χριστὸς
491 3545 810 3616 ἐγήγερται.
855 3549 918 3606 Et
962 3548 1019 3602 δὲ
1063 3550 1302 3621 Χριστος
1332 3552 1432 3604 οὐκ
1477 3553 1796 3624 ἐγήγερται,

246 3634 458 3701 μάταιον
486 3637 547 3690 τὸ
578 3638 844 3708 κήρυγμα
875 3641 1055 3710 ἡμῶν.
1107 3660 1126 3693 ι
1157 3643 1326 3697 Πάλιν
1361 3645 1493 3714 φησὶ
1534 3645 1672 3714 πρὸς
1705 3645 1800 3699 Τι-

245 3725 416 3793 μωεον
440 3728 690 3799 γράφων,
719 3749 740 3780 σ
787 3731 900 3795 Τὰς
935 3733 1125 3804 μωρὰς
1154 3734 1251 3788 καὶ
1282 3736 1648 3800 ἀπαιδεύτους
1695 3736 1796 3805 ξη-

241 3815 404 3886 τήσεις
433 3819 725 3890 παραιτοῦ.
752 3822 941 3875 Πολλοὶ
962 3825 1085 3894 κγὰρ
1125 3825 1529 3895 προκόπτουσιν
1558 3828 1636 3889 είς
1665 3826 1794 3880 ἀσέ-

243 3905 398 3975 ϐειαν,
422 3915 515 3964 καὶ
543 3915 572 3965 6
603 3914 760 3980 λόγος
789 3913 968 3968 αὐτῶν
995 3915 1071 3978 ὡς
1098 3915 1412 3986 γάγγραινα
1439 3918 1611 3988 νομὴν
1655 3916 1795 3988 εχει,

244 3989 309 4049 ὧν
354 4002 498 4056 ἐστιν
547 4003 814 4073 Υμεναῐος
861 4004 954 4058 καὶ
1010 4005 1256 4076 Φίλητος,
1307 4008 1358 4060 οἳ
1401 4007 1502 4078 τῆς
1544 4007 1799 4078 ἀληθείας

246 4085 502 4158 ἐξέπεσον,
527 4091 780 4160 λέγοντες
814 4093 914 4165 τὴν
959 4095 1255 4150 ἀνάστασιν
1284 4097 1394 4151 τῶν
1427 4097 1640 4168 νεκρῶν
1691 4098 1795 4169 ἤδη

246 4181 495 4237 γενέσθαι.
541 4203 563 4238 ι
613 4177 775 4238 Οὗτοι
803 4185 910 4254 γὰρ
940 4186 1040 4240 οὐκ
1071 4186 1324 4252 ἐδόξαζον
1361 4188 1576 4259 νεκρῶν
1609 4188 1798 4258 σωμά-

252 4290 341 4327 inv
364 4277 675 4342 ἀνάστασιν,
703 4279 838 4332 ἀλλά
868 4281 967 4349 τὴν
993 4280 1093 4350 τῆς
1126 4282 1309 4351 ψυχῆς
1339 4282 1446 4336 ἀπὸ
1473 4281 1674 4343 κακίας
1718 4281 1798 4345 είς

252 4363 426 4438 ἀρετὴν
462 4371 791 4441 μεταϐολὴν,
819 4374 910 4425 καὶ
939 4373 1049 4426 ἀπδ
1077 4372 1176 4441 τῆς
1208 4373 1417 4442 πλάνης
1442 4375 1520 4435 εἰς
1543 4372 1642 4442 τὴν
1667 4371 1798 4440 ἀλή-

1906 3180 2026 3218 cum
2059 3179 2125 3218 eo
2153 3165 2221 3218 ".
2270 3165 2335 3218 Et
2399 3180 2636 3221 rursus:
2693 3183 2710 3215 ι
2749 3163 2805 3218 Si
2849 3165 3104 3219 Christus
3143 3165 3478 3232 praedicatur

1904 3257 2047 3327 quod
2076 3257 2378 3312 resurrexit
2435 3273 2464 3312 a
2496 3257 2750 3322 mortuis,
2809 3257 3089 3327 quomodo
3120 3255 3341 3323 quidam
3397 3254 3482 3308 di-

1902 3356 2034 3400 cunt
2093 3345 2145 3399 in
2175 3345 2352 3411 vobis,
2411 3349 2672 3416 quoniam
2733 3348 3070 3402 resurrectio
3127 3353 3472 3400 mortuorum

1903 3454 2012 3492 non
2051 3438 2178 3492 est?
2219 3437 2274 3492 Si
2317 3446 2496 3492 autem
2560 3447 2901 3492 mortuorum
2962 3436 3298 3493 resurrectio
3365 3452 3477 3492 non

1901 3539 2005 3593 est,
2043 3545 2143 3585 nec
2181 3529 2430 3587 Christus
2486 3532 2826 3595 resurrexit;
2888 3531 2934 3584 si
2982 3539 3164 3583 autent
3226 3529 3477 3584 Christus

1905 3638 2013 3676 non
2038 3623 2364 3688 resurrexit,
2402 3623 2581 3677 inanis
2611 3630 2696 3678 est
2750 3622 3068 3692 praedicatio
3119 3630 3303 3675 nostra
3333 3621 3400 3671 ".
3449 3639 3470 3674 ι

1905 3713 2104 3780 Aitque
2139 3727 2332 3768 rursus
2392 3712 2458 3767 ad
2504 3713 2853 3766 Timotheum
2889 3712 3135 3767 scribens
3165 3727 3178 3765 :
3213 3727 3233 3763 ι
3269 3711 3476 3767 Stultas

1903 3815 1956 3860 et
1990 3809 2108 3861 sine
2138 3805 2424 3876 disciplina
2476 3807 2811 3874 quaestiones
2867 3805 3070 3860 devita.
3115 3803 3275 3859 Multi
3325 3803 3472 3858 enim

1905 3895 2282 3965 proﬁciuntzad
2317 3897 2677 3966 impietatem,
2716 3905 2770 3950 ct
2807 3909 2992 3950 sermo
3029 3909 3222 3949 eorum
3261 3903 3319 3947 ut
3342 3908 3476 3948 can-

1903 4002 1996 4043 cer
2026 3988 2215 4058 serpit,
2265 4003 2331 4043 ex
2366 3987 2569 4056 quibus
2619 3997 2702 4043 est
2751 3988 3075 4059 llymenmus
3108 3995 3162 4042 et
3202 3985 3473 4047 Philetus.

1902 4079 1995 4148 qui
2028 4094 2059 4133 a
2089 4079 2317 4140 veritate
2345 4080 2691 4145 exciderunt,
2735 4079 2982 4135 dicentes
3013 4079 3472 4134 resurrectionem

1899 4171 2156 4242 essejam
2193 4173 2391 4226 iactam
2413 4174 2481 4227 ”.
2535 4191 2552 4223 ι
2592 4173 2658 4226 Hi
2722 4174 2866 4227 enim
2930 4188 3037 4226 non
3083 4172 3481 4227 existimabant

1903 4265 2018 4320 fore
2057 4280 2347 4334 corporum
2373 4271 2862 4328 resurrectionem,
2918 4266 3013 4320 sed
3055 4264 3224 4319 animi
3259 4279 3288 4317 a
3343 4263 3477 4316 vitio

1900 4358 1968 4412 ad
2002 4358 2260 4411 virtutem
2296 4359 2680 4419 mutationem,
2726 4366 2780 4412 et
2820 4357 2889 4411 ab
2943 4370 3136 4410 errore
3166 4356 3232 4410 ad
3269 4354 3474 4408 verita-

258 4453 416 4508 θειανο
450 4465 541 4514 καὶ
567 4462 668 4532 τὴν
702 4463 832 4533 περὶ
863 4462 995 4516 Θεὸν
1031 4464 1328 4532 ἐπίγνωσιν
1359 4462 1658 4516 ἀνάστασιν
1682 4462 1793 4515 ἐλε-

1904 4454 2008 4500 tem
2035 4465 2050 4512 ;
2079 4447 2282 4514 Deique
2301 4447 2550 4501 notitiam
2571 4462 2634 4502 ac
2654 4447 2810 4501 iidem
2833 4462 2956 4502 esse
2987 4462 3043 4501 re
3064 4444 3468 4502 surrectiouem

260 4561 338 4611 γον
375 4547 509 4606 εἶναι
551 4555 687 4624 ὅπερ
720 4556 749 4607 ὀ
806 4555 1132 4618 ’Δπόστολος
1161 4555 1484 4626 ἀνατρέπει,
1515 4557 1612 4610 καὶ
1645 4557 1797 4608 πᾶσα

255 4635 410 4701 “ita
435 4641 640 4713 Γραφὴ,
677 4643 865 4697 αὐτῶν
893 4645 1002 4699 τῶν
1049 4647 1319 4716 σωμάτων
1351 4647 1652 4700 ἀνάστασιν
1677 4645 1796 4698 lae.

257 4726 360 4780 σθαι
384 4731 629 4800 λέγουσα.
673 4735 733 4788 '0
767 4739 868 4804 μὲν
900 4737 1009 4808 γὰρ
1043 4737 1370 4802 ’Δπόστολος
1399 4738 1554 4807 φησὶ,
1583 4754 1602 4788 ι
1631 4733 1795 4788 Σπει-

259 4831 388 4882 ρεται
421 4823 574 4894 σῶμα
594 4827 844 4896 ψυχικὸν,
870 4828 1145 4897 ἐγείρεται
1171 4828 1329 4897 σῶμα
1360 4825 1752 4895 πνευματικόν.
1769 4843 1789 4878 s

259 4908 357 4970 καὶ,
389 4912 658 4986 ι’Δνάγκη
692 4917 754 4970 τὸ
786 4916 1026 4986 φθαρτὸν
1052 4919 1210 4973 τοῦτο
1234 4916 1554 4972 ἐνδύσασθαι
1584 4916 1726 4985 ἀφθσ
1739 4933 1798 4986 ρ-

263 4992 369 5046 σίαν
388 5012 402 5028 ·
434 5005 521 5056 καὶ
547 5006 605 5056 τὺ
635 5005 831 5076 θνητὸν
859 5007 1019 5061 τοῦτο
1048 5009 1372 5062 ἐνδύσασθαι
1404 5007 1732 5060 ἀθανασίαν.
1771 5024 1790 5057 ι

272 5081 348 5137 Ἐν
385 5089 439 5142 δὲ
475 5094 549 5163 τῷ
581 5097 901 5170 Εὐαγγελίῳ
945 5102 1094 5171 παρά
1133 5100 1228 5154 τοῦ
1277 5099 1518 5170 Χριστοῦ
1557 5099 1796 5168 εἴρηται,

265 5187 280 5221 ⁸
325 5178 566 5251 Ἔρχεται
597 5189 736 5260 ὥρα.
772 5195 868 5245 καὶ
897 5193 992 5245 νῦν
1023 5195 1194 5256 ἐστιν,
1225 5193 1313 5247 ὅτε
1342 5195 1389 5246 οί
1420 5195 1607 5263 νεκροὶ
1633 5192 1802 5246 ἀκού-

259 5279 434 5324 σονται
461 5278 551 5347 τῆς
577 5285 758 5354 φωνῆς
786 5285 878 5339 τοῦ
909 5285 1039 5340 Υίοῦ
1074 5285 1169 5339 τοῦ
1200 5285 1336 5339 Θεοῦ
1363 5302 1376 5316 ’
1408 5287 1507 5339 καὶ
1547 5287 1594 5340 οί
1637 5283 1801 5339 ἀκού-

257 5370 434 5449 ξανξες
474 5367 751 5440 ζήσονταιο
815 5395 833 5427 ι
887 5383 987 5431 καὶ
1051 5378 1215 5432 πάλιν
1268 5396 1286 5430 ι
1342 5378 1604 5446 Ἔρχεται
1655 5375 1797 5446 ὥρας

253 5454 306 5493 εν
397 5456 585 5522 πάντες
617 5463 664 5514 οἱ
706 5465 764 5516 ἐν
811 5467 925 5528 τοῖς
984 5467 1266 5536 μνημείοις
1325 5467 1651 5519 ἀκούσονται
1703 5467 1803 5536 τῆς

1906 4538 2185 4592 dicebant.
2235 4537 2392 4604 Quod
2423 4540 2718 4608 Apostolus
2751 4540 2968 4603 evertit,
2999 4538 3291 4606 omnisque
3314 4550 3470 4590 sacra

1908 4629 2206 4697 Scriptura,
2242 4637 2365 4698 quae
2396 4630 2643 4699 ipsorum
2673 4643 2968 4698 corporum
3002 4626 3468 4683 resurrectionem

1905 4719 2148 4776 futuram
2198 4720 2363 4776 dicat.
2408 4721 2498 4775 Ait
2546 4737 2778 4792 namque
2799 4721 3093 4792 Apostolus
3123 4736 3140 4787 ;
3169 4737 3188 4771 ι
3221 4718 3473 4774 Semina-

1907 4824 2226 4883 turocorpus
2268 4813 2527 4878 animale,
2573 4816 2808 4883 resurgit
2857 4827 3052 4883 corpus
3096 4809 3413 4880 spiritale“.
3449 4825 3476 4860 r-

1902 4903 1970 4960 Et
2001 4920 2191 4959 rursus
2228 4921 2242 4958 :
2286 4923 2304 4955 ι
2341 4901 2568 4974 Oportet
2603 4903 2954 4973 corruptibile
2984 4903 3086 4958 hoc
3130 4902 3354 4956 induere
3388 4899 3486 4952 in-

1904 4998 2336 5067 corruptionem,
2365 5006 2421 5051 et
2453 4996 2677 5051 mortale
2708 4996 2811 5050 hoc
2837 4996 3060 5049 induere
3096 4990 3479 5047 immortalita-

1905 5102 2010 5147 tem
2039 5093 2105 5144 ".
2142 5109 2162 5141 ι
2219 5078 2299 5144 1η¹
2331 5088 2626 5158 Evangelio
2685 5097 2867 5142 autem
2915 5103 2944 5142 a
2979 5086 3214 5141 'Christo
3263 5084 3473 5138 dictum

1896 5195 1979 5240 εει
2015 5201 2029 5237 :
2069 5202 2088 5236 ι
2123 5182 2281 5236 Venit
2315 5183 2472 5247 hora,
2499 5190 2552 5236 et
2574 5195 2719 5235 nunc
2741 5189 2844 5246 est,
2880 5179 3100 5249 quando
3149 5177 3350 5231 mortui
3381 5191 3478 5229 au-

1899 5278 2049 5333 dient
2080 5291 2265 5330 vocem
2299 5274 2420 5329 Filii
2455 5273 2586 5340 Dei;
2622 5281 2676 5328 et
2704 5274 2797 5341 qui
2834 5273 3122 5336 audierint,
3157 5270 3410 5324 vivent".
3450 5285 3470 5319 ι

1906 5369 1972 5424 Et
2001 5384 2195 5424 rursus
2229 5383 2244 5421 :
2282 5385 2300 5418 ι
2342 5365 2499 5421 Venit
2530 5367 2684 5432 hora,
2714 5365 2768 5419 in
2799 5380 2907 5435 qua
2935 5379 3122 5420 omnes
3158 5363 3248 5433 qni
3279 5362 3333 5415 in
3361 5374 3479 5415 mo-

1910 5460 2188 5516 numentis
2233 5468 2382 5524 sunt,
2431 5457 2655 5514 audient
2702 5473 2885 5512 vocem
2914 5456 3066 5527 ejus;
3095 5467 3148 5509 ct
3187 5454 3483 5526 precedent

313 5588 543 5670 3:39").
570 5615 621 5667 v,
653 5603 736 5657 l7.
813 5607 858 5640 ⁸⁸
895 5607 1058 5662 ilehr.
1082 5623 1156 5662 ιι.
1187 5609 1279 5663 27.
1351 5607 1399 5642 "
1424 5607 1441 5660 l
1471 5606 1596 5662 Cor.
1635 5623 1722 5670 xv,
1751 5605 1793 5658 2t

1918 5603 1963 5636 "'
1988 5602 2200 5656 Coloss.
2227 5613 2291 5660 Il,
2313 5596 2399 5650 l2.
2479 5597 2525 5630 ⁸³
2551 5594 2799 5670 l_C_or_.u,
2833 5593 2925 5648 26.
2986 5592 3046 5670 "_°
3077 5593 3093 5647 I
3123 5593 3360 5670 (Σο-τηεν,

251 5654 291 5752 2
329 5654 687 5752 {Themin
725 5654 833 5730 ⁷15.

951 5679 997 5711 ⁸⁸
1036 5678 1057 5732 1
1088 5679 1212 5734 Cor.
1239 5695 1292 5742 ν,
1335 5678 1398 5731 l2
1427 5693 1582 5748 seqq.

320 5727 486 5789 Joan.
506 5740 662 5799 v.25.

1687 5677 1731 5710 ’³
1763 5677 1800 5732 II
1838 5673 1979 5731 Tim.
2014 5689 2071 5737 tt,
2111 5672 2182 5726 ‘23
2232 5677 2285 5723 et
2351 5669 2437 5722 16.

2550 5667 2595 5698 ³⁸
2629 5664 2648 5718 l
2684 5666 2808 5721 Cor.
2849 5679 2936 5734 xv,
2973 5667 3061 5721 1H.
3167 5662 3354 5718 "ibid.
3385 5660 3476 5716 53..
