3916 6204
284 334 355 399 637
1208 346 1302 404 DE
1347 343 1772 408 PRlNClPIIS
1816 347 2024 410 FlDEl
2065 352 2524 416 CATHOLICIE.

3352 357 3458 418 638

284 451 392 520 ἐδόθη
420 452 555 520 αὐτῷ
600 454 632 524 ή
668 452 810 523 ἀρχὴ
836 455 932 507 καὶ
960 453 992 524 ἡ
1015 454 1149 524 τιμὴ
1185 460 1279 509 καὶ
1307 458 1339 526 ή
1371 456 1618 526 βασιλεία
1643 474 1656 488 ⁶
1691 459 1782 510 καὶ

1903 477 1983 515 ιοι·
2013 472 2066 516 et
2091 478 2338 531 regnum,
2381 472 2434 517 et
2461 476 2650 516 omnes
2682 460 2884 530 populi,
2927 460 3102 515 tribus
3154 471 3208 516 et
3259 463 3458 533 lingurc

283 546 427 606 πάντες
473 545 522 596 οἱ
581 545 725 608 λαοὶ,
777 547 941 612 φυλαὶ
975 548 1071 598 καὶ
1105 547 1348 614 γλῶσσαι
1399 547 1781 601 δουλεύσουσιν

278 635 402 704 αὐτῷ.
430 637 486 688 Ἥ
541 636 758 701 ἐξουσία
811 639 977 691 αὐτοῦ
1031 639 1250 705 ἐξουσία
1288 641 1524 703 αἰώνιος,
1559 641 1681 711 ἥτις
1718 642 1779 693 οὐ

281 727 633 797 παρελεύσεται,
666 731 762 782 καὶ
801 734 834 799 ὴ
861 729 1108 799 βασιλεία
1137 731 1304 784 αὑτοῦ
1328 732 1388 783 οὐ
1419 732 1784 803 διαφθαρήσε-

275 836 368 871 ταιο
407 821 518 873 ικαὶ
556 821 637 873 ἔτι
693 823 876 889 φησιν,
937 842 955 872 ι
1015 823 1318 890 Ἐθεώρουν
1356 823 1459 886 ἕως
1499 818 1558 878 οὗ
1604 824 1781 894 θρόνοι

273 909 483 978 ἐτέθησαν
503 926 517 941 ο
553 913 648 964 καὶ
688 912 719 1002 6
749 913 980 1002 Παξλαιὸς
1019 914 1244 984 ἡμερῶν
1275 915 1496 968 ἐκάθισε
1516 932 1529 946 ο
1559 915 1654 967 καὶ
1685 932 1783 967 πο-

270 1006 401 1070 ταμὸς
443 1002 609 1071 πυρὸς
659 998 839 1056 εἷλκεν
876 1004 1188 1072 ἔμπροσθεν
1232 1005 1398 1057 αὑτοῦ
1427 1021 1442 1038 ο
1476 1005 1570 1068 κα)
1613 1005 1785 1075 χίλιαι

267 1093 458 1161 χιλιάδες
495 1094 872 1163 ἐλειτούργουν
902 1095 1088 1165 αὐτῷ’
1135 1098 1230 1152 καὶ
1282 1095 1474 1168 μύριαι
1525 1096 1786 1168 μυριάδες

265 1184 686 1254 παρειστήκεισαν
718 1185 886 1254 αὐτῷ.
912 1187 1208 1256 Κριτήριον
1229 1185 1469 1252 ἐκάθισε,
1491 1188 1587 1240 καὶ
1613 1186 1786 1257 βίϐλοι

261 1275 594 1345 ἀνεῴχθησαν,
645 1295 663 1328 ι
696 1277 788 1330 καλ⁸
817 1277 885 1330 τὰ
914 1278 1097 1331 λοιπά.

326 1365 615 1419 Ἐλεύσεται
642 1368 823 1421 τοίνυν
844 1369 871 1420 6
893 1367 1022 1428 Υἱὸς
1047 1367 1140 1420 τοῦ
1170 1369 1458 1436 ἀνθρώπου
1490 1371 1546 1422 ἐν
1569 1373 1632 1439 τῇ
1660 1370 1786 1442 δόξῃ

255 1454 394 1508 αὐτοῦ
421 1455 556 1524 μετὰ
583 1456 694 1508 τῶν
719 1456 966 1523 ἀγγέλων
997 1457 1200 1520 αὐτοῦ’
1235 1461 1328 1511 κα)⁴
1367 1459 1566 1522 πάντες
1595 1463 1641 1514 oi
1677 1463 1787 1514 ἀπὸ

254 1549 339 1616 τῆς
372 1547 591 1612 κτίσεως
628 1550 832 1618 κόσμου
865 1553 927 1602 ἐκ
954 1550 1064 1602 τῶν
1108 1551 1318 1620 νεκρῶν
1349 1551 1744 1620 ἀναστήσονται
1768 1570 1782 1583 ’

259 1657 276 1687 ι
306 1640 399 1692 Καὶ
426 1642 582 1710 ἡμεῖς
615 1641 665 1693 oi
711 1640 913 1704 ζῶντες
961 1642 1010 1694 οἱ
1062 1642 1506 1712 περιλειπόμενοι
1537 1643 1652 1712 ἅμα
1691 1647 1787 1698 σὺν

251 1731 410 1791 αὐτοῐς
457 1730 896 1799 ἁρπαγησόμεθα
949 1731 1007 1782 ἐν
1057 1731 1310 1800 νεφέλαις
1356 1734 1436 1796 είς
1481 1734 1786 1801 ἀπάντησιν

251 1819 330 1872 τοῦ
374 1819 572 1890 Κυρίου
624 1820 704 1882 είς
754 1820 930 1890 ἀέραο
965 1837 983 1870 ι
1043 1822 1138 1873 καὶ
1183 1823 1600 1889 παραστήσεται
1638 1825 1787 1876 πᾶσα

252 1912 393 1980 φύσις
419 1910 738 1982 ἀνθρώπων,
769 1913 912 1966 ὥστε
940 1915 1122 1982 κρῖναι
1163 1915 1368 1976 ζῶντας
1419 1915 1514 1966 καὶ
1539 1915 1795 1984 νεκρούς.

253 2005 424 2073 Κρινεῖ
444 2002 500 2056 δέ
535 2004 637 2072 οὐχ
669 2005 744 2066 ὡς
766 2004 1053 2076 ἄνθρωπος
1084 2005 1387 2075 ἁπλῶς,,,ὲν
1424 2007 1488 2074 τῇ
1526 2007 1792 2058 ταπεινώ-

251 2109 323 2144 σει
357 2093 451 2162 τῆς
490 2095 692 2164 σαρκὸς
724 2094 988 2164 δηλονότι,
1023 2094 1159 2148 ἀλλὰ
1208 2096 1346 2164 μετὰ
1375 2097 1475 2165 τῆς
1499 2096 1653 2162 δόξης
1696 2098 1793 2166 τῆς

251 2181 481 2252 θεότητος
506 2182 778 2248 ἐξουσίας.
811 2184 1024 2254 Ὠσπερ
1050 2185 1159 2254 γὰρ
1192 2186 1445 2254 λέγομεν,
1484 2185 1655 2238 Ὄτιὸ
1685 2187 1796 2238 Κύ-

250 2292 352 2344 ριος
373 2277 468 2344 τῆς
501 2276 660 2346 δόξης
679 2277 1003 2345 ἐσταυρώθη
1031 2279 1126 2332 καὶ
1150 2277 1390 2330 ἀπέθανε
1418 2277 1554 2332 καθδ
1581 2278 1794 2348 ἄνθρω-

247 2384 354 2434 πος,
384 2368 522 2423 οὕτω
579 2361 674 2422 καί
721 2371 897 2441 κρινεῖ
932 2369 1032 2440 μὲν
1077 2370 1152 2432 ὼς
1211 2369 1516 2441 ἄνθρωπος,
1559 2369 1672 2422 ἀλλ’
1720 2369 1794 2433 ὡς

250 2461 436 2530 Κύριος
463 2463 558 2531 τῆς
586 2462 766 2532 δόξης.
815 2462 949 2516 Τότε
988 2480 1007 2513 ι
1054 2463 1170 2515 Πᾶν
1206 2462 1334 2530 γόνυ
1391 2461 1601 2531 κάμψει
1633 2462 1794 2514 ἐπου-

249 2550 428 2618 ρανίων
471 2552 567 2604 καὶ
620 2552 880 2618 ἐπιγεῖων
926 2553 1022 2604 καὶ
1063 2551 1456 2620 καταχθονίων,
1499 2553 1594 2605 καὶ
1643 2553 1796 2606 πᾶσα

248 2639 454 2708 γλῶσσα
479 2640 938 2710 ἐξομολογήσεται
974 2643 1052 2694 ὅτι
1088 2639 1292 2710 Κύριος
1327 2640 1533 2710 Ἰησοῦς
1562 2642 1797 2710 Χριστὸς

244 2735 316 2796 εἰς
345 2734 496 2800 δόξαν
525 2734 662 2787 Θεοῦ
699 2735 933 2804 Πατρός.
977 2753 994 2787 ι
1026 2733 1138 2787 Καὶ
1172 2734 1200 2786 6
1232 2734 1332 2802 μὲν
1357 2735 1538 2803 ἅρχων
1559 2733 1651 2786 τοῦ
1677 2733 1800 2786 σκό-

243 2841 358 2886 τους
404 2824 844 2895 παραδοθήσεται
908 2824 989 2886 είς
1047 2822 1246 2876 καῦσιν
1301 2823 1474 2892 πυρὸς
1517 2827 1656 2891 μετὰ
1689 2823 1798 2876 τῶν

242 2916 476 2984 ἀγγέλων
520 2916 708 2979 αὐτοῦ,
751 2916 888 2970 καθό
939 2933 1073 2986 φησι
1159 2915 1360 2985 Δανιὴλ
1407 2917 1436 2968 6
1489 2915 1796 2985 προφήτης.

242 3007 432 3061 Τοῦτον
457 3007 563 3078 γάρ
604 3026 623 3058 ι
664 3008 848 3060 ἀνελεῖ
882 3005 959 3076 τῷ
995 3005 1270 3075 πνεύματι
1291 3005 1384 3058 τοῦ
1416 3005 1682 3074 στόματος
1704 3005 1800 3057 αὑ-

1890 555 2127 608 servient
2178 554 2248 608 ei.
2287 553 2534 609 Potestas
2579 553 2698 621 ejus
2763 555 3001 620 poteStas
3055 562 3276 616 azterna,
3337 571 3458 624 qua!

1892 659 1994 698 non
2028 643 2382 697 rertransibit
2423 662 2436 697 :
2475 650 2528 696 et
2559 657 2786 711 regnum
2834 639 2952 709 ejus
2983 655 3092 694 non
3128 655 3457 709 corrumpe-

1891 745 1979 790 tur
2000 737 2074 790 ⁸.»
2132 737 2329 804 Aitque
2377 734 2554 788 adhuc
2587 751 2600 788 :
2639 731 3010 800 «Aspiciebam
3061 730 3235 784 donec
3269 731 3452 783 throni

1890 829 2049 900 positi
2085 837 2235 889 sunt.
2281 838 2335 882 et
2374 827 2648 896 Antiquus
2681 826 2893 879 dierum
2927 823 3101 887 sedit;
3151 833 3202 876 et
3257 823 3457 876 ﬂumen

1891 920 2030 990 ignis
2063 918 2310 990 trahebat
2340 917 2392 970 in
2426 922 2720 985 conspectu
2745 914 2892 981 ejus.
2925 913 3067 967 Mille
3092 913 3261 966 millia
3298 913 3460 965 mini-

1891 1010 2142 1066 strabant
2174 1009 2246 1072 ei,
2274 1017 2329 1063 et
2358 1007 2536 1062 decies
2580 1005 2780 1060 millies
2844 1013 3070 1058 centena
3121 1003 3287 1056 millia
3319 1001 3462 1056 assi-

1891 1103 2107 1157 stebant
2134 1101 2207 1156 ei.
2246 1100 2516 1155 Judicium
2554 1098 2714 1162 sedit,
2746 1105 2799 1152 et
2832 1096 2956 1151 libri
2988 1095 3158 1166 aperti
3194 1103 3322 1148 sunt
3367 1111 3383 1144 ι
3406 1102 3461 1148 et

1892 1211 2013 1265 quae
2039 1202 2343 1264 sequuntur
2374 1193 2418 1246 '.

1967 1378 2156 1448 itaque
2197 1383 2460 1430 venturus
2482 1382 2562 1429 est
2591 1371 2757 1426 Filius
2783 1368 3020 1422 heminis
3072 1366 3125 1419 in
3182 1365 3464 1434 majestate

1895 1485 1994 1525 sua
2039 1484 2162 1524 cum
2193 1467 2400 1538 angelis
2433 1465 2615 1521 suis“:
2657 1475 2954 1529 omnesque
2990 1475 3019 1512 a
3069 1455 3253 1510 mundi
3304 1468 3464 1508 crea—

1895 1562 2042 1615 tione
2073 1576 2100 1614 a
2128 1559 2358 1614 mortuis
2393 1564 2677 1624 rcsurgent
2704 1572 2718 1606 :
2748 1572 2764 1603 ι
2800 1552 3015 1620 Nosque
3043 1549 3135 1616 qui
3159 1547 3392 1601 viximus
3411 1551 3467 1597 et

1893 1651 2097 1707 residui
2135 1666 2348 1714 Sumus,
2390 1647 2551 1701 simul
2583 1661 2704 1700 cum
2744 1642 2850 1697 illis
2888 1641 3163 1710 rapientur
3202 1640 3256 1691 in
3302 1637 3466 1691 nubi-

1895 1743 1997 1796 bus
2024 1741 2240 1796 obviam
2284 1738 2514 1792 Domino
2563 1737 2616 1789 in
2647 1750 2771 1789 aera
2803 1734 2844 1798 ',
2887 1751 2902 1783 ι
2950 1731 3259 1799 astabitque
3288 1726 3468 1782 omnis

1895 1848 2057 1890 sexus
2081 1832 2388 1894 hominum,
2421 1838 2478 1883 ut
2505 1827 2712 1899 judicct
2762 1827 2918 1878 vivos
2947 1833 2999 1877 et
3050 1830 3318 1877 mortuos.
3369 1817 3467 1872 Ju-

1894 1925 2100 1980 dicahit
2147 1932 2349 1980 autem.
2393 1935 2498 1974 non
2535 1928 2593 1973 ut
2633 1917 2954 1986 simpliciter
2981 1916 3144 1970 homo
3178 1914 3253 1981 (in
3284 1909 3466 1966 carnis

1896 2019 2105 2074 scilicet
2137 2014 2495 2078 humilitate),
2556 2012 2650 2068 sed
2690 2027 2809 2067 cum
2870 2012 3149 2079 majestate
3208 2006 3466 2075 potentiae

1897 2109 2142 2164 Deitatis.
2171 2106 2484 2163 Sieutenim
2528 2103 2782 2166 dicimus,
2812 2101 3102 2156 Dominum
3135 2097 3462 2167 majestatis,

1895 2216 2000 2270 qua
2028 2200 2191 2255 homo
2215 2209 2351 2264 erat,
2380 2195 2703 2254 cruciﬁxum
2728 2208 2846 2249 esse
2873 2201 2929 2248 et
2972 2200 3250 2246 mortuum
3269 2190 3313 2224 ιο
3344 2208 3356 2242 :
3387 2189 3468 2252 sic

1893 2292 2160 2362 iudicabit
2189 2292 2406 2362 quidem
2433 2299 2492 2344 ut
2518 2291 2703 2350 homo,
2757 2285 2849 2341 sed
2881 2293 2941 2340 ut
2983 2283 3244 2339 Dominus
3298 2281 3466 2345 maje-

1898 2384 2078 2440 statis.
2105 2381 2260 2438 Tunc
2295 2401 2314 2434 ι
2347 2381 2528 2437 Omne
2549 2396 2688 2451 genu
2713 2377 2977 2442 ﬂectetur,
3003 2375 3330 2440 cmleslium,
3363 2382 3472 2428 Ier-

1897 2476 2154 2532 restrium
2204 2484 2259 2530 et
2308 2474 2668 2534 infernorum,
2700 2479 2753 2525 et
2781 2470 2962 2525 omnis
3003 2469 3187 2537 lingua
3251 2465 3473 2522 confite-

1899 2571 2068 2628 bitur.
2095 2568 2221 2638 quia
2257 2565 2522 2622 Dominus
2570 2563 2731 2619 Jesus
2777 2562 3034 2618 Christus
3086 2560 3248 2616 estin
3295 2559 3472 2628 gloria

1900 2659 1992 2712 Dei
2031 2657 2206 2713 Patris
2243 2656 2308 2710 “.
2350 2674 2368 2706 ι
2411 2655 2490 2709 Ac
2533 2654 2751 2723 quidem
2810 2653 3064 2722 princeps
3121 2651 3473 2705 tenebrarum
3544 2652 3554 2661 ‘

1901 2749 2145 2804 tradetur
2181 2765 2200 2800 ι
2237 2747 2290 2801 in
2324 2745 2633 2801 incendium
2666 2744 2804 2814 ignis
2829 2744 2872 2775 ¹¹
2903 2763 2920 2795 ι
2949 2759 3073 2798 cum
3108 2742 3316 2813 angelis
3336 2742 3472 2805 suis,
3575 2792 3583 2800 ,

1899 2839 2351 2911 quemadmodum
2397 2837 2484 2898 ait.
2509 2836 2695 2892 Daniel
2744 2835 3038 2906 propheta.
3108 2833 3266 2889 I-lunc
3327 2833 3472 2888 enim

1908 2916 2258 2984 iinterliciet
2311 2927 2503 2995 spiritu
2566 2926 2678 2982 oris
2735 2927 2820 2982 sui
2855 2915 2966 2992 ¹³ζι
3032 2927 3473 2997 quandoquidem

1907 3039 1927 3073 ι
1959 3021 2138 3076 omnia
2171 3027 2349 3090 portat
2386 3019 2552 3073 verba
2569 3019 2784 3073 virtutis
2806 3035 2918 3073 sua:
2940 3020 3004 3081 “,
3040 3037 3058 3070 ι
3088 3029 3145 3073 ιιι
3173 3028 3364 3073 auctor
3387 3027 3472 3072 est

243 3098 348 3161 τοῦ,
395 3117 414 3150 ι
445 3099 632 3168 ἐπειδὴ
671 3117 688 3150 ι
735 3099 804 3151 τὰ
832 3099 1011 3152 πάντα
1044 3097 1200 3168 φέρει
1230 3095 1306 3166 τῷ
1339 3097 1549 3166 ῥήματι
1574 3095 1674 3164 τῆς
1703 3097 1796 3146 δυ-

1903 3114 2122 3168 divinus
2162 3111 2474 3181 Apostolus.
2525 3109 2807 3167 Reddetur
2836 3127 2964 3170 vero
2991 3111 3220 3181 singulis
3251 3112 3479 3178 quibus-

242 3194 448 3255 νὰμεως
481 3191 670 3256 αὐτοῦ,
710 3210 728 3243 ι
773 3191 916 3243 κατὰ
949 3189 1038 3242 τὸν
1075 3189 1218 3242 θεῖον
1254 3187 1600 3240 Ἀπόσεολον.
1646 3189 1800 3240 Ἀπο-

243 3285 516 3354 δοθήσεται
548 3286 608 3338 δὲ
638 3284 749 3337 τῶν
779 3281 1086 3354 ἀνθρώπων
1129 3282 1346 3351 ἑκάστῳ
1394 3285 1534 3333 κατὰ
1566 3281 1633 3332 τὰ
1667 3281 1804 3350 ἔργα

243 3377 428 3431 αὐτῶν.
461 3379 569 3430 Καὶ
601 3376 656 3428 οι
683 3375 780 3445 μὲν
801 3375 1000 3428 δίκαιοι
1022 3372 1289 3440 ἀνάλογον
1319 3371 1683 3441 λαμπρότητα
1711 3372 1804 3424 καὶ

243 3469 507 3539 φωτισμὸν
553 3468 650 3522 καὶ
688 3468 803 3529 τοίς
844 3464 1065 3534 σώμασι
1116 3465 1212 3517 κοιλ⁵
1267 3465 1384 3525 ταῖς
1429 3461 1630 3532 ψυχαῖς
1663 3463 1804 3514 κατὰ

246 3562 333 3629 τὴν
378 3561 670 3626 ἀναλογίαν
719 3559 818 3627 τῆς
870 3556 1073 3626 ἀρετῆς
1109 3556 1365 3620 ἑκάστου,
1399 3556 1496 3608 καὶ
1526 3555 1625 3623 τῆς
1661 3555 1803 3623 ὑπὲρ

246 3652 330 3703 τοῦ
353 3651 485 3705 Θεοῦ
514 3651 737 3720 καὶτῆς
769 3649 1004 3711 πίστεως
1036 3646 1431 3708 κακοπαθείας·
1463 3646 1514 3698 oi
1547 3645 1603 3699 δὲ
1636 3662 1805 3712 πονης-

250 3745 325 3812 ροὶ
361 3745 496 3798 κατὰ
527 3745 618 3799 τὸν
650 3743 815 3796 αὑτὸν
845 3742 1049 3812 τρόπον
1078 3739 1449 3810 ἀπολήψονται
1472 3738 1661 3799 σκότος
1685 3739 1805 3799 ταῖς

247 3836 431 3908 ψυχαῖς
459 3839 640 3893 αὐτῶν
692 3836 788 3888 καὶ
817 3837 932 3897 τοῖς
986 3833 1225 3903 σώμασι,
1267 3833 1412 3885 κατὰ
1443 3831 1504 3886 τὸ
1539 3830 1805 3898 ἀνάλογον

253 3931 339 3999 τῆς
373 3932 596 3986 ἑκάστου
649 3927 852 3990 κακίας
902 3927 997 3978 ml.
1042 3926 1329 3994 πονηρίας.
1369 3924 1475 3977 Καὶ
1513 3921 1622 3991 γὰρ
1658 3921 1805 3988 λέγει

260 4022 344 4084 μὲν
365 4022 518 4083 αὐτὸς
550 4024 578 4072 6
613 4019 840 4088 Κύριος,
889 4035 907 4068 ι
945 4017 1067 4068 "Uri
1097 4015 1146 4066 οἱ
1180 4015 1378 4067 δίκαιοι
1409 4011 1715 4081 λάμψουσιν
1732 4011 1806 4074 ὡς

257 4111 457 4179 όῆλιος·
487 4131 506 4164 ι
535 4112 688 4180 λέγει
718 4110 774 4162 δὲ
814 4110 842 4160 6
879 4107 1145 4177 μακάριος
1196 4103 1426 4166 Παῦλος,
1464 4121 1482 4155 ι
1519 4103 1805 4171 Σπείρεται

263 4203 400 4272 σῶμα
424 4205 673 4274 ψυχικὸν,
707 4201 980 4271 ἐγείρεται
1012 4196 1173 4266 σῶμα
1208 4195 1602 4264 πνευματικόν
1655 4213 1672 4246 ι
1711 4194 1808 4246 καὶ

258 4295 342 4356 τὰς
387 4296 646 4366 διαφορὰς
700 4292 914 4352 δεικνὺς
976 4289 1076 4358 τῆς
1123 4287 1533 4358 λαμπρότητος,
1586 4287 1805 4354 ἐπάγει,

265 4405 279 4435 ι
317 4388 476 4456 ’Δλλη
508 4387 633 4450 δόξα
663 4383 842 4452 ἡλίου,
867 4381 960 4435 καὶ
995 4379 1126 4449 ἄλλη
1157 4379 1282 4445 δόξα
1315 4378 1565 4449 σελήνης.
1607 4377 1808 4448 Ἀστὴρ

1902 3219 2008 3274 que
2025 3203 2338 3257 hominibus
2389 3202 2544 3270 juxta
2572 3216 2736 3269 opera
2761 3215 2976 3256 eorum.
3013 3200 3089 3252 Ac
3117 3201 3337 3266 quidem
3385 3198 3478 3268 ju-

1909 3297 2001 3361 sti,
2056 3310 2154 3364 pro
2196 3293 2463 3361 cujusque
2515 3291 2753 3355 virtutis,
2811 3291 3014 3360 Deique
3055 3305 3117 3343 ac
3147 3289 3268 3344 ﬁdei
3311 3303 3477 3345 causa

1901 3387 2300 3441 exantlatorum
2331 3385 2580 3438 laborum
2608 3383 2840 3444 ratione.
2888 3383 3302 3437 couvenieutem
3352 3396 3478 3436 cor-

1907 3478 2130 3548 poribus
2156 3491 2220 3530 ac
2242 3475 2531 3530 animabus
2550 3474 2902 3558 splendorem
2934 3473 3203 3542 recipient
3230 3487 3295 3528 ac
3357 3473 3482 3527 illu-

1905 3568 2226 3623 strationem
2260 3583 2274 3620 :
2312 3565 2440 3619 mali
2463 3578 2614 3629 vero,
2663 3562 2853 3618 eodem
2898 3563 3058 3616 modo
3085 3576 3184 3632 pro
3217 3561 3482 3631 cujusque

1907 3659 2127 3715 malitiae
2168 3672 2232 3712 ac
2284 3657 2576 3727 pravitatis
2608 3655 2842 3718 ratione,
2887 3653 3139 3707 tenebras
3169 3653 3318 3722 justo
3345 3670 3480 3722 prae-

1906 3748 2014 3802 mio
2059 3746 2476 3817 respondentes,
2530 3744 2819 3800 animabus
2872 3743 2989 3798 suis
3041 3744 3477 3813 corporibusque

1907 3840 2195 3910 recipient.
2236 3838 2453 3894 Etenim
2511 3832 2586 3891 ait
2617 3840 2735 3907 ipse
2767 3835 3036 3891 Dominus
3069 3855 3084 3891 :
3123 3855 3142 3889 ι
3172 3836 3482 3906 Fulgehunt

1901 3933 2036 4004 justi
2067 3932 2210 3988 sicut
2245 3931 2325 3987 sol
2356 3931 2422 3985 “.
2462 3947 2480 3982 ι
2521 3929 2721 3983 Beatus
2744 3937 2923 3983 autem
2950 3928 3191 3984 Paulus:
3229 3949 3247 3980 ι
3299 3929 3480 3984 Semi-

1907 4035 2068 4080 uatur
2097 4038 2298 4093 corpus
2342 4021 2599 4082 animale.
2631 4029 2820 4090 surget
2843 4035 3044 4089 corpus
3073 4021 3318 4090 spiritale
3345 4023 3411 4076 “.
3454 4039 3476 4075 ι

1909 4115 2332 4184 Splendorisque
2367 4113 2733 4168 diversitatem
2784 4113 3101 4177 ostendens,
3145 4114 3431 4182 subjungit
3463 4131 3478 4170 :

1914 4227 1932 4260 ι
1960 4207 2075 4261 Alia
2107 4213 2192 4261 est
2225 4205 2446 4260 claritas
2480 4204 2636 4267 solis,
2667 4211 2720 4257 et
2753 4203 2855 4256 alia
2871 4203 3274 4258 claritasluuae.
3315 4203 3483 4258 Stella

1908 4295 2091 4350 dilfert
2127 4309 2156 4348 a
2197 4293 2350 4350 stella
2399 4292 2453 4346 in
2500 4292 2746 4347 claritate
2798 4292 2863 4345 ".
2905 4310 2925 4343 ι
2977 4289 3329 4360 Rursumque
3382 4295 3484 4355 ait,

1912 4385 2045 4450 fore,
2095 4393 2156 4438 ut
2196 4392 2253 4438 et
2298 4383 2478 4452 ipsum
2506 4395 2710 4449 corpus
2737 4391 2987 4435 nostrum
3023 4380 3481 4440 transformetur.

261 4481 464 4550 ἀστέρος
493 4480 739 4550 διαφέρει
767 4479 825 4529 ἐν
848 4474 999 4544 δόξῃ.
1043 4491 1061 4524 ι
1095 4473 1208 4526 Καὶ
1231 4471 1396 4526 πάλιν
1424 4473 1572 4540 λέγει
1599 4472 1683 4528 ὅτι
1713 4473 1796 4524 καΊ

1913 4484 1974 4529 ιιι.
2001 4474 2073 4528 sit
2095 4471 2374 4528 conforme
2401 4471 2618 4539 corpori
2647 4471 2912 4526 claritatis
2949 4469 3228 4540 Filiiejus.
3252 4471 3487 4525 Praeter-

262 4573 378 4626 αὐτὸ
407 4575 466 4627 τὸ
512 4574 672 4641 σῶμα
711 4568 872 4641 ήμῶν
913 4565 1560 4636 μετασχηματισθήσεται
1617 4566 1695 4626 είς
1748 4563 1796 4616 τὶ

1915 4581 1978 4620 ea
2036 4565 2135 4627 ait,
2200 4562 2376 4631 ipsam
2437 4569 2691 4616 naturam
2741 4561 3030 4616 liberatum
3058 4561 3122 4614 iri
3166 4562 3485 4616 aservitute

258 4666 494 4732 γενέσθαι
527 4665 852 4736 σύμμορφον
884 4658 963 4730 τῷ
988 4659 1202 4727 σώματι
1233 4657 1332 4728 τῆς
1363 4656 1520 4727 δόξης
1552 4657 1646 4711 τοῦ
1677 4657 1796 4710 Υἱοῐ

1916 4653 2302 4724 corruptionis,
2338 4653 2392 4708 in
2424 4653 2727 4709 claritatem
2759 4652 3028 4708 libertatis
3058 4654 3292 4708 liliorum
3316 4651 3482 4709 Dei“:

322 4857 343 4887 ⁸
388 4855 520 4909 Dan.
579 4871 680 4910 vn.
747 4853 834 4917 13,
885 4852 970 4906 Η.
1095 4850 1117 4880 '
1166 4847 1296 4903 ibid.
1358 4849 1421 4903 9-
1471 4847 1558 4917 12.

257 4927 292 4956 ει
325 4924 557 4995 Philipp.

253 5010 334 5058 xv,
383 4996 440 5049 41
455 5034 471 5058 ,
533 4995 622 5050 ιι.

249 5183 488 5247 probata,
534 5182 721 5235 lectio.
771 5177 940 5238 Adde,
979 5177 1250 5232 neminem
1299 5177 1476 5246 ipsum
1529 5177 1805 5242 habuisse,

245 5252 340 5321 ηιιὶ
388 5251 672 5321 προσήχθη
725 5248 1040 5321 reddiderit,
1071 5248 1152 5300 vel
1193 5248 1254 5299 ἐκ
1287 5247 1413 5321 Δτῷν
1463 5247 1804 5321 6__rctule_rit.

241 5320 346 5372 Alii
375 5315 520 5374 enim
551 5315 794 5372 ’ἐνώπιον
838 5318 1004 5370 αὐτοῦ
1059 5317 1432 5385 προσηνέχθη.
1493 5315 1601 5370 Nec
1649 5318 1808 5371 aliter

241 5389 536 5444 videantur
581 5388 934 5458 Septuaginta
971 5385 1272 5458 reddidisse
1321 5402 1335 5438 :
1377 5387 1699 5456 yideturqite
1740 5402 1801 5439 ea

237 5474 371 5519 τοι.
399 5468 456 5512 et
490 5461 635 5526 quod
658 5456 754 5512 Vita
787 5459 909 5526 quis
951 5471 1136 5510 coram
1169 5456 1393 5526 sistatur
1421 5471 1486 5509 ac
1515 5463 1806 5521 praesente-

239 5536 353 5590 tur,
396 5525 518 5583 vim
539 5525 828 5598 quamdam
861 5525 1331 5598 subjectioui_s_,__in
1355 5539 1421 5598 eo
1441 5527 1542 5598 qui
1565 5539 1804 5598 praesen-

238 5606 411 5660 tatur.
453 5593 682 5652 iimucre
713 5615 726 5650 :
758 5612 822 5651 ac
848 5593 1049 5661 optime
1079 5595 1131 5648 in
1169 5593 1362 5647 Filium
1401 5594 1636 5647 hominis
1665 5609 1801 5648 eon-

236 5668 415 5728 venit,
465 5667 567 5721 sub
616 5668 735 5735 ipso
781 5673 1045 5732 conceptu
1102 5661 1222 5735 Filii
1277 5663 1804 5735 hominis,_(llirist_u

243 5737 464 5792 scilicet
511 5747 569 5791 ut
620 5732 844 5800 homini,
887 5735 974 5790 cui
1023 5737 1102 5791 sic
1141 5734 1262 5789 data
1308 5732 1596 5803 iudiciaria
1626 5733 1803 5788 omnis

1670 4846 1691 4877 ⁸
1744 4844 1933 4899 Matth.
2000 4860 2127 4908 xxv,
2179 4844 2268 4898 3|.

603 4941 664 4988 ιι,
718 4921 787 4976 10
821 4914 829 4917 ’
895 4923 938 4953 ¹¹
977 4921 1108 4974 Dan.
1147 4934 1245 4980 vn,
1276 4919 1359 4972 ll.
1402 4917 1482 4988 γ’]
1519 4916 1557 4970 Il
1593 4914 1760 4970 Thes.
1795 4917 1940 4988 ",8.

735 4993 779 5024 "
819 4991 1054 5060 Philipp.
1090 5004 1171 5054 Ill,
1202 4988 1293 5042 2t).
1373 4987 1414 5018 ⁸⁸
1443 4985 1602 5041 Rom.
1636 4999 1753 5050 vni,
1817 4985 1909 5041 21.

3066 4839 3155 4892 ⁸⁸1
3190 4837 3316 4893 Cor.
3348 4855 3406 4894 ιι.
3430 4839 3483 4890 8.

3066 4911 3126 4962 »5.
3244 4909 3287 4938 ⁸⁸
3317 4908 3332 4962 Ι
3357 4908 3483 4962 Cor.

3401 4926 3487 4964 01⁵.

2377 4847 2398 4878 ³
2455 4844 2696 4897 lThess.
2735 4857 2807 4902 tv,
2870 4841 2956 4895 16.

2041 4916 2084 4946 ³⁸
2134 4915 2300 4969 Ιλιριιιδ.
2362 4933 2400 4978 ι,
2431 4917 2482 4970 5.
2594 4912 2995 4978 "Matth.xut,
3039 4911 3126 4964 45.

1912 5178 2294 5250 potestas,uti
2324 5188 2508 5230 noster
2536 5175 2761 5250 Calceas
2787 5171 3028 5250 esponit,
3061 5180 3118 5223 ut
3148 5180 3199 5223 et
3231 5167 3486 5250 Ilii-rony-

1912 5238 2034 5302 inus
2063 5249 2248 5301 Matii.
2289 5262 2480 5306 xxvm,
2509 5247 2652 5314 quod
2700 5245 2775 5296 ita
2827 5238 2896 5294 ibi
2937 5241 3165 5314 habetur
3196 5255 3208 5294 :
3245 5238 3380 5314 [)uln
3408 5248 3483 5314 ea!

1912 5319 2041 5371 mihi
2093 5317 2265 5370 omnis
2322 5307 2576 5383 potestas,
2627 5321 2736 5368 etc.
2796 5310 3261 5383 Alex._fEfubmov
3290 5307 3484 5383 -αὑτοῦ

1911 5389 2262 5456 προσήγαγον
2291 5378 2475 5456 αὐτόν.
2525 5383 2801 5456 Justinus,
2844 5387 2916 5456 in_
2948 5381 3089 5456 Dial.
3131 5396 3248 5432 omn
3288 5378 3483 5456 Tryph-

1910 5449 2020 5509 Καὶ
2073 5449 2261 5526 παρῆν
2310 5454 2567 5526 ἐνώπιον
2598 5449 2801 5526 αὑτοῦ(
2834 5451 2928 5526 και
2981 5452 3030 5502 οἱ
3050 5449 3484 5526 Διιιιιιιρεστινιέιότες

1917 5519 2268 5596 προσήγαγον
2303 5525 2484 5596 αὐτόν.
2519 5523 2632 5596 Nec
2668 5524 2826 5591 longe
2856 5521 3017 5596 aliter
3041 5520 3202 5591 Cypr.
3240 5535 3278 5572 ιι
3310 5519 3482 5596 ,Τεειξο

1915 5587 2211 5649 m'omdr'mi:
2246 5611 2264 5649 :
2298 5593 2366 5647 Et
2403 5595 2547 5648 stetit
2577 5594 2631 5646 in
2661 5587 2938 5663 conspectu
2968 5587 3194 5660 ejus,’et
3227 5591 3316 5660 qui
3350 5587 3487 5641 assi-

1912 5666 2115 5721 stebant
2146 5667 2211 5733 ei,
2251 5665 2548 5720 obtulerunt
2580 5680 2720 5719 eum.
