3916 6204
457 304 571 371 643

1724 302 2123 363 MANUELIS
2156 301 2458 362 CALECJE
3539 306 3627 369 διι

451 414 683 468 allirmat
711 421 764 466 et
799 412 992 466 beatus
1019 409 1361 479 Augustinus
1395 429 1406 463 :
1454 407 1759 463 «Videbunt
1791 409 1933 464 enim
1967 422 2021 463 et

2151 413 2409 481 πονηροῖς,
2441 410 2537 461 καὶ
2562 410 2587 461 ὁ
2620 408 2890 477 patagio;
2928 408 3270 473 Αὑγουςτῖιος
3293 410 3394 479 (8'))
3415 412 3631 486 διισχυρί-

453 512 554 580 ipsi
589 510 643 563 in
697 524 855 577 quem
904 516 1251 576 pupugerunt
1292 504 1393 568 '9',
1432 524 1449 556 ι
1494 515 1545 560 et
1572 524 1591 558 ι
1656 504 1929 561 Videbunt
1974 507 2027 560 iu

455 603 741 668 majestate
772 608 1033 668 magnaet
1068 604 1335 665 potestate
1355 598 1422 653 ⁸⁰.
1463 617 1481 649 ι
1528 616 1547 649 «
1597 596 1713 651 Non
1768 598 1911 651 enim
1976 598 2027 651 in

454 694 786 756 infirmitate,
847 691 1043 760 inquit,
1080 692 1382 746 secundum
1408 705 1573 759 quam
1598 690 1880 758 judicatus
1925 698 2029 755 est,

452 796 573 835 eum
602 780 879 843 ridebunt,
911 780 1004 834 sed
1036 781 1087 833 in
1142 779 1383 848 potentia
1446 778 1769 847 majestatis,
1792 794 1898 847 qua
1947 786 2032 832 est

448 872 817 941 judicaturus.
854 890 871 923 ι
912 870 1163 941 Tumque
1202 871 1415 925 inducit
1442 871 1839 934 difﬁcultatem,
1878 869 2029 939 quod

454 978 662 1016 mercrs
696 977 759 1016 ac
780 963 1066 1032 praemium
1108 964 1159 1015 in
1189 961 1706 1030 repromissionihus
1732 962 2031 1030 repositum

456 1049 509 1103 in
535 1065 599 1104 eo
633 1053 722 1115 sit,
746 1062 803 1105 ut
828 1052 971 1108 Deus
997 1052 1248 1105 videatur
1282 1068 1295 1103 :
1324 1070 1340 1102 «
1392 1051 1564 1114 Beati,
1615 1052 1787 1115 enim,
1833 1051 2034 1106 mundo

454 1141 640 1204 corde,
674 1142 930 1209 quoniam
962 1141 1064 1209 ipsi
1109 1140 1278 1193 Deum
1337 1140 1597 1194 videbunt
1629 1141 1670 1172 “
1706 1158 1719 1207 ;
1761 1160 1777 1191 ι
1812 1141 2035 1209 quinam

455 1234 569 1297 liat,
606 1246 663 1286 ut
688 1244 741 1287 et
774 1234 899 1287 mali
923 1234 975 1286 in
1004 1233 1283 1299 majestate
1311 1248 1406 1287 sua
1434 1247 1556 1286 eum
1582 1232 1836 1286 videant?
1861 1231 2033 1298 Quam

454 1336 509 1379 ct
541 1326 781 1389 solvens,
813 1326 888 1378 ait
916 1342 929 1378 :
959 1343 1064 1379 non
1092 1326 1312 1379 Deitatis
1342 1325 1609 1379 visionem
1645 1326 1802 1379 bonis
1830 1335 1884 1379 et
1912 1340 2029 1377 ma—

458 1415 523 1468 lis
551 1431 897 1469 communem
927 1417 1039 1469 fore
1072 1416 1240 1485 (hanc
1278 1415 1425 1470 enim
1484 1416 1689 1470 sanctis
1756 1417 2034 1484 propriam

455 1506 629 1575 esse),
675 1507 769 1561 sed
800 1507 1048 1576 corporis
1080 1509 1132 1560 in
1175 1508 1459 1574 majestate
1491 1507 1781 1561 visionem.
1840 1507 2039 1562 Tradet

458 1597 623 1665 igitur
650 1614 874 1666 regnum
904 1598 1012 1651 Deo
1045 1612 1097 1651 et
1146 1597 1291 1650 Patri
1334 1598 1405 1661 δ’,
1470 1612 1661 1666 nempe
1714 1598 2038 1653 adducenda

462 1688 643 1741 fideles
676 1689 742 1741 ad
796 1687 970 1742 Patris
1027 1688 1222 1756 suique
1278 1697 1331 1740 et
1402 1687 1637 1755 Spiritus
1686 1689 1859 1741 sancti
1920 1689 2037 1758 (qui

2140 503 2316 564 ζεται.
2358 520 2374 551 ι
2412 499 2672 568 Ὄψονται
2705 518 2721 548 ι
2764 499 2870 568 γὰρ
2908 499 2999 551 καὶ
3029 494 3169 550 οὗτοι
3221 518 3237 548 ι
3269 502 3338 561 εἰς
3377 501 3429 555 ὃν
3458 505 3633 570 tgna.

2135 608 2362 659 τησαν,»
2402 590 2516 654 καὶ,
2539 609 2557 642 ι
2587 588 2852 659 Ὄψονται
2898 591 3181 659 ἐρχόμενον
3205 592 3331 659 μετά
3362 592 3497 658 δόξης
3531 598 3632 650 πολ.

2135 683 2236 752 λῆς
2270 685 2364 737 καὶ
2390 684 2727 753 δυνάμεως.»
2769 703 2785 734 «
2822 684 2895 736 Οὐ
2920 684 3028 752 γὰρ
3056 686 3110 734 ἐν
3138 686 3199 753 τῇ
3228 684 3476 756 ἀσθενείᾳ,
3510 690 3633 757 φησὶ.

2148 795 2165 827 ι
2208 777 2331 828 καΟ¹
2365 777 2430 843 ἢν
2462 776 2739 844 κέκριται,
2774 775 2994 842 δέκονται
3020 774 3197 838 αὐτὸν,
3227 775 3337 826 ἀλλ’
3368 778 3420 827 ἐν
3462 781 3517 843 τῇ
3565 778 3636 830 δυ-

2140 868 2301 935 νάμει
2336 866 2435 934 τῆς
2488 862 2705 936 δόξηςῇ
2742 869 2943 934 κρινεῖ.
2981 884 2998 915 ι
3031 860 3159 918 Εἶτα
3204 866 3429 936 ἀπορίαν,
3449 868 3637 934 εἰσάγει,

2140 961 2222 1012 ὃτι
2273 961 2319 1010 εὶ
2348 959 2515 1027 γέρας
2548 959 2643 1010 καὶ
2682 957 2917 1011 ἔπαθλον
2957 959 3103 1009 ἐστιν
3134 958 3190 1009 ὲν
3213 957 3532 1024 ἐπαγγελίαις
3552 961 3642 1010 κεί-

2143 1069 2324 1121 μενον,
2365 1049 2594 1119 δψεσοαι
2621 1050 2712 1103 τὸν
2764 1050 2926 1103 Θεόν.
2987 1069 3005 1100 «
3046 1048 3313 1118 Μακάριοι
3348 1067 3364 1099 ι
3416 1049 3511 1118 γάρ
3561 1052 3643 1100 «οἱ

2143 1141 2379 1209 καθαροὶ
2410 1144 2475 1209 τῇ
2508 1140 2730 1210 καρδίᾳ,
2764 1140 2848 1191 ὅτι
2878 1137 3033 1192 αὐτοὶ
3082 1138 3172 1190 τὸν
3206 1137 3333 1191 Θεὸν
3390 1137 3595 1206 ὄψονται.
3625 1156 3639 1187 i

2145 1234 2273 1295 Kal,
2318 1253 2335 1284 «
2386 1234 2557 1287 Πάλιν
2582 1233 2897 1302 ὀφθήσομαι
2933 1231 3084 1301 ὑμῖν,
3122 1232 3214 1284 καὶ
3234 1229 3645 1300 χαρήσεταιὺμῶν

2144 1325 2176 1393 ή
2206 1325 2427 1394 καρδία.
2478 1343 2497 1376 ο
2535 1324 2656 1389 Πῷς
2689 1326 2781 1377 καὶ
2808 1324 2859 1375 οἱ
2886 1324 3117 1391 πονηροὶ
3165 1322 3378 1390 ὄψονται
3426 1322 3567 1373 αὐτὸν
3602 1324 3647 1371 ἐν

2146 1420 2211 1488 τῇ
2249 1417 2375 1488 δόξῃ
2418 1418 2620 1483 αὐτοῦς
2694 1419 2759 1470 Ὀ
2782 1418 2877 1471 καὶ
2922 1417 3063 1469 λύων
3126 1417 3304 1484 φησὶν,
3348 1416 3417 1467 Uti
3461 1415 3544 1482 τὴν
3574 1413 3649 1481 τῆς
3696 1416 3703 1423 ’

2146 1508 2401 1578 θεότητος
2434 1509 2670 1579 θεωρίαν
2713 1508 2932 1561 ἔσεσθαι
2976 1507 3160 1577 κοινὴν
3208 1509 3317 1568 τοῖς
3368 1504 3557 1571 ἀγαθοῖς
3580 1507 3652 1556 καὶ

2144 1602 2255 1660 τοῖς
2289 1601 2546 1667 πονηροῖς
2575 1597 2737 1668 (αὕτη
2766 1597 2875 1667 γάρ
2903 1600 3051 1649 ἐστιν
3081 1598 3113 1666 ἡ
3142 1599 3252 1659 τοίς
3276 1596 3437 1662 ἁγίοις
3480 1594 3653 1663 ἐξαίρε-

2145 1687 2281 1756 τος).
2310 1687 2445 1739 ἀλλά
2475 1690 2574 1758 τὴν
2609 1689 2665 1740 ἐν
2698 1691 2763 1757 τῇ
2813 1688 2939 1759 δόξῃ
2986 1686 3081 1741 τοῦ
3150 1688 3389 1755 σώματος
3442 1685 3650 1754 θεωρίαν.

460 1779 602 1832 Deus
632 1794 774 1835 unus
815 1795 880 1833 ac
931 1794 1091 1833 verus
1115 1779 1221 1845 εει)
1249 1780 1511 1833 visionem
1532 1794 1594 1833 ac
1638 1779 2029 1849 cognitionem,

2151 1778 2471 1846 Παραδὼσει
2506 1780 2687 1833 τοίνυν
2716 1780 2819 1849 τὴν
2873 1780 3158 1849 βασιλείαν
3189 1779 3266 1848 τῷ
3310 1776 3421 1846 Θεῷ
3450 1776 3531 1828 καὶ
3573 1779 3655 1828 [la-

463 1887 481 1920 «
522 1882 579 1923 ut
609 1869 678 1922 sit
704 1869 845 1924 Deus
874 1871 1059 1923 omnia
1095 1870 1146 1924 in
1184 1870 1442 1925 erunibus
1468 1871 1534 1925 ³³.
1570 1890 1587 1921 ι
1628 1869 1782 1924 Nunc
1817 1871 2034 1939 quidem

455 1960 733 2015 credimus
767 1970 822 2016 et
847 1976 1149 2031 speramus,
1173 1962 1315 2031 quod
1350 1978 1454 2014 non
1492 1962 1736 2015 videmus
1774 1980 1786 2015 :
1827 1979 1844 2011 ι
1875 1961 2031 2026 Quod

454 2052 598 2107 enim
626 2054 771 2107 videt
801 2056 948 2124 quis,
982 2055 1109 2124 quid
1138 2064 1195 2109 et
1233 2063 1418 2124 sperat
1445 2055 1532 2108 “?
1567 2074 1584 2106 ι
1623 2054 2043 2125 inquitAposto—

454 2142 579 2198 lus:
612 2145 699 2197 «Si
730 2156 907 2198 autem
943 2145 1089 2215 quod
1122 2161 1230 2198 nou
1257 2145 1532 2212 videmus,
1562 2160 1875 2214 speramus,
1937 2161 2032 2215 per

458 2229 772 2302 patientiam
807 2246 1211 2303 exspectamus,
1250 2238 1429 2290 donec
1483 2252 1575 2291 rex
1604 2237 1655 2290 in
1703 2238 1891 2306 requie
1942 2250 2041 2289 sua

456 2324 579 2377 erit.
618 2342 636 2375 ι
674 2323 734 2377 Ει
767 2341 958 2379 rursus
998 2342 1010 2379 :
1053 2346 1070 2376 «
1120 2326 1371 2392 Quandiu
1427 2343 1621 2382 sumus
1690 2328 1744 2383 in
1787 2342 2037 2397 corpore,

458 2417 874 2485 peregrinamur
907 2433 934 2470 a
979 2418 1230 2472 Domino.
1258 2418 1361 2472 Per
1407 2419 1564 2475 fidem
1596 2421 1739 2474 enim
1798 2420 2042 2475 ambula-

459 2522 603 2573 mus,
634 2524 743 2562 non
772 2525 871 2578 per
909 2510 1144 2579 speciem
1170 2512 1270 2564 ³⁵.»
1313 2513 1375 2565 Et
1412 2529 1424 2566 :
1474 2529 1494 2564 «
1533 2511 1687 2565 Nunc
1719 2512 1823 2566 vita
1860 2524 2036 2567 vestra

458 2597 779 2653 abscondita
812 2608 895 2654 cst
932 2602 984 2655 in
1041 2602 1302 2665 Christo;
1362 2620 1485 2657 cum
1546 2615 1727 2657 autem
1787 2603 2042 2659 Cltt'iSltts

460 2689 904 2745 manifestabitur
940 2693 1044 2745 vita
1088 2703 1290 2759 vestra,
1333 2705 1458 2749 tunc
1490 2705 1544 2747 et
1574 2708 1670 2747 Vos
1719 2693 2040 2748 manifesta-

462 2780 653 2835 biniini
690 2796 813 2836 cum
853 2784 973 2850 ipso
1010 2783 1065 2837 in
1109 2784 1282 2850 gloria
1336 2784 1399 2838 ³⁷.
1438 2804 1456 2835 ι
1492 2784 1557 2838 Et
1592 2803 1604 2837 :
1640 2804 1657 2834 «
1716 2784 1866 2838 Nunc
1921 2786 2044 2852 qui—

460 2876 591 2937 dem.
611 2890 703 2944 per
734 2876 1015 2943 speculum
1038 2886 1089 2930 et
1119 2877 1169 2929 in
1189 2877 1497 2946 aenigmate,
1526 2886 1655 2931 tunc
1682 2886 1865 2930 autem
1894 2877 2043 2931 vide-

461 2962 643 3017 bimus
672 2964 805 3019 facie
834 2966 899 3018 ad
939 2966 1133 3020 faciem
1166 2968 1231 3019 ³⁸.
1273 2985 1289 3015 ι

2148 1872 2260 1941 τρὶ,
2302 1871 2523 1940 ἀγαγὼν
2546 1873 2789 1941 δηλονότι
2825 1876 2950 1935 τοὺς
2984 1874 3217 1935 πιστοὺς
3240 1874 3314 1934 είς
3341 1872 3436 1941 τὴν
3466 1870 3655 1937 Θεωρίαν

2149 1962 2247 2015 xal
2277 1964 2478 2029 γνῶσιν
2500 1964 2593 2016 τοῦ
2618 1964 2833 2033 Πατρὸς
2895 1966 2992 2018 καὶ
3032 1963 3231 2017 ἐαυτοῦ
3278 1960 3474 2015 καὶτοῦ
3532 1958 3655 2025 ἁγίου

2151 2053 2491 2121 Πνεύματος,
2518 2054 2611 2106 τοῦ
2651 2054 2768 2115 ἐνὸς
2794 2054 2889 2106 καὶ
2915 2053 3169 2122 ἀληθινοῦ
3203 2052 3353 2116 Θεοῦ,
3382 2064 3399 2102 t
3422 2052 3502 2104 ἵνα
3584 2050 3658 2099 αὑ-

2148 2142 2237 2206 τὸς
2261 2145 2288 2195 ὀ
2318 2145 2448 2206 Θεὸς
2474 2146 2541 2197 τὰ
2570 2148 2749 2198 πάντα
2777 2147 2831 2198 ἐν
2862 2148 3020 2198 πᾶσι.
3045 2167 3062 2198 ι
3107 2146 3219 2199 Νῦν
3243 2144 3336 2215 μὲν
3361 2143 3458 2211 γὰρ
3478 2140 3659 2192 πιστεύ-

2145 2253 2278 2305 ομεν
2300 2238 2392 2288 καὶ
2427 2225 2719 2307 ἐλπίζομεν
2742 2239 2768 2290 ὃ
2798 2241 2857 2291 οὐ
2896 2240 3171 2308 βλέπομεν
3191 2255 3205 2269 ·
3249 2257 3265 2287 «
3303 2238 3363 2288 Ὃ
3388 2235 3484 2302 γὰρ
3510 2233 3660 2301 βλέπει

2146 2345 2251 2391 τις,
2283 2328 2334 2379 τί
2366 2330 2461 2381 καὶ
2496 2329 2736 2395 ἐλπίζει;
2765 2350 2783 2383 ι
2820 2333 2983 2400 φησιν
3008 2335 3035 2385 ὁ
3070 2331 3399 2390 ’Λπόστολος.
3434 2327 3514 2379 «El
3549 2325 3593 2376 δὲ
3638 2322 3660 2373 δ

2146 2419 2206 2471 οὐ
2262 2418 2534 2488 βλέπομεν
2589 2414 2905 2491 ἐλπίζομεν,
2972 2422 3043 2475 δι’
3089 2421 3360 2490 ὑπομονῆς
3419 2412 3663 2481 ἀπεκδεχό·

2151 2509 2310 2577 μεθα,
2341 2510 2444 2572 ἕως
2475 2506 2534 2563 οὗ
2563 2512 2590 2564 ὁ
2619 2510 2873 2579 βασιλεὺς
2914 2514 2972 2565 ἐν
3040 2512 3343 2566 ἀναπαύσει
3388 2506 3534 2561 αὖτοῦ
3575 2503 3662 2572 (δι)

2144 2600 2321 2652 ἔσται.
2360 2619 2378 2650 ›
2418 2602 2527 2653 Kal
2560 2602 2745 2668 πάλιν,
2783 2619 2802 2653 ι
2837 2602 3072 2671 Ἔφόσον
3095 2604 3263 2673 ἐσμὲν
3293 2603 3347 2653 ἐν
3368 2600 3437 2668 τῷ
3466 2596 3661 2665 σώματι.

2144 2692 2540 2763 ἀποδημοῦμεν
2586 2698 2649 2748 ἐκ
2679 2695 2773 2748 τοῦ
2819 2696 3050 2765 Κυρίου.
3086 2698 3186 2748 Διά
3214 2696 3435 2751 πίστεως
3471 2694 3563 2757 γὰρ
3593 2704 3666 2737 πε-

2152 2784 2517 2853 ριπατοῦμεν,
2548 2786 2608 2836 οὐ
2635 2786 2723 2838 διὰ
2780 2786 2980 2849 εἴδους.
3025 2806 3043 2837 ι
3117 2788 3245 2851 Kal,
3286 2805 3303 2835 «
3368 2782 3535 2849 Νὖνή
3580 2778 3670 2843 («vi

2147 2877 2303 2944 ὑμῶν
2327 2878 2641 2947 κέκρυπται
2675 2879 2735 2931 ἐν
2778 2878 2857 2949 τῷ
2888 2878 3119 2948 Χριστῷ
3146 2894 3159 2907 ·
3192 2879 3316 2931 ὅταν
3351 2876 3403 2927 δὲ
3431 2867 3673 2939 ὁΧριστδς

2150 2968 2441 3040 φανερωθῇ
2480 2970 2511 3038 ἡ
2540 2968 2653 3039 ζωὴ
2689 2968 2867 3039 ὑμῶν,
2902 2974 3019 3022 τότε
3054 2971 3161 3024 καὶ
3212 2969 3366 3039 ὑμεῖς
3412 2956 3677 3034 φανερωθή·

467 3058 627 3108 σεσϐε
663 3058 760 3109 σὺν
786 3057 935 3125 αὐτῷ
962 3058 1019 3111 ἐν
1060 3058 1207 3129 δόξῃ.
1248 3077 1266 3110 ι
1306 3058 1436 3125 Καὶ,
1468 3078 1486 3109 ι
1516 3058 1631 3112 Νῦν
1655 3060 1753 3129 μὲν
1796 3058 2154 3129 δι’ἐσόπτρου
2179 3062 2276 3113 καὶ
2345 3063 2403 3112 ὲν
2463 3063 2774 3133 αἰνίγματι,
2827 3062 2953 3117 τὸτε
3025 3064 3082 3117 δὲ
3152 3060 3388 3133 ὀψόμεθα
3437 3057 3677 3126 πρόσωπον

466 3145 603 3214 πρὸς
652 3146 972 3215 πρόσωπον.
1016 3165 1034 3196 ι

538 3240 664 3296 llaec
681 3241 826 3294 enim
855 3244 1011 3296 nobis
1035 3242 1303 3311 promissa
1336 3243 1473 3298 visio
1513 3252 1613 3306 est,
1672 3260 1793 3313 qua:
1823 3244 1895 3300 sit
1929 3244 2040 3299 finis

2230 3245 2380 3317 Αὕτη
2409 3248 2516 3316 γάρ
2555 3247 2691 3316 ἡμῖν
2722 3248 2755 3315 ἡ
2792 3246 2994 3316 θεωρία
3025 3248 3083 3298 ἑν
3127 3247 3414 3314 ὑποσχέσει
3465 3242 3585 3303 ἐστὶ,
3613 3238 3680 3288 τέ-

469 3334 713 3387 omnium
749 3334 1152 3403 operationem,
1185 3350 1247 3389 ac
1270 3334 1470 3390 laetitia:
1498 3346 1699 3390 aeterna
1733 3338 1998 3407 perfectio
2027 3356 2041 3391 :

471 3421 624 3480 «Filii
654 3425 797 3479 enim
841 3425 935 3479 Dei
965 3441 1177 3490 sumus,
1204 3426 1380 3495 inquit
1404 3426 1645 3483 Joannes
1678 3428 2043 3498 Evangelista,

467 3527 521 3573 et
551 3518 792 3573 nondum
826 3520 1079 3588 apparuit
1110 3520 1240 3587 quid
1280 3520 1513 3574 erimus.
1575 3519 1796 3574 Scimus
1861 3530 2044 3574 autem

470 3611 613 3678 quod
648 3624 772 3663 cum
802 3611 1135 3680 apparuerit,
1160 3612 1370 3667 similes
1415 3612 1463 3666 ei
1491 3614 1716 3681 erimus,
1743 3615 1872 3682 quia
1901 3612 2048 3666 vide-

472 3702 654 3757 bimus
689 3719 814 3757 cum
846 3703 1011 3757 sicuti
1050 3714 1135 3758 est
1186 3704 1251 3758 ".
1294 3723 1313 3754 ι
1385 3705 1503 3773 Ipse
1558 3706 1721 3759 etiam
1781 3704 2047 3761 Dominus

493 3810 567 3848 ait
598 3813 611 3849 :
649 3814 666 3846 «
707 3794 829 3849 llaec
854 3804 937 3849 est
968 3795 1074 3848 vita
1108 3808 1330 3857 aeterna,
1353 3806 1409 3849 ut
1434 3804 1764 3864 cognoscant
1790 3804 1840 3849 te
1866 3797 2045 3850 solum

475 3888 640 3941 Deum
674 3904 884 3953 verum,
917 3899 969 3941 et
1001 3902 1157 3956 quem
1184 3888 1377 3941 misisti
1398 3886 1582 3941 Jesum
1612 3888 1890 3940 Christum
1924 3888 1993 3941 ⁸ο.
2019 3907 2038 3939 ι

475 3978 547 4032 De
576 3978 674 4031 hac
704 3981 867 4032 etiam
903 3980 954 4030 in
1006 3992 1236 4046 persona
1268 3980 1357 4032 Dei
1394 3980 1471 4032 ait
1504 3978 1667 4032 David
1700 3997 1712 4029 :
1758 3976 2049 4049 «Longitu-

471 4070 598 4122 dine
628 4070 837 4122 dierum
872 4069 1093 4136 replebo
1122 4082 1269 4131 cum,
1304 4079 1351 4121 ct
1387 4069 1669 4122 ostendam
1696 4068 1768 4121 illi
1804 4070 2045 4124 salutare

475 4173 652 4212 meum
691 4159 763 4213 “.
800 4176 817 4208 ι
850 4158 915 4209 Εῑ
941 4157 1097 4224 quasi
1157 4157 1271 4226 ipse
1310 4173 1339 4211 a
1372 4172 1429 4211 se
1461 4176 1474 4211 :
1536 4176 1552 4208 ι
1594 4158 1767 4214 Unam
1831 4160 1960 4229 petii
2015 4174 2045 4212 a

472 4245 726 4312 Domino,
764 4248 902 4301 hanc
958 4247 1281 4317 requiram:
1318 4258 1377 4301 ut
1433 4248 1731 4303 inhabilem
1792 4249 1845 4303 in
1889 4250 2050 4305 domo

1192 4478 1236 4509 ³⁰
1294 4478 1484 4531 Mattb.
1538 4493 1684 4532 xxrv.
1732 4478 1823 4531 '50.

1217 4548 1346 4603 ibid.
1381 4548 1472 4611 ‘25,

1024 4620 1069 4650 ‘°
1106 4618 1265 4673 Joan.
1304 4633 1438 4679 xvn.
1481 4618 1534 4672 5.

544 4481 606 4512 ³⁸⁸
633 4478 865 4533 Zachar.
894 4493 994 4540 xli,
1026 4480 1113 4532 10.

471 4550 514 4581 ³⁵
544 4552 702 4605 Rom.
737 4565 856 4614 vm,
893 4550 980 4603 ‘24.
1109 4550 1152 4580 ³⁵

471 4620 553 4673 39Ι
583 4619 719 4674 Joan
777 4635 857 4680 Ill.
891 4619 947 4674 9..

1530 4548 1689 4600 Cant.
1744 4562 1782 4609 ι,
1852 4547 1941 4601 Η.

469 4776 693 4834 interitu
732 4785 827 4829 aut
856 4775 975 4846 ejus
1024 4786 1219 4842 morte,
1252 4781 1344 4831 sed
1390 4778 1503 4831 sola
1552 4778 1937 4831 immutatione
1982 4792 2045 4830 ac
2079 4786 2122 4840 ι)

470 4865 607 4905 nova
635 4850 906 4908 claritate,
934 4849 986 4899 in
1020 4849 1216 4901 ctelum
1251 4848 1453 4916 Deique
1475 4858 1833 4912 conspecmm
1864 4856 2044 4901 trans-

470 4919 677 4973 ferendi
711 4932 966 4981 eramus;
1022 4918 1167 4986 quod
1201 4919 1377 4985 ipsum
1426 4918 1557 4986 justi
1609 4931 1703 4984 per
1746 4916 2044 4981 Christum,

468 4990 795 5056 conligurati
846 4988 968 5054 ejus
1025 4990 1187 5041 morti
1236 4998 1287 5041 et
1339 4986 1757 5049 resurrectioni,
1809 4987 2048 5056 perfecte

469 5055 685 5114 demum
737 5062 790 5111 in
840 5060 1251 5111 resurrectione
1284 5058 1521 5112 universi
1560 5056 1773 5125 generis
1822 5055 2044 5108 humani

469 5140 913 5197 consequentur;
966 5130 1145 5196 ipsum
1198 5127 1403 5182 Christi
1451 5124 1677 5197 regnum
1715 5124 1823 5179 Deo
1856 5136 2048 5197 sponte

471 5195 800 5267 subjectum,
827 5209 879 5249 rt
907 5202 958 5249 in
988 5195 1096 5265 ιμιο
1128 5198 1269 5252 Deus
1302 5197 1372 5250 sit
1400 5198 1605 5259 omnia,
1642 5196 1808 5267 futuri
1842 5195 2049 5267 :Amalis

475 5265 610 5337 ipsis
660 5271 885 5338 perinde
933 5284 1026 5336 per
1063 5269 1358 5337 potentiam
1402 5265 1957 5338 deitatisisubjectis,‘
1991 5272 2048 5338 ut

472 5334 557 5390 vel
622 5334 981 5393 renitentibus
1014 5334 1075 5391 in’
1123 5340 1203 5391 eis
1249 5340 1360 5402 fiat,
1415 5337 1677 5405 quidquid
1737 5337 1879 5388 Deus
1932 5334 2049 5387 licri

474 5409 737 5461 decrevit.
798 5408 1072 5462 l’otttisset
1123 5407 1349 5462 Calecas
1406 5408 1511 5459 alia
1561 5409 1663 5459 ltoc
1725 5414 2050 5474 argumento

477 5484 775 5546 prosequi,
834 5480 977 5546 quod
1031 5479 1252 5547 quidam
1324 5486 1639 5530 sanctorum
1703 5478 2047 5545 (pra-serum

479 5546 641 5615 Crcg.
676 5547 863 5618 Nyss.)
894 5546 1181 5602 vidcantur
1207 5548 1365 5615 quasi
1408 5548 1733 5614 Origeniane
1761 5547 1931 5618 locuti
1959 5547 2048 5593 πει

477 5619 572 5687 τῆς
597 5617 1098 5681 ἀποκαταστάσεως
1121 5635 1134 5683 ;
1161 5622 1361 5687 quibus
1386 5619 1721 5687 exponendis
1747 5618 1833 5668 alii
1864 5617 2045 5667 itidem

480 5686 879 5742 laberaterunt.

1932 4478 1979 4510 ³⁸
2046 4476 2236 4530 Matth.
2279 4494 2331 4543 ν,
2368 4479 2420 4532 8.

2071 4548 2116 4579 ³⁸
2172 4548 2209 4601 Il
2252 4550 2378 4603 Cor.
2406 4566 2457 4613 ι’,
2491 4550 2542 4603 6.

1613 4618 1654 4649 ιι
1693 4618 1838 4673 l’sal.
1876 4634 1965 4684 cx,
2005 4617 2091 4672 to.

2152 3338 2242 3400 λος
2266 3334 2401 3391 οὖσα
2437 3338 2626 3390 πασῶν
2680 3338 2789 3392 τῶν
2815 3338 3087 3406 ἐργασιῶν
3108 3338 3220 3392 διαὶ
3266 3337 3470 3397 αἰώνιος
3492 3334 3578 3400 τῆς
3617 3329 3685 3381 εὑ·

2156 3428 2433 3499 φροσύνης
2464 3429 2769 3492 τελείωσις.
2807 3448 2823 3480 ι
2867 3430 2986 3481 Υἱοὶ
3010 3430 3135 3499 γάρ
3167 3432 3334 3500 ἐσμεν
3372 3428 3460 3481 τοῦ
3512 3422 3679 3482 Θεοῦ,ι

2153 3520 2321 3590 φησὶν
2352 3522 2379 3572 ὁ
2412 3519 2819 3590 Εὐαγγελιστὴς
2878 3521 3171 3589 Ἰωάννης,
3215 3539 3233 3571 ι
3288 3522 3380 3573 καὶ
3414 3516 3552 3572 cum,
3577 3515 3685 3582 ξφα.

2153 3612 2366 3683 νερὼοη
2402 3612 2455 3663 τί
2490 3612 2750 3682 ἐσόμεθα.
2786 3612 3026 3681 Οἴδαμεν
3052 3612 3108 3664 δὲ
3152 3615 3233 3666 ὅτι
3260 3615 3386 3667 ὅταν
3417 3606 3686 3680 φανερωθῇ.

2156 3705 2336 3773 ὅμοιοι
2382 3704 2531 3774 αὺτῴ
2586 3706 2850 3772 ἐσόμεθα,
2896 3706 2979 3757 ὅτι
3022 3705 3282 3777 ὀψόμεθα
3340 3704 3495 3759 αὑτὸν
3538 3696 3689 3757 καθώς

2156 3795 2294 3848 ἐστι.
2340 3813 2357 3845 ι
2394 3794 2498 3847 Kal
2537 3795 2700 3855 αὐτὸς
2729 3796 2755 3847 ὁ
2792 3794 2997 3863 Κύριος
3026 3796 3283 3867 εἴρηκεν,
3324 3813 3344 3846 «
3377 3794 3511 3863 Αὕτη
3568 3789 3688 3843 ἐστὶν

2156 3889 2188 3956 ἠ
2224 3886 2441 3951 αἰώνιος
2477 3886 2613 3952 ζωὴ,
2638 3886 2724 3939 ἵνα
2766 3888 3081 3955 γινώσκωσι
3138 3891 3199 3940 σὲ
3244 3890 3331 3941 τὸν
3360 3887 3510 3958 μόνον
3536 3879 3687 3951 ἀληθι-

2158 3977 2249 4031 νὸν
2274 3977 2428 4039 Θεὸν,
2458 3979 2554 4030 καὶ
2605 3977 2665 4029 ὃν
2720 3977 3051 4039 ἀπέστειλας
3121 3977 3335 4049 Ἰησοῦν
3395 3973 3620 4045 Χριστόν.
3670 3984 3683 4015 ι

2159 4068 2292 4137 Περὶ
2316 4066 2523 4136 ταύτης
2575 4068 2669 4119 καὶ
2701 4068 2727 4117 ὁ
2761 4067 2926 4120 Δαὸὶδ
2975 4070 3036 4119 ἐκ
3092 4069 3392 4139 πρ,ο)σὼπου
3440 4064 3531 4118 τοῦ
3578 4055 3688 4112 Θειοῦ

2158 4159 2331 4225 λέγει,
2372 4178 2389 4209 «
2428 4158 2787 4229 Μακρότητος
2818 4160 3044 4230 ἡμερῶν
3079 4162 3352 4230 ἐμπλήσω
3406 4160 3573 4217 αὑτὸν,
3617 4153 3691 4203 καὶ

2158 4249 2318 4315 δείξω
2344 4248 2494 4319 αὑτῷ
2520 4252 2581 4301 τὸ
2621 4252 2889 4321 σωτήριόν
2938 4267 3063 4320 μου.
3136 4270 3156 4303 ι
3206 4253 3321 4305 Καὶ
3364 4251 3483 4319 παρ’
3534 4239 3690 4305 αὑτοῦ.

2522 4481 2563 4511 ³⁸
2598 4480 2614 4533 l
2653 4480 2781 4535 Cor.
2827 4496 2913 4543 xv,
2967 4482 3057 4535 24.

2645 4550 2687 4581 ³⁷
2714 4551 2927 4607 Coloss.
2960 4568 3040 4616 tn,
3064 4554 3120 4607 5.

3140 4480 3233 4535 ³³1
3289 4481 3419 4536 Cor.
3473 4496 3555 4542 xv,
3614 4472 3692 4527 ‘23-

3233 4554 3278 4586 ³⁸
3300 4554 3425 4609 Cor.
3468 4566 3576 4610 xm.
3630 4544 3699 4596 1‘3-

2223 4779 2337 4846 (85)
2373 4780 2600 4846 August.
2655 4782 2705 4833 in
2745 4780 3031 4846 Psal.cu.,
3059 4791 3114 4836 et
3165 4791 3236 4836 tr.
3268 4782 3357 4843 19,
3395 4781 3444 4833 in
3467 4777 3612 4846 Joan.

2227 4844 2337 4917 (84)
2378 4844 2777 4916 Ὀίβασιλεὺς
2821 4854 2889 4903 ἐν
2929 4844 3278 4905 ἀναπαύσει
3318 4848 3522 4903 αὐτοῦ.
3553 4844 3703 4917 Scho-

2155 4916 2243 4990 lia?
2275 4918 2435 4974 Rom.
2471 4936 2534 4973 ex
2588 4918 2736 4990 Sym.
2775 4924 2832 4973 ἐν
2878 4923 3211 4974 ἀναπαύσει.
3252 4921 3438 4976 Grzeca
3479 4918 3617 4990 Vulg.
3659 4916 3705 4961 έν

2152 4989 2433 5041 ἀνακλίσει
2465 5005 2477 5020 ο
2512 4991 2564 5041 in
2608 4986 2874 5051 accubitu,
2926 5006 3017 5045 seu
3050 4992 3322 5053 rerubilu,
3370 4992 3441 5043 uti
3490 4986 3624 5039 Hier.
3652 4996 3703 5031 rx

2152 5057 2388 5127 Origene
2428 5059 2682 5114 reddidit.
2725 5060 2887 5115 llehr.
2922 5062 3204 5114 circuitum
3240 5070 3463 5122 sonant,
3500 5072 3527 5111 a
3562 5053 3706 5127 ver‘lm

2300 5168 2313 5192 ,
2345 5130 2490 5197 quod
2527 5130 2579 5181 in
2613 5132 2796 5184 orbem
2831 5133 3133 5199 antiquitus
3171 5134 3241 5186 ad
3287 5145 3527 5183 mensam
3568 5124 3707 5199 sede-

2158 5207 2277 5253 rent
2308 5216 2320 5250 :
2354 5194 2393 5270 Aa
2444 5214 2552 5267 quo
2589 5216 2742 5253 more
2799 5216 2897 5255 nec
2947 5194 3198 5270 nostrum
3241 5202 3506 5270 plerique
3533 5194 3703 5248 abbot-

2162 5278 2299 5322 rent.
2327 5268 2634 5324 Comment.
2668 5270 2719 5321 in
2762 5274 2923 5324 Cant.
2958 5268 3175 5323 Eusebii
3213 5268 3437 5323 nomine
3467 5268 3542 5320 sic
3570 5276 3709 5328 expo-

2160 5338 2285 5410 nit:
2334 5337 2420 5410 Ὡς
2471 5338 2537 5410 ἂν
2584 5341 2699 5409 εἴης
2735 5342 2973 5408 καθέδρα
3022 5341 3292 5410 βασιλέως
3327 5354 3341 5369 ·
3390 5333 3705 5410 μίμσὶδξειίεε

2158 5408 2331 5475 τεθίεῖ
2380 5404 2665 5479 iungitque
2714 5404 3113 5479 superioi'ibus.
3149 5416 3228 5463 uti
3279 5417 3332 5461 et
3385 5406 3535 5460 l’hilo
3567 5404 3705 5464 Carp.

2158 5491 2315 5531 secus
2370 5492 2433 5531 ac
2489 5479 2643 5547 Vulg.
2709 5490 2767 5534 ut
2818 5480 3151 5545 significetur
3205 5488 3443 5533 ornatus
3499 5486 3705 5542 sponsu?»

2159 5562 2333 5621 usque
2384 5550 2508 5603 dum
2553 5551 2712 5620 digna
2766 5547 2949 5621 sponsi
3006 5557 3165 5605 sedes
3200 5559 3253 5602 ct
3290 5550 3574 5603 accubitus
3605 5555 3710 5594 ενα·

2158 5620 2271 5671 dul.
