3916 6204
513 284 613 350 651

1751 290 2144 354 MANUELIS
2182 293 2488 356 CALECE

3597 318 3686 382 652

516 404 727 459 derium
762 420 921 459 omne
950 413 1000 457 et
1046 394 1172 473 spes
1226 401 1625 474 inquisitioque
1688 406 2086 489 cesset,-visqut

2203 410 2298 464 ἐπὶ
2349 410 2519 482 μηδὲν
2565 410 2751 481 ἕτερον
2815 412 3117 487 ἑλκομένης
3171 417 3347 475 λοιπὸν
3395 422 3484 496 τῆς
3534 429 3683 486 ἐπιθυ-

517 497 699 549 umnis
726 492 1005 555 desiderii,
1042 492 1133 547 Dei
1164 492 1632 577 contemplatione
1662 494 1821 552 nobis
1869 495 2092 566 implea-

518 599 626 651 tur,
660 602 784 641 cum
812 586 946 641 illud
973 585 1231 655 deinceps
1262 585 1318 640 in
1344 586 1551 641 nullam
1576 586 1739 642 aliam
1769 601 1957 643 rerum
1983 597 2095 643 tra-

518 681 696 733 hatur.

584 769 704 835 Qua
733 768 919 838 itaque
948 767 1160 824 ratione
1188 768 1443 824 humanae
1468 778 1682 825 natura:
1718 779 2092 840 comparatum

512 872 619 925 cst,
645 870 700 916 et
733 869 1000 931 quantum
1031 862 1267 931 quisque
1315 876 1511 931 capere
1546 872 1743 931 potest,
1782 862 1877 917 Dei
1934 864 2094 919 nobis

514 953 900 1023 contemplatio
947 954 1266 1021 illucescet;
1300 956 1598 1020 statimque
1643 968 1709 1009 ac
1756 955 2090 1021 immediate,

516 1055 640 1113 post
686 1045 959 1114 expletum
1014 1056 1319 1101 extremum
1358 1045 1647 1121 judicium,
1685 1046 1915 1117 quisque
1947 1046 2094 1104 illius

504 1140 675 1191 heres
696 1136 914 1192 futurus
941 1147 1041 1191 est.
1063 1137 1117 1191 ld
1148 1137 1295 1193 enitn
1327 1146 1554 1191 sanctus
1583 1137 1903 1193 «unionem»
1935 1147 2093 1192 vocat

518 1242 710 1297 rsupra
734 1228 1204 1299 intelligentiam,»
1225 1228 1596 1283 immediatam
1618 1229 1826 1285 scilicet
1843 1244 1964 1285 cum
1985 1231 2092 1285 Deo

512 1325 1012 1391 consuetudinem;
1046 1340 1214 1395 supra
1241 1339 1404 1393 quam
1435 1324 1647 1379 scilicet
1675 1338 1829 1380 mens
1853 1324 2093 1381 humana

515 1416 776 1487 consequi
798 1425 1000 1488 potest.
1039 1416 1208 1487 quue
1239 1415 1446 1472 Paulus
1480 1415 1698 1472 dicebat
1726 1416 1899 1472 «facie
1926 1416 2094 1472 adfa-

514 1508 655 1563 ciem
696 1507 765 1572 θ’,
803 1524 822 1559 ι
856 1505 1097 1561 Joannes
1144 1520 1276 1560 vero
1303 1506 1679 1576 evangelista:
1740 1504 2093 1563 tVidebimus

513 1614 639 1654 eum
675 1599 838 1654 sicuti
872 1597 1057 1654 est“.t
1094 1598 1246 1652 lianc
1271 1612 1436 1667 porro
1464 1612 1724 1653 arcanam
1780 1599 1980 1654 mentis
2012 1599 2092 1653 vi-

514 1694 722 1745 sionem
746 1699 800 1743 et
826 1689 1372 1757 contemplationem,
1388 1688 1667 1759 justorutn
1705 1687 1915 1744 scilicet
1936 1689 2092 1746 bere-

2200 500 2350 570 μίας.

2272 771 2460 837 Ὥστε,
2494 770 2632 825 καθὸ
2683 770 2927 841 πέφυκεν
2985 776 3018 845 ἡ
3084 775 3387 851 ἀνθρωπίνη
3436 781 3575 850 φύσις
3616 791 3688 845 καὶ

2194 864 2341 917 κατὰ
2368 865 2434 917 τὸ
2470 864 2699 919 δυνατὸν
2723 867 2961 938 ἑκάστῳ,
2999 869 3032 939 η
3061 868 3154 922 τοῦ
3197 869 3329 924 Θεοῦ
3384 872 3562 945 θεωρία
3598 880 3691 933 im.-

2194 954 2402 1026 λάμψει
2437 958 2592 1028 ἡμῖν,
2626 959 2721 1014 καὶ
2749 959 3085 1032 κληρονόμος
3116 962 3282 1033 αὐτῆς
3318 964 3525 1031 ἕκαστος
3570 969 3689 1025 ἔσται

2194 1047 2259 1099 ἑκ
2316 1047 2411 1100 τοῦ
2451 1050 2769 1120 παραυτίκα
2846 1052 2942 1107 καὶ
2994 1054 3232 1123 ἀμέσως,
3291 1058 3384 1126 τῆς
3429 1062 3691 1125 τελευταίας

2194 1137 2433 1209 κρίσεως
2495 1143 2817 1214 γενομένης.
2889 1142 3065 1198 Τοῦτο
3125 1145 3232 1215 γάρ
3301 1149 3429 1212 ἔστι,
3510 1151 3691 1225 ὅπερὸ

2194 1228 2352 1296 ἅγιος
2393 1229 2548 1299 ὑπὲρ
2588 1230 2743 1286 γοῦν
2807 1232 3037 1288 ἕνωσιν
3093 1234 3266 1301 καλεῖ,
3319 1236 3412 1306 τὴν
3460 1240 3579 1308 πρὸς
3623 1233 3709 1295 τιν’

2192 1319 2329 1373 Θεὸν
2374 1322 2581 1390 ἄμεσον
2627 1322 2869 1393 ὁμιλίαν,
2916 1326 3215 1393 τουτέστιν,
3283 1328 3416 1399 ὑπὲρ
3454 1330 3481 1383 6
3517 1330 3693 1384 δύναται

2192 1413 2221 1466 6
2269 1412 2608 1483 ἀνθρώπινος
2686 1413 2847 1479 νοῦς*
2902 1418 2998 1473 καὶ
3061 1420 3202 1491 ὅπερ
3246 1422 3275 1473 6
3328 1420 3520 1485 Παῦλος
3576 1423 3693 1488 ἔλεγε

2199 1521 2218 1555 ε
2262 1504 2559 1574 πρόσωπον
2585 1507 2721 1579 πρὸς
2756 1509 3051 1578 πρόσωπον
3070 1527 3086 1542 ⁸
3123 1532 3143 1565 »
3188 1516 3278 1567 xui
3304 1516 3331 1568 6
3352 1515 3693 1585 Εὐαγγελιστὴς

2206 1595 2485 1667 Ἰωάννης,
2527 1617 2545 1651 ι
2582 1600 2861 1669 Ὀψόμεθα
2891 1603 3057 1675 αὐτόν
3114 1606 3296 1670 καθὼς
3347 1609 3476 1661 ἔστι.
3519 1606 3694 1675 Ταύτην

2193 1686 2252 1740 δὲ
2270 1687 2369 1757 τὴν
2396 1689 2534 1742 κατά
2564 1690 2690 1745 νοῦν
2743 1694 2987 1764 ἀρρητον
3039 1695 3163 1764 ὄψιν
3214 1698 3303 1751 καὶ
3352 1697 3578 1769 θεωρίαν,
3621 1699 3693 1766 τὴν

511 1783 731 1860 ditatem
756 1791 810 1837 et
832 1790 1063 1846 sortem,
1116 1797 1281 1851 quam
1309 1782 1501 1837 beatus
1560 1781 1858 1848 Dionysius
1895 1782 2086 1838 «unio-

2190 1776 2300 1829 τῶν
2329 1776 2557 1832 δικαίων
2587 1779 2981 1851 κληρονομίαν,
3005 1783 3075 1854 ἢν
3111 1786 3140 1838 6
3181 1785 3441 1855 μακάριος
3469 1786 3693 1849 Διονύσιος

513 1888 635 1929 nem
658 1882 839 1929 mente
877 1873 1247 1943 superiorem»
1286 1881 1465 1937 vocat,
1498 1888 1732 1944 magnus
1785 1872 2086 1945 Gregorius

512 1965 826 2036 Theol0gus
878 1978 1135 2034 «regnum
1188 1963 1487 2019 calorum»
1541 1963 1795 2031 allirmat,
1837 1980 1997 2036 quem
2032 1975 2088 2021 et

510 2056 682 2127 prius,
725 2056 791 2111 iis
821 2069 945 2127 qua:
974 2057 1225 2126 exposita
1257 2066 1411 2121 sunt,
1457 2054 1510 2109 id
1558 2055 1643 2111 vel
1685 2056 1926 2111 maxime
1956 2072 2085 2112 sen-

512 2149 734 2203 tientem
757 2148 1125 2203 ostendimus.
1158 2145 1217 2201 ln
1242 2162 1305 2202 ea
1333 2146 1476 2202 enim
1506 2145 1765 2203 Oratione
1793 2163 1957 2217 quam
1986 2146 2085 2201 ha-

514 2240 629 2295 buit
658 2241 728 2295 ob
776 2240 994 2310 Plagam
1032 2239 1344 2309 grandinis,
1389 2239 1479 2293 ubi
1512 2237 1680 2294 futuri
1713 2239 1861 2297 illius
1911 2248 2085 2295 status

513 2331 785 2401 meminit,
818 2340 1191 2401 provocatque
1211 2331 1514 2396 auditores,
1538 2341 1599 2386 ut
1633 2332 1900 2387 memoria
1923 2346 2082 2387 reco-

514 2424 646 2490 lant,
698 2439 823 2493 qua:
874 2422 1056 2493 justos
1120 2432 1175 2478 et
1222 2423 1461 2491 injustas
1508 2433 1804 2493 exceptura
1867 2425 2086 2494 praemia

511 2518 660 2573 siut:
701 2516 916 2582 «Quis,»
962 2516 1161 2587 inquit,
1193 2516 1335 2571 «illic
1380 2524 1644 2585 patronus
1667 2516 1689 2569 i
1711 2530 1833 2587 qua
1862 2517 2085 2571 causifi-

511 2609 694 2667 catio‘i
724 2624 847 2680 quae
884 2608 1023 2664 falsa
1052 2607 1344 2663 defensio?
1375 2608 1521 2679 quod
1571 2609 1933 2665 artificiosum
1963 2625 2084 2664 ver-

511 2704 706 2759 borum
760 2702 1097 2758 lenocinium
1126 2702 1149 2755 ‘l
1178 2702 1401 2771 quando
1457 2716 1836 2774 proponentur
1876 2705 2082 2769 throni,

508 2805 564 2851 et
590 2795 864 2866 Antiquus
887 2795 1097 2849 dierum
1121 2795 1453 2863 praesidebit,
1487 2804 1541 2849 et
1579 2795 1700 2850 libri
1747 2798 2081 2863 aperientur,

508 2896 563 2941 et
600 2888 797 2955 igneus
824 2885 1024 2941 ﬂuvius
1047 2886 1295 2941 volvetur
1313 2885 1359 2917 ⁸³
1384 2902 1399 2951 ;
1432 2896 1487 2941 et
1522 2886 1611 2940 lux
1644 2902 1673 2941 a
1695 2888 1891 2953 fronte,
1912 2898 1964 2942 et
1986 2903 2083 2958 pa-

509 2986 643 3032 ratae
669 2978 908 3033 tenebrat
938 2978 985 3010 “
1004 3018 1020 3044 ,
1047 2987 1101 3033 et
1126 2976 1425 3048 precedent
1454 2978 1549 3048 qui
1586 2978 1725 3034 bona
1759 2980 2006 3035 fecerunt
2030 2982 2081 3035 in

510 3070 971 3128 resurrectionem
1016 3070 1210 3126 vitae“
1235 3109 1251 3136 ,
1308 3085 1453 3125 nunc
1488 3071 1541 3125 in
1590 3070 1812 3126 Christo
1847 3073 2081 3127 abscon-

508 3162 636 3216 dita:
661 3161 730 3227 “;
761 3162 855 3231 qui
881 3170 1063 3216 autem
1093 3160 1230 3215 mala
1261 3169 1512 3229 egerunt,
1538 3161 1593 3215 in
1626 3164 2080 3218 resurrectionem

504 3253 717 3322 judicii,
743 3268 852 3324 quo
884 3253 923 3307 ii
969 3254 1061 3323 qui
1103 3269 1211 3307 non
1242 3257 1473 3309 credunt
1506 3270 1533 3307 a
1566 3252 1742 3308 Verbo
1786 3269 1884 3311 eos
1932 3255 2081 3324 judi-

508 3352 686 3410 cante,
717 3344 829 3413 jam
851 3343 1204 3401 condemnati
1236 3356 1365 3398 sunt
1392 3344 1458 3397 ".
1490 3349 1671 3414 Atque
1698 3346 1822 3400 illos
1863 3347 2083 3415 quidem

510 3437 605 3491 lux
640 3435 901 3505 excipiet,
926 3447 1243 3508 sanctaque
1266 3452 1330 3492 ac
1356 3438 1521 3507 regiae
1548 3435 1859 3503 Trinitatis,
1892 3440 2086 3508 purius

508 3530 621 3598 jam
652 3544 717 3587 ac
764 3530 970 3588 clarius
1006 3530 1307 3595 illueentis,
1360 3540 1644 3598 tommque
1689 3543 1749 3583 se
1792 3545 1918 3584 cum
1971 3538 2085 3584 tota

513 3632 697 3679 mente
726 3622 1036 3691 miscentis,
1057 3623 1449 3694 contemplatio
1474 3624 1551 3695 (in
1570 3640 1676 3695 qua
1701 3640 1825 3695 ego,
1857 3623 1939 3678 vel
1971 3622 2085 3678 sola

513 3715 749 3769 maxime
771 3729 999 3785 regnum
1025 3717 1290 3771 caelorum
1311 3720 1547 3784 positum
1569 3730 1693 3771 esse
1714 3715 1958 3783 censeo),
1985 3714 2086 3770 hos

512 3818 693 3861 autem
719 3807 881 3861 simul
915 3821 1040 3861 cum
1074 3806 1217 3872 aliis,
1261 3806 1345 3859 vel
1392 3806 1576 3875 potius
1604 3815 1730 3860 ante
1758 3806 1887 3874 alia,
1940 3806 2084 3860 istud

512 3898 871 3964 excruciabit,
901 3898 1049 3967 quod
1080 3913 1109 3950 a
1160 3897 1269 3951 Deo
1295 3898 1523 3965 projeCti
1562 3899 1695 3961 sint,
1733 3908 1895 3969 atque
1927 3898 2084 3953 inus-

513 4001 622 4043 tam
654 3990 708 4043 in
741 3990 1077 4044 conscientia
1114 3989 1463 4058 sempiternae
1522 3989 1842 4059 ignominiaa
1894 3999 2079 4045 notam

512 4090 755 4148 gerant.»
792 4079 870 4132 En
901 4078 1201 4148 Gregorius
1226 4094 1444 4148 quoque
1502 4088 1819 4134 sanctorum
1853 4082 2081 4137 haeredi-

514 4180 680 4225 tatem
724 4185 851 4227 esse
883 4170 1041 4227 docet
1070 4172 1165 4226 Dei
1202 4172 1714 4241 contemplationem
1739 4214 1754 4239 ,
1796 4183 2083 4243 totumque

512 4279 638 4317 eum
670 4263 765 4319 toti
810 4263 977 4318 menti
1021 4263 1263 4332 misceri,
1295 4266 1438 4335 quod
1469 4275 1524 4319 et
1557 4280 1784 4335 regnum
1815 4266 2081 4321 caelorum

512 4362 695 4409 νοοοι.

2194 1887 2214 1921 ι
2250 1869 2391 1939 ὑπὲρ
2439 1870 2566 1924 νοῦν
2616 1871 2810 1927 ῑνωσιν
2842 1891 2862 1927 ι
2920 1876 3099 1943 καλεῖ,
3145 1880 3174 1932 6
3233 1880 3404 1948 μέγας
3450 1876 3695 1949 Γρηγόριος

2187 1962 2215 2015 6
2247 1960 2513 2031 Θεολόγος
2566 1963 2681 2035 (87)
2768 1983 2787 2017 ι
2833 1966 3117 2036 βασιλείαν
3166 1970 3405 2041 οὐρανῶν
3436 1989 3453 2022 ι
3509 1970 3695 2034 τίθεται,

2188 2053 2248 2106 δν
2282 2056 2379 2108 καὶ
2404 2056 2674 2127 πρότερον
2701 2058 2811 2112 ἀπὸ
2835 2059 2944 2113 τῶν
2973 2062 3310 2117 ἐκτεθέντων
3332 2061 3479 2117 τοῦτο
3494 2061 3698 2133 καὶμάὶα

2188 2145 2497 2213 φρονοῦντα
2554 2147 2896 2219 ἐδείκνυμεν.
2930 2150 3019 2204 Ἐν
3066 2151 3178 2223 γὰρ
3226 2150 3303 2221 τῷ
3358 2150 3553 2221 ῥηθέντι
3587 2150 3698 2217 λόγῳ

2187 2233 2277 2285 διὰ
2310 2234 2409 2304 τὴν
2441 2234 2657 2305 πληγὴν
2691 2237 2791 2307 τῆς
2840 2237 3109 2310 χαλάζης,
3169 2240 3268 2307 τῆς
3322 2240 3594 2310 μελλούσης
3621 2256 3698 2290 κιο

2190 2324 2504 2389 ταστάσεως
2566 2329 2943 2397 μεμνημένος,
3000 2330 3101 2383 καὶ
3156 2331 3283 2393 τοὺς
3327 2330 3579 2401 ἀκροατὰς
3628 2328 3698 2379 ἐπὶ

2186 2413 2286 2486 τὴν
2320 2416 2547 2485 μνήμην
2572 2419 3020 2488 προκαλούμενος
3055 2421 3169 2475 τῶν
3215 2419 3516 2490 μελλόντων
3561 2418 3699 2471 διαδέ-

2189 2504 2644 2572 ξασθαιδικαίους
2676 2509 2772 2563 καὶ
2802 2511 3047 2577 ἀδίκους,
3085 2533 3104 2565 ι
3135 2513 3230 2575 Τίς
3253 2511 3652 2584 συνήγοροῖὶκεῖν
3680 2527 3694 2558 ³

2186 2600 2343 2671 φησιν
2380 2618 2399 2652 ι
2462 2602 2592 2655 ποία
2635 2602 2858 2672 σκῆψις,
2915 2605 3000 2670 τίς
3057 2604 3271 2677 ’ψευδὴς
3314 2606 3576 2671 ἀπολογία,
3599 2601 3701 2653 ποία

2186 2692 2483 2764 πιθανότης
2506 2694 2775 2766 ἔντεχνος,
2806 2698 2973 2768 ἡνίκα
3013 2699 3199 2771 θρόνοι
3252 2699 3588 2770 προτίθενται,
3630 2695 3699 2746 καὶ

2189 2783 2425 2845 Παλαιὸς
2459 2787 2684 2854 ἡμερῶν
2720 2788 3150 2859 προκαθέζεται,
3182 2794 3277 2846 καὶ
3323 2789 3485 2860 βίδλοι
3540 2785 3700 2840 διανοί-

2186 2888 2398 2939 γονται,
2432 2877 2527 2928 καὶ
2558 2878 2818 2947 ποταμὸς
2839 2880 3012 2950 πυρὸς
3046 2882 3269 2935 ῑλκεται
3305 2883 3399 2935 καὶ
3421 2882 3477 2933 τὸ
3506 2880 3605 2949 φῶς
3622 2878 3701 2944 εμ-

2192 2963 2435 3031 προσθεν
2470 2964 2717 3046 (8ξ),καὶ
2738 2969 2799 3021 τὸ
2831 2971 3023 3035 σκότος
3055 2974 3487 3046 ἡτοιμασμένον·
3517 2969 3598 3024 καὶ
3628 2984 3701 3019 που

2190 3030 2438 3125 ρεύονται
2478 3030 2676 3114 Ἲοίτῖτά
2713 3063 2898 3131 ἀγα.θά
2953 3030 3409 3137 ποιησαντείείς
3458 3064 3701 3118 ἀνάστασιν

2111 3124 2150 3178 C
2189 3124 2353 3218 ζωῆς,
2407 3151 2509 3221 τῆς
2547 3154 2607 3206 ὲν
2665 3124 2887 3226 Χριστῷ
2921 3156 3016 3211 νῦν
3075 3124 3467 3231 κρυπτομένης,
3498 3156 3543 3210 οι
3573 3155 3619 3208 δὲ
3651 3154 3702 3205 τὰ

2188 3243 2369 3309 φαῦλα
2399 3244 2705 3314 πράξαντες
2745 3248 2824 3310 είς
2858 3248 3169 3305 ἀνάστασιν
3201 3252 3427 3323 κρίσεως
3460 3267 3475 3283 ο
3523 3250 3581 3319 ἢν
3625 3245 3699 3314 ἤδη

2188 3334 2342 3404 παρά
2370 3337 2462 3388 τοῦ
2498 3338 2777 3406 κρίνοντος
2810 3341 3009 3407 αὐτοὺς
3034 3346 3235 3413 ζΛόγου
3264 3345 3311 3397 oi
3366 3344 3435 3413 μὴ
3478 3336 3705 3394 πιστεύον-

2187 3442 2278 3487 τες
2312 3429 2739 3501 κατεκρίθησαν.
2774 3434 2884 3487 Καὶ
2908 3435 3037 3498 τοὺς
3076 3438 3180 3506 μὲν
3204 3438 3265 3491 τὸ
3295 3435 3404 3506 φῶς
3433 3433 3701 3501 διαδέχεται,

2188 3519 2283 3571 καὶ
2313 3521 2345 3589 ή
2374 3520 2473 3590 τῆς
2497 3522 2656 3591 ἁγίας
2680 3525 2775 3579 καὶ
2804 3526 3096 3599 βασιλικῆς
3122 3529 3328 3599 θεωρία
3374 3526 3596 3597 Τριάδσς,
3640 3520 3706 3572 ἑ).-

2187 3610 2513 3683 λαμπούσης
2543 3616 2873 3687 τρανότερόν
2925 3634 2985 3671 τε
3045 3622 3148 3674 καὶ
3208 3619 3585 3688 καθαρώτερον,
3636 3611 3705 3662 καὶ

2186 3704 2314 3773 ὅλης
2353 3705 2458 3776 ὅλῳ
2486 3705 2567 3760 νοῒ
2591 3709 2936 3781 μιγνυμένης
2958 3711 3051 3782 (ἣν
3084 3714 3149 3785 δὴ
3183 3715 3277 3767 καὶ
3306 3714 3466 3782 μόνην
3514 3706 3705 3777 μάλιστα

2187 3795 2466 3865 βασιλείαν
2492 3800 2736 3869 οὐρανῶν
2766 3800 2878 3869 ἐγὼ
2908 3804 3183 3876 τίθεμαι)ο
3216 3810 3329 3868 τοῖς
3378 3806 3431 3857 δὲ
3462 3800 3583 3873 μετά
3621 3796 3705 3848 τῶν

2186 3889 2362 3941 ἄλλων
2418 3888 2687 3958 βασάνων,
2737 3892 2942 3960 μᾶλλον
2996 3896 3057 3949 δὲ
3120 3898 3229 3968 πρὸ
3288 3898 3395 3950 τῶν
3457 3884 3705 3953 atomi

2186 3978 2527 4051 ἀπερῤίφθαι
2553 3982 2712 4049 Θεοῦ,
2749 3988 2907 4056 καὶὴ
2969 3987 3027 4040 έν
3076 3989 3155 4058 τῷ
3217 3987 3471 4043 συνειδότι
3522 3980 3705 4051 αίσχύνη

2185 4072 2358 4144 πέρας
2382 4075 2485 4127 οὐκ
2519 4074 2741 4146 ἔχουσα.
2779 4098 2797 4130 »
2843 4079 2975 4133 Ἰδοὺ
3009 4083 3108 4137 καὶ
3138 4077 3292 4147 οὗτος
3325 4083 3419 4152 τὴν
3450 4080 3547 4132 τῶν
3568 4074 3705 4141 diu"

2182 4165 2549 4236 κληρονομίαν
2586 4167 2685 4239 την
2710 4169 2804 4223 τοῦ
2826 4171 2960 4225 Θεοῦ
2992 4173 3235 4245 θεωρίαν
3281 4169 3423 4228 εἶναι
3474 4170 3705 4224 διδάσκει⁰

2183 4256 2277 4309 καὶ
2314 4257 2436 4310 ὅλον
2471 4257 2579 4328 ὅλῳ
2608 4258 2686 4328 τῷ
2718 4258 2799 4313 νοῒ
2847 4260 3180 4331 μίγνυσθαι,
3231 4265 3259 4317 ὃ
3284 4265 3346 4334 δὴ
3369 4264 3456 4316 καὶ
3479 4253 3707 4331 βασιλείαν

2184 4348 2431 4418 οὐρανῶν
2468 4348 2749 4420 ὀνομάζει.

584 4447 737 4503 llaud
776 4457 955 4503 tamen
1022 4448 1078 4501 in
1125 4447 1352 4503 dubium
1393 4421 1722 4514 vocandum,
1752 4449 1841 4519 qui
1871 4444 1987 4516 fiat,
2021 4458 2080 4505 ut

2256 4439 2329 4491 Οὐ
2385 4439 2571 4509 μέντοι
2621 4440 2849 4511 ἀπορεῖν
2885 4440 2985 4509 δεῖ,
3018 4444 3142 4507 πῶς
3198 4444 3439 4514 ὀψόμεθα
3484 4441 3564 4496 τὸν
3602 4432 3709 4488 0.6!

509 4540 653 4610 quod
714 4542 789 4595 ait
844 4540 1063 4607 Paulus,
1102 4558 1122 4593 ι
1164 4541 1302 4595 facie
1346 4542 1412 4595 ad
1442 4540 1640 4597 faciem
1671 4541 1717 4574 ⁸³
1754 4561 1772 4594 »
1805 4542 2086 4599 videamus

2192 4548 2212 4581 ε
2246 4531 2540 4601 πρόσωπον
2564 4531 2701 4601 πρὸς
2726 4533 3042 4608 πρόσωπον,
3082 4558 3101 4587 »
3132 4537 3208 4599 ὥς
3236 4554 3367 4606 φησι
3395 4532 3585 4592 Παῦλος
3602 4544 3615 4558 ’
3637 4523 3712 4579 καὶ

512 4629 682 4683 Deum
726 4630 993 4699 ;ipseque
1045 4628 1331 4694 Dominus,
1401 4649 1420 4681 ι
1485 4630 1635 4685 Beati
1663 4632 1868 4687 mundo
1896 4631 2081 4697 corde,

2187 4624 2215 4677 6
2249 4624 2473 4696 Κύριος,
2516 4643 2536 4677 ε
2574 4626 2852 4697 Μακάριοι
2882 4628 2932 4681 oi
2964 4630 3206 4701 καθαροὶ
3229 4635 3293 4701 τῇ
3330 4628 3608 4703 καρδίᾳ,ὅτι
3636 4622 3709 4675 αὖα

512 4718 768 4783 quoniam
823 4718 923 4784 ipsi
966 4716 1133 4772 Deum
1192 4718 1451 4772 videbunt
1503 4720 1570 4772 ".
1610 4737 1630 4772 »
1667 4719 1809 4776 Sane
1864 4721 2083 4790 quidem

2187 4715 2269 4768 τοὶ
2289 4716 2380 4768 τὸν
2429 4715 2565 4771 Θεὸν
2611 4716 2853 4787 ὄψονται.
2906 4737 2925 4771 ι
2997 4720 3279 4792 Ὀψόμεθα
3319 4722 3417 4793 μὲν
3460 4722 3576 4789 γὰρ,
3605 4712 3712 4769 ἀλλὰ

512 4811 820 4867 videbimus
852 4826 952 4882 pro
977 4826 1044 4866 eo
1068 4822 1248 4866 tamen
1277 4826 1344 4866 ac
1403 4812 1599 4869 mentis
1629 4824 1831 4868 nostrae
1857 4813 2086 4870 facultas

2188 4806 2370 4871 καθὼς
2399 4807 2478 4879 τῷ
2535 4809 2790 4881 ἡμετέρῳ
2823 4810 2902 4880 νῷ
2953 4812 3204 4879 δυνατδν,
3246 4815 3388 4869 κατά
3411 4814 3468 4865 τὸ
3495 4810 3709 4871 ἀνάλογον

513 4904 737 4973 patitur,
766 4914 971 4975 quanta
1033 4904 1246 4959 scilicet
1283 4912 1469 4957 nostra
1519 4905 1881 4974 c0gnoscendi
1910 4906 1994 4961 vis
2021 4921 2086 4962 ac

2188 4902 2510 4971 γνωστικόν.
2565 4902 2681 4956 Νῦν
2710 4903 2812 4974 μὲν
2841 4906 2950 4976 γὰρ
2976 4908 3035 4961 ὲν
3058 4912 3245 4972 σκιαῖς
3269 4909 3364 4963 καὶ
3390 4913 3445 4960 ὲν
3476 4904 3711 4970 αίνξγμασι

511 4996 873 5067 intelligendi.
930 4993 1085 5049 Nunc
1139 4993 1357 5064 quidem
1411 4994 1463 5048 in
1501 4995 1708 5049 umbris
1758 4994 2004 5051 videmus
2031 5007 2085 5050 et

2192 4991 2483 5063 βλέπομεν,
2515 4992 2656 5064 ἅπερ
2686 4994 2714 5047 6
2751 4993 2913 5061 αὐτὸς
2946 4997 3252 5070 Γρηγόριος
3285 5002 3313 5054 6
3342 4997 3579 5065 Θεολόγος
3599 5007 3709 5059 TW”

586 5182 629 5213 “
657 5180 677 5234 ι
704 5180 832 5237 Cor.
866 5194 990 5244 ιιιι,
1034 5178 1123 5233 ιε.
1199 5177 1246 5210 ⁸⁸
1278 5178 1298 5231 l
1330 5174 1485 5234 Joan.
1529 5192 1616 5242 ιιι,
1640 5176 1697 5230 2.
1789 5178 1834 5209 ⁸³
1867 5178 2002 5232 Dan.
2030 5180 2124 5243 vit,
2151 5180 2205 5240 9,
2226 5179 2317 5235 58.

2416 5179 2462 5212 “
2492 5179 2629 5239 Jocl.
2654 5182 2824 5249 ",25.

514 5267 596 5319 ιιι,
629 5252 682 5306 5.
762 5254 804 5283 θ’
836 5248 996 5305 Joan.
1023 5264 1105 5315 Ill,
1137 5247 1223 5303 l8.
1304 5248 1348 5280 ⁵⁸
1376 5246 1394 5300 l
1423 5247 1549 5303 Cor.
1584 5256 1702 5312 xm,
1734 5246 1821 5303 12.
1898 5249 1943 5280 ⁶⁹
1978 5247 2086 5303 Mat

2205 5266 2258 5315 ν,
2293 5252 2347 5307 8.

2940 5185 2984 5217 ⁸⁸
3008 5183 3171 5242 Joan.
3213 5202 3268 5252 ν,
3312 5184 3401 5240 29.
3472 5176 3706 5233 “Coloss.

585 5432 699 5513 (ius!)
740 5431 891 5513 grat.
923 5432 1011 5513 ιε.
1040 5502 1065 5512 _
1157 5504 1179 5513 _
1401 5506 1422 5513 Α
1571 5502 1609 5513 ﬁ
1662 5512 1667 5513 γ
1800 5502 1832 5513 Α
2199 5435 2403 5497 lmncn,
2434 5436 2578 5503 quod
2606 5439 2677 5493 sit
2700 5438 2767 5493 ad
2801 5450 3191 5513 torquendum,
3222 5459 3349 5500 eum
3382 5443 3493 5513 ipso
3522 5440 3625 5510 igne
3646 5429 3704 5486 sic

585 5502 700 5578 (88)
739 5503 847 5578 Kgl
881 5502 1109 5578 t_6_gao'tc
1147 5504 1515 5578 ἔμπροσθε-ν.
1571 5502 1761 5578 Putem
1794 5502 1955 5578 Greg.
2001 5521 2087 5578 r_e-
2195 5502 2519 5578 torquente;
2570 5518 2772 5575 paratae
2820 5502 2985 5567 etiam
3036 5502 3299 5578 tenebrae,
3330 5502 3443 5570 dies
3483 5502 3563 5564 illa
3594 5514 3707 5560 tene-

514 5570 758 5650 speaisse
785 5570 1060 5650 illud_JOel
1086 5570 1151 5650 tt,
1175 5570 1394 5650 dixe).
1426 5572 1733 5650 ἔμπροσθεν
1762 5570 1929 5650 αὐτοῦ
1972 5575 2083 5650 πῦρ

2191 5570 2412 5650 brorum
2447 5570 2509 5629 et
2530 5570 2797 5650 caliginis.
2828 5580 3023 5639 Matth.
3053 5570 3182 5650 xxv,
3213 5570 3308 5649 54,
3336 5584 3471 5649 ignis
3496 5583 3705 5650 intermisi

512 5640 805 5725 ἀναλίσκον
835 5659 849 5722 ς
892 5643 1003 5723 sive
1041 5644 1156 5711 φῶς
1184 5643 1260 5725 illi
1295 5640 1687 5723 obrep’sit'loco
1728 5640 2080 5725 πυρὸςηείνέι

2187 5645 2275 5725 qui
2318 5646 2434 5713 ipse
2460 5640 2711 5715 tenebrae,
2738 5651 2954 5710 diabolo
2981 5640 3207 5725 paratus
3236 5640 3435 5713 dicitur
3463 5660 3513 5709 et
3540 5640 3704 5715 ιιιιιειπε

514 5716 582 5768 de
618 5712 888 5767 industria
919 5713 989 5767 ita
1026 5716 1290 5779 mutavit;
1334 5714 1484 5782 quasi
1516 5728 1614 5782 pro
1642 5712 1828 5769 eodem
1871 5715 2077 5773 habens
2182 5712 2351 5786 ejus.’
2699 5712 2705 5715 ⁷
2888 5740 2889 5743 η
