3916 6204
224 247 320 308 653

1198 251 1294 310 DE
1337 248 1763 313 PRINCIPIIS
1800 250 2005 311 FlDEI
2050 248 2524 314 CATHOLICAE.

3339 253 3448 320 654

221 364 453 431 ρίσματα
482 355 577 412 τοῦ
603 357 740 412 Θεοῦ
774 359 910 427 μετά
939 358 1073 413 Θεδν
1105 357 1288 425 ἔλεγεν
1313 361 1370 411 ἐν
1403 361 1513 422 τοῖς
1544 362 1779 430 θεολογι-

1901 363 2213 431 ruigmatis,
2244 377 2364 432 qua:
2397 360 2538 414 idem
2575 358 2869 429 Gregorius
2906 358 3213 433 Theologus
3240 365 3450 421 oratio-

219 455 325 515 κοῖς
375 450 543 503 αὐτοῦ
598 450 782 517 λόγοις
816 450 927 519 (89)
948 466 965 482 ο
1018 451 1334 521 ἑρμηνεύων
1363 450 1418 503 δὲ
1446 454 1541 503 καὶ
1568 451 1687 503 τίνα
1715 452 1781 504 τὰ

218 539 569 610 γνωρίσματα
628 539 839 601 ταῦτα,
917 541 1415 610 ἐπιφωνηματικῶς
1478 542 1779 611 ἐπήγαγεν,

224 651 242 685 ι
273 633 486 700 Ὥσπερ
538 631 595 683 αί
648 630 770 684 καθ’
826 630 1032 684 ὑδάτων
1059 632 1213 702 ἡλίου
1250 634 1399 685 σκιαὶ
1450 634 1542 684 καὶ
1576 633 1784 695 εἰκόνες

223 723 445 792 σαθραῖς
473 722 629 790 ὄψεσι
659 722 1092 792 παραδεικνῦσαι
1114 724 1205 775 τὸν
1234 723 1409 793 ἥλιον,
1437 724 1560 776 ἐπεὶ
1583 723 1658 794 μὴ
1688 725 1785 777 αύ-

222 811 308 864 τὸν
338 810 710 881 προσϐλέπειν
747 807 860 864 οἷόν
909 827 990 874 τε,
1040 811 1120 880 τῷ
1154 813 1449 881 ἀκραιφνεῖ
1489 813 1584 866 τοῦ
1607 813 1784 882 φωτὸς

220 902 449 954 νικῶντα
480 900 578 970 τὴν
612 901 867 970 αἴσθησιν
887 918 900 933 ’
941 921 959 953 ι
1001 903 1123 955 τότε
1155 904 1209 956 δὲ
1243 904 1343 957 οὐκ
1373 907 1432 957 ὲν
1473 907 1651 968 σκιαῖς
1673 904 1785 958 οὐδ’

220 995 273 1045 ἐν
296 993 635 1062 αἰνιγμασιν,
669 994 787 1047 ἀλλ’
834 995 997 1049 αὑτὸν
1029 996 1121 1049 τὸν
1165 997 1320 1061 Θεὸν,
1351 996 1534 1060 καθὼς
1558 999 1607 1049 οἱ
1636 998 1785 1065 ἆγιοί

224 1102 411 1154 ιεασιν,
433 1087 493 1138 οὔ
519 1086 736 1149 τελείως
763 1086 863 1157 τὴν
886 1088 1074 1142 οὐσίαν
1097 1086 1263 1141 αὐτοῦ
1293 1089 1699 1149 κατανοοῦντες,
1722 1089 1784 1142 οὐ

221 1178 324 1246 γὰρ
376 1177 573 1247 ἔχομεν
615 1178 678 1230 τὸ
726 1178 987 1245 ἀνάλογον
1020 1182 1353 1247 γνωστικόνο
1411 1176 1446 1249 ἦ
1487 1182 1594 1250 γὰρ
1645 1176 1787 1249 ἦμεν

220 1268 340 1321 Θεοὶ
367 1270 491 1321 κατ’
523 1269 712 1330 αὑτὸν.
739 1270 965 1340 ἄναρχοι
997 1274 1092 1324 καὶ
1120 1271 1335 1342 ἄπειροι
1363 1273 1457 1325 καὶ
1483 1272 1788 1342 ἀπερίγρα-

222 1377 344 1412 πτοι
378 1362 475 1413 καὶ
507 1360 727 1425 τέλειοι,
763 1363 1122 1429 γινώσκοντες
1155 1363 1318 1416 αὐτὸν
1363 1364 1438 1426 ὡς
1466 1364 1626 1426 αὐτὸς
1659 1365 1787 1418 ἑαυ-

218 1452 327 1503 τόν.
403 1451 545 1503 Ἀλλ’
582 1451 754 1516 οὕτως
789 1452 1058 1521 ὀψόμεθα,
1093 1454 1281 1523 ὥσπερ
1336 1457 1463 1508 ὅταν
1512 1455 1574 1507 τὸ
1631 1455 1788 1526 ὄμμα

221 1542 358 1611 πρὸς
379 1542 472 1595 τὸν
492 1543 647 1614 ἥλιον
673 1544 1061 1615 ἀνατείνωμεν,
1109 1546 1209 1609 τὰς
1241 1533 1297 1598 ἐν
1324 1549 1437 1607 τοῖς
1468 1545 1657 1601 ὕδασιν
1686 1549 1788 1600 αύ-

219 1632 314 1685 τοῦ
349 1635 509 1693 σκιὰς
545 1634 906 1703 ὑπερϐάντες.
936 1636 1069 1689 Τότε
1100 1636 1198 1706 μὲν
1225 1636 1335 1706 γὰρ
1365 1636 1456 1689 τὸν
1485 1637 1637 1707 ἥλιον
1662 1636 1785 1707 βλέ-

221 1741 345 1778 πειν
369 1723 623 1794 εἴποιμεν
646 1725 713 1778 ἂν
737 1724 916 1796 ὀρθῶς
935 1740 952 1758 ο
987 1726 1048 1779 οὐ
1086 1726 1193 1796 μὴν
1232 1727 1480 1796 ἀκριϐῶς
1502 1724 1665 1781 αὐτὸν
1689 1743 1788 1780 κα-

219 1816 459 1879 τανοεῖν,
509 1813 635 1868 οὔτε
686 1815 748 1869 τδ
783 1815 1035 1884 μέγεθος,
1085 1815 1207 1870 οὔτε
1235 1817 1335 1888 τὴν
1363 1818 1573 1882 ούσίαν,
1613 1816 1793 1870 καὶτὸ

221 1906 581 1975 ὑποκείμενον
628 1906 689 1960 τδ
743 1905 987 1960 δεκτικὸν
1025 1907 1123 1961 τοῦ
1157 1909 1334 1977 φωτός
1356 1925 1371 1940 ο
1421 1907 1548 1961 οὔτε
1578 1909 1648 1962 τὰ
1673 1908 1793 1962 κατ’

222 2000 383 2053 αὐτὸν
404 2000 608 2061 πάντα,
650 1999 710 2065 ἐξ
736 1993 808 2055 ὧν
837 1998 1092 2062 σύνθετός
1125 2002 1276 2055 ἐστιν
1299 2017 1313 2032 ο
1348 2002 1498 2070 ὅμως
1525 1999 1795 2069 λεγόμεθα

223 2092 439 2162 βλέπειν
476 2092 568 2145 τὸν
598 2091 773 2161 ἥλιον.
832 2092 945 2146 Καὶ
971 2091 1128 2145 τοῦτο
1169 2091 1270 2160 μὲν
1322 2092 1398 2155 ὡς
1443 2092 1794 2162 παράδειγμα

222 2182 475 2249 είληπται
494 2197 509 2212 ·
535 2181 660 2236 ὅθεν
698 2182 822 2235 οὐδὲ
858 2182 927 2235 τὰ
956 2168 1148 2236 τούτου
1178 2183 1275 2236 καὶ
1298 2184 1392 2235 ἐπὶ
1415 2182 1550 2236 Θεοῦ
1573 2181 1789 2252 λαμϐά-

222 2291 333 2327 νειν
364 2274 447 2327 δεῖ
495 2275 696 2341 πάντα,
726 2275 816 2328 ῐνα
852 2274 928 2346 μὴ
963 2275 1096 2344 πρὸς
1128 2276 1239 2338 τοῖς
1273 2273 1454 2337 ἄλλοις
1508 2275 1601 2328 καὶ
1631 2290 1789 2343 περι·
1816 2328 1819 2331 _

224 2367 470 2437 γραπτὸν
485 2367 578 2419 τὸν
607 2366 742 2419 Θεὸν
771 2365 1194 2437 φαπασθῶμεν.

1888 454 2046 507 nibus
2097 454 2215 506 suis
2266 451 2580 521 theologicis
2622 450 2855 514 dicebat,
2893 470 2912 503 ι
2951 453 3042 507 Dei
3080 455 3319 511 numinis
3350 471 3448 526 po-

1886 545 2114 599 steriora
2168 541 2278 597 Deo
2308 542 2537 609 indicia;
2582 561 2601 593 ι
2632 556 3023 614 exponensque
3049 560 3297 614 quaenam
3334 547 3454 603 luce

1885 631 2231 701 intelligenda
2299 629 2521 693 indicia,
2586 631 2735 685 velut
2791 632 3119 687 sententiam
3185 633 3449 689 claudens

1886 726 2163 794 subjecit:
2215 743 2233 776 ι
2291 722 2407 778 Non
2448 738 2605 791 secus
2655 723 2907 778 videlicet
2952 739 3015 778 ac
3048 725 3181 779 solis
3217 726 3269 779 in
3297 727 3451 795 aquis

1885 818 2091 872 umbrae
2142 826 2306 885 atque
2365 814 2655 869 simulacra
2725 814 2958 870 inﬁrmis
3046 816 3222 870 oculis
3281 817 3451 871 solem

1886 917 2277 977 reprzcsentant
2325 923 2339 961 :
2391 905 2833 975 quandoquidem
2889 922 3013 962 eum
3060 907 3275 961 obtucri
3306 923 3451 978 'non

1885 1014 2199 1069 possumus,
2247 1006 2428 1065 utpote
2482 996 2622 1051 lueis
2661 997 2910 1087 puritate
2962 1013 3180 1054 sensum
3237 998 3451 1051 omnem

1887 1099 2253 1160 superantem.
2301 1107 2319 1139 ι
2382 1084 2536 1142 Tunc
2583 1084 2710 1142 vero
2766 1103 2874 1143 non
2932 1090 2989 1143 in
3031 1088 3363 1143 nmbrisnec
3398 1088 3455 1143 in

1886 1180 2210 1249 aanigmatis,
2247 1180 2340 1231 sed
2373 1178 2549 1247 ipsum
2578 1176 2771 1245 Deum,
2798 1178 2876 1232 uti
2897 1177 3195 1248 loquuntur
3231 1177 3452 1242 Sancti;

1891 1290 1996 1328 non
2055 1270 2454 1344 ejus‘perfeete
2509 1281 2847 1341 perspectam
2902 1271 3166 1327 habentes
3199 1270 3457 1326 substan-

1890 1366 2018 1418 tiam
2052 1381 2065 1416 :
2111 1379 2216 1417 non
2248 1362 2392 1416 enim
2428 1375 2489 1416 ea
2528 1361 2722 1416 mentis
2751 1370 2949 1416 nostra:
2978 1363 3061 1416 vis
3082 1371 3184 1427 est,
3229 1370 3288 1415 ut
3311 1359 3458 1430 pari-

1888 1455 1991 1509 bus
2033 1454 2108 1507 illi
2165 1452 2340 1506 modis
2379 1450 2728 1517 respondeat,
2772 1450 2975 1521 alioqui
3012 1450 3156 1505 haud
3189 1464 3345 1504 secus
3395 1462 3461 1502 ac

1894 1546 1984 1601 ille
2028 1544 2100 1599 dii
2130 1559 2400 1606 essemus,
2429 1543 2683 1613 principii
2730 1553 3003 1612 expertes,
3029 1541 3250 1607 inﬁniti,
3289 1540 3465 1596 incin-

1890 1635 2233 1705 cumscripti,
2280 1634 2530 1704 perfecti,
2564 1634 2741 1703 ipsum
2797 1641 3211 1704 cognoscentes,
3257 1641 3315 1687 ut
3347 1633 3462 1703 ipse

1890 1733 2130 1798 seipsum
2177 1727 2463 1797 cognoscit
2509 1744 2523 1782 :
2564 1726 2658 1781 sed
2693 1727 2773 1782 sic
2802 1741 2925 1781 eum
2957 1725 3287 1790 videbimus,
3316 1725 3463 1780 velut

1890 1833 2014 1874 cum
2046 1820 2315 1888 superatis
2345 1832 2465 1887 qua:
2494 1816 2549 1871 in
2578 1817 2734 1887 aquis
2779 1824 3017 1882 exstant,
3072 1815 3202 1871 solis
3230 1815 3462 1879 umbris,

1892 1909 1946 1964 in
1973 1910 2147 1979 ipsum
2206 1908 2395 1965 oculos
2453 1908 2623 1963 solem
2672 1908 3093 1963 intenderimus.
3124 1904 3281 1962 Tunc
3311 1906 3462 1961 enim

1892 2010 2035 2055 recte
2066 2000 2312 2054 dicamur
2338 1999 2521 2055 videre
2548 1999 2754 2066 solem;
2781 2000 2996 2055 tametsi
3035 2012 3163 2055 eum
3220 1995 3465 2068 perfecte

1891 2108 2000 2146 non
2035 2092 2452 2162 perspiciamus,
2472 2106 2572 2147 nec
2606 2101 2808 2162 quanta
2835 2091 2953 2161 ejus
2994 2090 3336 2161 magnitudo,
3366 2104 3466 2146 nec

1896 2195 2096 2256 quanta
2133 2184 2438 2241 substantia
2488 2198 2553 2240 ac
2603 2184 2947 2254 suppositum
2988 2184 3163 2239 lucem
3209 2192 3465 2254 gestans;

1896 2292 1995 2331 nec
2034 2277 2266 2346 denique
2298 2284 2503 2345 quanta
2534 2276 2653 2344 ejus
2686 2275 2891 2340 omnia,
2924 2291 2990 2331 ex
3016 2275 3218 2345 quibus
3237 2290 3464 2346 compo-

1895 2369 2031 2423 situs
2060 2376 2165 2422 est.
2191 2367 2256 2422 Et
2287 2366 2388 2422 hoc
2410 2366 2630 2436 quidem
2684 2366 2831 2421 velut
2873 2368 3182 2438 exemplum
3216 2382 3472 2435 assump-

224 2475 336 2520 tum
392 2474 509 2533 est;
568 2464 712 2519 unde
768 2479 870 2522 nec
917 2464 1036 2536 ejus
1089 2465 1271 2524 omnia
1298 2472 1353 2521 et
1387 2465 1441 2521 in
1478 2463 1588 2519 Deo
1635 2463 1946 2533 usurpanda
1990 2472 2138 2529 sunt,
2200 2477 2269 2518 ne
2314 2472 2508 2535 przetcr
2574 2463 2701 2530 alia,
2767 2462 2929 2519 etiam
2991 2463 3161 2519 Deum
3230 2463 3474 2520 cireum-

225 2561 485 2630 scriptum
516 2561 907 2632 intelligamus.

290 2654 572 2724 Μακάριοι
619 2657 799 2708 τοίνυν
858 2655 1117 2727 ἐσόμεθα,
1164 2655 1248 2709 ὅτι
1299 2655 1326 2709 δ
1372 2656 1433 2710 οὐ
1498 2655 1789 2727 βλέπομεν,

224 2744 610 2813 ἀναμφιϐόλως
639 2745 990 2815 πιστεύομεν.
1026 2748 1126 2802 Διά
1158 2746 1269 2818 γάρ
1311 2750 1409 2818 τῆς
1438 2748 1673 2810 πίστεως
1702 2747 1793 2798 ἐπὶ

226 2834 321 2904 τὴν
353 2835 595 2905 ἄρρητον
619 2836 717 2905 τῆς
746 2836 906 2905 ἁγίας
947 2838 1176 2905 Τριάδος
1210 2839 1627 2907 καταντήσομεν
1660 2836 1795 2889 θεω-

230 2926 375 2995 ρίαν,
408 2929 500 2979 καὶ
527 2927 621 2979 τὸν
645 2927 778 2981 Θεὸν
804 2926 1070 2997 ὀψόμεθα,
1104 2929 1246 2982 κατὰ
1280 2929 1378 2999 τὴν
1419 2926 1511 2980 τοῦ
1542 2927 1795 2998 Σωτῆρος

229 3016 524 3086 ὑπόσχεσιν
544 3034 559 3047 ·
594 3017 685 3069 ὅτε
714 3018 879 3071 αὐτὸν
902 3017 1115 3087 ἔχοντες
1136 3018 1197 3071 τὸ
1227 3018 1455 3087 ἔσχατον
1482 3016 1706 3085 ἀγαθὸν,
1735 3016 1796 3068 οὐ

225 3106 527 3176 δεησόμεθα
550 3108 728 3171 τινός·
762 3108 899 3162 ἀλλὰ
948 3108 1379 3179 πλησθησόμεθα
1401 3109 1544 3180 ζωῆς
1574 3108 1798 3161 αίωνίου

230 3198 321 3250 καὶ⁵
336 3200 513 3267 χαρᾶς
540 3199 639 3251 καὶ
670 3199 1069 3266 ἀγαλλιάσεως,
1105 3200 1243 3253 καθὸ
1278 3201 1519 3270 πέφυκεν
1547 3200 1797 3262 ἕκαστος,

231 3294 371 3342 κατά
397 3290 497 3361 τὴν
530 3290 832 3356 ἀναλογίαν
864 3292 1104 3355 πίστεως
1147 3292 1239 3346 καὶ⁵
1288 3293 1381 3346 τοῦ
1411 3293 1658 3361 καμάτου
1705 3292 1802 3344 αύ-

234 3377 340 3431 τῶν
361 3395 379 3412 ν
408 3380 500 3433 καὶ
533 3382 645 3451 γὰρ
678 3383 845 3451 μονὰς
876 3382 1080 3445 πολλὰς
1124 3384 1275 3451 παρὰ
1306 3381 1383 3452 τῷ
1414 3382 1531 3450 Θεῷ
1563 3379 1804 3450 ἡκούσα-

234 3483 330 3536 μεν
366 3462 544 3522 εἶναι·
594 3472 671 3539 μὴ
724 3470 844 3524 κατ’
873 3472 1056 3539 ὀλίγον
1096 3470 1406 3529 τὸ,δυνατδν
1432 3473 1565 3542 ἡμῖν
1593 3468 1805 3541 λαμϐά-

231 3577 438 3625 νοντες,
468 3563 632 3632 ἀτελῆ
683 3562 778 3616 καὶ
811 3564 947 3631 μετά
976 3563 1156 3634 λύπης
1198 3563 1298 3635 τὴν
1332 3564 1559 3617 αίωνίαν
1589 3562 1805 3631 ἐκείνην

232 3648 467 3720 θεωρίαν
499 3652 595 3705 τοῦ
649 3654 786 3708 Θεοῦ
830 3656 923 3708 καὶ
950 3655 1251 3709 ἀπόλαυσιν
1280 3653 1515 3724 ἔχωμεν,
1552 3655 1647 3706 καὶ
1684 3651 1806 3722 μετ’

229 3740 444 3807 ἐλπίδος
474 3746 569 3798 καὶ
600 3747 837 3813 ἐφέσεως
868 3748 1030 3799 κάκεῖ
1065 3747 1319 3816 ζήσωμεν
1339 3761 1355 3778 θ
1383 3747 1479 3798 καὶ
1512 3746 1633 3797 τότε
1662 3761 1803 3814 συμ-

233 3831 465 3902 ϐήσεται
496 3838 631 3907 ἡμῖν
658 3837 876 3906 ἔχουσιν
903 3837 1067 3891 αὐτὸν
1099 3837 1191 3889 τὸν
1219 3837 1373 3901 Θεὸν,
1405 3832 1466 3891 οὖ
1495 3841 1804 3905 γενομένοις

236 3930 420 3998 πάσης
453 3929 688 3997 θεωρίας
727 3930 1056 3995 ἀνάπαυσις,
1086 3930 1224 4000 ὅπερ
1246 3930 1275 3982 ὁ
1299 3929 1591 3998 Προφήτης
1617 3926 1804 3996 φησιν,

243 4039 262 4072 ι
310 4022 371 4075 '0
402 4020 462 4075 δὲ
486 4022 693 4083 δίκαιος
725 4022 790 4075 ὲκ
821 4021 1055 4085 πίστεως
1075 4021 1321 4092 ζήσεται.
1358 4041 1376 4074 ι

838 4277 1194 4332 ευιΑοΓοΣ.

1968 2652 2116 2706 Beati
2150 2667 2280 2720 ergo
2321 2650 2548 2713 erimus,
2606 2650 2824 2720 quodid
2855 2650 2999 2718 quod
3046 2664 3150 2703 non
3205 2649 3474 2703 videmus.

1902 2747 2038 2802 citra
2068 2759 2284 2799 omnem
2319 2742 2714 2798 dubitationem
2769 2741 3131 2796 credimus".
3174 2740 3277 2794 Per
3312 2741 3473 2795 ﬁdem

1898 2838 2066 2900 enim,
2100 2834 2164 2887 ad
2202 2849 2458 2888 arcanam
2497 2842 2701 2888 sanctae
2737 2830 3023 2888 Trinitatis
3058 2833 3477 2901 contemplatio-

1903 2942 2023 2981 nem
2059 2924 2430 2988 dcveniemus,
2484 2922 2790 2992 Deumque,
2819 2921 2974 2990 juxta
3018 2922 3163 2991 quod
3226 2923 3479 2977 Salvator

1904 3018 2176 3088 pollicitus
2206 3015 2362 3082 est",
2394 3015 2565 3070 visuri
2595 3030 2785 3070 sumus
2812 3015 3054 3083 ;quando
3087 3015 3201 3082 ipsa
3236 3016 3477 3083 supremi

1907 3109 2043 3163 Boni
2077 3108 2424 3178 possessiOne
2457 3107 2626 3168 beati,
2651 3107 2852 3161 nullius
2879 3107 3200 3177 egebimus;
3238 3112 3331 3162 sed
3367 3107 3478 3160 vita
3562 3122 3572 3127 ί

1912 3207 2115 3254 aeterna
2143 3206 2199 3253 et
2232 3198 2428 3267 gaudio
2462 3209 2517 3252 et
2551 3198 2930 3261 exsultatione,
2958 3211 3057 3266 pro
3094 3211 3158 3250 eo
3181 3211 3244 3250 ac
3279 3198 3478 3266 cuique

1903 3303 2276 3362 comparatum
2326 3298 2434 3354 est,
2486 3306 2584 3358 pro
2616 3289 2740 3343 ﬁdei
2804 3300 3003 3345 nostra;
3054 3289 3268 3345 ratione
3315 3298 3478 3358 atque

1908 3382 2130 3443 laboris,
2191 3380 2553 3450 implebimur.
2625 3379 2840 3434 Etenim
2900 3381 3215 3434 mansiones
3278 3379 3479 3434 multas

1906 3473 2045 3540 apud
2075 3470 2241 3525 Deum
2276 3486 2397 3524 esse
2423 3471 2830 3536 audivimus";
2867 3485 2932 3523 ne
2957 3471 3216 3539 paulatim
3250 3470 3300 3524 id
3321 3470 3481 3540 cujus

1907 3577 2136 3631 capaces
2176 3576 2367 3615 sumus
2423 3561 2773 3628 accipientes,
2839 3560 3213 3630 imperfectam
3276 3570 3477 3615 etcum

1912 3661 2145 3701 maerore
2177 3647 2476 3701 habeamus
2510 3658 2769 3702 aeternam
2805 3647 2951 3701 illuni
2986 3648 3079 3703 Dei
3136 3648 3480 3718 contempla-

1909 3739 2107 3793 tionem
2137 3752 2200 3791 ac
2224 3738 2649 3806 jucunditatem,
2680 3751 2841 3807 atque
2864 3739 2971 3792 illic
2997 3740 3162 3793 etiam
3196 3754 3292 3807 spe
3331 3740 3479 3794 desi-

1906 3829 2165 3899 derioque
2217 3830 2380 3883 vitam
2438 3838 2811 3885 sustentcmus
2864 3846 2881 3882 :
2942 3839 3165 3900 tumque
3200 3832 3479 3900 continget

1909 3921 2069 3976 nobis
2105 3921 2273 3976 Deum
2304 3921 2869 3990 ipsum'habentibus,
2928 3922 3087 3993 cujus
3130 3923 3288 3979 nobis
3342 3924 3478 3978 ade-

1911 4014 2099 4082 ptione
2170 4015 2351 4068 omnis
2414 4013 2652 4067 sedanda
2712 4015 3098 4084 contemplatio
3161 4026 3268 4079 est,
3334 4016 3478 4085 quod

1911 4106 2175 4175 propheta
2246 4107 2320 4159 ait
2392 4124 2405 4159 :
2484 4125 2503 4156 ‹
2578 4104 2766 4159 Justus
2835 4117 3013 4161 autem
3085 4122 3149 4162 ex
3222 4107 3324 4161 ﬁde
3396 4109 3483 4162 vi-

1910 4208 1994 4253 vet
2033 4199 2096 4252 ⁷³.
2141 4217 2160 4248 ι

2472 4287 2889 4344 PERORATIO.

307 4367 424 4421 Ἵνα
481 4371 663 4423 τοίνυν
720 4370 813 4423 ἐπὶ
866 4371 926 4423 τὸ
972 4371 1324 4438 ἐλπιζόμενον
1374 4374 1796 4442 καταντήσωμεν

1980 4382 2048 4437 Ut
2072 4383 2231 4452 igitur
2259 4383 2323 4434 ad
2364 4384 2559 4435 bonum
2585 4382 2639 4434 in
2667 4396 2761 4450 spe
2794 4382 2950 4436 nobis
2979 4383 3270 4452 repositum
3295 4398 3485 4452 perve-

232 4464 461 4526 ἁγαθὸν,
495 4463 790 4530 ὀφείλομεν
817 4462 1099 4514 πιστεύειν
1137 4466 1232 4516 καὶ
1264 4463 1516 4533 βεϐαίως
1548 4467 1804 4534 κατέχειν

225 4558 293 4603 τὰ
319 4552 570 4620 δόγματα
596 4554 696 4621 τῆς
727 4554 887 4621 ἀγίας
917 4553 1010 4606 τοῦ
1036 4554 1169 4607 Θεοῦ
1198 4554 1545 4627 Ἐκκλησίας,
1564 4557 1630 4626 ἣν
1650 4558 1803 4627 μίαν,

225 4645 421 4710 ἁγίαν,
472 4644 769 4714 καθολικὴν
824 4647 915 4697 καὶ
971 4647 1339 4719 άποστολικὴν
1391 4651 1802 4721 ὁμολογοῦμεν

224 4736 330 4787 ὅσα
366 4740 499 4805 περὶ
527 4737 622 4790 τοῦ
678 4738 796 4801 ἑνὸς
828 4740 927 4793 καὶ
958 4743 1395 4810 τρισυποστάτου
1427 4742 1563 4796 Θεοῦ
1604 4744 1809 4813 κηρύτ-

224 4844 311 4879 τει
338 4846 353 4859 ν
393 4830 495 4881 ὅσα
528 4846 587 4882 τε
622 4831 752 4900 περὶ
779 4832 874 4900 τῆς
906 4833 1219 4901 οἰκονομίας
1259 4835 1353 4887 καὶ
1379 4835 1478 4904 τῆς
1507 4836 1807 4905 μελλούσης

230 4919 592 4985 ἀναστάσεως
650 4922 896 4975 διδάσκει
920 4940 935 4955 ο
972 4925 1065 4978 καὶ
1092 4924 1269 4979 πάντα
1318 4925 1611 4995 φυλάττειν
1645 4927 1811 4993 ὑγιῶς

228 5011 326 5061 καὶ
362 5012 625 5080 γνησίως,
670 5015 808 5084 μήτε
851 5015 993 5069 κατά
1016 5016 1115 5086 τὴν
1140 5020 1343 5081 πίστιν,
1376 5020 1515 5088 μήτε
1553 5020 1691 5071 κατὰ
1712 5019 1811 5088 τὴν

228 5101 516 5157 πολιτείαν
540 5106 906 5175 χωλεύοντας.
943 5108 1083 5177 Πρὸς
1118 5110 1219 5179 μὲν
1252 5109 1358 5181 γάρ
1391 5111 1482 5164 τὸν
1506 5111 1613 5162 ἀπὸ
1645 5110 1814 5179 μόνης

216 5195 320 5262 τῆς
350 5201 590 5259 πίστεως
623 5197 939 5270 θαρροῦντα
969 5204 1066 5271 τῆς
1102 5204 1321 5255 αἰωνίου
1355 5202 1504 5272 ζωῆς
1534 5204 1812 5271 ἐπιτυχεῖν

217 5288 247 5336 ό
280 5284 495 5354 Κύριος
536 5290 788 5360 εἴρηκεν,
847 5309 867 5343 ι
932 5293 1005 5345 Oti
1043 5295 1149 5357 πᾶς
1183 5297 1210 5347 ό
1239 5294 1413 5363 λέγων
1470 5313 1579 5367 μοι,
1613 5294 1811 5366 Κύριε,

1910 4480 2146 4538 niamus,
2188 4489 2415 4530 necesse
2458 4483 2632 4526 estut
2670 4474 2985 4535 credamus,
3023 4489 3086 4527 ac
3125 4487 3330 4528 sanctae
3378 4474 3477 4527 Dei

1909 4568 2185 4630 Ecclesiae,
2206 4580 2366 4634 quam
2397 4579 2557 4617 unam
2582 4573 2825 4617 sanctam
2842 4563 3164 4618 catholicam
3184 4575 3236 4618 ct
3252 4574 3478 4634 aposto-

1909 4657 2069 4709 licam
2102 4654 2452 4720 couﬁt‘emur,
2475 4654 2694 4709 decreta
2736 4656 2960 4711 ﬁrmiter
2987 4664 3300 4725 teneamus;
3330 4674 3481 4728 qua:-

1911 4762 2124 4815 cunque
2161 4747 2416 4800 nimirum
2453 4747 2519 4800 de
2566 4762 2675 4800 uno
2710 4762 2774 4801 ac
2802 4751 2941 4801 triue
2986 4750 3311 4805 subsistenti
3365 4752 3475 4805 Deo

1910 4839 2199 4910 prmdieat;
2233 4854 2329 4892 nec
2360 4852 2467 4891 non
2498 4854 2840 4907 quaecunque
2869 4842 2933 4896 de
2968 4842 3167 4897 Christi
3199 4845 3477 4915 mysterio,

1910 4932 2087 4998 deque
2121 4929 2300 4983 futura
2330 4931 2733 4986 resurrectione
2782 4932 2938 4986 docet
2961 4951 2974 4999 ;
3001 4946 3305 5005 cunctaque
3346 4950 3481 4990 sane

1912 5037 1975 5075 ac
2008 5035 2132 5075 vere
2194 5037 2493 5086 servemus,
2533 5033 2590 5074 ut
2637 5038 2814 5090 neque
2877 5027 3019 5094 quod
3052 5028 3117 5081 ad
3166 5027 3327 5081 tidem
3358 5041 3475 5101 spe-

1911 5125 2043 5179 ctat,
2077 5127 2171 5168 nec
2210 5113 2353 5182 quod
2382 5114 2446 5166 ad
2479 5114 2849 5183 disciplinam,
2884 5118 3179 5189 quidquam
3211 5120 3483 5177 claudice-

1914 5221 2059 5265 ruus.
2115 5206 2194 5259 Ad
2228 5219 2354 5258 eum
2408 5206 2626 5275 quidem
2679 5210 2770 5275 qui
2806 5225 2869 5263 ex
2914 5212 3027 5264 sola
3059 5210 3162 5265 ﬁde
3218 5221 3479 5267 a-ternam

1915 5300 2081 5351 vitam
2142 5312 2201 5351 se
2266 5298 2587 5366 adepturum
2640 5300 2939 5368 prwstttnit,
2976 5300 3113 5356 dixit
3165 5300 3478 5359 Dontinus:

290 5470 347 5502 "
402 5468 569 5528 Joan.
594 5491 690 5542 xx,
726 5478 819 5534 29.
893 5476 936 5511 ⁷¹
975 5474 1165 5532 Matth.
1198 5491 1250 5543 ν,
1293 5475 1350 5536 8.
1423 5478 1468 5510 τ’
1496 5476 1658 5535 Juan.
1691 5496 1796 5549 xlv,

1974 5479 2020 5511 ⁷³
2051 5477 2252 5534 Hahae.
2292 5492 2352 5542 ιι,
2383 5479 2434 5533 6.

293 5633 429 5706 t89)
456 5632 601 5693 Orat.
632 5638 727 5697 34.
