3916 6204
461 370 567 432 659

1328 368 1721 429 MANUELIS
1762 365 2065 427 CALECIE
2106 363 2203 424 DE
2240 363 2691 438 PRINCIPIIS,
2729 367 2888 428 ETC-
3546 370 3633 435 [.60

465 492 561 538 aut
600 498 722 539 eum
784 481 938 539 valde
977 481 1165 553 paucis
1196 497 1363 537 ausus
1397 492 1479 537 est
1512 483 1793 538 veritatem
1828 480 2030 551 scripto

2139 484 2304 539 αὐτὸν
2329 485 2588 558 ἐγκωμίῳ
2619 489 2899 559 μνησθεὶς,
2938 505 2956 540 ι
2992 487 3165 550 Μόνος
3194 486 3402 555 ἐκεῖνος,
3441 495 3637 560 »φησὶη

462 574 730 643 profiteri.
782 592 800 626 ι
840 572 988 628 Hanc
1039 589 1247 629 vocans
1294 573 1621 640 Veritatem,
1668 590 1833 646 quam
1870 575 1916 632 is
1968 572 2035 628 ad

462 666 662 721 Julium
727 665 850 721 ﬁdei
924 666 1313 737 professionem
1372 667 1613 737 scripsit.

535 838 612 894 De
633 842 734 895 hac
766 850 946 895 autem
983 850 1170 896 nostra
1202 842 1325 907 fide,
1364 856 1463 896 nos
1491 855 1709 909 quoque
1730 854 1848 895 eam
1886 854 2039 915 com:

464 932 669 999 plentia
700 918 916 986 summe
945 933 1255 989 necessaria
1284 933 1461 1002 capita
1486 932 1674 1001 paucis
1706 930 2038 998 conscripsi-

466 1038 615 1088 mus,
646 1037 765 1091 quae
812 1032 871 1077 tu
913 1024 1154 1092 quidem,
1202 1024 1394 1086 amice,
1463 1038 1493 1075 a
1525 1036 1610 1075 me
1679 1021 1967 1090 postulasti
2018 1037 2032 1074 :

466 1130 613 1168 nunc
645 1126 851 1181 autem,
882 1116 977 1171 tibi
1007 1117 1211 1171 reddita
1241 1117 1430 1182 habes,
1482 1115 1733 1185 quamvis
1780 1129 1891 1168 non
1943 1126 2035 1167 sa-

470 1206 537 1260 tis
563 1214 804 1271 strenue,
832 1217 886 1263 et
912 1220 1171 1277 quantum
1204 1208 1460 1273 sufﬁciat,
1498 1207 1590 1263 sed
1635 1221 1734 1275 pro
1750 1204 1891 1258 virili
1939 1218 2038 1257 no-

471 1307 580 1351 stra
611 1298 886 1362 facultate,
922 1309 1125 1366 quanta
1165 1299 1423 1352 nimirum
1454 1298 1674 1353 donavit
1731 1296 1875 1351 Deus
1936 1309 2035 1364 pro

472 1406 605 1444 mem
635 1390 882 1445 lectionis
909 1391 1537 1461 exigurequediligentiae
1554 1389 1769 1443 modulo
1800 1403 1863 1441 ea
1891 1388 2025 1443 sub-

470 1480 806 1535 ininistrans.
889 1480 1029 1546 Quin
1098 1498 1165 1535 ne
1206 1484 1317 1535 hzrc
1366 1482 1481 1550 ipsa
1533 1480 1757 1555 quidem
1788 1478 2035 1533 dicturus

469 1585 640 1633 eram,
682 1574 827 1640 quod
888 1582 942 1626 et
981 1571 1133 1625 initio
1183 1572 1363 1639 operis
1416 1570 1674 1640 praefatus
1731 1586 1878 1633 sum,
1922 1570 2031 1624 nisi

470 1672 619 1717 certo
650 1679 677 1715 a
722 1662 934 1716 Sanctis
976 1662 1256 1732 prmdicari
1307 1677 1546 1726 nossem,
1594 1678 1893 1732 eorumque
1939 1677 2036 1716 au-

2143 597 2163 631 ι
2204 579 2237 650 ἤ
2270 581 2469 652 κομιδῇ
2514 583 2611 636 σὺν
2643 583 2868 650 ὀλίγοις,
2910 581 3251 651 ἀπετόλμησε
3292 582 3391 652 τὴν
3422 584 3638 655 ἀλήθειαν

2135 672 2431 741 ἐγγράφως
2480 673 2851 743 ὁμολογῆσαιο
2891 693 2909 726 ι
2970 672 3175 742 ταύτην
3204 673 3368 740 λέγων
3401 674 3640 745 ἀλήθειαν,

2135 760 2238 830 τὴν
2267 762 2407 831 πρὸς
2436 764 2642 816 ἐκεῖνον
2664 767 2976 836 γραφεῖσαν
3006 763 3318 833 ὁμολογίαν.

2212 851 2346 921 Περὶ
2368 852 2426 905 δὲ
2451 852 2658 923 ταύτης
2692 854 2791 923 τῆς
2848 854 3087 915 πίστεως
3130 852 3281 922 ἡμῶν
3315 853 3401 907 καὶ
3425 854 3565 922 ἡμεῖς
3588 855 3645 909 τὰ

2135 944 2570 1016 συμπληροῦντα
2625 945 2797 1017 αὐτὴν
2850 946 3248 1014 ἀναγκαιότατα
3307 944 3551 1011 κεφάλαια
3598 946 3646 997 tv

2135 1037 2370 1106 ἐπιτομῇ
2406 1035 2851 1106 συνεγράψαμεν,
2913 1036 3057 1107 ἅπερ
3087 1034 3247 1097 αὐτὸς
3297 1033 3409 1102 μὲν,
3437 1026 3477 1086 ὦ
3502 1034 3645 1099 φίλος,

2134 1128 2267 1195 παρ’
2294 1127 2448 1197 ἡμῶν
2482 1127 2756 1199 ἐζήτησας
2776 1145 2790 1159 ο
2823 1128 2926 1199 ἠδη
2959 1129 3016 1183 δὲ
3048 1127 3189 1199 ἔχεις
3218 1125 3321 1179 τῶν
3348 1124 3648 1195 ζητηθέντων

2134 1217 2415 1281 ἀπόδοσιν,
2447 1218 2495 1269 εί
2527 1219 2620 1271 καὶ
2650 1219 2725 1288 μὴ
2748 1219 3013 1286 γενναίως
3047 1218 3145 1271 καὶ
3184 1218 3501 1287 ἀρκούντως,
3534 1213 3646 1266 ἀλλὰ

2134 1310 2276 1362 κατὰ
2306 1309 2403 1380 τὴν
2435 1312 2711 1383 ἡμετέραν
2738 1311 2994 1381 δύναμιν,
3029 1312 3259 1366 καθόσον
3288 1313 3313 1363 ό
3340 1309 3463 1371 Θεὸς
3492 1305 3649 1377 ἐχαρί-

2136 1415 2267 1451 σατο
2314 1399 2556 1469 δηλονότι
2614 1404 2682 1472 τῇ
2725 1401 2859 1472 παρ’
2894 1402 3029 1471 ἐμοῦ
3076 1402 3206 1473 περὶ
3261 1401 3355 1470 τὴν
3386 1399 3651 1466 ἀνάγνωσιν

2139 1492 2310 1561 μικρᾷ
2330 1493 2538 1563 σπουδῇ
2560 1493 2660 1563 τὴν
2698 1493 2965 1563 χορηγίαν
2993 1494 3385 1564 ἐπιμετρήσας.
3420 1490 3519 1544 Καὶ
3538 1489 3653 1542 αὐτὰ

2134 1581 2193 1634 δὲ
2227 1581 2399 1636 ταῦτα
2433 1584 2531 1635 οὐκ
2562 1584 2627 1636 ἂν
2659 1578 2836 1645 εἷπον.
2875 1583 2903 1636 ὃ
2946 1584 3041 1636 καὶ
3082 1584 3379 1653 ἀρχόμενος
3408 1581 3589 1647 ελεγον,
3613 1578 3652 1630 εί

2140 1675 2214 1743 μὴ
2258 1673 2493 1743 βεδαίως
2546 1675 2872 1746 ἠπιστάμην
2908 1678 3058 1748 παρὰ
3088 1679 3198 1730 τῶν
3229 1677 3393 1742 ἁγίων
3421 1674 3652 1742 κηρυττό-

467 1755 750 1808 ctoritates
792 1753 843 1806 in
878 1763 1129 1822 promptu
1165 1753 1442 1808 haberem.
1475 1753 1603 1807 Mihi
1639 1755 1784 1808 enim
1815 1770 2030 1823 semper

471 1846 682 1870 ,...ζ.³,ι....
733 1860 786 1870 Α-
826 1845 958 1870 εὴζι-
1002 1846 1136 1870 --.ΞΑ
1185 1857 1259 1870 .--ι
1318 1855 1375 1870 ..α
1422 1847 1729 1870 -.-....-.2Α..--
1783 1856 1824 1870 ,ι
1867 1848 1915 1870 2--
1955 1848 2026 1870 -2-

2141 1783 2297 1836 μεναν
2337 1767 2556 1829 καὶτὰς
2596 1767 2902 1837 μαρτυρίας
2957 1768 3018 1833 ἐξ
3049 1768 3232 1822 αὐτῶν
3277 1763 3415 1836 εἶχον
3442 1763 3657 1835 προτιθέ-

468 1846 689 1912 quidem
730 1860 789 1899 ea
826 1845 961 1899 inita
1002 1846 1139 1899 ratio
1181 1857 1284 1908 est,
1318 1855 1378 1901 ut
1421 1847 1754 1916 superiores,
1778 1856 1831 1901 et
1867 1848 1918 1901 in
1950 1848 2029 1902 eis

466 1937 723 2003 optimos,
776 1951 1001 2004 sequar;
1046 1939 1343 2005 prmsertim
1395 1953 1522 1992 vero
1563 1939 1616 1993 in
1667 1939 1866 1993 divinis
1914 1953 2030 1991 caui

468 2028 600 2082 mihi
652 2026 819 2080 indixi
874 2028 1195 2082 servandam
1257 2029 1732 2093 consuetudinem,
1781 2040 1837 2085 ut
1897 2029 2031 2084 nihil

468 2119 722 2182 sentiam,
746 2118 878 2171 nihil
904 2118 1107 2184 dicam,
1144 2136 1304 2188 quam
1338 2122 1482 2189 quod
1516 2122 1811 2191 Scriptura:
1859 2122 2032 2176 visum

467 2213 557 2271 sit,
588 2211 880 2281 divinaque
910 2209 1119 2280 Spiritu
1156 2213 1366 2268 edoctis
1414 2213 1670 2269 Ecclesiae
1716 2215 2030 2284 magistris:

471 2302 601 2354 nihil
634 2302 869 2370 denique
898 2303 1156 2367 scribam,
1188 2303 1348 2369 cujus
1377 2319 1481 2357 non
1524 2313 1766 2373 apertam
1798 2314 2032 2359 certam-

467 2406 574 2460 que
610 2390 1011 2456 auctoritatem,
1045 2406 1108 2446 ex
1152 2406 1306 2446 saera
1342 2391 1434 2447 Dei
1463 2392 1768 2463 Scriptura,
1801 2395 2034 2464 ejusque

469 2486 845 2553 interpretum,
893 2500 1032 2555 quos
1059 2484 1155 2539 Dei
1178 2482 1419 2539 Ecclesia
1447 2494 1501 2540 et
1530 2487 1791 2552 laudavit,
1844 2495 1900 2541 et
1934 2499 2035 2541 suo

468 2577 742 2645 praeconio
787 2576 966 2632 claros
1011 2577 1275 2641 reddidit;
1314 2576 1477 2646 idque
1514 2576 1799 2632 manifeste
1830 2579 2036 2647 liqueat

467 2684 531 2721 ex
569 2667 675 2721 illis
708 2682 829 2737 qua}
859 2668 1151 2733 edidimus,
1178 2669 1461 2738 magisque
1490 2670 1712 2732 clareat,
1749 2669 1911 2723 modo
1944 2684 2031 2722 so-

466 2762 579 2815 lum
611 2777 671 2815 ea
707 2776 827 2830 quas
863 2763 1064 2831 scripta
1099 2770 1250 2826 sunt,
1299 2762 1418 2815 sine
1448 2762 1575 2816 dolo
1601 2769 1859 2831 rectoque
1886 2762 2031 2835 judi-

467 2854 553 2906 cio
588 2860 888 2921 percurrat.
918 2851 1062 2905 Nihil
1097 2852 1241 2906 enim
1273 2866 1499 2921 prorsus
1522 2867 1550 2903 a
1589 2867 1672 2906 me
1706 2852 1824 2921 ipso
1853 2850 2032 2915 intuli,

467 2947 560 3000 sed
583 2945 637 2999 id
662 2945 860 3012 solum,
885 2944 1028 3013 quod
1062 2959 1125 2998 ea
1149 2960 1270 3012 quae
1303 2943 1536 2997 diversis
1580 2942 1714 2997 locis
1760 2957 1792 2997 a
1830 2943 2034 2997 sanctis

466 3039 611 3094 dicta
649 3048 792 3099 sunt,
822 3038 936 3106 ipse
967 3038 1055 3091 hic
1084 3037 1299 3107 collegi,
1341 3036 1409 3090 ad
1464 3052 1650 3091 eorum
1692 3035 1786 3105 qui
1834 3034 2031 3091 lecturi

2137 1875 2246 1912 ναι.
2289 1859 2401 1911 Ἀεὶ
2430 1858 2530 1929 μὲν
2554 1860 2661 1931 γὰρ
2680 1861 2884 1928 ταύτην
2919 1862 3011 1915 ἐπὶ
3038 1862 3256 1916 πάντων
3284 1861 3377 1929 τὴν
3404 1855 3656 1927 συνήθειαν

2135 1948 2264 2019 ἔχω,
2317 1952 2427 2012 τοῖς
2477 1952 2961 2021 προηγησαμένοις
3000 1952 3094 2006 καὶ
3146 1951 3386 2020 ἀρίστοις
3439 1945 3653 2008 ἔπεσθαι.

2135 2040 2430 2110 ἐξαιρέτως
2459 2041 2516 2093 δὲ
2552 2043 2644 2093 ἐπὶ
2673 2042 2780 2095 τῶν
2814 2042 2972 2095 θείων
3017 2043 3243 2112 ἐμαυτῷ
3279 2041 3374 2111 τὴν
3407 2038 3657 2106 συνήθειαν

2135 2131 2340 2201 ταύτην
2365 2133 2733 2199 φυλάττεσθαι
2761 2133 3045 2203 βούλομαι,
3075 2136 3244 2206 μηδὲν
3273 2134 3498 2201 φρονεῖν,
3522 2128 3658 2198 μηδὲν

2135 2224 2313 2293 λέγειν
2342 2226 2477 2296 ὅπερ
2505 2227 2565 2278 οὐ
2618 2225 2767 2279 δοκεῖ
2795 2228 2858 2297 τῇ
2895 2227 3081 2296 Γραφῇ
3122 2228 3223 2281 καὶ
3276 2226 3383 2287 τοῖς
3423 2220 3657 2292 μαθητευ-

2137 2316 2306 2371 θεῖσιν
2349 2318 2452 2371 ὑπὸ
2513 2317 2606 2371 τοῦ
2648 2319 2801 2386 ἁγίου
2854 2320 3201 2389 Πνεύματος,
3230 2321 3339 2381 τοῖς
3362 2313 3659 2373 διδασκάλοις

2135 2408 2235 2477 τῆς
2266 2407 2622 2480 Ἐκκλησίας·
2655 2411 2821 2479 μηδὲν
2850 2412 3104 2481 γράφειν,
3134 2409 3198 2466 οὗ
3227 2412 3300 2480 μὴ
3332 2410 3433 2479 ἔχω
3453 2404 3662 2476 φανερὰν

2137 2501 2231 2554 καὶ
2259 2500 2483 2570 βεϐαίαν
2506 2502 2605 2568 τὴν
2634 2502 2938 2573 μαρτυρίαν
2964 2502 3120 2572 παρὰ
3142 2504 3243 2573 τῆς
3272 2502 3425 2572 ἁγίας
3444 2498 3527 2551 τοῦ
3547 2493 3659 2548 Θεοῦ

2136 2591 2358 2662 Γραφῆς
2389 2592 2485 2646 καὶ
2505 2592 2614 2645 τῶν
2639 2593 2844 2663 ταύτης
2874 2595 3181 2665 ἐξηγητῶν,
3206 2595 3298 2657 οὓς
3326 2595 3359 2664 ἡ
3402 2586 3658 2657 Ἐκκλησία

2136 2681 2229 2734 τοῦ
2267 2682 2403 2735 Θεοῦ
2436 2682 2530 2735 καὶ
2549 2682 2781 2753 ἐπῄνεσε
2809 2683 2903 2737 καὶ
2926 2684 3203 2750 ἐδόξασεν.
3243 2687 3309 2738 ‘0
3328 2683 3419 2735 καὶ
3449 2680 3546 2734 ἀπὸ
3574 2679 3664 2729 τῶν

2136 2771 2471 2826 ἐκτεθέντων
2527 2771 2686 2843 δῆλόν
2741 2775 2880 2838 ἔστι,
2913 2776 3010 2828 καὶ
3063 2758 3395 2843 γινώσκεται
3425 2768 3664 2839 καθαρῶς,

2136 2863 2190 2916 si
2212 2881 2296 2924 τις
2324 2863 2486 2933 μόνον
2516 2864 2717 2929 ἀδόλως
2770 2865 2866 2919 καὶ
2892 2867 2990 2920 ἀπ’
3033 2866 3208 2938 ὀρθῆς
3249 2867 3472 2937 κρίσεως
3500 2863 3560 2915 τὰ
3592 2875 3669 2925 τε*

2136 2955 2429 3026 γραμμένα
2458 2955 2693 3009 ἐπέλθοι.
2726 2957 2845 3009 Ἀπ’
2866 2959 3107 3027 ἐμαυτοῦ
3143 2959 3257 3030 γὰρ
3284 2958 3429 3011 οὐδὲν
3456 2955 3667 3023 εἰσήνεγ-

2137 3064 2211 3101 κα
2243 3048 2461 3111 πάντως
2483 3064 2497 3079 ο
2557 3048 2714 3101 τοῦτο
2749 3048 2816 3113 ,δὲ
2872 3050 3055 3118 μόνον,
3085 3052 3173 3104 ὅτι
3209 3049 3276 3103 τὰ
3304 3050 3412 3111 τοῖς
3437 3046 3592 3114 ἁγίοις
3619 3043 3667 3093 ὲν

465 3138 613 3193 δυιιι,
642 3128 959 3182 ﬁrmandam
991 3127 1169 3191 (idem,
1193 3126 1419 3195 ejusque
1446 3126 1725 3180 veritatem
1750 3125 2029 3179 constabi—

2136 3141 2411 3211 διαφόροις
2460 3140 2695 3212 ῥηθέντα
2741 3140 2948 3206 τόποις,
3012 3142 3180 3206 αὐτὸς
3229 3138 3454 3194 ἐνταῦθα
3486 3133 3665 3202 συνῆψα

464 3222 723 3275 liendam.
752 3219 1076 3288 Quanquam
1112 3232 1178 3271 ne
1205 3216 1259 3271 id
1310 3215 1529 3286 quidem
1564 3215 1807 3270 facturus
1856 3228 2030 3277 eram,

465 3311 570 3364 nisi
613 3320 667 3361 tu
696 3323 724 3360 a
750 3322 837 3360 me
868 3306 1167 3375 exegisses,
1192 3317 1247 3359 at
1283 3318 1458 3373 neque
1483 3312 1535 3357 te
1558 3302 1828 3372 exigente,
1861 3302 1908 3357 si
1935 3302 2029 3356 tibi

463 3412 519 3453 et
577 3400 748 3453 otium
809 3392 862 3452 et
906 3398 1027 3451 libri
1075 3405 1129 3450 et
1176 3396 1499 3451 eruditionis
1534 3394 1766 3451 facultas
1801 3395 1865 3448 ad
1920 3395 2033 3449 haec

465 3495 696 3562 sparsim
728 3490 906 3560 posita
933 3488 1256 3559 colligenda,
1290 3503 1351 3542 ac
1392 3489 1669 3543 memoriae
1701 3504 1839 3557 penu
1877 3502 2030 3556 repo-

467 3582 644 3636 nenda
697 3580 847 3635 brevi
886 3580 1154 3633 sententia
1202 3579 1618 3648 comprehensa.
1656 3587 2029 3648 suppeterent:

466 3688 535 3729 ne
565 3673 848 3727 videamur
875 3672 1103 3741 superbe
1135 3672 1355 3742 aggredi
1385 3671 1451 3725 ad
1478 3672 1591 3726 haec
1610 3654 2030 3731 conscribenda,

464 3779 530 3818 ac
604 3763 804 3817 diaboli
873 3763 1064 3816 morbo
1135 3761 1384 3817 laborare
1408 3762 1476 3828 ⁸³,
1544 3761 1701 3830 cujus
1765 3762 1849 3814 vel
1926 3776 2031 3814 nu-

464 3857 587 3909 dam
659 3855 894 3924 Speciem
973 3868 1194 3908 necesse
1269 3864 1353 3911 est
1430 3869 1490 3910 ut
1569 3855 1756 3924 procul
1842 3868 2035 3909 aman-

462 3949 678 4003 demus.

536 4040 729 4093 Simile
751 4038 918 4107 igitur
948 4037 1157 4106 aliquid
1186 4037 1307 4097 feci.
1361 4053 1424 4092 ac
1455 4037 1500 4093 si
1534 4025 1679 4107 quis,
1710 4054 1872 4109 quam
1904 4055 2030 4110 pro-

2136 3232 2272 3301 πρὸς
2318 3232 2418 3302 τὴν
2451 3232 2561 3284 τῶν
2585 3232 2913 3303 ἰλεγομὲνων
2946 3232 3246 3302 βεϐαίωσιν
3279 3234 3377 3286 καὶ
3423 3229 3665 3298 ἀλήθειαν.

2137 3324 2331 3377 Καίτοι
2354 3324 2475 3376 οὐδὲ
2504 3322 2649 3377 τοῦτ’
2688 3324 2754 3377 ἂν
2788 3325 3031 3390 ἐποίουν,
3060 3327 3107 3378 εί
3143 3328 3223 3398 μὴ
3250 3324 3403 3395 παρὰ
3439 3321 3524 3375 σοῦ
3546 3317 3666 3371 τοῦτ’

2135 3414 2463 3485 ἀπῃτοὺμην
2488 3430 2503 3445 ο
2554 3413 2674 3466 οὐδέ
2727 3431 2813 3483 γε,
2849 3414 3011 3483 εἴπερ
3064 3410 3133 3484 ἦν
3172 3434 3255 3468 σοι
3293 3416 3385 3467 καὶ
3418 3410 3566 3483 σχολὴ
3592 3407 3670 3462 καὶ

2135 3506 2317 3577 βιϐλία
2352 3506 2444 3559 καί
2484 3523 2568 3568 τις
2596 3506 2827 3577 δύναμις
2862 3506 3021 3574 λόγου
3053 3508 3235 3563 ταῦτα
3275 3507 3537 3572 συλλέγειν
3565 3516 3674 3553 σπο-

2138 3599 2304 3668 ράδην
2332 3600 2582 3665 κείμενα,
2612 3600 2710 3652 καὶ
2767 3600 3323 3669 συμπερασματικῶς
3374 3601 3437 3668 τῇ
3492 3591 3673 3659 διανοίᾳ

2133 3690 2545 3743 ὲναποτιθέναιο
2597 3691 2685 3744 ἵνα
2719 3691 2793 3760 μὴ
2831 3690 3079 3759 ,δόξωμεν
3138 3690 3502 3761 ὑπερηφάνως
3525 3682 3673 3736 ἐλθεῖν

2132 3782 2223 3835 ἐπὶ
2246 3782 2306 3835 τὸ
2331 3782 2506 3835 ταῦτα
2545 3782 2907 3853 συγγράφειν,
2953 3783 3045 3837 καὶ
3074 3782 3181 3851 τὴν
3213 3784 3309 3837 τοῦ
3342 3777 3579 3835 διαϐόλου
3604 3773 3674 3825 νό-

2134 3892 2227 3929 σον
2258 3876 2450 3939 νοσεῖν,
2480 3875 2547 3947 ῆν
2581 3878 2676 3930 καὶ
2706 3876 2867 3946 μέχρι
2892 3875 2987 3929 τοῦ
3018 3875 3205 3930 δοκετν
3237 3868 3611 3947 ἀπορῤιπτέον.

2204 4052 2429 4120 Ὅμοιον
2459 4044 2552 4103 οὖν
2590 4066 2642 4101 τι
2692 4048 2986 4119 πεποίηκα,
3040 4045 3237 4121 ὥσπερ
3271 4046 3338 4102 ἂν
3384 4045 3435 4099 ετ
3478 4058 3555 4103 τις
3590 4035 3672 4104 τὴν

465 4133 683 4183 fitemur
714 4130 871 4182 fidem
892 4129 1169 4197 accipiens
1193 4170 1207 4191 ,
1251 4145 1468 4199 nempe,
1526 4149 1544 4183 ι
1570 4131 1745 4186 Credo
1774 4133 1827 4186 in
1858 4149 2029 4187 unum

2136 4141 2426 4212 ὁμολογίαν
2472 4142 2572 4209 τῆς
2627 4142 2867 4203 πίστεως
2897 4140 3053 4210 ἡμῶν
3100 4140 3310 4201 λαϐὼν,
3343 4138 3483 4206 λέγω
3529 4132 3581 4185 δὲ
3603 4127 3673 4189 τδο

464 4220 658 4284 Deum,
688 4239 705 4271 ι
738 4229 799 4275 ει
831 4236 954 4289 quae
987 4230 1312 4290 sequuntur,
1346 4222 1393 4276 id
1424 4223 1513 4277 illo
1538 4224 1756 4292 probari
1820 4225 2031 4283 diceret

464 4313 762 4381 Scriptura:
794 4315 1105 4369 testimonio
1147 4355 1163 4379 ,
1190 4316 1330 4369 istud
1366 4316 1475 4370 alio
1507 4317 1768 4387 aliudque
1797 4318 1928 4375 alio.
1969 4330 2026 4375 et

2136 4252 2155 4284 ι
2195 4232 2443 4286 Πιστεύω
2486 4235 2564 4295 είς
2594 4234 2688 4286 ἕνα
2717 4232 2871 4297 Θεὸν,
2919 4254 2936 4287 ι
2976 4235 3071 4286 καὶ
3114 4233 3203 4295 τὰ,
3229 4231 3379 4301 ἑξῆς,
3426 4228 3537 4280 τόδε
3573 4222 3673 4291 μὲν,
3742 4238 3753 4253 ‘

2130 4322 2300 4393 εἶπεν,
2334 4326 2400 4378 ὲκ
2430 4325 2631 4394 ταύτης
2663 4325 2979 4378 συνίσταται
3026 4326 3128 4393 τῆς
3162 4321 3443 4396 γραφικῆς
3470 4316 3676 4387 ῥήσεωςο

460 4407 541 4461 sic
570 4407 823 4477 deinceps
859 4408 1099 4472 inlinem
1131 4424 1334 4480 usque;
1370 4412 1514 4467 unde
1556 4426 1733 4484 neque
1756 4415 2025 4484 meipsum

2136 4417 2192 4470 ιδ
2216 4417 2271 4471 δὲ
2300 4417 2360 4483 ἐξ
2380 4416 2599 4487 ἐτέρας,
2626 4418 2722 4470 καὶ
2748 4417 2877 4471 ἄλλο
2906 4419 2964 4484 ἐξ
2983 4416 3173 4487 ἄλλης,
3211 4416 3309 4470 καὶ
3333 4412 3461 4483 περὶ
3490 4408 3678 4465 πάντων

529 4567 578 4599 ⁸³
608 4565 627 4618 l
661 4567 904 4633 'l‘imJn,
938 4567 990 4622 5.

463 4735 679 4779 sanctus
730 4724 933 4774 iste'et
988 4720 1234 4779 Ecclesia:
1268 4722 1490 4777 dortor?
1520 4723 1753 4793 Opponit
1790 4724 2101 4787 Rhaeen-c
2136 4727 2260 4778 data
2319 4723 2432 4778 haec
2490 4724 2611 4777 ﬁdei
2672 4723 2940 4791 professio
2997 4722 3215 4779 dicatur
3263 4720 3480 4776 Liherio
3525 4728 3677 4793 papa).

464 4796 578 4848 dita
631 4811 644 4847 :

460 4862 790 4933 ἀμφιϐάλλει»
842 4860 919 4930 μὴ
964 4860 1117 4913 εἶναι
1176 4863 1273 4928 τὴν
1328 4864 1487 4929 ῥῆσιν
1539 4860 1745 4933 ταύτην
1801 4860 2028 4931 γνησίαν

463 4934 629 4986 αὑτοῦ
662 4948 674 4959 ·
737 4932 840 4986 Per
896 4947 974 4982 me
1036 4944 1250 4983 aerarius
1305 4945 1377 4984 es!
1428 4944 1475 4991 et
1528 4932 1747 4997 doctor;
1793 4946 2027 4987 attanmt

462 5002 719 5058 sententia
769 5019 800 5054 α
843 5010 892 5053 te
932 5001 1096 5055 allata
1130 5003 1180 5053 in
1224 4996 1381 5053 dubio
1425 5014 1521 5065 est,
1549 5021 1613 5056 an
1648 4996 1883 5071 legitima
1919 5006 2028 5068 sit;

464 5091 562 5126 nec
600 5077 643 5127 is
678 5074 833 5125 aliter
873 5071 1132 5129 vindicat,
1165 5088 1326 5138 quam
1349 5087 1415 5125 ex
1448 5075 1851 5137 conuuunibus,
1882 5076 2026 5139 quod

463 5143 669 5197 scilicet
725 5142 807 5195 his
855 5140 1032 5192 aﬂinia
1069 5140 1190 5194 aliis
1239 5142 1369 5195 locis
1421 5158 1525 5195 non
1577 5144 1844 5210 suspectis
1884 5144 2024 5195 idem

466 5210 1004 5281 Athanasiusdicat;
1040 5211 1181 5277 quod
1220 5221 1406 5278 llltlllle
1439 5214 1613 5281 ipsum
1668 5228 1772 5264 nou
1809 5211 2025 5276 suﬂicit,

464 5281 567 5335 nisi
602 5291 657 5335 et
690 5280 811 5334 libri
844 5280 1142 5333 autlienlici
1185 5281 1296 5335 sint
1327 5280 1588 5349 facientes
1622 5282 1776 5336 {idem
1815 5283 2029 5349 aliaque

463 5352 818 5423 adminicula.
844 5350 1004 5423 Quod
1067 5367 1171 5403 non
1205 5353 1336 5405 satis
1375 5342 1721 5423 occui‘rit,_in
1773 5368 1836 5405 eo
1875 5342 2031 5423 Sy'm-

462 5421 623 5498 llclo;
664 5423 749 5473 vix
769 5420 1135 5498 enirn'pastat.
1174 5423 1615 5498 praeterquanrin
1646 5420 2025 5498 llecentior‘um

462 5492 834 5551 collectaneis,
897 5489 1157 5559 librisque
1216 5489 1403 5543 eorum
1466 5491 1768 5558 polemicis,
1829 5492 2027 5558 quibus

460 5560 641 5625 ipsum
677 5561 757 5611 vvl
799 5562 1135 5628 impugnant,
1167 5561 1246 5612 vel
1280 5562 1440 5612 etiam
1477 5559 1773 5625 defendunt
1815 5578 1827 5613 :
1865 5560 1915 5614 id
1941 5577 2027 5626 μισ

459 5631 649 5679 νυΙιιιιι
708 5630 804 5693 illi,
859 5631 952 5695 qui
1010 5632 1165 5682 aiunt
1216 5646 1321 5682 non
1380 5630 1562 5682 haberi
1617 5631 1667 5683 in
1710 5629 2023 5683 Graecorum

460 5696 637 5760 libris,
686 5715 790 5751 non
841 5700 985 5767 cnim
1037 5702 1115 5750 sic
1166 5700 1366 5767 stupidi
1421 5702 1691 5761 videntur,
1733 5712 1788 5751 ut
1829 5711 2023 5765 negent

457 5768 642 5828 (irasci;
674 5768 879 5823 habui.
930 5766 1343 5823 Observandum
1377 5778 1431 5825 et
1478 5770 1621 5837 quod
1674 5769 2020 5832 l‘lusiadcno,

703 4793 900 4874 :ATLOV.
960 4793 1058 4874 μὲν
1133 4795 1223 4874 και
1286 4786 1635 4874 διδασκαλοῦί
1670 4797 1780 4862 ἔχω
1815 4813 1829 4826 ⁸
1890 4795 2029 4874 πλὴν

2137 4798 2360 4874 reliquis
2409 4810 2536 4874 vero
2568 4786 2749 4874 editis,
2804 4805 2863 4847 ut
2909 4805 2961 4847 et
3012 4794 3480 4874 nostroHCalecae,
3513 4786 3678 4874 Julip:

2131 4851 2276 4931 quod
2326 4875 2378 4917 el
2412 4851 3039 4930 ὲπιγραφὴνίιιιιθιιιειιι
3089 4862 3504 4931 κρισίμικουθ
3555 4851 3682 4907 arbi-

2133 4929 2239 4987 trio
2269 4929 2622 4997 adscriptam,
2673 4932 3040 4999 suspicionem
3086 4932 3240 4986 far-it.
3276 4929 3489 4984 Titulus
3515 4938 3681 4979 emen-

2134 5006 2300 5075 timidi
2332 5018 2523 5073 magna
2557 5003 2761 5075 pridem
2797 5002 2900 5075 fuit
2940 5002 3155 5055 licentia
3186 5020 3201 5054 :
3251 5001 3546 5075 nullusque
3575 5005 3678 5069 pro;

2132 5074 2292 5128 batus
2323 5070 2532 5135 aucior,
2561 5073 2648 5125 cui
2689 5086 2794 5123 non
2823 5072 2926 5125 alia
2957 5075 3109 5139 plura
3147 5071 3388 5139 ascripta
3428 5070 3678 5139 sinti;_qm

2130 5160 2285 5197 error
2311 5155 2363 5196 et
2396 5144 2445 5194 in
2478 5133 2663 5195 sancta
2694 5141 2910 5211 irrepsit
2944 5133 3238 5211 divinaque
3271 5133 3445 5194 o‘ﬂicia
3474 5144 3526 5189 et
3558 5133 3679 5208 6:99-

2133 5213 2311 5279 λόγια,
2377 5222 2432 5263 ιιι
2486 5222 2642 5264 vocat
2691 5210 2925 5266 Genebr.
2978 5210 3189 5276 Quanta
3250 5211 3397 5262 enim
3459 5212 3675 5279 auctoris

2136 5276 2456 5350 iinperferli,
2495 5282 2727 5335 hominis
2782 5296 2890 5334 non
2946 5283 3080 5335 satis
3130 5279 3412 5350 catholici,
3496 5276 3677 5349 legmtls

2136 5349 2356 5405 nomine
2379 5352 2744 5421 Chrysostomi
2767 5351 2789 5402 ?
2810 5350 3020 5417 Quanta
3051 5350 3296 5403 Fulberti
3314 5349 3676 5421 Δ(Σςιζιιριιξιιειιςι

2156 5408 3070 5488 pluriumqueincertorunruumine
3096 5418 3387 5485 Augustini
3410 5418 3431 5469 ?
3464 5408 3680 5489 PseudO‘

2156 5438 2479 5488 nuriumque
2506 5438 2831 5474 lthOl'lOl‘lllll
2854 5438 3070 5473 nomine
3096 5438 3387 5485 λιιαιιειιιιι
3411 5438 3429 5469 :
3464 5438 3675 5489 rscuuw

2136 5438 2560 5561 llieionyunana
2605 5490 2850 5561 quaedam
2882 5491 3139 5544 absumsit
3164 5490 3318 5554 justa
3355 5489 3675 5561 sequentium

2132 5558 2450 5626 pontiﬁcum
2488 5575 2743 5613 censura.
2796 5559 2921 5612 ilice
2973 5562 3111 5612 forte
3160 5562 3345 5627 plura,
3387 5569 3546 5623 quam
3595 5558 3687 5627 pm

2132 5625 2234 5682 loci
2271 5632 2501 5691 ratione,
2532 5632 2646 5697 ipsa
2680 5629 2860 5681 forsan
2894 5631 2956 5681 ad
2993 5625 3267 5697 ejusmodi
3320 5625 3675 5679 monumeulo'

2129 5715 2247 5753 rum
2289 5715 2572 5754 censuram
2606 5713 2711 5752 non
2746 5699 2983 5755 inutilia.
