3916 6204
269 326 353 392 661
1143 326 1480 388 IOANNES
1514 326 2075 387 CYPARISSIOTA.
2122 357 2189 367 —
2227 333 2565 396 NOTITIA.
3366 340 3475 407 662

266 431 441 501 ὁμοίως
480 428 644 500 μέχρι
679 428 770 483 τοῦ
798 429 1007 494 τέλους.
1029 431 1196 485 Ὅθεν
1230 433 1338 486 οὐδ’
1372 432 1521 497 ἄξιον
1560 434 1794 487 ἐπαίνων

1926 439 1972 492 ιι)
2008 455 2125 494 eam
2161 441 2419 498 collatam
2449 457 2673 512 operam
2708 444 2869 500 laude
2897 446 3122 515 dignum
3172 444 3472 509 existimo;

267 520 478 591 ἐμαυτὸν
505 520 595 573 διὰ
626 519 784 575 τοῦτο
824 522 995 589 κρίνω
1017 538 1031 553 ⁸
1061 522 1202 594 πλὴν
1232 527 1279 577 εί
1307 524 1381 594 μὴ
1408 524 1679 592 λέγειτις.
1707 527 1801 580 καὶ

1929 534 2021 588 nisi
2056 534 2180 602 quis
2215 535 2353 588 forte
2384 536 2550 600 dicat,
2577 516 2640 590 ac
2668 545 2802 607 puto
2834 539 3047 599 merito,
3078 550 3141 591 ea
3167 551 3251 590 me
3308 538 3475 590 ratio-

266 610 396 681 οἷμαι
420 612 777 677 δικαίωςθὸτι
800 612 934 667 καθὸ
969 615 1135 684 μηδὲν
1162 616 1292 668 ῐδιον
1317 612 1470 670 εἶπον
1496 619 1589 671 καὶ
1615 619 1795 687 ἀσύμ-

1928 639 1987 679 ne
2035 626 2245 680 laudem
2274 627 2654 694 promeritum,
2685 627 2824 697 quod
2856 627 2989 701 nihil
3012 626 3292 696 proprium
3319 627 3474 682 dixe-

265 721 421 771 φωνον
449 706 513 773 τῇ
548 703 734 774 Γραφῇ
759 705 851 757 καὶ
871 707 984 769 τοῖς
1012 705 1207 775 ἁγίοις,
1228 707 1377 772 ἄξιος
1399 709 1639 763 ἐπαίνων
1660 711 1798 778 είμί.

1926 718 2045 783 rim,
2106 727 2265 772 autve
2329 717 2624 787 Scripturis
2672 718 2986 788 sanctisque
3040 717 3351 773 dissonum.
3414 720 3472 773 ld

264 794 327 845 Τὸ
344 794 442 863 γὰρ
470 795 569 862 τὴν
600 795 860 865 Πατέρων
883 796 1067 849 πίστιν
1101 796 1195 851 καὶ
1222 799 1506 868 ὁμολογεῖν
1533 802 1625 853 καὶ
1664 819 1799 871 συγ-

1929 811 2057 864 :nim
2078 809 2296 863 Patrum
2327 807 2484 863 iidem
2516 809 2752 879 proﬁteri
2778 810 2847 863 sit
2877 824 2937 864 ac
2962 808 3341 875 conscribere;
3367 824 3475 877 quo

264 885 473 952 γράφειν
499 885 644 937 τοῦτ’
660 885 794 938 ἐστί·
822 887 903 940 διὸ
927 889 1112 942 πολλοὶ
1132 893 1542 958 στεφανοῦνται.
1563 894 1625 946 El
1647 893 1800 948 δ’ἑπὶ

1928 902 2135 957 nomine
2164 902 2317 955 multi
2346 907 2705 954 coronantur.
2735 897 2831 953 Sin
2867 905 3050 950 autem
3113 896 3322 951 idcirco
3390 896 3474 947 di-

262 975 450 1039 τούτοις
481 974 543 1029 οὕ
576 994 719 1047 φημι
748 978 956 1032 δίκαιον
982 980 1266 1045 ἀξιοῦσθαι
1303 984 1566 1048 ἐπαίνων,
1602 986 1796 1039 καθότι

1926 1011 2033 1051 eam
2074 994 2214 1048 haud
2246 1008 2459 1063 aequum
2481 1008 2603 1047 esse
2630 1007 2715 1045 me
2752 990 2963 1044 laudem
3008 987 3284 1056 consequi,
3330 986 3472 1055 quod

260 1066 391 1119 ἄλλοι
422 1068 809 1133 κεκοπιάκασι,
847 1069 944 1121 καὶ
991 1069 1101 1138 ἐγὼ
1160 1072 1238 1133 είς
1286 1073 1377 1126 τὸν
1417 1074 1585 1127 κόπον
1620 1074 1800 1129 αὐτῶν

260 1159 593 1188 ,μυθικὴ-Αἱ-.
649 1161 830 1188 ..-ιὶθι
869 1163 1069 1188 ..£\\--.
1100 1162 1217 1188 -.ιιι
1260 1163 1514 1188 ..ι--.ι--.-
1571 1166 1762 1188 ου--ι--

1974 1087 2008 1142 ii
2041 1086 2446 1152 laboraverunt,
2474 1092 2527 1139 et
2556 1099 2656 1153 ego
2696 1082 2749 1137 in
2784 1081 3020 1136 laborem
3055 1079 3266 1133 illorum
3304 1077 3520 1188 intra-F

2036 1172 2048 1188 .
2225 1187 2243 1188 η
2402 1171 2413 1183 .
2947 1167 3107 1188 ,ν-ηε,
3159 1167 3278 1188 ,___,A
3342 1166 3472 1188 _,,_,

259 1159 593 1229 εἰσελήλυθα·
648 1161 831 1232 πολλῷ
866 1163 1069 1232 μᾶλλον
1098 1162 1218 1218 οὐδὲ
1256 1163 1537 1234 μέμψεως.
1571 1166 1797 1221 Ἑκάτε-

1926 1174 1999 1240 vi;
2036 1172 2191 1242 longe
2221 1171 2414 1241 potiori
2464 1170 2673 1225 ratione
2696 1185 2796 1226 nec
2818 1184 2914 1240 par
2947 1167 3110 1223 fuerit
3158 1167 3282 1221 inde
3341 1166 3472 1218 mihi

259 1268 342 1320 ρον
390 1253 499 1321 γὰρ
527 1254 618 1305 ἐπὶ
649 1254 748 1324 τὴν
777 1254 1129 1309 διδασκαλίαν
1174 1256 1275 1327 τῆς
1304 1257 1527 1328 Γραφῆς
1556 1261 1799 1323 καὶτοὺς

1930 1263 2243 1332 rituperium
2273 1262 2471 1316 creari.
2506 1260 2813 1329 Utrumque
2866 1259 3013 1313 enim
3072 1259 3127 1312 in
3181 1256 3476 1325 Scriptura:

257 1341 425 1409 ἁγίους
455 1342 878 1413 ἀναδραμεϊται.
915 1346 999 1399 Τὰ
1025 1347 1166 1402 αὐτὰ
1194 1348 1300 1418 γὰρ
1336 1349 1499 1403 πάλιν
1531 1350 1659 1418 ἐρῶ,
1724 1351 1799 1416 ὡς

1930 1354 2218 1410 ioctrinam
2252 1362 2575 1422 sanctosque
2606 1350 2819 1405 redibit.
2858 1350 3056 1403 Eadem
3106 1348 3251 1401 enim
3284 1361 3476 1401 rursus

256 1430 391 1483 οὐδὲν
431 1430 531 1482 ἀπ’
587 1434 829 1501 ἐμαυτοῦ
888 1436 1021 1489 ἴδιον
1056 1433 1230 1503 εἷπον,
1261 1438 1394 1505 ἀλλὰ
1422 1440 1488 1494 τὰ
1518 1440 1669 1511 παρὰ
1700 1442 1802 1511 τῆς

1928 1444 2039 1500 dico
2073 1461 2089 1499 :
2121 1442 2266 1497 Nihil
2303 1457 2333 1497 a
2372 1458 2459 1497 me
2490 1454 2647 1511 atque
2677 1440 2955 1510 proprium
2992 1452 3079 1491 me
3132 1437 3356 1500 dixisse,
3382 1437 3474 1490 sed

255 1520 400 1585 ἁγίας
426 1520 654 1590 Γραφῆς
713 1525 808 1576 καὶ
856 1526 963 1578 τῶν
1001 1512 1339 1582 διδασκάλὼν
1372 1529 1474 1598 τῆς
1513 1530 1605 1583 τοῦ
1661 1530 1797 1584 Θεοῦ

1932 1550 2040 1606 ιυαξ
2067 1535 2136 1590 ab
2173 1533 2451 1603 Scriptura
2476 1547 2631 1587 sacra
2664 1546 2727 1591 ac
2755 1530 2849 1584 Dei
2883 1528 3141 1584 Ecclesiae
3196 1525 3478 1595 magistris

266 1609 578 1678 Ἐκκλησίας
602 1614 843 1683 περὶτῆς
860 1616 1044 1682 ὑγιοῦς
1069 1618 1179 1671 τῶν
1196 1621 1538 1689 Χριστιανῶν
1566 1622 1805 1688 πίστεως

1932 1628 2181 1683 locentur
2206 1625 2273 1680 de
2294 1640 2425 1680 sana
2451 1622 2887 1677 Christianorum
2920 1618 3044 1683 (ide,
3088 1618 3205 1672 haec
3253 1615 3478 1685 selegis-

254 1699 623 1770 διδασκόμενα,
652 1704 821 1758 ταῦτα
858 1706 1244 1777 ἐξελεξάμεθα,
1282 1710 1319 1764 ἃ
1348 1713 1439 1762 καὶ
1466 1711 1552 1765 διὰ
1584 1714 1681 1783 τὴν
1703 1728 1800 1767 σα·

1958 1734 2007 1784 2;
2032 1733 2204 1787 eaque
2231 1716 2351 1785 ipsa
2385 1713 2651 1771 claritatis
2682 1725 2851 1765 causa
2879 1708 3000 1763 rudi
3030 1720 3280 1762 sermone
3339 1693 3504 1774 pau—'

255 1791 463 1859 φήνειαν
510 1792 796 1858 ἰδιωτικῶς
826 1798 919 1850 καὶ
949 1799 1340 1865 κεφαλαιωδῶς
1394 1802 1536 1855 κατὰ
1562 1804 1621 1857 τὸ
1646 1803 1801 1860 δυνα-

1932 1809 2100 1879 :isque
2130 1803 2548 1877 perstringendo
2576 1802 2755 1873 quoad
2802 1800 2979 1863 licuit,
3006 1796 3347 1851 defunctorie
3400 1795 3478 1850 le—

253 1880 331 1933 τὸν
351 1883 407 1934 ὲν
440 1882 525 1953 τῷ
566 1886 797 1954 παρόντι
826 1889 1210 1958 σχεδιάσαντες
1241 1891 1560 1963 ὲξεθέμεθα.

1911 1898 2158 1966 viorique
2189 1909 2355 1964 opera
2388 1894 2441 1948 in
2464 1892 2715 1962 praesenti
2760 1890 2898 1945 libro
2932 1884 3269 1957 exposuisse.

253 2094 3463 2148 Μ

1499 2300 1669 2347 ANNO
1703 2300 1932 2347 DOMINI
1984 2301 2252 2347 MCCCLV.

822 2519 1546 2753 JOANNIlS
1668 2520 2889 2754 CYPABISSIM‘A

1571 3108 2159 3222 ΝΟΤΙΤΙΑ

1262 3348 1506 3423 Factum,
1534 3348 1787 3405 Bibliotlt.
1813 3349 1904 3406 Gr.
1941 3352 2024 3405 ed.
2063 3349 2272 3411 Harles,
2303 3358 2342 3402 t.
2366 3346 2459 3402 XI.

320 3686 559 3747 Joannes
607 3686 1008 3761 Cyparissiota,
1054 3686 1381 3757 cognomine
1432 3683 1695 3753 Sapiens,
1738 3679 1969 3735 Palamm
2005 3680 2104 3751 ipsi
2138 3692 2365 3749 suppar,
2408 3686 2532 3749 post
2557 3694 2689 3733 ann.
2723 3676 2860 3733 1560
2890 3676 3110 3744 scripsit
3139 3676 3478 3745 Παλαμικῶν

263 3777 647 3845 παραὸἀσεων,
681 3776 1132 3832 Palumiticarum
1175 3774 1653 3846 transgressionum
1690 3770 1862 3825 libros
1898 3770 1967 3833 4,
1998 3782 2063 3823 ex
2094 3768 2296 3836 quibus
2330 3768 2569 3837 primum
2603 3776 2657 3821 et
2694 3774 2951 3838 quartum
2978 3765 3218 3834 vulgavit
3247 3764 3481 3819 Combe-

263 3861 401 3919 lisius
432 3865 633 3921 Graece
655 3873 711 3921 et
736 3863 928 3919 Latine
953 3864 1006 3918 in
1036 3862 1296 3917 Auctario
1326 3859 1651 3922 novissimo,
1686 3864 1839 3925 parte
1870 3854 2135 3921 secunda,
2170 3870 2223 3926 p.
2253 3855 2322 3912 68
2344 3864 2397 3910 et
2418 3854 2641 3911 85-105.
2671 3853 2827 3926 [lude
2853 3853 3048 3909 Latine
3080 3855 3134 3909 in
3162 3852 3303 3909 Bibl.
3329 3869 3477 3907 max.

266 3947 403 4008 Patr.
428 3951 614 4022 Lugd.
639 3960 773 4007 tom.
804 3951 896 4016 21,
931 3964 987 4018 p.
1012 3946 1299 4020 476-489.]
1330 3947 1490 4003 Liber
1514 3943 1783 4002 secundus
1810 3949 1862 3999 et
1891 3943 2084 3999 tertius
2115 3943 2293 3999 adhuc
2320 3942 2510 3999 inediti
2540 3943 2730 4008 latent,
2762 3943 2905 3999 sicut
2928 3952 2981 3998 et
3004 3942 3106 3997 alia
3141 3942 3320 4013 Spissa
3354 3942 3477 4011 ejus

263 4049 409 4105 Opera
438 4048 688 4110 quatuor
727 4043 989 4094 adversus
1027 4036 1276 4093 eumdem
1310 4035 1621 4097 Palamam,
1667 4040 1728 4087 ut
1769 4030 1824 4100 l)
1856 4030 2017 4100 Λόγοι
2069 4030 2132 4095 8,
2185 4031 2449 4087 adversus
2494 4028 2726 4087 Palamae
2761 4039 2970 4087 tomum
3007 4030 3236 4101 ejusque
3276 4045 3475 4084 novam

264 4123 405 4178 iidem
436 4143 453 4180 :
528 4129 610 4195 2)
645 4125 736 4181 alii
778 4125 927 4193 λόγοι
959 4125 991 4181 8
1024 4122 1503 4179 criminationibus
1547 4118 1782 4174 Palamae
1815 4118 1869 4172 in
1909 4118 2253 4173 adversarios
2285 4116 2352 4172 de
2381 4116 2614 4172 Lumine
2656 4118 2906 4174 increato
2948 4118 3377 4189 respondentes,
3419 4131 3484 4171 ac

264 4211 453 4282 aliquot
480 4213 890 4283 quaestionibus
948 4226 1167 4268 omnem
1206 4210 1274 4266 de
1313 4210 1404 4264 illo
1436 4206 1935 4264 considerationem
1971 4204 2417 4274 complectentes.
2491 4200 2546 4275 3)
2581 4205 2747 4274 Λόγοι
2779 4214 2888 4262 tres
2963 4207 3224 4277 (quorum
3272 4205 3482 4274 primus

266 4298 311 4350 in
370 4302 549 4370 capita
609 4300 677 4355 75
714 4300 1062 4370 dispescitur)
1110 4306 1301 4353 contra
1352 4294 1742 4350 Palamitarum
1785 4293 2189 4348 anniversarias
2220 4292 2274 4347 in
2310 4293 2659 4349 adversarios
2700 4293 2849 4349 diras
2875 4303 2928 4349 et
2954 4294 3438 4350 exauctorationes
3465 4335 3478 4356 ,

263 4386 369 4441 sive
396 4400 598 4443 contra
640 4388 856 4442 illorum
889 4387 1249 4442 ἀποστασίαν.
1325 4386 1377 4454 4)
1410 4399 1549 4454 opus
1572 4378 2130 4445 Anti-Palamiticum,
2156 4395 2323 4434 unum
2356 4388 2551 4435 caetera
2582 4379 2694 4435 fere
2724 4382 2913 4437 omnia
2946 4395 3173 4450 aequans
3202 4381 3484 4449 magnitu-

266 4472 401 4539 dine,
432 4484 485 4529 et
510 4487 646 4531 ante
670 4474 759 4529 illa
790 4476 954 4529 etiam
982 4476 1050 4529 ab
1074 4472 1440 4545 Cyparissiota
1472 4470 1832 4542 publicatum.

328 4561 516 4617 Exstat
550 4571 613 4618 et
639 4563 787 4617 aliud
818 4562 976 4618 istius
1007 4560 1393 4631 Cyparissiotaa
1427 4560 1535 4613 huc
1561 4566 1833 4628 spectans,
1868 4563 1923 4611 et
1950 4553 2111 4609 simul
2141 4554 2428 4624 mysticam
2459 4553 2684 4608 tradens
2714 4552 3043 4621 theologiam
3071 4594 3085 4618 ,
3116 4568 3255 4622 opus
3278 4554 3481 4608 subtile

266 4654 315 4699 et
344 4649 646 4715 eruditum,
679 4649 821 4718 quod
873 4646 1194 4703 inscribitur
1231 4644 1490 4709 Ἐκθεσις
1524 4642 1812 4714 στοιχειώδτ

1937 4645 2112 4713 ήσεων
2153 4643 2514 4710 θεολογικῶν,
2566 4643 2838 4711 Expositio
2881 4642 3222 4696 elementaria
3263 4659 3483 4704 eorum,

267 4748 372 4801 qua:
394 4737 457 4791 de
484 4738 598 4794 Deo
628 4755 660 4791 a
684 4738 937 4805 theologis
970 4737 1241 4799 dicuntur,
1274 4733 1329 4788 in
1353 4733 1539 4788 decem
1567 4732 1800 4787 decades
1829 4730 2049 4794 tributa,
2126 4729 2180 4797 t)
2216 4730 2283 4784 de
2313 4730 2583 4799 theologia
2608 4730 2944 4801 symbolica;
3018 4732 3075 4797 2)
3110 4731 3177 4783 de
3203 4730 3476 4799 theologia

270 4827 732 4893 demonstrativa;
807 4828 861 4898 5)
892 4829 957 4882 de
988 4826 1189 4881 divinis
1224 4823 1704 4890 enarrationibus;
1778 4821 1836 4891 4)
1874 4822 1940 4876 dc
1969 4821 2169 4877 divinis
2206 4823 2523 4876 nominibus
2556 4836 2856 4890 eorumque
2893 4822 3110 4891 origine
3138 4832 3191 4877 et
3216 4824 3479 4877 informa!

273 4914 444 4981 tione;
526 4916 583 4987 5)
616 4916 683 4971 de
714 4913 1143 4983 proprietatibus
1172 4912 1482 4966 divinorum
1514 4912 1833 4975 nominum;
1910 4908 1963 4979 6)
2003 4908 2069 4962 de
2106 4908 2543 4977 apparitionibus
2573 4908 2745 4962 divini
2784 4908 3005 4965 luminis
3032 4928 3046 4975 ;
3127 4910 3179 4979 7)
3212 4911 3280 4966 de
3304 4911 3483 4964 divina

273 5005 715 5072 participatione;
790 5002 845 5071 8)
880 5001 948 5057 de
978 5001 1245 5055 inﬁnitate
1279 4998 1372 5052 Dei
1414 4997 1470 5051 in
1507 5000 1812 5061 creaturis;
1890 4995 1945 5065 9)
1979 4995 2045 5049 de
2078 4995 2345 5049 inﬁnitate
2378 4996 2429 5048 in
2465 4995 2610 5060 Deo;
2648 4996 2735 5066 10)
2773 4997 2839 5051 de
2874 4996 3059 5052 divina
3108 4998 3480 5068 simplicitate.

275 5084 378 5140 lloc
410 5105 549 5158 opus
581 5090 768 5144 Graece
796 5096 1064 5158 repertum
1098 5086 1363 5141 Messana:
1394 5084 1448 5138 in
1480 5084 1664 5138 Sicilia
1701 5084 1753 5137 in
1789 5083 2112 5138 bibliotheca
2144 5082 2203 5136 D.
2231 5081 2465 5138 Joannis
2499 5083 2778 5152 Lasraris,
2812 5084 3143 5155 Franciscus
3174 5085 3480 5140 Tun-ianus

274 5171 453 5228 Latine
475 5190 607 5229 cum
630 5175 851 5231 seholiis
876 5175 1081 5232 editum
1113 5172 1386 5228 dedicavit
1422 5171 1660 5226 Antonio
1703 5170 2030 5240 Augustino,
2071 5172 2315 5241 arcltiep.
2352 5171 2786 5240 Tarraconensi,
2832 5174 2990 5232 Rom.
3029 5175 3188 5236 1581.
3231 5175 3295 5239 ις
3340 5179 3482 5229 unde

272 5271 515 5316 recusem
550 5261 738 5318 Latine
765 5263 822 5317 in
846 5261 1195 5318 Bibliothecis
1224 5258 1444 5314 Patrum
1469 5258 1826 5323 Coloniensi,
1856 5268 1990 5316 tom.
2028 5259 2091 5314 XI
2124 5299 2139 5326 ,
2171 5270 2225 5314 ct
2254 5259 2606 5330 Lugdunensi
2629 5301 2643 5325 ,
2677 5271 2809 5316 tom.
2841 5260 2980 5327 XXI,
3013 5278 3066 5330 p.
3100 5263 3228 5316 577.
3258 5260 3480 5333 (FABR.)

274 5349 434 5408 Paris.
462 5354 517 5408 in
551 5355 684 5410 bibl.
707 5356 861 5424 publ.
884 5354 1007 5409 cod.
1034 5353 1193 5419 1246,
1221 5362 1351 5407 sunt
1377 5350 1534 5406 Joan.
1558 5349 1937 5421 Cyparissiotaa
1976 5354 2029 5423 i)
2062 5352 2461 5409 Palamicarum
2494 5355 2996 5425 transgressionum
3029 5356 3153 5409 libri
3185 5356 3237 5409 4,
3268 5355 3480 5409 Secun-

276 5438 370 5493 dus
396 5439 670 5510 ineditus;
706 5444 795 5498 inc
831 5461 845 5497 :
890 5441 1166 5512 Πρόδηλον
1197 5439 1295 5509 μὲν
1317 5434 1410 5492 οῦν
1439 5456 1453 5503 ;
1496 5439 1691 5494 tertius
1720 5438 1822 5494 etia

1940 5440 2106 5495 nedit.
2137 5442 2276 5494 Ὀσα
2316 5442 2416 5510 μὲν
2439 5436 2554 5495 οῦν.
2597 5443 2654 5504 2)
2696 5441 2842 5495 Libri
2876 5450 3000 5496 octo
3038 5443 3302 5497 adversus
3329 5441 3486 5496 Pala-

278 5540 437 5590 mam,
468 5531 694 5599 ejusque
727 5545 922 5585 novam
955 5529 1151 5594 ﬁdem;
1212 5528 1319 5582 inc.
1365 5528 1457 5589 Ὦς
1484 5527 1551 5581 ἂν
1571 5528 1624 5581 δὲ
1656 5531 1750 5583 καὶ
1778 5527 1846 5581 δι’
1871 5523 1970 5584 ὧν.
2006 5529 2062 5594 '5)
2116 5528 2264 5583 Libri
2298 5539 2443 5593 octo,
2474 5529 2953 5585 criminationibus
2989 5530 3226 5585 Palatnaa
3263 5543 3488 5599 respou-

275 5610 495 5680 dentes;
536 5615 657 5670 init.
687 5618 759 5670 Τὸ
803 5617 984 5687 τρίτον
1031 5614 1234 5684 βιϐλίον
1285 5614 1421 5679 πρδς
1472 5615 1574 5677 τὰς
1625 5616 1821 5685 nam

1941 5657 1949 5670 .
2030 5617 2083 5685 4)
2122 5616 2267 5669 Libri
2298 5626 2406 5671 tres
2440 5626 2628 5671 contra
2675 5615 3063 5671 Palamitarum
3124 5617 3487 5673 ἀποστασίαν*

278 5694 393 5755 init.
431 5700 507 5753 Τὸ
554 5714 806 5775 τέταρτον
854 5704 1058 5775 βιϐλίον
1100 5703 1234 5771 πρὸς
1273 5703 1391 5764 τὰς.
1470 5702 1523 5767 5)
1580 5704 1821 5758 Adversu

1947 5703 2076 5758 ilum
2111 5703 2592 5763 Thcssaloniceus.
2634 5704 3131 5761 Antirrheticornm
3163 5706 3284 5762 libri
3323 5706 3486 5778 quin-
