3970 6202
482 298 591 371 663
1519 298 1525 304 ’
1632 300 1963 362 JOANNIS
1999 298 2571 361 CYPARISSIOTJE
3578 303 3663 367 564

484 431 630 484 que;
676 413 781 466 inc.
822 412 945 467 Τῶν
974 413 1075 480 μὲν
1100 410 1467 481 ἡγησαμένων
1500 408 1721 479 βιϐλίων
1756 412 1819 465 τό
1852 429 1912 466 τε
1945 412 2050 482 πρό

2097 429 2232 483 ερῡν.
2272 410 2409 466 Add.
2441 408 2739 465 Montfauc.
2771 408 2910 464 Bibl.
2965 410 3207 465 biblioth.
3276 411 3403 467 1188.
3438 425 3487 482 p.
3521 412 3607 469 732
3632 415 3665 470 Ε

486 513 539 555 et
570 500 671 552 776
702 502 743 554 (ἰ
774 500 841 553 de
870 498 1030 553 codd.
1067 496 1244 551 Paris.
1288 497 1510 565 (Ηιυιιι.)
1857 553 1874 564 _

556 585 789 654 Scripsit
826 584 1194 655 Cyparissiota
1229 594 1349 652 post
1383 582 1672 655 Niccpliori
1714 586 1969 655 Gregora:
2018 586 2251 652 obitum,
2278 586 2434 655 cujus
2460 587 2691 641 cadaver
2720 586 3002 643 Palamitis
3029 588 3269 643 ludibrio
3297 584 3530 643 habitum
3558 588 3675 643 indi-

484 684 677 739 gnatur
701 673 839 727 libro
872 688 923 725 tv
955 671 1404 733 Palamilicarum
1453 674 1959 742 transgressionum,
1990 672 2077 725 ubi
2102 683 2302 727 statum
2330 674 2590 728 miserum
2634 675 2889 729 Ecclesia:
2916 673 3221 730 CPolitanae
3255 676 3359 730 sub
3391 674 3681 743 patriarchis

486 760 822 816 Palamiticis
850 775 945 828 per
974 761 1162 815 decem
1190 761 1526 829 quaestiones
1565 760 1832 829 depingit.
1874 760 2051 823 Natus
2092 760 2370 831 Gregora's
2398 776 2530 815 ann.
2567 761 2725 819 1295,
2760 776 2867 815 non
2916 771 3040 815 ante
3074 777 3207 815 arm.
3238 761 3379 816 1560
3413 762 3559 824 obiit,
3583 776 3683 815 cum

484 849 730 902 historize
758 847 918 901 telam
958 862 1130 917 usque
1157 847 1223 901 ad
1259 864 1387 900 ann.
1418 846 1560 901 1559
1594 856 1897 916 pertextam
1924 848 1992 902 ab
2033 861 2098 901 eo
2131 847 2449 901 habeamus.
2486 844 2698 916 (Faue)
2734 847 2798 904 V.
2831 847 2981 902 Saxii
3025 852 3218 901 Onam.
3259 849 3345 902 lit.
3376 846 3454 913 ll,
3483 863 3535 917 ι).
3564 847 3685 911 580,

486 937 549 987 ad
579 950 709 988 ann.
737 933 869 989 Chr.
906 935 1065 989 1570.
1096 964 1165 973 -
1198 934 1400 989 Oudin.
1431 931 1645 988 Comm.
1673 932 1740 987 de
1774 930 1877 987 SS.
1909 933 2054 993 Eccl.
2094 943 2226 987 tom.
2260 932 2303 987 ll
2325 952 2346 999 ,ι
2375 934 2483 989 col.
2518 933 2658 987 1062
2690 949 2812 1003 seq.
2846 935 2913 989 ad
2946 950 3076 989 ann.
3121 934 3295 999 1560,
3331 934 3424 1003 qui
3461 934 3686 995 adnotat.

490 1021 888 1088 Erpositionem
925 1022 1363 1083 elementariam.
1405 1038 1456 1077 s.
1499 1022 1847 1081 materiarum
1894 1021 2080 1076 haberi
2112 1019 2376 1076 Greece‘in
2418 1020 2552 1075 bibl.
2593 1021 2737 1089 regis
2781 1021 3007 1090 Hispan.
3039 1032 3092 1076 et
3133 1021 3321 1075 Romae
3347 1021 3485 1076 inter
3512 1021 3685 1085 libros,

482 1128 623 1180 quos
659 1114 965 1165 Turrianns
1008 1112 1157 1165 dedit
1201 1112 1487 1177 societati;
1521 1122 1576 1166 et
1602 1109 1767 1163 Henr.
1798 1108 2087 1163 Wharton.
2116 1110 2168 1163 in
2200 1109 2447 1177 Append.
2484 1107 2551 1167 ad
2580 1106 2740 1163 Cavei
2771 1108 2914 1162 Hist.
2960 1109 3067 1163 litt.
3101 1106 3203 1163 SS.
3238 1105 3388 1162 Eccl.
3422 1106 3495 1174 ll,
3526 1123 3575 1178 p.
3605 1108 3689 1173 65,

486 1203 547 1255 ad
584 1218 715 1258 ann.
752 1202 908 1256 1560.
939 1200 1164 1269 (ΗΑκι.)

1391 1582 2792 1717 ΚΥΠΑΡΙΣΣΙΩΤΟΥ

904 1838 1205 1952 ΤΩΝ
1283 1831 2230 1953 ΠΑΛΑΜΙΚΩΝ
2294 1830 3299 1946 ΠΑΡΑΒΑΣΕΩΝ

1833 2054 2345 2145 ΛΟΓΟΣΑᾏ

1336 2420 2892 2579 CYPABISSIOT/E

772 2710 1951 2827 PALAMITICARUM
2075 2708 3459 2829 TRANSGRESSIONUM

1372 2934 1384 2947 ’
1823 2946 2219 3041 SEBMO
2316 2953 2397 3037 Β

564 3296 719 3361 Quod
752 3309 857 3349 non
892 3295 1018 3348 licet
1044 3292 1274 3349 Joannis
1302 3285 1685 3363 Cyparissiotm
1713 3293 2050 3348 Palamicum
2081 3308 2244 3348 omne
2264 3309 2400 3362 opus
2430 3294 2481 3346 in
2514 3308 2633 3347 meo
2666 3292 2929 3347 Auetario
2964 3293 3209 3362 vulgare,
3257 3308 3322 3349 ac
3360 3294 3523 3361 quale
3551 3295 3723 3364 spisso

497 3385 771 3437 \‘nllNllillc
799 3382 1023 3451 majore,
1047 3382 1235 3435 charta
1258 3381 1578 3450 bombycina
1610 3381 1875 3449 explicata
1906 3381 2147 3437 continet
2161 3398 2290 3452 gaza
2317 3382 2516 3451 Regia;
2544 3396 2711 3434 unum
2746 3382 2923 3448 ipsum
2946 3381 3097 3449 justo
3123 3397 3219 3449 par
3239 3391 3405 3444 tomo.
3440 3384 3485 3438 si
3509 3386 3723 3451 quando

499 3486 622 3525 cum
664 3469 853 3524 Latina
889 3470 1138 3523 versione
1173 3468 1316 3537 juris
1348 3467 1551 3535 publici
1583 3467 1697 3520 lieri
1733 3467 2042 3536 contigerit,
2093 3468 2238 3522 docti
2266 3470 2498 3540 alicujus
2530 3470 2680 3523 curis
2722 3485 2785 3525 ac
2814 3480 3017 3525 marte:
3048 3471 3305 3540 quodque
3335 3486 3465 3526 vero
3499 3471 3583 3526 fas
3620 3486 3721 3525 non

498 3570 603 3623 est.
643 3559 747 3614 hoc
778 3559 833 3617 iu
857 3558 1077 3627 pulvere
1112 3558 1372 3617 versanti,
1422 3555 1719 3609 Auctorem
1751 3565 1985 3618 tantum,
2040 3563 2092 3607 et
2115 3558 2205 3625 qui
2234 3557 2288 3609 in
2331 3572 2492 3610 manu
2525 3557 2617 3621 sit,
2663 3558 2784 3626 ejus
2809 3558 2939 3612 mihi
2967 3560 3144 3613 oblata
3174 3560 3331 3629 copia
3360 3560 3725 3614 insalutatum

501 3649 828 3716 relinquere,
860 3656 913 3701 et
954 3655 1011 3706 ut
1043 3653 1227 3698 nostro
1254 3644 1461 3698 Calecze
1530 3642 1721 3696 eadem
1747 3644 1858 3711 ipsa
1887 3643 2138 3710 palaestra
2191 3643 2290 3710 ipsi
2316 3644 2603 3710 :equalem,
2639 3642 3141 3714 Palamitarumque
3182 3644 3519 3714 proﬂiganda
3564 3644 3724 3714 impia

501 3748 923 3809 portentosoque
952 3732 1256 3802 nugacitate
1287 3731 1493 3799 pridem
1520 3732 1786 3793 sodalem,
1808 3742 1913 3782 non
1947 3737 2001 3782 et
2030 3728 2348 3792 antistitem,
2375 3744 2492 3782 mea
2531 3730 2631 3784 bac
2661 3730 3057 3800 Antipalamica
3092 3732 3493 3794 lucubratione,
3528 3732 3724 3786 leviore

497 3830 685 3886 saltem
718 3823 913 3885 addam
956 3835 1215 3873 munere:
1248 3833 1426 3888 operte
1456 3818 1688 3885 pretium
1751 3818 1958 3884 putavi,
1988 3826 2045 3869 ut
2076 3831 2141 3868 ex
2173 3824 2319 3868 tanta
2355 3815 2476 3885 ejus
2506 3816 2685 3885 λόγων
2710 3819 2890 3887 (quos
2927 3828 3082 3872 vocat
3115 3818 3133 3887 )
3160 3827 3363 3888 segete.
3401 3833 3464 3872 ac
3492 3819 3546 3871 iu
3582 3832 3721 3888 quos

501 3912 648 3981 βιλῐα,
671 3910 908 3980 (Libros)
943 3907 1157 3970 dividit,
1199 3904 1293 3957 Vir
1334 3920 1458 3958 vere
1480 3905 1701 3973 sapiens
1725 3902 1896 3975 (quod
1936 3902 1983 3956 ei
2016 3901 2450 3971 singularissime
2486 3914 2686 3958 nomen
2723 3905 3008 3974 multiplex
3041 3906 3299 3971 eruditio,
3337 3906 3559 3975 altaque
3590 3905 3724 3959 diri-

507 4014 698 4051 narum
732 3996 1204 4061 humanarumque
1232 4007 1415 4044 rerum
1443 3992 1702 4060 cognitio,
1736 3990 2024 4058 magniﬁco
2064 3988 2221 4043 titulo
2258 3988 2481 4059 peperit)
2506 4005 2674 4045 unum
2711 3992 2955 4046 omnium
2991 3994 3226 4062 primum
3256 4008 3286 4047 e
3310 4004 3549 4063 quatuor
3574 3992 3727 4060 primi

501 4085 645 4145 Lbri,
694 4084 893 4150 λόγων,
939 4080 1035 4147 tibi
1072 4080 1185 4141 hic,
1230 4079 1400 4131 lector
1434 4090 1785 4145 reponerem:
1818 4074 1962 4145 quod
1991 4077 2103 4141 illo,
2140 4077 2407 4147 quidquid
2439 4087 2523 4133 est
2576 4077 2835 4134 Palamici
2869 4080 3121 4147 furfuris,
3157 4082 3389 4152 ejusque
3419 4082 3715 4152 originum,

500 4169 936 4224 luculentissime
967 4182 1285 4235 expressum
1319 4166 1623 4234 elisumque
1670 4165 1748 4219 sis
1778 4163 2238 4233 deprehensurus,
2271 4174 2408 4220 etut
2437 4166 2482 4221 is
2524 4182 2689 4231 unus,
2724 4168 2966 4222 omnium
3005 4169 3125 4224 loco
3159 4170 3253 4223 tibi
3288 4185 3409 4223 esse
3438 4171 3631 4237 possit.
3672 4167 3719 4223 si

499 4257 664 4327 utde
684 4272 806 4321 cum
842 4256 1031 4311 Caleca
1073 4253 1401 4323 contuleris.
1432 4252 1549 4321 Ipsa
1574 4252 1816 4306 auctoris
1848 4262 2000 4317 aetas,
2027 4267 2091 4306 ex
2121 4252 2213 4307 illo
2241 4252 2337 4306 tibi
2366 4252 2514 4307 clara
2542 4253 2672 4319 erit;
2701 4254 2900 4309 nedum
2941 4256 3087 4324 quod
3117 4256 3188 4310 ita
3221 4264 3343 4325 post
3373 4255 3648 4309 Palamam
3680 4264 3730 4308 et

497 4344 787 4405 lszdorum,
811 4342 1314 4407 l’alamilat‘umqttc
1346 4337 1577 4391 Tomum
1604 4337 1769 4408 (baud
1805 4352 1964 4393 secus
1997 4354 2058 4393 ac
2079 4338 2323 4413 Calecas)
2352 4343 2564 4410 scribit,
2593 4344 2686 4398 sed
2718 4353 2772 4398 et
2801 4343 2946 4413 quod
2973 4361 3143 4400 armos
3169 4347 3496 4415 quingentos
3520 4356 3733 4415 septua'

518 4436 687 4504 ginta,
725 4448 790 4491 ac
845 4431 910 4485 iis
939 4431 1144 4500 plures,
1178 4430 1245 4481 ab
1286 4428 1766 4499 Iconomacliorum
1796 4434 1971 4495 coepta
2002 4427 2214 4496 haeresi,
2249 4430 2315 4484 ad
2342 4446 2495 4485 suam
2528 4431 2655 4485 inde
2684 4440 2899 4486 aetatem
2936 4433 3161 4487 statuit:
3196 4448 3309 4503 quo
3340 4433 3479 4487 falso
3512 4434 3735 4487 omnino

509 4522 688 4576 cnecii
721 4520 1063 4586 aliorumque
1118 4515 1359 4576 calculos
1389 4512 1628 4573 ostendit
1660 4518 1736 4580 (et
1766 4516 1812 4567 si
1836 4514 2188 4571 Colonienses
2213 4519 2385 4571 secuti
2439 4517 2589 4587 sunt)
2624 4520 2826 4587 quibus
2868 4519 3248 4574 existimatum
3298 4530 3545 4587 spectare
3581 4520 3647 4574 ad
3681 4535 3729 4573 ιι

500 4614 720 4664 rirciter
751 4607 1009 4661 smeulum
1049 4622 1061 4657 :
1102 4619 1172 4665 eo
1200 4602 1413 4665 scilicet
1443 4601 1587 4671 quod
1615 4601 1732 4670 ejus
1770 4603 2036 4657 duntaxat
2080 4604 2311 4659 decedes
2345 4605 2618 4671 viderant;
2656 4621 2720 4659 ex
2753 4606 2954 4675 quibus
2985 4606 3051 4660 ad
3088 4607 3264 4661 aetatis
3292 4607 3416 4677 ejus
3469 4607 3729 4676 epocliam

498 4699 549 4751 id
591 4711 757 4749 unum
793 4696 926 4749 certi
986 4693 1271 4755 habemus,
1326 4704 1430 4741 non
1464 4688 1772 4743 excessisse
1812 4687 2097 4759 Euthymii
2151 4700 2388 4756 aetatem,
2431 4707 2496 4747 ex
2521 4692 2682 4762 cujus
2716 4692 2980 4762 Panoplia
3025 4692 3241 4747 Maximi
3287 4694 3466 4748 locum
3519 4696 3573 4748 in
3608 4709 3735 4749 suos
3782 4720 3787 4725 ~

503 4785 766 4847 derivat-it
793 4782 1057 4836 alveolos.
1093 4777 1343 4845 Parturio
1373 4787 1427 4839 et
1456 4775 1751 4845 diatribam
1791 4776 2010 4839 evoluto
2037 4778 2181 4834 serio
2213 4778 2515 4847 volumine,
2552 4796 2619 4851 ue
2645 4781 2801 4851 quid,
2832 4781 3021 4835 lectori
3060 4782 3202 4837 desit
3231 4783 3338 4847 hic,
3373 4786 3516 4851 quod
3548 4783 3603 4837 iu
3629 4796 3735 4836 rem

502 4884 647 4927 tuam
688 4872 962 4925 videatur.

956 4975 1202 5033 INDEX
1256 4975 1610 5032 CAPITUM.
2105 4987 2144 5039 Α

2105 4987 2144 5039 Α
2530 4980 2743 5034 ΠΙΝἉΞ
2782 4983 2916 5035 ΤΩΝ
2939 4983 3383 5037 ΚΕΦΑΑΑΙΩΝ.

504 5077 523 5128 1
589 5076 659 5128 Ile
688 5090 835 5143 pace,
868 5081 915 5124 et
951 5069 1087 5138 quod
1141 5086 1257 5121 eam
1291 5068 1544 5121 Pulamas
1575 5067 1893 5129 dissolverit,
1922 5066 2071 5135 facta

2173 5067 2241 5121 α’.
2283 5069 2419 5136 Περὶ
2476 5070 2742 5137 εἰρήνης,
2794 5072 2893 5125 καὶ
2951 5072 3110 5139 ὅπως
3166 5074 3395 5140 ταύτην
3435 5073 3737 5142 παρέλυσε

534 5165 579 5216 ei
609 5164 675 5216 ad
700 5174 901 5230 tempus
935 5161 1011 5213 rei
1043 5160 1191 5217 venia
1218 5176 1235 5223 ;
1271 5174 1335 5219 ac
1367 5173 1484 5227 qua:
1519 5172 1683 5213 causa
1711 5172 2031 5211 sermonum.

2181 5162 2191 5169 '
2246 5156 2555 5227 Παλαμᾶς,
2586 5161 2735 5226 πρὸς
2770 5163 2980 5231 καιρὸν
3021 5162 3434 5229 συγχωρηθείς
3461 5176 3473 5189 ³
3515 5163 3617 5215 καὶ
3654 5162 3736 5224 τίς

2170 5306 2175 5311 ,
2249 5251 2291 5316 ἡ
2334 5249 2450 5303 τῶν
2495 5252 2692 5320 λόγων
2733 5252 2913 5307 αἰτία.

496 5342 553 5413 2Ἰ
585 5338 703 5392 Non
731 5354 883 5405 posse
912 5338 1212 5391 Palmuitus
1262 5338 1554 5408 quidquam
1609 5354 1798 5408 negare
1835 5336 2064 5393 Palama

2183 5342 2251 5411 ﬁ".
2302 5341 2423 5394 ’Ότι
2450 5343 2521 5395 οὐ
2581 5342 2871 5395 δύνανται
2913 5341 3243 5411 Παλαμῖται
3277 5338 3665 5409 ἀρνήσασθαι
3687 5354 3739 5390 τι

566 5432 1016 5494 lucubrationum,
1048 5432 1123 5487 vel
1144 5431 1459 5498 cuiusquam
1484 5447 1685 5496 eorum,
1709 5433 1799 5502 qui
1819 5442 2072 5500 posteum

2254 5433 2373 5485 τῶν
2421 5432 2527 5487 τοῦ
2564 5434 2812 5502 Παλαμᾱ
2842 5431 3340 5502 συγγραμμάτων,
3370 5430 3410 5498 ἣ
3440 5428 3554 5483 κόν
3584 5442 3738 5489 τινος

570 5524 680 5587 [uel
694 5532 787 5573 unt

2252 5526 2368 5577 τῶν
2398 5525 2524 5592 μετ’
2564 5527 2770 5580 αὐτόν.

498 5617 556 5687 ξι,
590 5612 865 5675 Quomodo
906 5612 1157 5666 l’ulamus
1185 5616 1460 5668 exitiosum
1497 5616 1684 5686 dogma
1724 5618 1786 5669 ab
1815 5633 1990 5671 errore
2023 5627 2066 5671 el

2182 5624 2249 5684 γ’.
2289 5617 2489 5680 Ὅπως
2528 5616 2593 5667 ἐκ
2645 5614 2883 5681 πλάνης
2936 5617 3033 5668 καὶ
3076 5615 3481 5684 φιλονεικείας
3516 5608 3737 5680 ἤρξατο

572 5702 900 5772 contentione
940 5706 1242 5769 (impie/itus
1283 5708 1373 5758 sit.

2257 5706 2541 5783 (ludimur
2589 5706 2693 5761 τοῦ
2732 5706 3023 5776 δόηιατος
3071 5707 3175 5761 τεῦ
3230 5706 3524 5781 όιῑεθρίονε
