3916 6204
387 302 500 370 667

1558 298 1880 362 JOANNIS
1916 297 2157 359 CYI‘AB
2172 298 2491 363 ISSIOTB

3514 298 3608 362 663

394 420 539 476 «Pax
595 416 741 479 Dei,»
792 415 988 486 inquit,
1040 429 1192 482 «qum
1240 424 1537 484 exsuperat
1590 425 1955 470 omuemscn-

2080 428 2246 481 πηται.
2325 412 2457 475 Καὶ,
2510 430 2530 464 «
2585 409 2791 482 Εἰρήνη
2840 406 2936 464 τοῦ
2999 406 3154 477 Θεοῦ,
3203 427 3224 463 ι
3285 412 3464 480 φησὶν,
3516 431 3533 464 «
3588 413 3613 475 ἡ

391 527 514 568 sum
544 510 631 577 ¹;ι
677 508 868 562 Pacem
902 506 1157 560 nimirum
1188 523 1332 573 eam,
1372 524 1492 575 quae
1522 517 1815 576 exsuperet
1848 521 1970 563 om-

394 618 519 656 nem
560 615 806 661 sensum,
834 612 1055 663 vocans,
1092 614 1199 666 qua
1227 614 1391 669 supra
1423 615 1586 668 quam
1624 598 1768 654 Deus
1789 600 1967 655 factus

394 693 574 755 homo,
608 704 727 752 nos,
768 690 859 756 qui
887 688 1098 743 inimici
1145 704 1388 753 eramus.
1429 690 1531 744 sibi
1574 691 1689 758 ipse
1713 692 1962 745 reconci-

390 781 542 834 liavit
566 798 581 847 ;
606 796 714 849 quo
731 780 860 849 quid
882 781 1165 836 decentius
1185 789 1253 835 ad
1268 782 1524 837 eximiam
1554 783 1704 852 pacis
1721 794 1970 838 astruen-

392 873 516 926 dam
543 872 954 942 praestantiam?

464 1053 621 1106 Enim
683 1067 812 1107 vero
864 1053 1049 1107 audivi
1098 1062 1152 1107 et
1183 1068 1372 1123 pacem
1426 1056 1866 1126 progredientem
1905 1073 1969 1113 ac

395 1155 784 1211 revertentem,
815 1147 861 1200 si
893 1148 1151 1217 indiguus
1182 1148 1369 1211 fuerit,
1396 1151 1488 1219 qui
1522 1166 1640 1205 eam
1678 1153 1965 1221 suspiciat,

391 1254 705 1307 quanquam
731 1238 841 1293 Pax
874 1239 971 1294 tibi
999 1242 1018 1271 ⁸
1047 1281 1063 1305 ,
1113 1240 1222 1295 Pax
1257 1242 1373 1295 viro
1417 1253 1532 1307 tuo,
1563 1241 1672 1298 Pax
1700 1244 1813 1297 (ilio.
1844 1260 1968 1314 par-

391 1331 521 1385 vulo
545 1330 596 1395 ⁷;
640 1347 951 1401 quanquam
1001 1333 1140 1387 Deus
1167 1334 1315 1403 pacis
1340 1335 1360 1365 ⁸
1421 1346 1722 1405 cunctaque
1752 1354 1849 1393 sus
1872 1342 1967 1393 de-

393 1438 502 1491 que
535 1422 853 1494 Scripturac,
888 1426 1038 1494 pacis
1057 1437 1183 1481 sunt
1227 1429 1404 1495 plena.
1425 1428 1565 1493 Quin
1594 1430 1702 1482 imo
1734 1430 1832 1484 rite
1857 1432 1973 1485 ani-

398 1530 544 1568 mum
578 1515 1004 1581 attendentibus,
1059 1518 1238 1571 onmis
1268 1533 1472 1586 quanta
1526 1529 1625 1583 est,
1657 1536 1758 1589 pax
1814 1523 1886 1576 sit
1915 1530 1969 1577 et

398 1608 710 1667 securitas;
752 1609 937 1662 nesrio
983 1621 1158 1664 tamen
1192 1613 1467 1679 quomodo
1516 1629 1668 1666 novze
1712 1630 1855 1669 nunc
1882 1616 1968 1670 in-

2072 507 2249 559 πάντα
2298 506 2423 559 νοῦν
2478 504 2855 574 ὑπερέχουσαι
2888 522 2907 555 ι
2969 504 3198 573 εἰρήνην
3249 501 3414 570 αὐτὴν
3462 503 3615 571 δήπου

2070 599 2389 668 περιφανῶς
2436 598 2615 651 πάντα
2665 596 2791 650 νοῦν
2847 596 3228 666 ὑπερέχουσαν
3282 595 3482 658 καλῶν,
3510 596 3617 648 καθ’

2070 691 2137 759 ἢν
2191 691 2476 758 ἄνθρωπος
2526 692 2554 743 6
2586 688 2890 759 ’Υπέρθεος
2932 690 3242 759 γενόμενος,
3298 689 3444 757 ἡμᾶς
3472 692 3619 742 Exae-

2068 782 2419 850 λεμωθέντας
2467 780 2753 851 διήλλαξεν
2806 781 2989 851 ἑαυτῷ
3024 797 3038 810 ·
3083 772 3145 834 οὗ
3208 779 3262 832 τί
3310 780 3376 834 ἃν
3432 781 3622 846 γένοιτο

2070 875 2525 946 πρεπωδέστερον
2589 874 2669 936 εἰς
2729 872 3077 944 παράστασιν
3136 870 3234 926 τοῦ
3287 871 3622 941 τῆςνείρήνης

2071 965 2385 1036 ὑπερφυοῦς
2406 983 2423 1029 ;

2153 1062 2387 1130 Ἀκήκοα
2443 1059 2501 1114 δὲ
2547 1058 2642 1112 καὶ
2702 1057 2927 1127 εἰρήνην
2987 1053 3325 1123 προϊεμένην
3370 1053 3461 1106 καί
3492 1054 3624 1107 ἀντι-

2072 1154 2430 1225 στρέφουσαν,
2463 1152 2529 1205 ἂν
2574 1150 2649 1220 μὴ
2686 1149 2837 1213 ἄξιος
2900 1149 2929 1200 6
2986 1145 3195 1215 ταύτην
3252 1145 3624 1214 ὑποδεχόμενος

2070 1245 2103 1321 ᾗ
2131 1264 2145 1279 ο
2177 1249 2225 1299 εἰ
2259 1247 2352 1299 καί
2377 1245 2583 1316 Εἰρήνη
2616 1260 2698 1295 σοι
2724 1258 2738 1273 ⁸
2765 1241 2970 1310 Εἰρήνη
2991 1240 3070 1309 τῷ
3096 1238 3250 1307 ἀνδρί
3275 1255 3368 1292 σου
3388 1253 3402 1269 θ
3437 1236 3621 1307 Εἰρήνη

2069 1340 2147 1409 τῷ
2175 1339 2443 1410 παιδαρίῳ
2480 1355 2490 1370 ·
2530 1339 2579 1391 εἰ
2619 1337 2651 1408 ἢ
2684 1336 2780 1389 καί
2829 1335 2890 1389 Ὀ
2923 1333 3057 1396 Θεὸς
3104 1334 3205 1399 τῆς
3255 1333 3491 1401 εἰρήνης,
3543 1332 3624 1383 καὶ

2070 1433 2228 1486 πάντ’
2259 1433 2371 1487 ἄνω
2418 1432 2512 1486 καὶ
2555 1430 2705 1483 κάτω
2739 1427 2809 1480 τὰ
2846 1428 2945 1493 τῆς
2981 1425 3232 1494 Γραφῆς.
3258 1424 3478 1494 εἰρήνης
3514 1421 3626 1476 ἀνά-

2071 1527 2257 1581 πλεω·
2307 1524 2506 1594 μᾶλλον
2570 1522 2616 1575 δ’
2658 1522 2848 1576 ἅπασα
2894 1521 3007 1580 τοῖς
3048 1518 3230 1589 ὀρθῶς
3283 1516 3624 1585 προσανέχου-

2073 1636 2178 1684 σιν,
2211 1618 2401 1686 εἰρήνη
2451 1616 2544 1669 καὶ
2587 1613 2858 1681 ἀσφάλεια
2886 1628 2900 1643 ·
2940 1610 3057 1664 ἀλλ’
3107 1610 3211 1663 οὐκ
3246 1604 3344 1663 οἶδ’
3394 1609 3534 1670 ὅπως
3580 1609 3625 1661 οἰ

396 1708 651 1754 ventores
692 1699 815 1754 ﬁdei
843 1700 1001 1769 longa
1028 1704 1420 1770 protendcrunt
1446 1707 1848 1775 oppositionum
1875 1709 1968 1764 de-

2080 1711 2170 1778 τὴν
2201 1709 2329 1761 νέαν
2362 1706 2459 1759 νῦν
2508 1704 2847 1802 ἀνευρόντες.
2877 1702 3058 1793 πίστιν
3090 1700 3342 1771 μακροὺς
3379 1699 3626 1801 ἐξέτειναν

398 1791 542 1857 liria,
570 1807 635 1844 eo
661 1791 871 1847 scilicet
918 1794 1024 1848 {ine
1072 1801 1130 1847 ut
1167 1795 1455 1862 unionem,
1485 1814 1606 1867 que
1639 1800 1691 1853 in
1726 1802 1835 1856 Deo
1859 1811 1966 1866 est,

400 1882 684 1948 «livellant,
746 1900 954 1954 nosque
1001 1901 1030 1939 a
1066 1886 1386 1944 dulcissima
1446 1905 1575 1957 pace
1622 1890 1968 1962 abrumpant.

399 1968 614 2042 Ubique
646 1974 790 2026 enim
817 1988 938 2028 cum
977 1990 1207 2031 excessu
1239 1980 1381 2046 quod
1413 1982 1748 2035 contrarium
1783 1991 1865 2037 est
1891 1984 1976 2037 di-

324 2104 329 2115 .
398 2067 649 2135 ligentes,
685 2081 938 2136 magnum
969 2069 1117 2137 pacis
1149 2086 1348 2125 munus
1382 2072 1718 2140 dissolvere;
1764 2084 1975 2131 tantas-

400 2174 505 2227 que
535 2160 781 2214 omnium
829 2161 1103 2217 mentibus
1153 2163 1457 2230 iniecerunt
1488 2167 1744 2236 ineptias,
1781 2176 1839 2223 ut
1864 2184 1969 2224 non

399 2252 578 2305 solum
609 2267 639 2306 a
668 2252 966 2309 verissimis
997 2253 1232 2311 decretis
1278 2271 1511 2313 avocare
1560 2260 1864 2323 Studerent,
1891 2262 1974 2315 ni-

401 2344 591 2412 hilque
623 2359 812 2399 eorum
846 2360 968 2415 qum
995 2347 1063 2401 ad
1111 2347 1457 2404 Christianos
1492 2366 1520 2403 a
1553 2351 1821 2420 principio
1849 2352 1976 2407 atti-

336 2452 339 2453 '
401 2446 534 2491 nent
565 2436 947 2493 inconvulsum
983 2439 1160 2494 sinere
1212 2443 1625 2509 contenderent,
1666 2444 1757 2497 sed
1787 2458 1839 2498 et
1874 2462 1975 2503 nos

403 2528 552 2597 ipsos
582 2532 870 2599 perplexos
920 2531 1229 2597 redderent,
1262 2537 1460 2604 quibus
1490 2539 1758 2608 scripsere
1790 2540 1970 2608 libris,

403 2621 743 2685 dubitantes,
787 2639 918 2678 num
950 2626 1172 2682 omnino
1233 2630 1481 2686 homines
1528 2635 1817 2699 exsistant,
1853 2636 1975 2691 Dci—

400 2728 509 2782 qne
540 2715 850 2783 ﬁgmentum
880 2717 1067 2772 audire
1102 2720 1434 2785 sustineant,
1506 2725 1597 2790 qui
1636 2735 1783 2779 tanta
1817 2727 1870 2781 in
1913 2728 1975 2782 il-

401 2806 513 2860 lum
548 2809 975 2865 temulentorum
1023 2827 1175 2866 more
1205 2814 1564 2871 deblaterent.
1605 2818 1792 2890 Neque
1825 2823 1970 2875 enim

401 2901 561 2955 aliam
592 2903 847 2959 existimo
880 2904 1197 2973 Apostolum
1218 2907 1240 2938 ⁹
1271 2906 1457 2965 dicere
1483 2910 1875 2979 defectionem,
1916 2916 1970 2970 in

400 2996 663 3052 extremis
720 2997 1058 3067 temporibus
1108 2998 1367 3060 futuram.
1421 3019 1581 3073 quam
1610 3005 1802 3074 utique
1832 3007 1975 3063 hanc

2073 1798 2400 1854 ἀντιθέσεων
2435 1796 2654 1866 λήρους,
2684 1792 2772 1861 ἐφ’
2813 1785 2859 1859 ᾧ
2889 1786 2989 1862 τὴν
3024 1791 3124 1859 μὲν
3171 1792 3232 1842 ὲν
3271 1788 3350 1859 τῷ
3379 1787 3493 1857 Θεῷ
3526 1789 3627 1841 δια-

2076 1890 2375 1944 σπάσουσιν
2433 1888 2651 1949 ἕνωσιν,
2685 1885 2832 1955 ἡμᾶς
2888 1883 2935 1937 δ’
2976 1882 3357 1953 άπορῥήξουσι
3388 1880 3481 1948 τῆς
3530 1879 3627 1949 ήδί-

2077 2000 2208 2051 στης
2248 1982 2471 2050 εἰρήνης
2496 1996 2510 2010 ·
2539 1976 2816 2047 πανταχοῦ
2869 1975 2979 2044 γὰρ
3036 1973 3157 2043 μεθ’
3196 1972 3497 2043 ὑπερϐολῆς
3522 1969 3627 2023 τοὺ-

2074 2077 2288 2130 ναντίον
2317 2075 2725 2141 ἀγαπήσαντες,
2748 2070 2810 2123 τὸ
2846 2069 2989 2139 μέγα
3022 2066 3121 2135 τῆς
3152 2066 3381 2136 εἰρήνης
3400 2063 3625 2116 διέλυσαν

2073 2169 2263 2239 χρῆμα
2285 2184 2301 2199 ·
2358 2166 2453 2219 καὶ
2497 2163 2771 2233 τοσαύτην
2804 2162 3073 2229 ἐνέθηκαν
3099 2161 3227 2221 ταῖς
3256 2159 3501 2212 ἀπάντων
3539 2153 3628 2221 ψυ-

2075 2262 2196 2331 χαῖς
2234 2257 2333 2325 τὴν
2365 2256 2645 2327 ἀκαιρίαν,
2672 2256 2747 2319 ὡς
2787 2252 2860 2325 μὴ
2902 2252 3061 2322 μόνον
3108 2251 3226 2303 τῶν
3271 2246 3626 2319 γνησιωτάτων

2075 2352 2384 2421 ἀποστῆσαι
2448 2348 2748 2403 σπουδάσαι
2812 2347 3121 2413 δογμάτων,
3169 2345 3269 2397 καὶ
3320 2339 3481 2411 μηδὲν
3534 2336 3627 2387 τῶν

2076 2446 2155 2507 εἰς
2180 2442 2541 2513 Χριστιανοὺς
2570 2440 2812 2511 ἐξαρχῆς
2845 2438 3166 2508 ἀνηκόντων
3208 2435 3459 2504 ἀκίνητον
3488 2431 3627 2485 ἐᾶσαι

2075 2535 2472 2605 φιλονεικῆσαι,
2498 2530 2614 2585 ἀλλ’
2657 2529 2997 2599 ἀμφιϐόλους
3031 2528 3127 2581 καὶ
3180 2528 3332 2597 ἡμᾶς
3357 2523 3543 2585 αὐτοὺς
3580 2521 3629 2577 ἓν
3687 2522 3693 2529 ’

2074 2630 2188 2687 τοῖς
2221 2625 2351 2694 περὶ
2376 2623 2557 2677 αὐτῶν
2601 2622 2947 2689 καταστῆσαι
2987 2620 3198 2685 λόγοις,
3238 2615 3625 2686 διαποροῦντας,

2076 2720 2233 2787 εἰπερ
2290 2714 2425 2775 ὅλως
2478 2714 2560 2776 εἰς
2620 2712 2943 2782 ἀνθρώπους
2996 2708 3228 2764 τελοῦσι
3281 2708 3376 2761 καὶ
3429 2706 3627 2771 πλάσμα

2074 2809 2332 2877 λέγεσθαι
2384 2804 2523 2860 Θεοῦ
2558 2805 2970 2874 καταδέχονται,
3030 2802 3282 2856 τοσαῦτα
3313 2799 3443 2870 πρὸς
3488 2794 3630 2849 αὑτὸν

2075 2902 2606 2973 ὲμπαροινήσαντες.
2669 2898 2804 2953 Οὐδὲ
2834 2896 2945 2967 γὰρ
2974 2897 3142 2965 ἀλλην
3178 2891 3339 2964 οἶμαι
3370 2894 3457 2945 τδν
3492 2888 3633 2942 Ἀπόσ

2078 2995 2264 3049 στολον
2295 2993 2394 3063 τὴν
2443 2990 2779 3045 ἀποστασίαν
2812 2990 2870 3042 ὲν
2917 2988 3163 3057 ἰισχάτοις
3196 2985 3469 3057 εἰρηκέναι
3495 2980 3636 3050 γενή-

402 3088 645 3141 omnium
675 3104 870 3143 unam:
910 3102 1183 3158 quatenus
1217 3093 1421 3149 scilicet
1449 3095 1589 3160 alite,
1630 3112 1820 3152 eorum
1852 3116 1974 3170 quae

2080 3089 2267 3141 σεσθαι
2318 3087 2548 3155 καιροῖς,
2602 3082 2719 3137 ἀλλ’
2773 3082 2807 3151 ἢ
2853 3082 3025 3141 δήπου
3096 3080 3313 3138 ταύτην
3365 3078 3468 3129 τῶν
3507 3074 3631 3170 ἅπαξ

406 3179 501 3233 Dei
534 3190 662 3235 sunt
688 3181 893 3250 aliquid
929 3194 1213 3252 ponentes,
1254 3187 1398 3252 quod
1446 3188 1714 3258 reliquum
1740 3202 1856 3244 erat
1880 3208 1972 3247 su-

404 3269 613 3324 blatum
666 3270 818 3326 ibant
844 3312 859 3332 .
894 3274 1009 3326 haec
1043 3283 1222 3328 autem
1275 3276 1748 3347 impudentissima
1783 3296 1977 3351 super-

404 3359 553 3413 stitio
582 3375 645 3413 ac
677 3361 883 3430 religio,
912 3364 1174 3432 quidquid
1238 3365 1327 3420 Dei
1370 3375 1474 3431 est,
1502 3379 1668 3424 semel
1706 3371 1980 3427 honorare

406 3466 643 3510 recusat.
704 3455 1028 3525 Quanquam
1080 3459 1225 3512 enim
1282 3464 1739 3531 concrepantibus
1798 3464 1980 3519 buccis

406 3549 611 3619 aliquid
645 3550 710 3603 de
746 3550 839 3604 illo
893 3551 1141 3604 videatur
1180 3551 1384 3616 dicere,
1417 3554 1484 3607 iis
1520 3564 1698 3608 tamen
1732 3556 1825 3624 qui
1853 3570 1980 3616 seu-

407 3656 528 3693 sutu
561 3641 862 3702 attendant,
894 3656 1106 3705 eorum,
1131 3659 1251 3713 qua:
1271 3643 1584 3712 loquuntur,
1608 3645 1976 3699 omnimodam

408 3736 744 3804 impietatem
773 3734 980 3798 statuit,
1006 3733 1210 3803 Deique
1229 3746 1309 3803 tut
1341 3736 1421 3789 sic
1444 3735 1643 3803 dicam)
1669 3736 1983 3790 exstinctio-

409 3840 564 3880 nem:
593 3842 713 3896 qua:
745 3825 901 3894 plane
923 3840 1052 3888 una,
1085 3834 1280 3893 aperte
1312 3824 1514 3878 nudam
1565 3826 1732 3893 ipsam
1763 3840 1983 3893 puram-

411 3935 519 3987 que
553 3920 913 3973 delectioncm
947 3918 1269 3984 designant,
1291 3917 1364 3971 ita
1399 3918 1683 3981 nimirum,
1721 3925 1983 3986 tantoque

410 4024 638 4064 excessu
694 4008 750 4061 in
792 4008 991 4060 bonum
1063 4007 1211 4073 pacis
1263 4006 1514 4074 procacia
1572 4006 1771 4060 invecti
1831 4017 1979 4073 sunt,

414 4114 725 4170 quanquam
760 4097 1032 4149 maximus
1067 4095 1208 4149 Deus
1245 4104 1300 4149 et
1324 4094 1575 4150 Salvator
1603 4108 1790 4151 noster
1826 4098 1985 4153 Jesus

410 4188 669 4242 Christus
690 4188 757 4249 ‘°,
788 4194 913 4255 post
932 4201 1091 4238 omne
1115 4185 1309 4239 salutis
1362 4194 1561 4239 nostra:
1590 4189 1862 4255 expletum
1892 4204 1987 4243 ne-

410 4281 619 4349 gotium
649 4320 663 4344 ,
702 4280 848 4349 quod
888 4278 1188 4348 discipulos
1226 4280 1301 4354 ad
1335 4280 1738 4351 praedicationis
1786 4297 1986 4337 munus

412 4372 800 4445 praeminebat,
820 4387 1009 4426 eorum
1046 4381 1170 4426 ante
1203 4387 1535 4440 componens
1557 4374 1789 4439 animos,
1823 4390 1953 4429 secu
1984 4409 1987 4412 ‹

409 4481 614 4535 fasque
638 4476 844 4519 mentes
869 4464 1121 4528 reddens,
1160 4465 1358 4534 quibus
1399 4467 1496 4531 ait,
1520 4466 1659 4521 «Pax
1694 4467 1847 4522 vobis
1884 4468 1980 4532 ",t

410 4572 523 4614 non
554 4558 790 4612 cessavit
829 4558 1002 4611 donec
1028 4558 1142 4610 haec
1174 4558 1409 4625 primum
1450 4559 1630 4612 dicere
1653 4560 1983 4629 iujnngcret,

411 4665 537 4705 esse
562 4666 618 4704 se
646 4651 815 4716 magis
839 4660 1118 4703 auctorem
1152 4660 1312 4718 atque
1332 4650 1489 4703 arbit'
1507 4666 1594 4703 nm
1615 4652 1761 4720 pacis
1789 4653 1992 4706 confir-

419 4760 577 4798 mans
608 4744 678 4807 ¹²,
705 4742 848 4811 quod
887 4744 937 4795 in
969 4744 1089 4796 aliis
1124 4742 1368 4796 dixerat:
1414 4722 1640 4796 «Paeoni
1687 4760 1861 4798 meam
1917 4747 1989 4799 do

418 4838 572 4890 vohis
601 4836 694 4898 ",i
736 4838 837 4889 hoc
866 4835 1045 4887 denuo
1088 4834 1199 4902 ipse
1254 4835 1577 4903 asljungcns,
1609 4834 1799 4904 sicque
1830 4850 1991 4904 pero-

417 4929 612 4995 rando,
651 4930 791 4980 «Pax
825 4928 1034 4988 vobis,»
1062 4929 1112 4978 in
1141 4942 1263 4980 eum
1294 4926 1512 4979 modum
1538 4928 1768 4995 apostoli
1790 4942 1988 4980 munus

422 5021 532 5077 illis
587 5020 887 5083 concredit,
933 5035 1044 5072 rem
1098 5019 1310 5072 scilicet
1351 5018 1516 5071 nullis
1575 5018 1708 5071 satis
1739 5018 1990 5073 laudibus

423 5115 833 5169 celebrandam:
869 5113 1050 5167 «Sicut
1086 5113 1235 5166 misit
1267 5128 1350 5165 me
1377 5110 1534 5164 Pater
1600 5125 1775 5169 mens,
1800 5120 1854 5163 ct
1891 5126 1991 5180 ego

425 5207 580 5261 tuitto
599 5206 802 5272 vos“,t
852 5212 907 5260 et
954 5204 1077 5258 illos
1124 5204 1332 5257 honore
1365 5199 1625 5265 alliciens,
1653 5209 1706 5253 et
1735 5199 1997 5268 dignitate

423 5308 649 5361 augens.

496 5386 592 5440 Sin
627 5394 806 5440 autem
847 5386 1012 5440 etiam
1046 5394 1172 5439 ante
1200 5398 1415 5438 omnem
1446 5382 1648 5437 Christi
1732 5380 1996 5451 praedica-

431 5479 638 5535 tiourut
674 5487 837 5547 atque
877 5478 944 5531 ad
975 5493 1093 5531 cant
1151 5477 1624 5545 pra-parationent,
1690 5473 1837 5544 pacis
1869 5486 1997 5541 pro-

499 5615 532 5686 ξ
555 5603 784 5686 Philipp.
838 5617 974 5679 tv,7.
1048 5616 1069 5645 ⁸
1107 5614 1291 5669 Matth.
1321 5631 1371 5675 κ,
1407 5614 1470 5669 15
1503 5633 1515 5678 ;
1550 5613 1685 5686 Luc.
1753 5630 1804 5667 ιι.
1843 5611 1897 5686 ὃς

431 5686 453 5717 ⁹
498 5684 536 5737 ll
567 5684 758 5740 'I'ltess'.
803 5703 864 5752 tt,
897 5688 951 5740 5.

437 5768 528 5819 xx,
573 5753 663 5809 21.

1998 5611 2017 5641 ⁷
2054 5610 2069 5663 l
2104 5609 2215 5663 Par,
2258 5622 2355 5669 xtt,
2408 5604 2512 5667 l8;
2556 5598 2621 5656 IV
2656 5600 2787 5671 Reg.

1032 5685 1076 5717 ¹⁹
1113 5687 1216 5739 'l‘it.
1245 5701 1302 5751 tt,
1336 5686 1427 5739 i3.
1509 5689 1543 5717 ι’
1573 5684 1732 5738 Joan.
1764 5698 1853 5748 xx,
1882 5680 1968 5743 l9.
2001 5680 2093 5734 ‘21.

2081 3180 2190 3233 σῶν
2227 3180 2397 3248 μόνην
2422 3192 2438 3209 ’
2484 3174 2725 3243 παρόσον
2760 3174 2966 3225 ἐκεῖναι
3014 3170 3113 3239 μὲν
3152 3172 3217 3222 τὶ
3254 3170 3365 3221 τῶν
3399 3163 3489 3218 τοῦ
3515 3158 3632 3214 Θεοῦ

2079 3269 2382 3336 τιθέμεναι,
2416 3264 2567 3320 τᾶλλ’
2622 3263 2894 3347 ἀνήρουνό
2930 3263 2963 3333 ή
2997 3261 3043 3315 δ’
3077 3259 3310 3330 ἀναιδὴς
3351 3257 3483 3326 αὕτη
3524 3253 3637 3320 θρη-

2083 3385 2239 3439 σκεία
2274 3380 2529 3447 καθάπαξ
2562 3364 2920 3432 ἀπαναίνεται
2950 3375 3003 3427 τί
3049 3372 3159 3427 τῶν
3196 3373 3293 3426 τοῦ
3319 3370 3450 3424 Θεοῦ
3491 3363 3633 3435 τιμῆ-

2084 3495 2195 3532 σαι.
2247 3474 2366 3528 Κᾶν
2406 3471 2516 3541 γὰρ
2554 3472 2667 3530 τοῖς
2696 3468 2890 3539 ψόφοις
2939 3466 3048 3519 τῶν
3092 3464 3382 3535 ὀνομάτων
3433 3462 3483 3513 τὶ
3528 3456 3639 3526 περί

2084 3566 2251 3622 αὐτοῦ
2321 3564 2502 3634 λέγειν
2553 3562 2709 3631 δοκῇ,
2764 3558 2900 3613 ἀλλά
2953 3559 3064 3619 τοῖς
3122 3554 3231 3624 τὴν
3270 3552 3500 3608 διάνοιαν
3549 3547 3640 3599 τῶν

2082 3660 2398 3731 λεγομένων
2442 3654 2711 3710 σκοποῦσι
2758 3650 2998 3718 παντελῆ
3030 3648 3130 3719 τὴν
3159 3648 3362 3702 ἀθεϊαν
3394 3643 3639 3713 παρίστη-

2085 3768 2171 3805 σιν
2196 3767 2207 3780 ·
2242 3750 2278 3804 ἃ.
2299 3746 2361 3819 δὴ
2396 3748 2531 3819 μονα
2577 3741 2897 3814 περιφανῶς
2923 3737 3138 3810 γυμνὴν
3167 3738 3346 3808 αὐτὴν
3372 3734 3462 3788 καὶ
3490 3731 3641 3800 ἀκριο

2085 3859 2178 3895 τον
2214 3839 2314 3910 τὴν
2358 3837 2702 3891 ἀποστασίαν
2762 3832 3039 3887 δείκνυσιν
3074 3845 3089 3860 ο
3135 3826 3288 3882 οὕτω
3336 3825 3452 3897 μεθ’
3494 3823 3637 3887 ὑπερο

2087 3931 2247 4001 ϐολῆς
2299 3930 2380 3993 εἰς
2422 3929 2480 3982 τὸ
2517 3930 2615 3996 τῆς
2668 3927 2894 3996 εἰρήνης
2945 3923 3255 4013 ἐξύϐρισαν
3315 3917 3529 4013 ἀγαθὸν.
3560 3910 3640 4013 καὶ

2087 4022 2266 4077 ταῦτα
2294 4021 2388 4074 τοῦ
2426 4019 2664 4089 μεγάλου
2690 4016 2827 4069 Θεοῦ
2873 4016 2966 4069 καί
3007 4012 3269 4082 Σωτῆρος
3299 4009 3450 4081 ήμῶν
3490 4009 3641 4073 Ἰησοῦ

2088 4112 2366 4183 Χριστοῦ,
2424 4109 2564 4180 μετά
2616 4107 2678 4160 τδ
2711 4106 2895 4159 πᾶσαν
2952 4103 3318 4173 ἐκπληρῶσαι
3371 4102 3468 4172 τὴν
3518 4095 3641 4162 ὑπὲρ

2088 4204 2247 4275 ήμῶν
2296 4201 2634 4270 οἰκονομίαν,
2679 4196 2865 4265 ἐπειδὴ
2913 4197 3036 4258 τοὺς
3072 4194 3324 4265 μαθητὰς
3356 4194 3443 4247 ἐπὶ
3472 4190 3527 4243 τὸ
3559 4186 3640 4275 κή-

2094 4273 2282 4363 ρυγμα
2348 4289 2722 4361 προῦπεμπε,
2781 4285 3269 4354 προκαταστήσας,
3332 4280 3504 4335 αὐτῶν
3557 4273 3640 4333 τὰς

2022 4411 2066 4466 D
2092 4383 2345 4454 γνώμαςο
2376 4381 2473 4435 καὶ
2510 4378 2608 4440 τὰς
2657 4377 2856 4446 ψυχὰς.
2917 4377 2978 4466 ἐν,
3014 4372 3093 4466 τῷ
3134 4375 3305 4466 (pavet
3335 4364 3642 4466 προασφαλιῖ

2041 4463 2353 4561 ὲσάμενος,
2393 4492 2411 4523 «
2449 4471 2655 4559 Εἰρήνη
2689 4469 2839 4537 ὑμῖν,
2886 4485 2903 4517 ι
2935 4465 3034 4518 οὐκ
3077 4464 3323 4533 ἐνέμεινε
3365 4463 3517 4531 μέχρι
3560 4472 3639 4561 τον)

2090 4566 2266 4622 ταῦτα
2314 4546 2599 4633 προειπεῖν
2641 4558 2963 4628 ἐγνωκέναι,
3005 4552 3241 4627 βεϐαιῶν
3272 4556 3347 4618 ὠς
3387 4552 3538 4611 αὐτὸς
3586 4546 3641 4599 ἂν

2092 4662 2177 4729 εἰη
2209 4656 2410 4727 μᾶλλον
2439 4655 2467 4706 6
2492 4655 2589 4720 τῆς
2625 4652 2848 4722 εἰρήνης
2880 4650 3144 4719 πρύτανις
3176 4688 3189 4709 ,
3232 4648 3371 4716 ὅπερ
3401 4647 3456 4697 ἐν
3484 4640 3642 4738 alii“;

2093 4749 2323 4818 ἔφησεν,
2371 4764 2389 4797 «
2432 4744 2666 4813 Εἰρήνην
2698 4742 2797 4813 τὴν
2839 4742 2976 4809 ἐμὴν
3022 4738 3217 4805 δίδωμι
3257 4737 3407 4805 ὑμῖν,
3449 4752 3466 4784 ι
3506 4737 3643 4783 τουτο

2097 4840 2260 4893 πάλιν
2313 4837 2407 4889 καί
2456 4835 2617 4895 αὐτὸς
2658 4830 2926 4897 ἐπειπὼν,
2962 4851 2980 4883 ι
3024 4831 3230 4901 Εἰρήνη
3272 4830 3420 4898 ὑμῖν,
3468 4844 3485 4875 ι
3521 4820 3643 4873 οῦτοι

2099 4932 2199 5001 τὴν
2247 4927 2553 4994 ἀποστολὴν
2602 4925 2785 4987 αὐτοῖς
2832 4923 3160 4993 ἐγχειρίζει,
3191 4923 3252 4974 τὸ
3294 4916 3643 5001 πολυύμνητον

2100 4996 2280 5074 ἐκεῖνο
2304 5033 2319 5048 ⁸
2358 5036 2376 5068 ι
2411 5014 2610 5076 Καθὼς
2661 5013 2971 5067 ἀπέσταλκέ
3008 5029 3073 5081 με
3104 5012 3132 5064 6
3182 5008 3373 5077 Πατήρ
3409 5021 3526 5074 μου,
3559 4996 3643 5049 κά·

2102 5110 2183 5180 γὼ
2219 5112 2420 5180 πέμπω
2452 5106 2616 5176 ὑμᾶς,
2663 5123 2680 5156 ι
2732 5106 2825 5158 καί
2858 5105 3099 5174 τιμήσας
3140 5100 3339 5163 αὐτοὺς
3372 5097 3465 5151 καὶ
3504 5086 3643 5156 ἁξιῶ-

2106 5222 2224 5267 σας.

2180 5384 2241 5435 Εἰ
2269 5379 2333 5453 δὲ
2368 5380 2462 5449 καὶ
2490 5376 2596 5447 πρὸ
2625 5374 2841 5428 πάντων
2867 5372 2975 5425 τῶν
3004 5368 3237 5443 Χριστοῦ
3270 5384 3337 5436 κη
3347 5360 3639 5453 ρυγμάξωνν

2106 5475 2202 5527 καὶ
2248 5449 2347 5541 τῆς
2396 5469 2515 5522 κατ’
2572 5465 2712 5517 αὐτὰ
2765 5466 3143 5534 παρασκευῆς,
3186 5460 3244 5514 τὸ
3293 5458 3392 5525 τῆς
3438 5449 3639 5521 εἰρήνης

2839 5617 2911 5662 ιν,
2964 5600 3017 5654 ϐ.
3113 5600 3133 5631 ⁸
3168 5599 3184 5653 Ι
3215 5597 3337 5649 Cor.

2224 5666 2431 5729 “Luc.
2488 5666 2541 5737 κ,
2603 5674 2652 5725 5.
2739 5666 2998 5725 "'Joan.
3071 5684 3157 5724 xtv
3230 5666 3318 5719 97.
