3916 6204
274 392 377 461 669

1050 399 1686 463 PALAMITICARUM
1715 399 2012 460 TRANSG
2027 398 2469 462 BESSIONUM
2507 397 2762 460 LIBER.

3424 390 3530 456 670

269 505 607 574 ἐπήγγελται
635 505 927 577 ἄσπασμα,
965 507 1063 561 καὶ
1092 508 1276 578 πάσης
1308 509 1442 564 αύτδ
1481 528 1582 579 της
1617 513 1674 564 ἐν
1703 513 1836 582 ἡμῖν

1963 521 2190 567 mnttata
2223 512 2536 582 indictaque
2605 509 2864 569 salutatio
2913 518 3016 575 est,
3065 509 3230 579 inque
3259 510 3405 564 omni
3467 523 3526 563 re

270 597 669 667 ίεροτελεστίας
735 599 1130 671 προήγγελται,
1190 601 1340 660 τίνες
1396 601 1464 656 ἀν
1517 598 1628 656 εἷεν
1681 605 1736 657 οἵ
1778 621 1843 672 γε

267 687 537 759 πρότερον
588 687 686 743 καὶ
734 689 833 744 νῦν
883 689 1018 745 αὐτὸ
1072 693 1378 763 παραλύειν
1420 695 1840 763 ἐσπουδακότες,

264 779 364 834 καὶ
421 780 594 850 μηδὲν
649 781 1050 853 ἀγνωμοσύνης
1104 786 1558 856 παραλιπόντες,
1618 787 1845 856 ἀναίδην

269 869 417 923 οὕτω
444 871 590 923 κατά
633 869 813 941 πάσης
841 873 1198 943 κεχωρήκασι
1247 875 1348 944 τῆς
1392 878 1549 946 ἡμων
1579 877 1805 948 εἰρήνης
1829 917 1844 942 ,

263 962 466 1027 ἐξῶσαι
528 962 797 1034 πρότερον
854 963 1028 1036 αὐτὴν
1086 965 1490 1036 ἐνθυμηθέντες
1546 969 1654 1023 ἀπὸ
1685 969 1844 1034 Θεοῦ,

267 1048 384 1104 εἶτα
413 1051 512 1106 καὶ
540 1052 651 1106 τῶν
666 1054 724 1106 ἐν
751 1054 882 1124 ἡμῖν
906 1056 1374 1125 σπουδασμὰωνς
1399 1055 1525 1128 Ἆρ’
1555 1060 1655 1112 οὐκ
1684 1059 1847 1125 εύθύς

265 1140 508 1212 ἑεαρχῆς
547 1143 648 1214 τὴν
687 1144 897 1198 ἑαυτῶν
949 1146 1262 1214 παριστῶσι
1299 1150 1429 1220 περὶ
1471 1150 1532 1204 τὸ
1568 1149 1847 1222 ὀμόψυχον

265 1233 608 1302 ὑπεροψίαν,
671 1236 766 1289 καὶ
819 1237 967 1298 ὅπως
1025 1237 1216 1310 ἔλαχον
1265 1243 1396 1310 περὶ
1449 1244 1511 1296 τὸ
1562 1241 1846 1296 δυσσεόεϊν

261 1325 546 1394 αἱρεῑσθαι
615 1327 873 1396 φύσεωςς
929 1330 1091 1383 Ἀλλά
1159 1332 1364 1401 ταύτης
1410 1334 1509 1403 μὲν
1559 1335 1660 1403 τῆς
1703 1336 1848 1389 κατά

259 1415 362 1482 τῆς
401 1415 632 1486 εἰρήνης
677 1416 900 1488 λύττης,
929 1420 1016 1472 ἐπ’
1047 1421 1232 1484 ἀλλοις
1277 1423 1430 1477 ἄλλοι
1474 1424 1616 1477 κατὰ
1655 1425 1845 1493 διαφόο

267 1522 394 1574 ρους
420 1506 724 1578 ἀρξάμενοι
763 1510 1012 1580 χρόνους,
1055 1511 1420 1576 τελευτῶντες
1451 1514 1531 1577 είς
1577 1514 1847 1584 Παλαμᾶν

263 1594 409 1670 ἧκον
433 1611 453 1628 ’
482 1600 676 1671 ἄνδρα,
725 1603 816 1664 τὸν
863 1603 988 1656 νοῦν
1025 1604 1281 1658 ἀ6ἐ6αιον
1307 1621 1321 1636 ο
1369 1605 1661 1660 ἀλλόκοτον
1718 1611 1847 1677 περὶ

263 1691 366 1759 τὴν
419 1691 720 1762 θρησκείαν
752 1710 768 1727 ο
820 1697 1227 1767 ἀπερίσκεπτον
1277 1699 1407 1767 περὶ
1458 1700 1519 1752 τὸ
1560 1701 1848 1768 παραστάν

263 1783 419 1837 ἅπαν
444 1801 459 1814 ·
493 1785 619 1853 ὅρον
651 1785 842 1839 τοῦτον
872 1787 1154 1855 ἐγνωκότα
1183 1789 1539 1858 φιλονεικίας,
1576 1792 1675 1860 οὐχ
1720 1789 1780 1844 ὃν
1819 1791 1845 1860 ἡ

261 1875 434 1944 φύσις
468 1876 606 1946 πρὸς
637 1876 738 1946 τὴν
782 1879 972 1948 χρείαν
1014 1880 1399 1948 ἐπετήδευσεν,
1424 1880 1540 1935 ἀλλ’
1583 1883 1642 1936 ὃν
1678 1884 1706 1937 ό
1751 1883 1850 1952 τῆς

263 1967 415 2038 ζωῆς
464 1968 618 2037 αύτῷ
672 1969 862 2039 χρόνος
914 1969 1268 2042 ἐξεμέτρησε.
1343 1971 1612 2044 Τοιαύτην
1695 1971 1850 2039 οὗτος

259 2058 364 2125 τὴν
386 2057 574 2128 ψυχὴν
603 2061 938 2130 περιφέρων,
982 2065 1076 2115 καὶ
1104 2062 1280 2134 τούτῳ
1310 2064 1435 2128 τοὺς
1460 2065 1654 2129 ἀλλους
1686 2067 1848 2139 ύπερο

255 2148 534 2203 ὄκλέσθαι
565 2150 765 2221 ζητῶν,
793 2153 930 2206 ὅπου
959 2153 1019 2206 τὸ
1043 2155 1198 2225 νικᾷν
1230 2154 1392 2209 πλέον
1427 2157 1519 2209 τὸν
1555 2161 1684 2228 περὶ
1716 2158 1852 2212 Θεοῦ

268 2242 522 2296 κίνδυνον
564 2246 733 2316 αἴρει,
785 2247 1005 2319 περιῄει
1051 2248 1116 2302 τὸ
1158 2249 1376 2320 πρῶτον
1424 2252 1618 2321 καιρὸν
1654 2251 1856 2304 ἐπιδεί-

266 2336 409 2403 ξεως
438 2337 908 2409 ἀνερευνώμενος,
945 2341 1253 2409 φιλοπονῶν
1299 2341 1430 2413 περὶ
1464 2343 1534 2398 τά
1569 2343 1851 2413 ἐλάχιστα,

267 2429 366 2480 καὶ
400 2427 482 2498 τῷ
529 2432 758 2500 κρατεῖν
806 2435 864 2486 ἐν
906 2433 1124 2502 ἑκάστῳ
1161 2433 1309 2503 μάλα
1357 2434 1812 2505 φιλοτιμούμενος
1838 2449 1852 2464 ·

271 2519 456 2572 πάντα
487 2522 658 2574 κινῶν
686 2522 784 2575 καὶ
816 2523 985 2594 μηδὲν
1014 2523 1371 2595 παραλείπων
1413 2515 1553 2592 ὑπὲρ
1580 2524 1674 2577 τοῦ
1718 2526 1856 2597 πρὸς

278 2612 498 2666 ἅπαντα
521 2614 806 2686 φιλαρχεῖν
831 2616 1108 2684 αίρεῖσθαι
1133 2631 1150 2648 ⁸
1181 2617 1281 2670 καὶ
1305 2617 1414 2676 πᾶς
1452 2611 1520 2687 ἦν
1548 2617 1698 2688 αὐτῷ
1731 2616 1856 2669 σύλο

274 2704 435 2773 λογος
487 2705 706 2777 ἡμέρας
753 2708 1015 2780 ἐκάστης,
1071 2709 1172 2763 εἴτ’
1221 2710 1287 2763 ἐκ
1337 2709 1599 2765 πλειόνων
1645 2709 1746 2764 εἴτ’
1798 2711 1856 2776 ἐξ

282 2797 581 2938 ὲῗττὸνῳν
616 2802 1016 2870 συνεκροτεῖτο,
1063 2799 1297 2872 θορύϐου
1327 2801 1423 2854 καὶ
1452 2803 1699 2874 ταραχῆς
1728 2803 1859 2858 ἀνά-

283 2905 324 2938 1:
355 2905 482 2938 εως.

283 2905 482 2954 πλεως.

365 3159 517 3254 Ἐπεὶ
569 3159 626 3213 δὲ
686 3160 880 3254 καιρος
941 3161 1261 3254 ἐφειστήκει
1317 3163 1502 3217 πᾶσαν
1563 3164 1649 3233 ἐφ’
1700 3164 1856 3233 ἡμῶν
1885 3193 1929 3254 c

289 3252 513 3321 ἀνομίαν
547 3252 992 3321 συντελεσθῆναι,
1022 3253 1121 3308 καὶ
1150 3254 1406 3324 γενέσθαι
1439 3255 1507 3308 τά
1545 3257 1670 3310 καθ’
1710 3259 1857 3327 ἡμᾶς

286 3344 412 3399 ὧσεὶ
442 3347 654 3414 Σόδομα
696 3347 791 3400 καὶ
826 3347 1081 3420 Γόμορρα
1105 3364 1120 3380 '
1154 3351 1252 3402 xui.
1302 3350 1410 3402 πᾶν
1457 3349 1555 3419 μὲν
1598 3349 1858 3417 ἐξανδρα-

291 3438 604 3508 ποδισθῆναι
636 3439 698 3491 τὸ
728 3439 903 3507 γένος,
953 3440 1137 3492 πᾶσαν
1190 3440 1236 3492 δ’
1269 3440 1624 3511 ἐρημωθῆναι
1676 3442 1854 3507 πόλιν,

290 3529 382 3581 καὶ
433 3529 903 3600 καταπατηθῆναι
959 3531 1030 3584 τὰ
1086 3531 1252 3600 Ἀγια
1307 3531 1533 3601 Περσῶν
1606 3533 1857 3603 βεϐήλοις

293 3622 436 3686 ποσὶ,
470 3620 564 3673 καὶ
610 3620 710 3691 τὴν
738 3620 919 3674 αὐτῶν
965 3621 1342 3692 ἀντισηκῶσαι
1377 3624 1723 3694 παρανομίαν
1763 3624 1860 3678 καὶ

290 3714 576 3781 ἀσέλγειαν
604 3716 717 3778 τοῖς
751 3714 1049 3784 ἡμετέροις
1081 3713 1226 3766 ἔθεσι
1253 3715 1348 3767 καὶ
1376 3713 1714 3783 σεϐάσμασιν
1744 3709 1860 3784 (οἷα

291 3805 355 3857 τὰ
395 3806 491 3858 τοῦ
540 3805 678 3859 Θεοῦ
733 3806 1008 3875 κρίμαται
1050 3805 1068 3875 i
1131 3806 1469 3877 θρασύτερον
1521 3805 1550 3858 ό
1598 3805 1861 3878 ὑϐριστὴς

292 3897 668 3966 ἐμπεπτωκὼς
703 3892 876 3961 οὗτος,
911 3899 1080 3962 Λυδὸς
1121 3900 1280 3962 εὐθὺς
1305 3896 1372 3972 ἦν
1397 3902 1479 3962 είς
1523 3901 1726 3962 πεδίον.
1765 3893 1862 3954 καὶ

292 3987 441 4050 δαλὸς
485 3990 567 4052 είς
599 3988 907 4060 εὔπρηστον
941 3989 1074 4061 ὕλην
1097 4007 1112 4023 ο
1160 3991 1254 4044 καὶ
1295 3990 1486 4062 ὥσπερ
1522 3994 1635 4053 τοῖς
1677 3991 1861 4055 ἀλλοις

293 4077 320 4131 ό
346 4080 452 4133 τῶν
490 4082 759 4150 σωμάτων
793 4082 885 4135 καὶ
937 4081 1046 4133 τῶν
1091 4078 1388 4153 χρημάτων
1418 4082 1636 4153 ὄλεθρος
1675 4083 1860 4135 διεπο-

295 4171 426 4242 νήθη
456 4175 553 4226 καὶ
597 4175 1120 4244 πεπραγμάτευται,
1182 4175 1518 4246 μακρότερον
1551 4192 1652 4227 που
1685 4173 1861 4243 τούτῳ

294 4263 350 4315 τὸ
395 4264 510 4316 τῶν
563 4263 753 4335 ψυχῶν
797 4267 1052 4335 ἐξήνυται
1101 4265 1463 4336 δηλητήρ;ονο
1499 4266 1575 4329 ὡς
1615 4267 1681 4319 ἂν
1739 4265 1864 4318 κατ’

295 4354 458 4424 ἄμφω
503 4358 602 4412 καὶ
654 4356 853 4427 ψυχαῖς
901 4357 1136 4411 θάνατον
1185 4360 1277 4411 καὶ
1336 4359 1585 4428 σώμασιν
1650 4359 1864 4412 ὄλισθον

295 4447 566 4515 ἐπάγοιεν.

1879 1847 1926 1906 Β

1947 619 2124 671 sacra,
2165 620 2231 660 ac
2250 605 2638 678 mysteriorum
2668 603 3028 660 celebratione
3053 601 3169 670 ipsa
3224 601 3367 670 apud
3424 615 3524 654 nos

1946 699 2366 768 praenuntiatur,
2393 698 2615 769 quinam
2649 710 2770 752 esse
2799 693 3010 749 dicendi
3043 701 3191 757 sunt,
3215 691 3315 760 qui
3370 691 3526 760 prius

1947 805 2204 858 nuncque
2228 790 2347 858 ejus
2371 789 2575 845 bonum
2602 786 2989 848 dissolventes,
3010 783 3262 853 nihilque
3313 782 3524 853 impro-

1947 879 2133 936 bitatis
2167 882 2397 937 missum
2424 879 2710 943 facientes,
2741 885 2888 932 tanta
2921 874 3261 945 impudentia
3293 874 3346 928 in
3405 889 3526 927 om-

1946 990 2070 1029 nem
2099 985 2337 1030 nostram
2364 973 2596 1043 grassati
2619 981 2971 1041 suntpacem,
3007 970 3106 1024 hoc
3136 969 3440 1039 cogitantes
3468 979 3525 1020 ut.

1947 1081 1978 1121 a
2009 1065 2117 1119 Deo
2144 1065 2318 1134 prius,
2347 1074 2571 1132 tumque
2587 1063 2744 1117 etiam
2768 1060 3108 1116 abhumanis
3133 1058 3328 1114 studiis
3361 1067 3526 1124 atque

1947 1157 2190 1213 moribus
2229 1170 2346 1209 eam
2381 1152 2762 1225 profligarent?
2779 1151 2917 1207 Num
2941 1152 3104 1220 igitur
3127 1151 3308 1205 statim
3330 1165 3358 1202 a
3379 1149 3526 1217 prin-
3611 1133 3620 1138 ’

1947 1247 2113 1317 cipio,
2148 1261 2302 1301 suam
2335 1244 2650 1304 ostendunt,
2671 1242 2812 1310 quod
2850 1241 2915 1295 ad
2937 1239 3289 1294 concordiam
3310 1237 3523 1299 attinet,

1948 1337 2279 1408 superbiam,
2305 1351 2476 1406 quove
2495 1334 2701 1404 prazrliti
2723 1333 2939 1402 ingenio
2961 1332 3090 1394 sint,
3113 1342 3171 1384 ut
3197 1339 3390 1398 sponte
3429 1344 3527 1384 sua

1948 1430 2210 1500 impietati
2237 1427 2564 1484 concedant?
2589 1425 2786 1480 Verum
2819 1423 2964 1477 hunc
2995 1421 3215 1490 quidem
3263 1419 3528 1474 adversus

1949 1537 2138 1591 pacem
2171 1520 2503 1583 furorem,in
2528 1519 2648 1572 aliis
2677 1517 2765 1570 alii
2787 1515 3018 1570 diversis
3041 1512 3379 1582 temporibus
3428 1527 3526 1562 au-

1949 1613 2164 1681 spicati,
2199 1619 2473 1680 postremo
2505 1609 2571 1664 ad
2607 1609 2877 1663 Palamazn
2931 1609 3296 1668 devenerunt;
3353 1602 3527 1656 virum

1950 1705 2179 1767 scilint,
2202 1702 2530 1758 inconstanti
2555 1702 2736 1754 animo
2762 1717 2777 1764 ;
2798 1697 3185 1768 superstitione
3200 1694 3401 1765 Deique
3415 1693 3528 1748 cul-

1953 1807 2008 1852 tu
2036 1805 2408 1868 portentosum
2445 1813 2460 1862 ;
2498 1793 2757 1863 quidquid
2788 1790 2988 1860 negotii
3013 1797 3278 1852 vertatur,
3321 1787 3531 1851 impru-

1955 1891 2168 1946 dentem
2196 1884 2747 1942 acinconsideratum
2785 1897 2800 1936 :
2832 1880 2925 1949 qui
2976 1880 3122 1933 hunc
3165 1877 3532 1932 contentionis

1955 1981 2118 2036 ﬁnem
2162 1977 2397 2042 noverit,
2434 1992 2540 2030 non
2575 1987 2734 2043 quem
2771 1981 2967 2026 natura
3009 1968 3171 2038 iusta:
3229 1966 3530 2020 necessita-

1955 2073 2027 2126 tis
2062 2083 2228 2126 causa
2263 2067 2538 2130 statuerit,
2578 2064 2672 2117 sed
2709 2075 2870 2131 quem
2899 2058 3024 2114 vita:
3060 2056 3141 2112 illi
3181 2066 3396 2126 tempus
3419 2069 3535 2108 om.

1955 2177 2022 2216 ne
2050 2157 2402 2232 protenalerit.
2429 2152 2770 2222 Ejuscemodi
2792 2150 2879 2203 ille
2898 2149 3142 2203 animum
3169 2146 3533 2202 cirumferens

1957 2255 2168 2320 hocque
2186 2249 2410 2318 reliquis
2433 2245 2740 2316 praecellere
2760 2256 3031 2312 quterens,
3053 2254 3162 2308 quo
3177 2237 3400 2292 victoria
3421 2235 3537 2290 dis-

1953 2346 2233 2417 putatione
2261 2344 2325 2397 de
2354 2341 2464 2394 Deo
2505 2337 2685 2406 majus
2744 2334 3048 2404 periculum
3090 2329 3242 2392 facit,
3269 2327 3536 2384 circuibat

1957 2435 2191 2505 primum
2220 2431 2564 2487 occasionem
2599 2429 2806 2481 rimans
2846 2424 2931 2479 sui
2965 2420 3314 2486 ostentandi,
3348 2420 3402 2473 in
3441 2419 3543 2473 mi-

1949 2527 2122 2581 nimis
2161 2537 2382 2592 operam
2433 2534 2765 2589 magnopere
2807 2514 3099 2576 adhibens,
3145 2522 3308 2582 atque
3339 2510 3393 2564 in
3422 2510 3558 2564 om-'

1959 2610 2118 2671 nibus
2155 2614 2357 2684 primas
2404 2611 2548 2667 ferre
2595 2610 2755 2663 etiam
2803 2615 2964 2676 atque
3018 2604 3182 2659 etiam
3240 2600 3535 2665 ambiens;

1959 2707 2166 2763 nullum
2188 2722 2294 2760 non
2313 2704 2500 2759 funem
2516 2716 2740 2757 movens
2756 2709 2916 2754 autve
2935 2697 3228 2768 quicquam
3250 2693 3531 2753 omittens,

1959 2809 2020 2854 ut
2055 2801 2110 2855 in
2145 2796 2402 2850 omnibus
2423 2807 2652 2863 praeesse
2670 2789 2804 2844 velle
2828 2803 2891 2842 ac
2909 2785 3181 2841 dominari
3218 2784 3534 2844 videretur;

1958 2888 2248 2957 omnisque
2283 2885 2358 2938 illi
2392 2882 2636 2954 quotidie
2665 2886 2986 2942 conventus,
3031 2875 3148 2950 sive
3186 2877 3387 2944 plures,
3425 2873 3546 2927 sive

1960 2981 2246 3053 pauciores
2269 2976 2665 3037 confluxerant,
2702 2971 2895 3042 plenus
2911 2967 3180 3023 tumultus
3193 2975 3246 3021 et
3263 2963 3547 3036 perturba-

1961 3074 2127 3130 tionis
2150 3073 2354 3127 abibat.

2034 3167 2329 3235 Postquam
2353 3178 2482 3218 vero
2509 3172 2725 3226 tempus
2750 3156 3066 3212 advenerat.
3087 3162 3147 3207 ut
3163 3150 3343 3207 omnis
3369 3150 3422 3204 in
3445 3163 3545 3203 no-

1975 3255 2058 3309 his
2092 3259 2574 3308 consummaretur
2621 3242 2971 3313 improbitas,
3030 3244 3322 3305 essentque
3363 3241 3547 3287 nostra

1973 3327 2226 3399 Sodoma:
2259 3355 2323 3393 ac
2351 3338 2669 3394 Gontorrha:
2698 3334 2840 3387 haud
2873 3327 3162 3386 dissimilia
3193 3343 3209 3390 ;
3259 3334 3426 3393 atque
3493 3331 3545 3376 ut

1972 3447 2083 3491 tota
2117 3434 2336 3488 natione
2369 3432 2422 3484 in
2454 3431 2767 3484 servitutem
2797 3422 3034 3485 redacta,
3068 3419 3220 3492 nulla
3263 3433 3372 3473 non
3411 3415 3549 3470 civi-

1972 3537 2057 3581 tas
2089 3524 2447 3587 desolaretur,
2482 3535 2544 3574 ac
2580 3518 2779 3571 Sancta
2807 3513 3050 3583 profanis
3081 3510 3370 3565 Persarum
3397 3506 3548 3576 pedi-

1971 3623 2077 3678 bus
2107 3619 2585 3678 conculcareutur,
2622 3611 2928 3679 nostrisque
2960 3605 3204 3662 moribus
3237 3613 3400 3673 atque
3430 3600 3548 3654 cul-

1971 3715 2137 3776 tibus,
2178 3710 2393 3765 illorum
2424 3705 2648 3778 perﬁdia
2679 3701 2970 3769 insanique
2999 3712 3216 3753 amores
3249 3697 3392 3765 (quae
3454 3692 3547 3746 Dei

1969 3805 2220 3879 judicia!)
2257 3801 2373 3875 pari
2410 3801 2534 3872 jure
2564 3799 2925 3858 haberentur,
2953 3791 3147 3860 majori
3205 3787 3432 3843 audacia
3477 3787 3548 3840 ir-

1979 3916 2144 3957 ruens
2175 3901 2340 3954 bomo
2369 3892 2820 3954 contumeliosus,
2852 3889 3031 3959 Lydus
3060 3885 3242 3939 statim
3273 3883 3324 3936 in
3354 3893 3559 3949 campo.

1973 4001 2112 4057 erat,
2141 3992 2339 4060 faxque
2409 3987 2475 4042 ad
2510 3997 2738 4054 slupas;
2796 3997 2862 4036 ac
2894 3981 3039 4034 sicut
3095 3975 3217 4030 aliis
3263 3988 3562 4043 corporum

1975 4088 2352 4153 bonorumque
2378 4079 2601 4136 exitium
2636 4077 2891 4144 labosque
2919 4079 3204 4143 procurata
3225 4077 3385 4137 atque
3417 4080 3555 4134 prae-

1973 4183 2125 4248 stita,
2157 4177 2234 4234 sic
2263 4189 2428 4246 prepe
2461 4173 2536 4226 illi
2575 4171 2735 4224 latius
2764 4167 3019 4222 diffusum
3055 4179 3118 4219 ac
3174 4168 3563 4231 experrectum.

1978 4272 2281 4328 animarum
2318 4277 2618 4328 venenum;
2664 4273 2773 4330 quo
2825 4256 3081 4312 nimirum
3130 4255 3404 4322 utrinque,
3442 4259 3556 4302 tum
3611 4297 3618 4310 ,

1976 4365 2266 4422 animabus
2283 4369 2534 4421 mortem,
2557 4368 2666 4410 tum
2695 4353 3016 4423 corporibus
3035 4350 3243 4405 ruinam
3267 4355 3568 4410 casumque-

1978 4460 2276 4514 induceret.

362 4540 533 4594 Γενεά
580 4558 665 4604 τις
705 4541 1046 4610 ἀναφανεῖσα
1093 4544 1614 4612 παραπικραίνουσα
1641 4562 1655 4576 ·
1705 4545 1858 4613 γενεᾶ

2043 4549 2190 4606 Gens
2229 4544 2488 4600 nimirum
2512 4539 2757 4612 quazdam
2788 4549 3093 4605 emergens,
3139 4545 3272 4601 gens
3337 4539 3553 4579 exacer.

296 4630 716 4704 ἐξοιστραμὲνη,
751 4635 844 4686 καὶ
873 4633 1007 4686 Θεὸν
1039 4635 1126 4686 ἐπ’
1152 4635 1213 4687 οὐ
1243 4634 1384 4699 θεοῖς
1415 4639 1828 4705 παρεικάζουσα
1850 4655 1865 4670 ο

297 4720 380 4774 διὰ
420 4722 580 4775 τοῦτο
627 4725 724 4776 καὶ
777 4723 909 4788 Θεδς
963 4727 1324 4795 παρεικάσειν
1383 4728 1579 4791 αὐτοὺς
1631 4730 1718 4780 ἐπ’
1768 4729 1869 4781 ούκ

299 4814 437 4868 Εθνει
483 4815 777 4886 διενοήθη,
824 4817 920 4871 καὶ
971 4819 1078 4889 μὴν
1135 4819 1439 4886 ἐξετέλεσε,
1496 4820 1698 4890 μικροῦ
1761 4821 1868 4874 πᾶν

300 4905 475 4959 αὐτῶν
500 4906 875 4980 ἐξαναστήσας
905 4913 1005 4980 τῆς
1032 4913 1134 4979 γῆς
1164 4912 1223 4964 τὸ
1253 4903 1538 4981 σύστημαο
1567 4912 1870 4982 καταπροέ-

304 5013 457 5064 μενος
493 4998 613 5064 μετ’
645 4999 817 5068 ὀργῆς
847 4999 990 5053 ἔθνει
1021 5001 1290 5070 ἀσυνέτῳ,
1314 5005 1410 5056 καὶ
1439 5002 1659 5072 ἄρχοντι
1701 5020 1872 5072 πονη-

305 5089 508 5159 ροτάτῳ
537 5091 691 5155 παρὰ
735 5092 944 5156 πάντας
1009 5095 1134 5155 τοὺς
1176 5095 1566 5157 κατοικοῦντας
1611 5095 1708 5165 τὴν
1748 5095 1870 5165 γῆν.

303 5180 413 5233 Καὶ
441 5180 534 5234 νῦν
576 5182 637 5234 τὸ
670 5183 1021 5253 περιλειφθὲν
1054 5186 1153 5256 τῆς
1207 5185 1376 5255 ὀργῆς
1424 5185 1699 5250 λείψανον,
1736 5187 1874 5258 μηδὲ

305 5273 438 5339 μετά
482 5274 582 5343 τὴν
622 5274 837 5346 πληγὴν
864 5277 944 5339 εἰς
980 5279 1174 5348 πεῖραν
1222 5273 1380 5349 ἧκον,
1413 5279 1464 5330 εἴ
1513 5295 1615 5330 που
1669 5280 1721 5330 τὶ
1776 5279 1876 5349 τῆς

303 5363 521 5433 εἰρήνης
569 5364 714 5434 [χνος
753 5368 1186 5438 περιλελειπται,
1233 5368 1584 5438 καταρῤἀξαι
1614 5370 1708 5421 καὶ
1742 5386 1868 5420 συν-

300 5453 481 5522 τρῖψαι
502 5456 970 5528 προθυμούμενον,
993 5459 1112 5529 μεθ’
1131 5460 1262 5529 ὅσης
1283 5459 1380 5528 τῆς
1406 5459 1679 5521 ἀναιδείας
1700 5459 1867 5525 σοδεῖν

301 5541 367 5639 τα
400 5545 577 5639 μάχης
626 5547 718 5639 καὶ
767 5545 996 5614 θορύϐου
1048 5548 1142 5600 καὶ
1185 5547 1366 5617 πάσης
1397 5547 1567 5616 ἄλλης
1617 5549 1867 5618 ἀκαθαρ-

307 5635 421 5693 σίας
477 5635 734 5688 ἀνάπλεω
787 5637 1052 5707 περιάγον
1110 5638 1203 5690 καὶ
1261 5635 1546 5706 θεατρίζον
1581 5637 1864 5709 δόγματα·

381 5819 422 5846 τι
469 5817 620 5868 υςιιι,
662 5831 805 5872 χχιι,
847 5815 951 5878 27;
995 5816 1278 5878 xxxnﬁl.

1969 4640 2298 4706 bans;gens
2330 4633 2512 4688 furore
2541 4630 2835 4700 exagitata,
2903 4627 3179 4692 Deumque
3250 4620 3301 4672 in
3338 4617 3401 4671 iis
3461 4615 3554 4684 qui

1967 4743 2074 4783 non
2104 4705 2230 4780 sunt
2266 4723 2363 4788 dii,
2397 4721 2702 4777 assimilans
2729 4719 2770 4750 "
2801 4729 2993 4784 ;quam
3025 4721 3080 4768 et
3108 4718 3386 4782 propterea
3415 4705 3558 4759 Deus

1968 4821 2022 4874 in
2055 4831 2163 4870 non
2195 4821 2353 4885 gente
2368 4810 2673 4866 assimilare
2705 4804 3014 4871 constituit,
3047 4811 3101 4857 et
3130 4815 3259 4856 vero
3302 4798 3551 4869 pertecit,

1969 4913 2055 4966 vix
2083 4924 2189 4963 non
2221 4920 2438 4962 omnem
2467 4917 2655 4958 eorum
2683 4912 2884 4956 emtum
2912 4913 2942 4951 e
2973 4907 3119 4951 terra
3156 4892 3566 4954 exterminans;

1975 5006 2194 5062 tradens
2231 5015 2352 5052 cum
2379 4997 2460 5050 ira
2501 4988 2964 5063 gentiinsipienti,
3024 4984 3256 5054 ducique
3313 4982 3548 5036 scelera-

1973 5097 2185 5154 tissimo
2207 5106 2369 5161 super
2439 5068 2631 5142 omnes
2676 5083 3010 5138 habitatores
3038 5087 3217 5132 terrae.
3291 5072 3568 5140 Nuncque

1973 5189 2140 5244 etiam
2173 5183 2317 5254 quod
2350 5181 2443 5234 irae
2469 5175 2748 5232 residuum
2782 5179 2885 5233 est,
2924 5183 2991 5222 ne
3031 5175 3152 5236 post
3187 5165 3398 5233 plagam
3428 5161 3567 5229 qui-—

1972 5281 2095 5335 dem
2125 5292 2191 5332 ex
2217 5272 2458 5343 periculo
2483 5266 2724 5330 cautius,
2753 5262 2928 5318 sicubi
2969 5257 3261 5328 vestigium
3322 5253 3542 5320 aliquod

1978 5368 2130 5440 pacis
2159 5367 2424 5436 reliquum
2457 5369 2558 5424 est,
2575 5357 2775 5413 elidere
2797 5369 2860 5407 ac
2892 5361 3172 5407 conterere
3203 5347 3359 5400 avizte
3401 5344 3552 5404 co;i-

1977 5435 2118 5524 tans,
2143 5435 2344 5529 quanta
2376 5453 2502 5508 licet
2537 5447 2870 5518 impudentia
2893 5445 3205 5506 submovet,
3223 5440 3378 5509 plena
3405 5435 3557 5490 ε,ςὶΙὶ-

1977 5563 2061 5617 eet
2093 5527 2243 5614 rixae,
2282 5548 2654 5612 tumultusque
2683 5556 2747 5595 ac
2776 5539 2916 5593 alius
2973 5534 3151 5590 omnis
3186 5527 3556 5587 immunditian

1978 5641 2352 5709 circumagens
2401 5638 2672 5706 dogmata.
2707 5631 2873 5686 inruc
2908 5626 3058 5682 orbis
3111 5624 3381 5680 theatrum
3429 5631 3564 5692 pros
