3916 6204
421 304 528 372 671

422 613 667 667 paratum
705 615 806 666 est,
836 620 891 660 nt
922 613 1098 668 omnis
1131 617 1290 672 nobis
1336 621 1596 680 libertatis
1645 629 1716 683 sit
1777 632 1985 687 abolita

418 695 664 756 occasio,
708 697 958 764 privatim
987 716 1186 761 nostra:
1203 712 1415 778 pietatis
1434 731 1622 785 causa,
1653 736 1714 774 ac
1735 722 1851 786 ejus
1872 741 1990 788 qua:

417 783 545 835 olim
584 785 786 849 ﬂoruit,
812 793 984 860 pacis,
1026 798 1401 864 defensionem
1455 808 1741 867 instituere
1803 831 1984 886 opera:

420 876 646 942 pretium
680 881 936 939 duximus
973 904 992 940 :
1029 906 1224 962 nempe
1266 897 1476 964 judiccs
1503 876 1852 972 appellantes.
1890 929 1987 966 nu-

419 980 547 1022 stra:
579 969 743 1048 hujus
795 977 1144 1048 defensionis,
1195 989 1368 1056 quiin
1409 1005 1684 1056 posterum
1731 999 1984 1072 legerint,

417 1069 469 1111 et
498 1063 924 1139 uniuscujusque
969 1084 1202 1130 mentem
1258 1094 1591 1154 sensumque
1623 1088 1980 1159 dispexerint.

418 1151 493 1204 Ex
529 1153 599 1209 iis
634 1169 813 1212 antem
847 1177 967 1230 qua:
992 1180 1054 1218 ex
1088 1167 1241 1223 libris
1279 1171 1510 1229 Palamre
1562 1181 1788 1238 collecta
1844 1201 1971 1250 pro-

415 1242 683 1302 \lucimns.
713 1247 873 1304 facile
951 1256 1255 1326 intelligant
1285 1265 1376 1331 qni
1433 1269 1718 1334 diligenter
1769 1276 1979 1332 rimen-

417 1344 520 1398 tur,
559 1341 776 1406 quinam
800 1356 910 1397 tum
939 1345 1186 1412 Dei,tnm
1217 1364 1400 1411 nostra
1423 1362 1636 1429 repulsa
1665 1380 1818 1433 pace,
1847 1386 1980 1426 con-

415 1437 492 1480 tra
527 1444 588 1484 ac
609 1431 812 1488 Christi
845 1440 1145 1496 rationibus
1173 1447 1340 1510 sedet,
1371 1453 1571 1507 sentire
1601 1431 1767 1512 velint
1819 1472 1980 1532 atque

415 1520 611 1575 vivere.
648 1522 885 1593 Pngnam
918 1532 1060 1584 enim
1095 1549 1280 1590 eorum
1312 1557 1432 1608 qum
1463 1545 1512 1595 in
1551 1547 1660 1600 Deo
1709 1557 1975 1609 naturalia

412 1622 559 1675 sunt,
597 1613 1100 1676 irreconciliabilem
1150 1626 1652 1706 implacabilemque
1715 1642 1978 1703 adversus

411 1700 651 1754 divinam
687 1703 804 1772 ejus
835 1705 1158 1780 beatamque
1189 1719 1481 1775 essentiam
1551 1729 1971 1802 constituentes,

407 1797 571 1858 atque
606 1791 728 1847 inde
762 1796 811 1849 in
846 1813 944 1852 nos
981 1801 1128 1869 ipsos
1161 1807 1360 1861 malum
1388 1813 1752 1883 traducentes,
1788 1823 1896 1878 Deo
1915 1844 1974 1882 se
2007 1801 2048 1856 Β

411 1881 726 1950 obsequium
761 1888 954 1942 merito
981 1895 1297 1959 praestitisse
1331 1902 1641 1961 existimant
1683 1924 1698 1964 :
1737 1928 1802 1967 ac
1833 1917 1981 1972 velut

411 1973 498 2039 qni
532 1974 719 2028 urbem
769 1993 1076 2049 expugnare
1122 2000 1394 2059 satagunt.
1429 1995 1549 2064 ejus
1602 2001 1752 2068 prius
1796 2022 1976 2063 arcem

406 2063 812 2130 aggrediuntur,
830 2069 991 2140 inque
1008 2089 1123 2127 eam
1146 2080 1400 2135 continue
1418 2101 1670 2156 rumpunt
1695 2091 1978 2166 impetum,

411 2151 643 2208 interdiu
685 2169 953 2231 noctuque
985 2164 1316 2226 instruentes
1349 2173 1616 2247 insidias;
1656 2183 1794 2237 baud
1827 2189 1981 2242 aliter

411 2257 511 2296 nec
541 2246 749 2303 minora
775 2255 1061 2310 machinati
1086 2268 1233 2324 sunt,
1267 2266 1356 2332 qui
1405 2283 1548 2324 nunc
1591 2275 1740 2340 pacis
1771 2277 1976 2335 inimici

412 2343 563 2400 sunt,
591 2345 644 2391 et
674 2350 733 2394 ut
757 2344 903 2397 omni
939 2361 1058 2401 eam
1084 2349 1280 2407 Christi
1314 2355 1551 2414 Ecclesia
1596 2364 1970 2428 eliminarent.

411 2427 673 2482 insulsam
709 2432 846 2488 hanc
877 2437 1194 2497 deliriorum
1239 2447 1428 2502 silvam
1463 2452 1876 2520 adinvenerunt.
1909 2464 1973 2516 al

411 2515 766 2575 defectionem
797 2538 826 2576 a
865 2525 972 2581 Deo
997 2529 1320 2602 faciendam,
1342 2539 1588 2612 hancque
1620 2546 1964 2609 abolendam.

411 2617 468 2661 ut
497 2619 550 2663 et
576 2625 604 2662 a
636 2612 792 2668 nobis
815 2631 932 2671 eam
963 2620 1117 2678 facile
1141 2626 1412 2685 auferant.
1449 2634 1754 2707 Eninnvero,
1782 2657 1975 2710 qut-m-

413 2700 704 2756 admodum
769 2704 1032 2766 Dominus
1077 2715 1181 2770 vita
1224 2729 1278 2772 et
1323 2721 1501 2777 lumen
1539 2737 1591 2779 et
1620 2731 1974 2790 veritasi‘t'eo

410 2789 667 2864 liquaque
700 2797 947 2856 laudatus
980 2814 1081 2868 est,
1105 2807 1184 2861 sic
1217 2811 1470 2868 nimirum
1535 2826 1586 2872 et
1618 2819 1752 2888 lapis
1788 2839 1962 2894 angu-

410 2881 569 2946 laris.
610 2895 662 2939 et
691 2888 828 2958 lapis
855 2892 1222 2950 oﬂ'cnsiouis"
1248 2901 1315 2954 ab
1364 2903 1644 2974 Scriptura
1667 2915 1970 2982 appellatus

409 2985 510 3030 est.
555 2977 687 3044 Quis
714 2996 840 3049 ergo
881 2987 1091 3040 tandem
1117 2989 1192 3046 illi
1253 2993 1578 3067 impingens,
1641 2977 1753 3058 non
1808 3023 1971 3076 caput

1577 329 1907 396 JOANNIS
1939 337 2506 410 CYPABlSSlOTJE

425 423 742 476 ducens.“
764 441 884 495 qua:
909 442 1007 482 nos
1035 430 1196 484 etiam
1231 449 1352 488 cum
1388 437 1572 494 multis
1594 442 1876 515 beatisqne
1911 451 1988 502 vi-
2019 450 2061 505 A
2094 456 2231 524 πρὸς
2284 461 2386 514 an;

419 513 517 573 ris,
537 516 968 584 quandoquidem
989 532 1396 586 persecuturum
1420 534 1654 607 strneita
1677 539 1832 592 nobis
1845 557 1992 595 com-

3525 381 3618 446 67".)

2398 481 2428 531 ρ
2478 467 2574 520 καὶ
2619 468 2780 537 ἡμεῖς
2815 473 2952 539 μετὰ
2998 477 3207 534 πολλῶν
3231 484 3321 536 καὶ
3365 492 3616 561 μακαρίων

2100 549 2333 617 ἀνδρῶν,
2369 557 2556 628 ἐπειδὴ
2596 564 2690 613 καὶ
2735 564 2892 618 τοῦτο
2939 568 3178 639 μελῆσαν
3215 576 3326 638 τοῖς
3371 580 3610 646 διώκταις,

2097 641 2205 702 πᾶς
2252 643 2384 710 ἡμῖν
2431 649 2766 717 ἀπελήλαται
2817 657 3007 721 καιρὸς
3046 663 3371 731 παρρησίας,
3415 667 3508 737 ἰδία

2097 732 2254 799 ἡμῶν
2289 736 2571 802 εὐσεϐείας
2600 742 2806 808 εἵνεκα,
2837 749 2931 799 καὶ
2975 750 3074 817 τῆς
3115 751 3319 806 ἄνωθεν
3357 759 3617 826 πρεσϐευο-

2099 822 2268 890 μένης
2310 825 2536 895 εἰρήνης
2569 830 2954 900 ἀπολογεῖσθαι
3001 838 3110 892 δεῖν
3153 822 3424 911 ἔγνωμεν-⁸
3453 851 3617 916 κριτὰς

2092 910 2264 981 δήπου
2293 955 2306 974 ,
2345 919 2470 980 τοὺς
2517 922 2806 993 ἐσύστερον
2853 927 3085 993 διιόντας
3134 933 3224 984 καὶ
3420 910 3618 993 ἑκάστου

2091 1000 2331 1058 δάνοιαν
2367 1011 2668 1078 συνιόντας,
2700 1014 2800 1083 τῆς
2849 1018 3006 1086 ἡμῶν
3049 1000 3341 1088 ἀπολογίας
3389 1027 3618 1097 αἱρούμε-

2093 1112 2198 1148 νοι.
2238 1097 2361 1167 Ἀφ’
2385 1092 2459 1152 ὧν
2487 1101 2532 1154 δ’
2561 1105 2625 1157 ἐκ
2653 1105 2761 1159 τῶν
2801 1108 2896 1160 τοῦ
2951 1111 3182 1180 Παλαμᾶ
3233 1092 3620 1182 βιϐλίων-συνει-

2091 1185 2314 1256 laxare;
2360 1193 2692 1264 προάγομεν,
2726 1196 2998 1266 εὔληπτον
3041 1206 3154 1266 τοῖς
3183 1205 3320 1272 ’μετ’
3367 1207 3620 1276 ἀκριϐείας

2089 1277 2424 1346 ἐξετάζουσι,
2455 1284 2597 1349 τίνες
2645 1287 2710 1340 ἂν
2741 1287 2852 1342 εἷεν
2883 1293 2934 1345 οἳ
2983 1293 3082 1362 τὴν
3119 1297 3342 1367 είρήνην
3390 1301 3477 1352 καὶ
3501 1300 3619 1353 Θεοῦ

2088 1372 2181 1422 καὶ
2224 1374 2379 1440 ἡμῶν
2419 1379 2850 1448 ἀποστήσαντες,
2884 1385 3380 1442 ἀντιπολιτεύεσθαι
3426 1392 3620 1461 Χριστῷ

2087 1461 2205 1514 λίαν
2253 1466 2567 1534 ἐπισςιαλῶς
2612 1471 2844 1535 ἀξιοῦσι.
2888 1476 3084 1546 Μάχην
3115 1479 3224 1550 γὰρ
3258 1479 3365 1532 τῶν
3397 1483 3450 1533 ἐν
3493 1483 3620 1553 αὐτῷ

2087 1558 2335 1622 φυσικῶν
2387 1560 2704 1630 άσύμϐατον
2757 1568 2852 1620 καὶ
2907 1568 3138 1633 ξκῃυλον
3184 1572 3326 1624 κατά
3366 1572 3460 1640 τῆς
3489 1574 3620 1635 θείας

2085 1649 2249 1702 αὐτοῦ
2284 1652 2377 1700 καὶ
2419 1653 2696 1722 μακαρίας
2727 1657 3122 1727 ἐνστησάμενοι
3148 1662 3358 1727 οὐσίας,
3395 1667 3619 1718 κάκεῖθεν

2084 1741 2163 1804 είς
2195 1743 2342 1811 ἡμᾶς
2379 1745 2574 1808 αὐτοὺς
2603 1747 2664 1800 τὸ
2695 1749 2868 1801 δεινὸν
2899 1751 3338 1818 διαϐιϐάσαντες,
3368 1759 3618 1826 νομίζουσι

2082 1832 2596 1904 λελειτουργηκέναι
2639 1842 2706 1892 τά
2742 1843 3021 1910 πρέποντα
3049 1860 3064 1876 ’
3098 1849 3196 1899 καὶ
3239 1849 3423 1919 ὥσπερ
3455 1852 3498 1903 oi
3539 1853 3620 1904 πό·

2083 1923 2166 1977 λιν
2194 1926 2336 1978 ἑλεῖν
2366 1927 2679 1998 βιαζόμενοι
2710 1933 2811 2001 τὴν
2841 1936 3141 2006 ἀκρόπολιν
3187 1940 3353 2009 αὐτῆς
3385 1943 3619 2012 πρότερον

2081 2016 2370 2084 κατασπᾷν
2425 2018 2781 2088 ἐπιχειροῦσι,
2832 2022 2923 2074 καὶ
2969 2024 3140 2095 ταύτῃ
3200 2029 3430 2096 συνεχῶς
3476 2046 3621 2099 προσ-

2083 2105 2401 2174 ρήγνυνται,
2437 2107 2657 2179 νύκτωρ
2688 2111 3140 2177 ἐπιϐουλεύοντες
3177 2118 3272 2168 καὶ
3307 2118 3618 2188 μεθημέραν,

2079 2195 2285 2249 τούτων
2328 2197 2428 2249 οὐκ
2458 2197 2686 2253 ἔλασσον
2716 2201 2876 2270 ἔσχον
2903 2206 2951 2256 oi
2981 2204 3076 2258 νῦν
3103 2207 3206 2274 τῆς
3241 2209 3452 2278 εἰρήνης
3481 2209 3619 2262 πολέ-

2082 2302 2195 2355 μιοι
2212 2303 2225 2316 ·
2253 2288 2348 2339 καὶ
2379 2288 2580 2358 ταύτην
2599 2289 2798 2355 ἐξῶσαι
2815 2293 2913 2361 τῆς
2936 2295 3030 2347 τοῦ
3059 2297 3301 2366 Χριστοῦ
3327 2299 3621 2368 Ἐκκλησίας

2079 2377 2498 2442 ἐσπουδακότες,
2556 2381 2648 2432 τὸν
2707 2383 2992 2452 ἀλόγιστον
3047 2387 3244 2440 τοῦτον
3306 2388 3484 2458 ὅμιλον
3529 2389 3621 2442 τῶν

2077 2468 2142 2540 λη
2155 2469 2416 2539 ρημάτων
2446 2471 2675 2540 ἀνεῦρον
2725 2475 2808 2538 είς
2839 2475 3189 2531 ἀποστασίαν
3215 2479 3371 2542 Θεοῦ,
3407 2481 3492 2532 καὶ
3512 2479 3623 2533 ταύο

2078 2577 2174 2628 της
2206 2561 2550 2632 καθαίρεσιν,
2596 2564 2664 2618 ἵν’
2713 2566 2874 2635 ἡμῶν
2927 2569 3121 2639 ῥᾳδίως
3156 2573 3258 2625 καὶ
3289 2572 3483 2642 ταύτην
3526 2569 3624 2631 ἐξὲ-

2075 2651 2260 2707 λωσιν.
2300 2655 2376 2708 Οὺ
2411 2655 2516 2726 μὴν
2549 2657 2666 2711 ἀλλ’
2711 2659 2899 2732 ὥσπερ
2937 2662 2966 2712 ὁ
3002 2664 3213 2734 Κύριος
3253 2664 3364 2735 ζωὴ
3393 2667 3490 2717 καὶ
3525 2663 3623 2732 φῶς

2075 2743 2170 2793 καὶ
2230 2743 2485 2813 ἀλήθεια,
2539 2750 2633 2800 καὶ
2691 2749 2839 2804 τᾶλλ’
2884 2751 3225 2822 ἀνύμνηται,
3261 2753 3399 2807 οὕτω
3433 2754 3492 2823 δὴ
3541 2754 3622 2806 καὶ

2073 2831 2221 2894 λίθος
2277 2835 2694 2903 ἀκρογωνιαῖος,
2747 2839 2843 2893 καὶ
2898 2840 3072 2912 πέτρα
3117 2845 3538 2914 προσκόμματος
3565 2843 3621 2910 τῇ

2074 2923 2262 2994 Γραφῇ
2320 2927 2704 2997 προσείρηται,
2763 2931 2848 2991 τίς
2920 2932 3041 2984 ποτ“
3099 2932 3214 3000 ἄρα
3278 2933 3456 2986 λοιπὸν
3497 2931 3622 2998 αὐτῷ

2079 3017 2498 3087 προσαράττων,
2523 3020 2581 3070 οὐ
2622 3020 3041 3089 συντριϐήσεται
3072 3023 3172 3093 τὴν
3213 3024 3449 3095 κεφαλήν
3474 3041 3489 3090 ;
3519 3023 3623 3080 Κᾶν

410 3073 673 3144 conteret?
699 3073 1017 3145 Quanquam
1049 3081 1246 3152 aliquis
1266 3091 1450 3150 procul
1507 3095 1721 3162 sagittis
1782 3109 1968 3167 petere

2081 3073 2288 3174 βέλεσιν
2318 3073 2622 3177 ἐπιχείροίη
2669 3073 2958 3180 πόρρωθεν
3003 3073 3250 3180 βάλλειν,
3285 3073 3511 3182 ἓχειιτὴν
3539 3113 3620 3162 Βα-

408 3163 778 3231 aggrediatur,
835 3167 1172 3238 Babylonica;
1194 3174 1431 3235 fornacis
1464 3184 1730 3241 ﬂammam
1771 3181 1969 3249 ad'nl-

406 3256 719 3313 ciscendnm
783 3262 1006 3317 habet“.
1033 3264 1149 3320 Non
1182 3270 1323 3323 enim
1358 3287 1420 3326 ea
1454 3276 1505 3328 in
1530 3293 1625 3333 eos
1655 3286 1877 3346 exarsit,
1917 3289 1969 3341 in

406 3361 543 3412 quos
573 3363 798 3404 accensa
831 3361 944 3405 erat
964 3371 994 3422 ,ς
1025 3356 1116 3410 sed
1168 3358 1339 3428 magis
1370 3361 1424 3414 in
1456 3379 1552 3418 eos
1579 3367 1737 3422 irruit
1766 3375 1856 3438 qui
1891 3373 1971 3426 iu-

405 3441 717 3510 ccndcrant,
753 3460 817 3501 ac
838 3449 1157 3505 combussit.
1183 3450 1604 3513 Videnturmihi
1649 3470 1702 3515 et
1758 3464 1970 3532 singula

405 3534 673 3600 telabazc,
713 3538 765 3591 in
825 3541 1105 3597 mittentes
1160 3545 1358 3610 redire,
1425 3548 1645 3620 ictuque
1712 3557 1972 3614 validiore

402 3631 951 3695 percntcre;quanto
987 3631 1241 3687 nimirum
1303 3639 1440 3690 duro
1499 3641 1734 3697 maxime
1796 3648 1968 3714 allisa,

404 3715 692 3773 violentius
727 3723 1113 3778 rctumluntur.
1151 3725 1290 3790 Quid
1317 3729 1459 3782 enim
1494 3735 1662 3797 portis
1697 3735 1851 3790 inferi
1886 3739 1968 3792 in-

402 3807 768 3863 domabilius?
795 3809 969 3866 Aireae
1008 3815 1148 3867 enim
1177 3825 1230 3868 et
1257 3817 1462 3877 ferreae.
1497 3835 1560 3873 ac
1589 3822 1806 3890 lapideae
1845 3828 1974 3880 ada-

406 3899 787 3970 mantimcqne,
823 3918 886 3955 ac
950 3905 994 3957 si
1059 3907 1183 3972 quid
1214 3909 1354 3962 aliud
1402 3911 1616 3965 infracti
1648 3916 1858 3970 roboris
1888 3931 1972 3974 est

404 3992 742 4059 appellantur
778 3994 820 4025 ¹⁹
861 4012 876 4060 ;
911 4005 962 4048 at
1003 4012 1177 4064 neque
1212 4000 1305 4052 bas
1337 4002 1710 4071 praevalituras
1769 4007 1964 4065 Chris-

403 4083 440 4133 ti
485 4081 760 4148 Ecclesize,
787 4085 1039 4140 Christus
1070 4087 1444 4144 universorum
1500 4105 1664 4163 caput
1720 4113 1784 4153 ac
1813 4101 1966 4156 colu-

402 4185 523 4221 tncn
553 4159 800 4238 prmdiiit
826 4175 890 4227 ’°.

472 4262 619 4333 llaud
644 4279 765 4320 raro
786 4282 914 4322 sane
945 4270 1259 4338 permissum
1285 4281 1386 4336 est,
1410 4291 1517 4345 quo
1557 4279 1810 4336 nimirum
1836 4298 1966 4353 pro-

399 4354 547 4408 batio
579 4366 778 4411 nostrae
811 4360 930 4414 tidei
962 4363 1216 4427 eluceret,
1245 4381 1308 4418 ac
1377 4371 1611 4434 prudens
1666 4371 1961 4442 dispensa-

2080 3197 2339 3250 ϐυλώνιον
2385 3201 2520 3268 προς
2555 3201 2877 3271 ἐπιτίμησιν
2914 3203 3128 3273 φλόγα·
3167 3208 3238 3260 ού
3268 3208 3375 3278 γὰρ
3422 3205 3537 3258 καθ’
3561 3199 3624 3257 ὧν

2078 3285 2248 3357 ἦπται
2295 3292 2427 3361 δρᾷν
2475 3293 2838 3364 ὲγνωρίζετοο
2893 3297 2985 3348 ἐπὶ
3035 3297 3162 3360 τοὺς
3225 3299 3550 3358 ἀνάπτοντας
3575 3295 3624 3346 δὲ

2081 3381 2282 3449 μᾶλλον
2310 3381 2547 3451 διέτρεχε
2586 3385 2678 3436 καὶ
2715 3385 3039 3455 κατέφλεγε.
3075 3389 3245 3441 Δοκεῖ
3288 3406 3376 3457 μοι.
3405 3387 3495 3440 καλι
3532 3385 3625 3438 τῶν

2081 3470 2252 3539 βελῶν
2286 3472 2491 3526 τούτων
2521 3475 2756 3528 ἕκαστον
2802 3478 2896 3528 ἐπὶ
2931 3479 3023 3530 τὸν
3055 3479 3309 3550 βάλλοντ⁹
3345 3478 3624 3538 ἐπανιέναι,

2079 3563 2173 3614 καὶ
2229 3563 2554 3632 ἀντιπλῆξαι
2610 3567 2969 3637 σφοδρότερον
3009 3586 3021 3598 ·
3071 3570 3321 3640 παρόσον
3375 3568 3627 3634 ἀντιτύπῳ

2081 3656 2315 3722 μάλιστά
2349 3673 2410 3723 γε
2447 3660 2820 3729 προοαράξαν,
2860 3661 3163 3729 βιαιότερον
3222 3664 3624 3733 ἀντέστραπται.

2079 3745 2142 3796 Τί
2175 3745 2282 3815 γὰρ
2315 3748 2426 3807 τῶν
2459 3750 2550 3800 τοῦ
2582 3748 2710 3820 ᾅδου
2769 3751 2954 3804 πυλῶν
3004 3753 3449 3824 ἀναλωτότερον;
3501 3749 3629 3804 Χαλ-

2079 3839 2173 3888 καί
2201 3837 2309 3907 γὰρ
2341 3839 2436 3892 καὶ
2483 3841 2720 3910 σιδηραῖ,
2755 3845 2847 3895 καὶ
2890 3843 3080 3896 λίθινοι
3122 3846 3227 3896 καὶ
3276 3843 3624 3912 ἀδαμάντινοι,

2078 3929 2172 3980 καὶ
2209 3931 2314 3982 πᾶν
2355 3929 2634 4002 ἄρρηκτον
2686 3932 2814 3984 ἄλλο
2850 3934 3321 4002 κατονομάζονται
3347 3953 3360 3966 ·
3392 3933 3500 3986 ἀλλ’
3523 3929 3625 3982 οὐδὲ

2076 4019 2276 4083 ταύτας
2336 4024 2692 4090 κατισχύσειν
2737 4024 2833 4093 τῆς
2888 4023 2980 4076 τοῦ
3031 4023 3280 4095 Χριστοῦ
3322 4021 3625 4092 Ἐκκλησίας

2047 4103 2311 4182 ’Χριστὸς
2343 4115 2372 4182 ἡ
2405 4113 2624 4167 πάντων
2661 4118 3037 4185 προηγόρευσε
3066 4117 3310 4187 κεφαλή.

2144 4288 2498 4360 Συνεχωρήθη
2534 4289 2632 4358 μὲν
2669 4288 2760 4342 οὖν
2789 4291 2844 4341 ὲν
2877 4288 3111 4352 πολλοῖς,
3147 4290 3239 4344 ἵνα
3287 4290 3352 4360 δὴ
3388 4287 3448 4340 τὸ
3496 4283 3624 4338 δοκί-

2078 4398 2200 4453 μιον
2232 4380 2329 4451 τῆς
2366 4383 2599 4442 πίστεως
2624 4381 2781 4450 ἡμῶν
2822 4382 3092 4449 ἀναφανῇ,
3145 4383 3244 4434 καὶ¹
3308 4385 3337 4435 ό
3389 4379 3624 4448 φρόνιμος

403 4452 485 4496 tur
506 4445 846 4512 claresceret,
877 4459 934 4504 ut
966 4452 1077 4521 lupi
1139 4455 1204 4507 ad
1267 4464 1480 4525 tempus
1526 4460 1694 4514 caulae
1733 4463 1963 4535 obrepe-

2081 4445 2348 4542 iixovdpo;
2402 4445 2712 4542 άναδειχθῇ,
2755 4472 2890 4541 πρὸς
2933 4445 3120 4539 καιρδν
3159 4445 3516 4540 ἐπιχωριάσαι
3566 4465 3624 4532 τῇ

399 4547 539 4603 rent,
563 4547 615 4591 et
645 4555 858 4611 gregem
885 4545 1209 4615 dissiparem
1237 4559 1616 4616 atquecortcm
1661 4567 1958 4623 vastarent;

401 4644 507 4680 non
540 4639 721 4683 tamen
747 4636 796 4686 in
827 4635 984 4690 linem
1010 4655 1183 4708 usque
1208 4659 1294 4698 res
1321 4647 1426 4702 illis
1451 4664 1512 4700 cx
1534 4648 1716 4702 animo
1782 4665 1962 4703 cesse-

398 4728 516 4766 runt
549 4732 562 4780 ;
603 4717 695 4770 sed
726 4727 1065 4784 perenntium
1099 4731 1401 4786 animarum
1443 4752 1608 4805 prope
1661 4739 1955 4793 cruoribus

397 4806 553 4870 ebrii,
589 4809 769 4863 statim
803 4813 1005 4883 dirupti
1042 4831 1188 4886 sunt,
1242 4827 1358 4879 suis
1421 4827 1665 4894 ipsorum
1704 4829 1952 4898 impediti

398 4897 674 4956 funiculis.
712 4902 1011 4974 Singularis
1047 4927 1321 4984 propeque
1359 4921 1634 4976 inauditus
1696 4926 1850 4978 visus
1888 4923 1955 4976 il-

395 4989 571 5046 lorum
629 5008 810 5050 casus.
842 4998 918 5052 Ac
952 5001 1166 5068 quidem
1215 5005 1433 5075 longum
1487 5012 1625 5065 haud
1650 5028 1773 5068 raro
1828 5024 1962 5068 tem-

396 5098 498 5150 pus
557 5086 672 5139 suis
699 5089 1318 5162 gaudereitnpictatibus
1354 5103 1604 5165 permissi
1645 5115 1791 5157 sunt.
1829 5105 1958 5172 Ejus

395 5180 611 5243 gc-ueris
643 5181 1155 5252 idololatria,annos
1183 5198 1649 5263 trecentos,atque
1669 5195 1751 5250 his
1780 5197 1959 5264 plures

400 5281 523 5333 post
572 5274 1007 5338 publicationem
1064 5280 1309 5336 libertate
1366 5285 1520 5340 fulta.
1583 5287 1710 5356 Ejus
1743 5291 1958 5356 generis

394 5357 594 5412 Ariana
625 5357 920 5429 nugaciias,
952 5367 1537 5444 Monotltclitarumque
1577 5379 1753 5447 inepta
1779 5380 1967 5449 loqua-

397 5449 535 5504 citas
566 5463 618 5505 et
653 5455 1129 5515 lronomacborum
1185 5465 1361 5518 turba.
1401 5465 1574 5534 Supra
1609 5472 1750 5524 enim
1785 5468 1962 5528 annos

399 5543 723 5610 quingentos
773 5553 1114 5622 septuaginta
1154 5559 1408 5626 qiuclibet
1463 5561 1656 5616 harum
1686 5575 1957 5619 sectarum

477 5659 566 5733 ‘_“_.|
598 5678 698 5715 »an.
724 5679 832 5724 νιν,
865 5666 918 5726 6.
943 5684 1012 5733 ix,
1043 5671 1094 5726 5.

406 5726 451 5767 ιο
485 5729 674 5792 λιιιιει.
711 5736 939 5799 “1,18.

1213 5675 1377 5731 "lsa.
1412 5695 1600 5749 xxvm,
1636 5681 1732 5746 l6;
1773 5684 1790 5735 l
1829 5681 1969 5739 l’etr.
2011 5684 2148 5752 “,6;
2211 5685 2370 5740 Rom.
2401 5701 2474 5747 ιι,
2513 5685 2598 5739 53.

2073 4565 2283 4633 μάνδρᾳ
2333 4565 2459 4625 τοὺς
2511 4562 2730 4628 λύκους,
2788 4564 2880 4614 καὶ
2932 4562 2991 4613 τὸ
3033 4561 3288 4630 ποίμνιον
3351 4560 3627 4615 διασπάσαι

2070 4657 2165 4708 καὶ
2189 4656 2457 4724 πορθῆσαι
2495 4657 2592 4723 τὴν
2639 4654 2867 4707 ἔπαυλιν
2904 4669 2917 4684 ’
2977 4655 3076 4707 οὐκ
3124 4656 3204 4717 είς
3259 4654 3409 4715 τέλος
3461 4651 3626 4708 αὐτοις

2073 4749 2254 4818 μέντοι
2316 4748 2455 4800 κατὰ
2507 4747 2707 4828 σκοπὸν
2761 4747 2918 4816 ἐξέϐη
2979 4748 3046 4844 τὰ
3094 4747 3455 4844 πράγματαί
3481 4741 3629 4844 μεθυ-

2071 4840 2289 4900 σθέντες
2315 4839 2359 4891 δ’
2389 4837 2577 4905 ὥσπερ
2607 4837 2682 4907 τῷ
2726 4838 2834 4891 τῶν
2863 4837 3258 4905 ἀπολλυμένων
3309 4836 3494 4905 ψυχῶν
3548 4849 3625 4883 αι-

2070 4946 2219 4997 ματι,
2249 4927 2413 4981 αὐτοῦ
2443 4946 2542 4980 που
2590 4929 2976 4998 διερράγησαν,
3009 4931 3119 4990 τοῖς
3155 4929 3381 4991 οἰκείοις
3433 4940 3628 4994 ουμπο·

2065 5018 2332 5080 δισθέντες
2361 5017 2624 5086 ἅρμασιν.
2671 5017 2938 5080 Ἐξιίσιον
2989 5018 3049 5070 τὸ
3082 5016 3204 5071 κατ’
3269 5017 3468 5070 αὐτοὺς
3512 5017 3628 5067 ἀνα-

2066 5111 2230 5177 φανὲν
2297 5109 2518 5177 πτῶμα.
2572 5109 2679 5161 Καὶ
2733 5110 2926 5178 χρόιον
2981 5107 3078 5178 μὲν
3129 5110 3326 5178 συχνὸν
3385 5106 3627 5166 πολλάκις

2066 5199 2474 5269 ὲπεντρυφῆσαι
2498 5200 2614 5259 ταῖς
2653 5197 2860 5250 ἑαυτῶν
2896 5199 3172 5261 ἀσεϐείαις
3198 5200 3487 5268 εἰάθησαν.
3512 5195 3623 5248 Τοι-

2067 5289 2222 5343 οῦτον
2243 5290 2348 5360 γάρ
2379 5289 2810 5359 είδωλολατρεία,
2841 5291 2933 5343 ἐπὶ
2963 5291 3314 5358 τριακοσίους
3349 5292 3443 5344 καὶ
3502 5286 3626 5358 πρὸς
3672 5377 3679 5382 .

2069 5384 2207 5453 μετά
2238 5383 2296 5434 τδ
2319 5384 2578 5452 κήρυγμα
2622 5384 3307 5481 παρρησιασαμένηρωυς
3366 5383 3590 5481 χρόὶιους
3611 5395 3625 5410 ⁸

2063 5475 2301 5530 τοιοῦτον
2331 5476 2546 5546 Ἀρειος
2579 5475 2832 5543 φλυαρία.
2867 5477 2959 5528 καὶ
3005 5477 3037 5544 ἡ
3090 5474 3199 5527 τῶν
3251 5473 3640 5546 Μονοοελητῶν

2065 5567 2368 5638 ἀδολεσχία,
2429 5570 2521 5619 καὶ
2567 5569 2594 5620 ὁ
2625 5565 2734 5618 τῶν
2789 5567 3168 5637 Εἰκονομάχων
3215 5567 3427 5635 ὅμιλος.
3465 5562 3626 5630 ’Υπὲρ

2685 5683 2724 5716 ’³
2755 5683 2888 5740 Dan.
2922 5698 3006 5750 ιιι,
3035 5683 3125 5738 38.
3200 5682 3246 5715 ι’
3289 5681 3398 5738 lsa.
3431 5696 3548 5746 ur,
3570 5677 3620 5735 9..
