3916 6204
316 279 422 344 673
439 294 448 306 '

1087 272 1715 336 PALAMITICARUM
1747 269 2503 333 TRANSGRESSIONUM
2532 273 2790 335 LIBER.

3465 273 3570 336 074

315 394 426 464 γὰρ
449 391 779 460 πεντήκοντα
807 391 900 442 καὶ
958 387 1327 456 ἐϐδομήκοντα
1396 386 1602 440 τούτων
1655 388 1888 440 ’ἑκαστον

1995 385 2180 455 viguit,
2210 385 2526 454 Christique
2556 386 2854 441 Ecclesiam
2914 388 3215 458 grassando
3248 388 3520 444 infestavit
3549 405 3567 444 :

315 483 662 540 ὲπολίτευσεν
688 482 802 551 ἔτη,
862 481 954 534 καὶ
988 479 1298 549 κατέδραμε
1338 479 1434 548 τὴν
1494 478 1588 532 τοῦ
1647 475 1887 546 Χριστοῦ

327 573 661 642 Ἐκκλησίαν
692 588 707 604 ο
739 569 1000 640 αἰφνίδιον
1037 570 1081 622 δ’
1111 569 1260 637 ὅμως
1299 563 1434 638 ἧκεν
1471 568 1557 622 ἐπ’
1601 568 1800 629 αὐτοὺς
1855 568 1888 636 ὴ

313 663 465 733 δίκη,
509 664 604 716 καὶ
625 660 719 714 νῦν
752 661 860 714 οὐδ’
891 660 1028 714 είσὶν
1081 661 1214 715 ὅπου
1245 656 1621 730 γνωρίζονται.
1681 655 1889 710 Οὔκουν

313 773 379 822 γε
414 753 603 806 λοιπὸν
630 751 740 805 οὐδ’
769 753 817 804 oi
844 751 1084 821 τήμερον
1125 750 1480 820 θορυϐοῦντες
1515 750 1608 802 ἐπὶ
1633 747 1765 800 πολὺ
1791 744 1890 812 τὴν

309 845 511 916 ἡδονὴν
545 843 949 916 καρπώσονται,
997 843 1105 896 οὐδ’
1136 844 1217 905 είς
1266 843 1418 905 τέλος
1467 841 1890 910 ὲπιλησθήσεται

308 937 342 1006 ἡ
370 935 485 988 τῶν
512 935 758 1004 πενήτων
780 933 1047 1002 ὑπομονὴ,
1075 932 1186 986 οὐδ’
1235 932 1410 1003 ἀργὴν
1468 933 1615 984 ὲάσει
1659 930 1891 999 Χριστὸς

308 1026 413 1092 τὴν
448 1023 642 1094 ῥάὸδον
666 1022 778 1074 τῶν
800 1022 1014 1092 κλήρων
1047 1022 1209 1076 αὐτοῦ
1241 1039 1253 1052 '
1289 1023 1403 1075 ἀλλ’
1445 1023 1477 1093 ἢ
1533 1022 1766 1090 παντελῆ
1799 1023 1891 1075 τὸν

306 1114 540 1183 ὄλεθρον
573 1115 669 1170 σὺν
712 1115 825 1175 τοῖς
885 1112 1243 1181 κακοδαίμοσι
1286 1113 1554 1165 τουτοισὶν
1601 1111 1892 1176 ὲξανιστῶν

307 1207 463 1274 ἡμᾶς
501 1206 594 1257 καί⁵
629 1205 880 1272 μετάγων
905 1208 984 1267 εἰς
1031 1204 1261 1273 ἀτίμους
1317 1204 1665 1275 κληρουχίας,
1720 1220 1891 1256 κατα-

305 1298 529 1364 στήσει.
555 1295 806 1364 καθάπερ
842 1296 936 1348 καὶ
969 1295 1060 1350 τὸν
1107 1295 1379 1348 Ἰουδαίων
1413 1296 1543 1348 λαὸν
1603 1294 1887 1365 πρότερον,

302 1386 760 1454 είδωλαλοτρείας
783 1387 965 1449 αὐτοῖς
986 1386 1196 1440 ἔκτισιν
1224 1387 1322 1456 τὴν
1346 1386 1496 1456 παρά
1515 1387 1622 1439 τῶν
1637 1385 1890 1438 Βαὸυλωο

301 1479 442 1530 νίων
491 1480 588 1532 καὶ
655 1475 922 1548 Ἑλλήνων
982 1476 1299 1547 ὲπιμετρῶν
1363 1478 1672 1548 πόρθησινο
1733 1477 1891 1547 ἢτὴν

304 1567 588 1636 κραταιὰν
625 1565 914 1637 ὑπερσχὼν
953 1566 1118 1619 αὐτοῦ
1146 1570 1325 1636 χεῖρα,
1355 1567 1480 1630 τοὺς
1515 1567 1616 1635 μὲν
1670 1566 1892 1618 ἀπώσε⁴

299 1676 395 1711 ται
423 1658 709 1728 ταρτάρου
761 1657 1204 1726 συγκατακλείων
1255 1657 1436 1728 βυθοῖς
1477 1671 1492 1686 '
1545 1660 1692 1728 ἡμᾶς
1736 1658 1780 1710 δ’
1832 1658 1891 1709 ἐν

1991 486 2209 544 repente
2235 486 2412 532 tamen
2443 479 2589 531 venit
2618 493 2783 546 super
2812 494 2906 534 eos
2937 480 3092 541 ultio,
3127 496 3191 534 ac
3221 482 3424 542 modo,
3496 497 3566 533 ne

1988 579 2056 618 an
2089 565 2194 620 sint
2222 567 2435 634 quidem
2468 578 2789 622 noscuntur.
2815 568 2965 624 llaud
2985 570 3127 624 enim
3158 585 3285 625 vero
3317 572 3407 640 qui
3428 586 3573 626 nunc

1989 659 2244 727 deinceps
2265 661 2483 714 turbant
2503 661 2826 724 Ecclesiam,
2848 661 2940 715 diu
2969 663 3312 731 multumque
3329 664 3452 717 inde
3472 681 3572 717 vo-

1990 751 2249 817 luptatem
2286 759 2521 814 sument,
2549 762 2643 805 aut
2680 754 2730 804 in
2759 752 2922 807 linem
2951 754 3218 820 patientia
3263 770 3567 822 pauperum

1992 839 2045 893 in
2075 841 2347 896 oblivione
2375 843 2550 903 erit",
2587 851 2680 896 aut
2708 842 2960 898 Christus
2987 843 3193 912 virgam
3211 859 3431 897 suarum
3453 844 3536 897 hac
3555 874 3568 886 ο

1991 931 2278 986 reditatum
2311 947 2429 986 esse
2452 933 2683 986 otiosam
2715 933 2854 987 sinet
2887 949 2902 998 ;
2937 934 3029 988 sed
3058 944 3149 988 aut
3205 937 3430 988 omnino
3482 924 3572 988 inJ

1994 1021 2158 1076 teritu
2200 1022 2422 1087 delebit,
2457 1039 2579 1077 cum
2606 1025 2910 1080 istiusmodi
2946 1026 3346 1081 miserabilibus
3379 1042 3406 1078 a
3467 1044 3568 1080 no-

1993 1113 2123 1169 stris
2146 1128 2246 1168 nos
2277 1115 2519 1177 avulsos,
2549 1117 2614 1167 ad
2657 1116 2922 1184 ignobiles
2954 1119 3108 1171 sedes
3136 1119 3447 1182 traducens,
3479 1136 3572 1172 ve-

1993 1203 2073 1256 lnt
2112 1203 2274 1256 etiam
2317 1204 2469 1272 prius
2497 1205 2787 1259 Judaicum
2817 1208 3076 1275 populum
3104 1225 3119 1273 ;
3149 1210 3269 1276 ejus
3347 1211 3571 1264 sceleris

1994 1301 2154 1346 reatu
2181 1307 2290 1362 quo
2331 1293 2474 1346 idola
2533 1293 2806 1359 colebant,
2856 1296 3097 1350 civitatis
3153 1312 3216 1350 ac
3275 1301 3572 1366 provincia:

1994 1384 2305 1456 Babyloniis
2336 1385 2650 1456 Graecisque
2676 1393 2846 1444 erutae
2879 1404 2943 1443 ac
2977 1399 3221 1456 vastatur,
3259 1406 3351 1445 eos
3410 1407 3570 1462 pmna

1995 1477 2232 1532 multans
2266 1493 2280 1542 ;
2310 1486 2400 1530 aut
2431 1487 2574 1532 certe
2606 1478 2816 1533 sublata
2856 1488 3268 1548 potentemanu
3310 1497 3432 1548 sua,
3471 1483 3572 1537 lios
3601 1512 3604 1515 -

1993 1571 2213 1640 quidem
2238 1571 2420 1624 tartari
2457 1571 2568 1625 imo
2601 1571 2724 1624 sinu
2749 1571 3040 1628 concludet
3065 1591 3080 1637 ;
3103 1587 3202 1626 nos
3221 1588 3350 1628 vero
3375 1574 3428 1630 in
3447 1575 3574 1628 bra-

1993 1663 2119 1716 chio
2148 1665 2366 1717 excelso
2390 1663 2457 1717 ab
2491 1663 2768 1731 impietate
2807 1664 3012 1732 pariter
3045 1679 3110 1718 ac
3140 1666 3455 1734 captivitate
3505 1667 3572 1718 li-

297 1750 564 1820 βραχίονι
617 1748 807 1819 ὑψηλῷ
881 1747 1130 1810 ἀσεὸείας
1177 1747 1312 1817 ὁμοῦ
1369 1750 1460 1801 καὶ
1520 1749 1888 1818 αἰχμαλωσίας

1996 1754 2232 1816 heratos,
2259 1756 2534 1824 prioribus
2565 1729 2838 1824 dogmatis
2862 1744 3066 1822 pariter
3083 1766 3135 1811 et
3155 1729 3568 1829 seinsibusjnri-

297 1842 572 1910 ἐξαίρων,
619 1841 730 1900 τοῖς
781 1839 1046 1910 πρότερον
1082 1841 1480 1909 ὲγκαταστήσει
1529 1841 1621 1892 καὶ
1660 1840 1890 1909 δόγμασι

295 1935 394 1985 καὶ
430 1933 752 2000 φρονήμασι
784 1931 879 1983 καὶ
905 1927 1288 1998 πολιτεύμασι.

370 2023 499 2075 Καὶ
529 2020 704 2074 ταῦτα
737 2020 836 2091 μὲν
867 2019 1194 2097 emacem,
1224 2020 1320 2072 καὶ
1352 2021 1481 2089 παρ’
1516 2020 1672 2092 ἡμῶν
1724 2021 1892 2073 αίτείο

296 2119 419 2173 σθω
458 2118 526 2172 τά
551 2118 836 2188 κρείττονα
855 2119 1013 2185 ’,νυνὶ
1045 2116 1101 2168 δὲ
1127 2117 1416 2184 πειρατέον
1449 2116 1538 2168 τὸν
1565 2117 1720 2183 λόγον
1751 2115 1886 2180 διεξο

295 2211 511 2275 ελθεῖν,
553 2209 650 2280 τὴν
676 2208 768 2262 τοῦ
805 2209 1000 2272 παντὸς
1047 2207 1368 2278 ύπερούσιον
1397 2209 1886 2278 προστησαμένους

293 2300 564 2368 δύναμιν,
611 2300 752 2370 ὑπὲρ
773 2295 838 2371 ἦς
876 2301 1009 2369 ἡμῖν
1036 2299 1131 2350 καὶ
1157 2297 1330 2351 ταῦτα
1359 2299 1624 2368 τολμᾶται
1648 2317 1660 2330 ·
1690 2301 1891 2370 ἣκιστα

297 2394 404 2462 μὲν
445 2392 822 2462 βουλομένοις,
853 2393 942 2446 διὰ
998 2393 1058 2446 τὸ
1117 2393 1349 2461 χείλεσιν
1389 2392 1720 2464 ἀκαθάρτοις
1753 2392 1889 2446 Θεοῦ

299 2483 636 2553 μυστηρίων
667 2481 962 2547 ἅπτεσθαι,
1000 2482 1342 2552 προάγεσθαι
1365 2497 1380 2512 ’
1423 2484 1483 2536 ού
1526 2488 1635 2553 μην
1662 2484 1707 2536 δ’
1741 2486 1888 2552 ἡστι-

297 2576 506 2628 νοσοῦν
541 2575 708 2645 ἄλλης
741 2577 923 2628 εἵνεκα
977 2575 1291 2646 φιλοτιμίας
1334 2577 1426 2629 τὸν
1473 2576 1630 2645 λόγον
1663 2593 1890 2648 προχειο

300 2668 650 2738 ριζομὲνοις,
707 2667 1096 2736 ἀπολογεῖσθαι
1141 2667 1198 2720 δὲ
1264 2669 1469 2737 μᾶλλον
1507 2671 1603 2722 ὑπ’
1647 2669 1890 2740 ἀνάγκης

299 2760 698 2829 ὲξαγομένοις.
731 2760 794 2812 El
831 2760 907 2830 μὴ
937 2762 1044 2827 γὰρ
1076 2753 1151 2814 ὧν
1194 2762 1377 2821 κακῶς
1409 2761 1700 2830 ἀκούομεν,
1735 2762 1892 2828 λόγον

298 2856 715 2920 παράιχοιμεν,
745 2852 986 2920 ἑκάστης
1013 2851 1228 2922 ἡμέρας
1269 2851 1428 2922 δίκην
1469 2853 1732 2922 κήρυκος,
1784 2849 1880 2903 τοῦ

295 2949 364 3000 τὰ
403 2945 630 3015 πονηρά
663 2945 815 2999 ταῦθ’
859 2947 1258 3015 ύπερασπίζειν
1293 2947 1540 3015 δόγματα
1575 2947 1767 3016 μισθὸν
1791 2945 1890 3016 τὴν

1995 1861 2101 1917 que
2128 1848 2440 1917 reipublicae
2471 1862 2535 1902 ac
2568 1846 2808 1916 propriis
2838 1846 3104 1904 institutis
3133 1850 3407 1905 restituet.

2067 2026 2266 2081 Verum
2303 2025 2418 2081 haec
2439 2026 2662 2096 quidem
2711 2038 3118 2099 exspectentur,
3157 2045 3222 2085 ac
3257 2047 3380 2100 quas
3442 2042 3572 2087 sunt

1993 2117 2276 2187 patiora,a
2311 2117 2471 2170 nobis
2517 2125 2805 2184 petantur:
2868 2133 3034 2173 nunc,
3075 2133 3204 2172 vero
3260 2121 3569 2176 conandum

1992 2217 2076 2262 est
2106 2215 2163 2261 ut
2189 2221 2493 2261 sermonem
2527 2221 2895 2273 exsequamur
2923 2224 2938 2273 ;
2966 2209 3042 2262 rei
3068 2210 3248 2264 omnis
3288 2225 3352 2264 ac
3409 2212 3572 2266 moli-

1995 2298 2160 2352 tionis
2188 2297 2491 2366 auspicem,
2513 2298 3098 2365 supersubstantiulem
3169 2301 3429 2356 virtutem
3473 2318 3573 2357 n0-

1993 2388 2078 2442 bis
2134 2396 2460 2452 statuentes,
2492 2386 2652 2455 cujus
2696 2388 2858 2441 etiam
2889 2390 3063 2458 gratia
3123 2390 3570 2458 liaec'audcnius,

1995 2480 2220 2534 minime
2250 2480 2470 2548 quidem
2506 2478 2607 2548 ipsi
2637 2487 2836 2547 sponte
2865 2494 2979 2533 rem
3038 2481 3438 2549 aggredientes,
3503 2497 3571 2536 eo

1992 2574 2138 2644 quod
2170 2573 2393 2643 pollutis
2454 2573 2615 2628 labiis
2665 2572 2752 2626 Dei
2810 2572 3135 2639 mysterium
3194 2573 3596 2644 attingendum.

1993 2678 2384 2731 assumamus;
2446 2666 2586 2720 haud
2625 2674 2812 2721 tamen
2869 2666 3033 2722 ullius
3084 2676 3344 2736 praeterea
3395 2667 3572 2720 ambi-

1995 2757 2162 2812 tionis
2193 2772 2358 2812 causa
2399 2767 2678 2813 certamen
2726 2759 3009 2824 ineuntes,
3046 2761 3139 2814 sed
3197 2761 3344 2828 quod
3398 2759 3574 2829 magis

1994 2849 2321 2904 necessitate
2349 2849 2417 2904 ad
2447 2851 2891 2918 respondendum
2935 2865 3220 2920 cogamur.
3253 2851 3374 2904 Nisi
3422 2853 3572 2905 enim

1993 2955 2464 3011 eorum,quorum
2492 2941 2711 2995 nomine
2755 2942 2896 2996 male
2947 2943 3232 3007 audimus,
3303 2941 3571 2996 rationem

298 3036 914 3106 προεδρίανὶαχόντος,
960 3037 1364 3107 ἐπιϐοωμένου,
1398 3039 1490 3090 καὶ
1541 3038 1888 3091 κατυποϐάλ-

1998 3030 2424 3099 νοάάίιίειδίηιυε,
2454 3050 2578 3088 eum
2610 3035 2860 3104 quotidie
2920 3037 3188 3103 praeconis
3231 3051 3409 3111 more,
3476 3037 3573 3106 qui

294 3127 495 3188 λοντος
545 3128 698 3196 ἡμᾶς
739 3130 856 3191 ταῖς
908 3128 1412 3198 παλαμναιοτάταις
1464 3130 1662 3200 ἀραῖ,,
1709 3132 1802 3184 καὶ
1837 3131 1891 3184 τί

297 3223 402 3293 μὲν
433 3223 504 3276 οὐ
536 3223 958 3292 μηχανωμένου,
1003 3225 1057 3276 τί
1098 3223 1221 3276 δὀύ
1283 3223 1580 3289 πείθοντος,
1636 3225 1772 3294 πρὸς
1830 3225 1892 3279 τὸ

298 3317 528 3376 πάντας
568 3313 689 3366 καθ’
729 3314 891 3382 ημῶν
928 3315 1235 3379 ἀνασεῖσαι,
1289 3315 1474 3368 καὶτὸ
1505 3315 1710 3382 πλῆθος
1758 3331 1892 3367 στα-

295 3411 500 3458 σιασαι
561 3406 1020 3475 παρασκευάσαι;
1065 3406 1217 3477 Τάχα
1273 3407 1338 3460 ἂν
1394 3409 1527 3476 πρὸς
1580 3408 1639 3460 τὸ
1673 3408 1892 3478 τίμημα

295 3501 458 3567 παρὰ
497 3495 637 3548 Θεοῦ
667 3495 954 3566 λήψεσθαι.
987 3499 1168 3552 Τᾶλλα
1191 3498 1301 3567 γὰρ
1329 3500 1599 3568 είρηνικοὶ
1627 3497 1890 3552 διατελεῖν

294 3587 676 3657 κιλευὸμεθα·
707 3589 843 3641 ὅπου
889 3587 945 3640 δὲ
996 3589 1128 3650 Θεὸς
1163 3589 1223 3640 τὸ
1275 3588 1746 3656 κινδυνευόμενον,
1798 3588 1894 3642 καὶ

297 3681 451 3750 μάλα
514 3679 761 3733 νεανικοὶ
830 3679 1192 3733 καθίστασθαι
1271 3682 1739 3752 προτρεπόμεθαο
1798 3683 1893 3735 καὶ

296 3773 474 3825 πολὺν
525 3771 866 3843 ὁφλήσαιμεν
929 3775 1080 3842 παρὰ
1121 3773 1232 3825 τῶν
1285 3774 1594 3826 ἀκουόντων
1652 3773 1889 3842 γέλωτα,

294 3867 536 3933 ἀκλεῶς,
556 3863 702 3918 οὕτω
741 3866 866 3926 τοὺς
894 3865 1031 3933 ὑπὲρ
1061 3867 1093 3934 ἡ
1105 3864 1222 3935 μῶν
1279 3866 1599 3935 προϊέμενοι
1657 3866 1886 3935 λόγους·

297 3961 397 4013 καὶ
425 3960 494 4011 τὸ
523 3959 706 4028 σιωπῇ
738 3959 1029 4027 καρτερεῖν
1067 3960 1128 4011 ού
1169 3959 1230 4010 τὸ
1265 3959 1695 4026 συγκατίοεσθαι
1729 3959 1890 4032 μόνον

292 4055 414 4113 τοῖς
445 4048 576 4102 καθ’
625 4049 782 4119 ἡμῶν
829 4049 1142 4118 λεγομένοις
1179 4051 1440 4104 ὑπόνοιαν
1471 4051 1723 4120 παρέχει,
1757 4051 1892 4104 ἀλλά

292 4146 388 4198 καὶ
424 4146 553 4206 τοὺς
589 4143 882 4214 ἐσύστερον
923 4143 989 4195 ἂν
1033 4143 1272 4214 ἀδικοίη,
1338 4142 1638 4211 ἀνέλεγκτα
1694 4145 1763 4197 τὰ
1792 4145 1890 4214 τῆς

293 4235 666 4306 βλασφημίας
699 4234 787 4288 διὰ
849 4235 1126 4306 ῥαθυμίαν
1171 4235 1616 4306 παραλιμπὰνον.
1680 4237 1890 4289 Ἐπειτ’

292 4329 422 4384 ούδ*
460 4331 626 4398 ἡμεῖς
652 4328 750 4398 τὴν
799 4329 974 4398 ἀρχὴν
1016 4327 1111 4380 ἐπὶ
1143 4329 1347 4398 ταύτην
1414 4330 1738 4398 ὲτράπημεν
1789 4327 1889 4399 τὴν

2000 3125 2204 3178 ideirco
2233 3125 2378 3194 quod
2402 3140 2567 3194 prava
2610 3125 2723 3180 haec
2760 3125 3014 3195 dogmata
3039 3125 3296 3181 defendat
3343 3127 3574 3194 ejusque

1996 3230 2174 3282 operte
2207 3217 2457 3270 mercede
2477 3217 2830 3285 praesulatum
2858 3225 3049 3271 nactus
3075 3227 3180 3282 est,
3215 3217 3571 3282 vociferetnr,

1995 3305 2282 3376 ultimique
2333 3308 2567 3376 exempli
2627 3323 2728 3363 nus
2785 3309 2921 3364 diris
2991 3309 3304 3379 subjiciat:
3341 3318 3395 3364 et
3442 3311 3571 3378 quid

1995 3413 2104 3452 non
2135 3397 2390 3451 moliatur
2417 3398 2440 3449 ?
2463 3399 2592 3466 quid
2615 3414 2721 3451 non
2743 3400 2989 3463 suadeat,
3027 3410 3084 3453 ut
3106 3400 3158 3452 in
3187 3414 3287 3453 nus
3325 3400 3571 3454 omnium

1995 3487 2232 3558 impetus
2273 3499 2508 3551 moveat,
2542 3489 2825 3557 plebisque
2859 3491 3154 3542 coitionem
3202 3489 3404 3544 f..ciat?
3433 3490 3575 3544 fette

1995 3587 2056 3631 ut
2085 3576 2366 3644 prietniutn
2404 3591 2434 3628 a
2467 3575 2576 3629 Deo
2599 3588 2990 3646 consequatur.
3019 3577 3098 3632 Ad
3160 3580 3368 3649 reliqua
3423 3579 3572 3633 enim

1993 3668 2138 3736 quod
2180 3666 2402 3730 attinet,
2437 3666 2699 3736 jnbemur
2751 3669 2867 3736 paci
2925 3668 3192 3724 studere:
3233 3656 3325 3724 ubi
3387 3681 3570 3724 autem

1996 3759 2138 3815 Deus
2173 3761 2224 3814 in
2253 3761 2554 3828 periculum
2590 3760 2837 3824 vertitur,
2871 3760 3035 3813 etiam
3070 3760 3225 3816 valde
3253 3761 3467 3816 Strenui
3501 3778 3566 3816 ac

1993 3851 2227 3906 animasi
2263 3864 2386 3905 esse
2417 3851 2797 3921 przecipimur;
2837 3852 3142 3922 meritoque
3168 3853 3316 3922 large
3339 3853 3570 3908 audien-

1993 3944 2138 3998 tibus
2161 3945 2332 4000 risum
2392 3944 2746 4008 moverimus,
2773 3947 2863 4013 qui
2899 3947 2980 3999 sic
3015 3945 3264 4014 ingloria:
3297 3945 3576 4000 delensio-

1993 4037 2078 4092 nis
2106 4047 2309 4090 nostrte
2339 4035 2576 4090 rationes
2611 4037 2942 4104 prodamus;
2976 4037 3186 4106 hct-que
3222 4035 3360 4091 adeo
3421 4039 3571 4106 quod

1965 4130 2212 4184 .silentio
2235 4131 2555 4194 toleramus,
2592 4129 2790 4183 nedum
2823 4130 3196 4198 suspicionem
3227 4128 3391 4182 faciat
3433 4146 3569 4182 con-

1993 4222 2197 4276 sentire
2249 4238 2348 4275 nos
2374 4221 2603 4290 objcmis
2631 4220 2981 4286 criminibus,
3035 4237 3221 4274 verum
3254 4223 3419 4275 etiam
3482 4235 3576 4289 po-

1993 4315 2152 4369 steris
2180 4313 2338 4381 longe
2369 4312 2590 4374 alliciat,
2623 4312 2753 4364 dum
2784 4325 2877 4379 per
2935 4310 3227 4380 segnitiem
3281 4326 3402 4379 quae
3431 4311 3576 4364 blas-

288 4426 460 4477 ὀδόν·
492 4422 678 4474 πολλοὶ
709 4422 765 4474 δὲ
822 4422 926 4473 τῶν
985 4421 1093 4488 πρὸ
1157 4419 1316 4489 ήμῶν
1357 4420 1648 4491 μακαρίων
1684 4418 1887 4488 ταύτην

1998 4406 2230 4476 pltemia:
2265 4416 2391 4458 sunt
2416 4403 2796 4471 irreprelteusa
2830 4401 3110 4456 sinuntur.
3151 4401 3422 4455 Praeterea
3476 4418 3576 4455 ne-

290 4513 634 4583 δραμόντες,
665 4512 800 4580 πρὸς
838 4509 1056 4563 ἅπαντα
1090 4510 1441 4578 νενικήκασιν
1461 4521 1475 4536 ⁶
1502 4504 1583 4570 οἷς
1613 4507 1885 4577 καὶὴμεῖς

292 4604 630 4661 ἀκολουθεῖν
655 4604 884 4674 ἄσμενοι
939 4601 1406 4672 προθυμούμενοι,
1454 4601 1544 4654 τὸν
1602 4599 1785 4654 ἔνθεον
1827 4601 1885 4652 ὲν

294 4701 516 4753 ᾶπασιν
539 4697 722 4749 αὐτῶν
755 4692 1115 4758 ἀναλέξαντες
1163 4693 1308 4757 νοῦν,
1374 4691 1729 4761 ἀγωνιεῖσθαι
1789 4695 1885 4744 καὶ

295 4792 482 4845 ταῦτα
509 4788 884 4860 προύθέμεθα.

375 5055 492 5112 Καὶ
523 5057 763 5126 πρῶτον,
785 5059 833 5110 εἰ
863 5056 1033 5122 δοκεῖ,
1073 5056 1209 5124 πρὸς
1235 5055 1334 5119 τὰς
1364 5055 1460 5108 τοῦ
1514 5055 1753 5125 Παλαμᾶ
1782 5071 1887 5107 πα-

305 5149 574 5217 ραϐάσεις
595 5148 727 5202 εὐθὺ
763 5149 855 5202 τὸν
887 5148 1044 5216 λόγον
1100 5151 1240 5200 ίέναι
1297 5147 1700 5219 ἐπιχειρητέον.
1771 5140 1885 5198 Εἶτ’

303 5241 610 5309 ἀπελέγξαι
636 5241 950 5310 πειρατέον,
977 5239 1044 5293 δι’
1071 5235 1147 5294 ὢν
1209 5239 1457 5292 ὲνὼσεων
1508 5241 1606 5290 καὶ
1669 5238 1882 5305 διακρί-

303 5349 451 5385 σεων
484 5336 762 5388 πιστεύειν
801 5336 1203 5407 ὶτερατεύσατο
1239 5336 1400 5389 Θεόν.
1467 5336 1620 5388 Μετὰ
1683 5333 1883 5394 ταῦτα,

301 5426 416 5478 ὅσα
473 5429 741 5498 προσήκει
813 5431 942 5500 περὶ
991 5428 1170 5497 φωτδς
1223 5428 1461 5498 ζητῆσαι
1535 5428 1885 5495 παραστῆσαι

301 5517 611 5571 σκεπτέον·
675 5521 773 5573 καὶ
817 5520 1123 5576 τελευταῖον
1185 5525 1286 5584 τὰς
1329 5519 1740 5591 σχεδιασοείσας
1797 5519 1885 5571 ἐπ’

387 5705 433 5739 ⁸⁸
461 5705 608 5765 Psal.
643 5725 719 5775 ιι.
754 5709 838 5767 l9.

1994 4515 2102 4569 que
2160 4515 2261 4552 nos
2301 4497 2460 4566 primi
2527 4495 2668 4548 hanc
2720 4495 2860 4546 viam
2887 4494 3167 4547 iniimus:
3217 4492 3352 4558 quin
3416 4492 3574 4545 multi

1993 4591 2369 4660 superiorum,
2397 4589 2537 4642 beati
2569 4586 2693 4651 viri,
2725 4585 2866 4638 istud
2898 4586 3250 4638 decurrentes
3309 4583 3570 4646 stadium,

1993 4689 2048 4740 in
2077 4683 2335 4738 omnibus
2363 4681 2592 4734 victores
2623 4680 2983 4744 exstiterunt;
3018 4693 3252 4746 quorum
3287 4692 3386 4732 uos
3436 4691 3572 4745 quo-

1993 4793 2098 4846 que
2125 4773 2691 4830 libenterinsistentes
2724 4771 2991 4840 vestigiis,
3022 4785 3210 4824 eorum
3234 4771 3287 4824 in
3313 4769 3572 4826 omnibus

1991 4868 2234 4923 divinum
2265 4867 2570 4934 relegentes
2596 4877 2845 4928 sensum,
2884 4863 2998 4916 lucc
3030 4876 3250 4931 quoque
3287 4863 3571 4918 decertare

1990 4958 2399 5016 coastituituus.

2061 5053 2140 5107 Ac
2204 5051 2466 5120 primum,
2510 5048 2554 5102 si
2612 5047 2767 5112 libet,
2801 5046 2903 5102 hoc
2960 5045 3293 5111 conandum,
3353 5055 3411 5099 ut
3457 5055 3572 5100 sta-

1994 5146 2092 5198 tim
2147 5143 2414 5198 adversus
2458 5137 2693 5193 Palamte
2742 5137 3209 5208 transgressiones
3260 5150 3572 5192 sermonem

1991 5249 2288 5293 vertamus.
2319 5233 2519 5289 Deinde
2561 5231 2955 5286 confutandutn
3020 5229 3221 5299 quibus
3273 5228 3572 5284 unionibus

1989 5349 2052 5386 ac
2113 5325 2564 5385 distinctionibus
2621 5323 2954 5379 credendum
3013 5322 3182 5376 Deum
3252 5333 3570 5392 portentose

1991 5422 2225 5478 induxit.
2273 5417 2466 5474 Postea
2514 5416 2693 5470 danda
2746 5430 2934 5482 opera,
2992 5424 3050 5468 ut
3099 5415 3439 5484 quaeubque
3501 5412 3569 5466 de

1991 5516 2193 5571 lumine
2249 5524 2495 5582 quaerere
2547 5506 2862 5572 conveniat,
2916 5507 3031 5562 lucc
3094 5515 3571 5577 i'epraesententtls.
