3916 6204
303 263 400 327 677

1052 266 1684 329 PALAMITICARUM
1734 264 2484 327 TBANSGRESSIONUM
2548 265 2800 330 LIBER.
3437 267 3545 332 678

303 389 396 458 μὲν
428 386 836 457 Θεσσαλονίκης
860 387 1157 456 ἱερώτατον
1191 387 1617 459 μητροπολίτην,
1671 391 1766 440 καὶ
1808 390 1865 439 ὲν

1985 386 2144 440 sacris
2175 386 2441 456 theologis
2466 388 2897 443 consentientem
2926 389 3253 448 itm-nimus.
3301 405 3363 445 ac
3387 389 3548 446 Cliri-

297 481 505 542 τούτοις
539 478 837 548 σύμφωνον
859 481 972 543 τοῖς
993 481 1162 550 ἱεροῖς
1197 480 1471 548 θεολόγοις
1499 473 1755 548 εὕρομεν,
1774 482 1871 536 καὶ

299 574 599 643 συνήγορον
620 570 861 639 Χριστοῦ
906 570 1093 641 χάριτι
1131 569 1232 639 τῆς
1265 572 1388 623 κατ’
1427 570 1710 624 εὐσέϐειαν
1739 571 1872 642 ἄλης

295 662 465 724 θείας.
505 681 524 714 ι

381 751 766 821 Ἀναφαίνεται
793 751 974 805 τοίνυν
1002 754 1072 805 τὰ
1104 751 1451 821 καιριώτατα
1479 752 1580 822 τῆς
1615 751 1872 816 ἀσεϐείας

302 845 366 898 ἐκ
393 846 504 897 τῶν
531 843 625 896 τοῦ
669 845 906 914 Παλαμᾱ
944 845 1334 915 συνειλοχότων
1381 846 1668 914 μακαρίων
1725 842 1872 896 ὲκεί-

298 959 406 992 νων
439 937 674 1004 ἀνδρῶν,
711 937 855 1006 ἇπερ
886 939 975 990 καὶ
1004 941 1162 1008 ἡμεῖς
1195 937 1479 1007 προϊόντες
1501 937 1868 1004 ὲκθησᾶμεθα·

298 1031 398 1081 καὶ
439 1032 504 1097 τῇ
560 1029 830 1098 λῃστρικῇ
880 1029 1056 1082 ταῦτα
1102 1029 1870 1098 παραθεμένων,συναγωγῇ,

301 1118 439 1186 πρὸς
471 1119 695 1187 ἔλεγχον
745 1118 846 1187 τῆς
906 1119 1158 1188 ἀνομίας,
1216 1119 1869 1191 πολυπραγμονήσαντες,

297 1206 374 1268 ὥς
407 1225 572 1274 φασιν
594 1205 766 1273 οὗτοι,
797 1205 916 1262 ’καὶ
960 1209 1084 1264 καθ’
1123 1211 1356 1264 ἕκαστον
1399 1210 1752 1281 ἐξητακότες,
1785 1207 1876 1264 εὖ-

297 1318 394 1370 ρον
425 1303 547 1361 ταῖς
584 1294 877 1370 ’ἀληθείαις
943 1301 1043 1370 μὲν
1086 1303 1402 1370 συμφωνεῖν
1440 1303 1672 1368 ἑαυτοῖς,
1706 1319 1875 1372 προσ-

294 1395 505 1448 κείσθω
555 1395 610 1448 δὲ
666 1413 684 1446 ι
732 1395 829 1448 καὶ
873 1389 955 1457 οἷς
1005 1394 1272 1449 διέϐαλον.
1312 1413 1330 1445 ι
1389 1393 1531 1463 Τρία
1587 1394 1767 1447 τοίνυν
1809 1397 1873 1450 ἐκ

292 1485 508 1540 τούτων
558 1487 863 1558 σκέψασθαι
900 1487 1106 1558 ῥᾴδιον,
1136 1487 1219 1540 ὅτι
1241 1504 1301 1540 τε
1326 1485 1424 1556 τῆς
1462 1487 1687 1538 ἐκείνων
1728 1481 1872 1556 ἦσαν

294 1582 809 1649 καταγεγραμμένα
848 1579 1031 1650 χειρός
1057 1596 1072 1613 ⁸
1102 1579 1198 1634 καὶ
1256 1579 1338 1632 ὅτι
1383 1576 1688 1646 ἀδιάϐλητα
1715 1578 1870 1631 ταῦθ’

296 1662 506 1739 εὗρονο
541 1670 636 1723 καὶ
685 1671 890 1740 τρίτον,
943 1671 1223 1740 συνήγορα
1269 1669 1368 1738 τῆς
1425 1668 1546 1722 κατ’
1592 1668 1875 1724 εὐσέϐειαν
1912 1710 1952 1768 Β

295 1760 588 1830 ἀληθείας.
616 1760 760 1813 Ἀλλ’
795 1763 858 1814 ἐκ
888 1761 986 1830 μὲν
1031 1759 1128 1814 τοῦ
1184 1760 1404 1828 πρώτου
1437 1761 1734 1828 συμϐαλεῖν
1762 1759 1878 1830 ἔχο-

295 1869 424 1921 μεν,
463 1851 564 1921 οὐχ
594 1851 686 1918 ὑφ’
726 1852 928 1923 ἐτέρων
965 1851 1142 1905 ἄλλων
1188 1851 1216 1904 ὁ
1275 1852 1411 1922 πρὸς
1467 1851 1567 1921 τὴν
1621 1851 1876 1905 ἀσέϐειαν

292 1944 525 2012 ἔλεγχος
553 1941 918 2012 ἐθριάμϐευεν
947 1942 1064 1995 ἀλλ’
1109 1941 1140 2012 ἧ
1200 1943 1363 2012 μόνον
1409 1942 1519 1996 τῶν
1585 1942 1876 2014 μακαρίων

290 2034 534 2087 ἐκείνων
595 2033 826 2102 ἀνδρῶν,
867 2033 1034 2104 μηδὲν
1101 2033 1581 2102 ὐποστελλομένων
1612 2035 1712 2104 τὴν
1765 2034 1875 2088 τῶν

292 2125 618 2178 διωκόντων
648 2123 976 2195 ὑπεροψίαν,
1033 2127 1127 2178 καὶ
1161 2125 1260 2195 τὴν
1289 2126 1459 2195 ἀλλην
1479 2125 1704 2181 ἐκείνων
1745 2127 1878 2198 περὶ

288 2216 345 2266 τὸ
386 2215 627 2282 κρατεῖν
687 2213 982 2278 ἐξουσίαν·
1043 2212 1159 2266 ἀλλ’
1200 2213 1447 2284 ἀκριϐῶς
1493 2215 1557 2267 ἐκ
1614 2213 1728 2266 τῶν
1774 2212 1875 2282 τῆς

290 2301 534 2366 ἀνομίας
578 2301 800 2371 βιϐλίων
827 2301 896 2354 τὰ
937 2301 1034 2370 τῆς
1069 2301 1298 2371 ἀνομίας
1344 2299 1873 2371 παῤῥησιαζόντων·

292 2396 386 2449 τοῦ
417 2396 482 2448 δέ
511 2411 577 2462 γε
602 2393 878 2464 δευτέρου,
908 2393 1004 2446 καὶ
1032 2392 1143 2446 οἴου
1174 2392 1527 2464 φρονήματος
1563 2389 1707 2464 ἦσαν
1730 2393 1878 2444 ἐκεῖ·

293 2504 372 2538 νοι
405 2501 424 2516 ο
456 2485 507 2536 εί
550 2484 657 2555 γὰρ
684 2484 749 2537 τά
789 2484 899 2535 τῶν
953 2483 1215 2536 ἐναντίων
1273 2482 1574 2553 ἀδιάϐλητα
1618 2485 1878 2552 παρεῖχον

293 2576 433 2644 όρᾷν
468 2572 849 2641 ἐκλεγόμενοι,
882 2572 934 2624 τί
961 2572 1027 2626 ἂν
1046 2572 1240 2643 ἔδρων,
1273 2573 1332 2624 ὲν
1359 2568 1440 2634 οἷς
1466 2571 1537 2624 τὰ
1585 2573 1739 2641 παρὰ
1769 2573 1878 2623 τῶν

296 2665 579 2734 θεολόγων
600 2662 939 2735 προῦτεινον,
959 2664 1095 2717 ὅπου
1119 2679 1182 2730 γε
1207 2664 1302 2715 καὶ
1327 2664 1387 2715 τὸ
1416 2663 1687 2731 συλλαϐὴν
1705 2662 1878 2731 ὑπερ.

297 2755 468 2823 ϐῆναι
493 2753 560 2807 οὐ
600 2735 848 2824 φορητὴν
875 2753 1060 2823 τίθησι
1086 2753 1185 2825 τὴν
1222 2752 1278 2803 ὲν
1309 2756 1422 2814 τοῖς
1478 2751 1641 2813 θείοις
1703 2769 1882 2821 παρα-

295 2845 515 2915 τροπὴν
545 2846 777 2910 ἀνεῖναις
817 2844 1028 2909 ΙἈλλως
1072 2863 1130 2899 τε
1173 2847 1310 2918 μηδὲ
1363 2847 1539 2915 στόμα
1563 2845 1656 2897 τοῦ
1687 2843 1878 2897 λοιποῦ

295 2937 621 3007 Παλαμῖται
650 2935 834 3008 διᾶραι
867 2937 1110 3008 τολμῷεν
1140 2940 1227 3000 ἂν,
1259 2929 1485 2990 ἐκείνων
1549 2936 1730 2990 αὐτῶν
1764 2935 1879 2988 δει-

1990 479 2056 533 sti
2095 481 2264 546 gratia
2292 495 2429 535 vera:
2447 480 2566 535 ﬁdei
2594 481 2922 551 pietatisque
2950 482 3309 537 defensorem.
3344 501 3362 533 ι

2045 733 2280 802 Apparet
2304 737 2468 805 igitur
2496 737 2684 794 beatos
2708 740 2828 797 illos
2858 743 3023 806 viros,
3051 759 3114 798 ex
3171 745 3327 800 libris
3387 745 3546 800 Pala-

1977 838 2077 878 ma:
2125 827 2407 892 collegisse
2461 832 2738 898 potissima
2802 833 3098 901 impietatis
3147 836 3368 906 capita,
3425 855 3548 907 quae

1976 932 2080 972 nos
2113 933 2332 989 quoque
2388 924 2741 990 sequentibus
2797 927 3256 996 enuntiabimus;
3313 945 3549 1000 cumque

1973 1006 2276 1062 latrocinali
2315 1013 2610 1064 conventui
2654 1015 2717 1066 ad
2775 1018 3170 1085 coarguendam
3225 1019 3549 1088 improbita-

1977 1106 2083 1153 tem
2116 1098 2341 1154 l‘uissi-ut
2374 1104 2670 1170 proposita,
2705 1105 2994 1175 diligenter
3053 1109 3332 1175 rimantes,
3404 1122 3463 1164 ut
3493 1113 3545 1165 hi

1972 1189 2295 1259 loquuntur,
2319 1202 2370 1244 et
2391 1193 2600 1262 singula
2633 1198 3032 1262 examinantes,
3082 1200 3358 1257 invenisse
3394 1216 3546 1258 reve-

1974 1297 2035 1336 ra
2067 1284 2180 1352 ipsa
2207 1284 2400 1352 st-ipsis
2422 1287 2732 1340 consentire
2769 1307 2783 1342 :
2824 1288 3064 1344 'addatur
3092 1307 3254 1348 vero:
3293 1312 3313 1346 ι
3350 1295 3413 1348 Ει
3452 1295 3552 1349 his

1977 1388 2116 1442 quos
2143 1374 2638 1431 calumniabantur.
2685 1397 2702 1427 ι
2729 1379 2802 1432 Ex
2837 1381 2922 1436 his
2958 1383 3122 1452 igitur
3152 1385 3308 1440 facile
3336 1395 3418 1440 est
3448 1388 3551 1443 tria

1977 1465 2244 1533 dispicere
2286 1484 2299 1520 :
2338 1468 2481 1537 quod
2513 1478 2566 1522 et
2598 1470 2743 1525 illius
2786 1486 2939 1526 erant
2971 1477 3279 1546 conscripta
3340 1493 3501 1532 manu
3534 1496 3551 1542 ;

1975 1558 2230 1628 quodque
2256 1560 2526 1629 inculpata
2560 1563 2674 1616 haec
2701 1575 3044 1632 invenerunt,
3095 1582 3158 1622 ac
3183 1570 3366 1636 tertio,
3406 1568 3553 1638 quod

1981 1649 2164 1718 pietati
2199 1665 2456 1719 verteque
2482 1651 2604 1705 ﬁdei
2626 1655 2996 1721 astipuiautia.
3036 1656 3302 1712 Cir-terum
3334 1675 3400 1713 ex
3438 1660 3553 1728 pri-

1981 1754 2072 1793 mo
2089 1739 2304 1809 quidem
2329 1743 2604 1812 conjicere
2637 1746 2927 1807 habemus.
2951 1762 3058 1801 non
3089 1749 3156 1802 ab
3178 1750 3320 1814 aliis,
3359 1752 3556 1806 trimu-

1977 1831 2086 1901 pho
2114 1833 2430 1900 productam
2459 1835 2756 1904 impietatis
2794 1842 3232 1907 coargutionem,
3257 1844 3350 1897 sed
3409 1845 3556 1898 duu-

1979 1930 2176 1976 taxata
2237 1923 2538 1980 beatisillis
2589 1926 2743 1996 viris,
2791 1930 2882 1997 qui
2933 1931 3068 1984 nihil
3137 1943 3553 2002 persecutorum

1977 2014 2287 2082 superbiam
2324 2026 2692 2085 morarentur,
2724 2036 2827 2076 nec
2852 2021 3118 2092 reliquam
3156 2025 3374 2080 illorum
3438 2028 3543 2081 dn-

1979 2103 2223 2158 minandi
2258 2107 2554 2174 potentiam
2583 2125 2598 2174 ;
2623 2110 2715 2164 sed
2752 2111 2844 2180 qui
2879 2124 3030 2167 certa
3060 2118 3290 2170 vi-ritate
3349 2131 3415 2170 ex
3443 2117 3547 2171 im-

1977 2193 2195 2264 pietatis
2227 2194 2403 2262 libris,
2433 2213 2556 2268 quaa
2583 2200 2878 2270 impietatis
2911 2215 3096 2258 essent
3124 2207 3298 2274 palam
3355 2210 3558 2276 produ-

1977 2298 2183 2344 cerent.
2213 2290 2289 2344 Ex
2314 2291 2482 2345 altero
2525 2307 2652 2347 vero
2681 2295 2969 2365 cujusnam
3028 2297 3106 2352 illi
3158 2301 3442 2354 sententia:
3491 2317 3557 2356 ac

1979 2380 2147 2435 animi
2179 2391 2385 2436 essent.
2424 2383 2478 2436 Si
2511 2385 2652 2438 enim
2683 2387 2759 2450 hi,
2780 2388 2871 2457 qui
2900 2403 2961 2442 ea
3003 2403 3403 2459 exverpsorant,
3435 2409 3558 2463 qua‘

1980 2472 2418 2528 adversariorum
2445 2485 2625 2539 erant,
2665 2477 2936 2546 inculpata
2978 2481 3148 2535 videri
3189 2483 3547 2550 exhibebant,

1981 2563 2237 2633 quidnam
2265 2563 2459 2618 facturi
2494 2578 2700 2630 essent,
2725 2568 2776 2622 in
2809 2571 3010 2639 quibus
3034 2586 3153 2640 quae
3179 2585 3334 2628 erant
3397 2575 3558 2629 theo-

1981 2654 2222 2725 logorum
2247 2658 2662 2726 proponebant;
2689 2660 2780 2714 ubi
2823 2661 2902 2714 vel
2950 2663 3210 2732 syllabam
3246 2667 3554 2734 transgredi

1981 2760 2080 2799 uec
2110 2744 2381 2800 ferendam
2411 2748 2628 2818 quidem
2653 2751 2706 2804 in
2735 2750 2936 2806 divinis
2964 2752 3403 2819 depravationem
3475 2755 3559 2808 in-

1982 2835 2153 2889 ducit.
2176 2837 2448 2894 Praeterea
2483 2855 2630 2894 neos
2681 2843 2900 2909 quidem
2966 2843 3223 2913 deinceps
3285 2844 3562 2900 Palamitae

1981 2929 2165 2983 ausint
2196 2931 2428 2998 aperire,
2457 2932 2564 2987 illis
2591 2932 2723 3003 ipsis
2777 2935 3216 3000 ostendentibus,
3267 2937 3400 2990 nihil
3458 2953 3559 2993 nos

295 3027 614 3096 κινυμένων,
634 3025 709 3090 ὡς
733 3026 832 3098 οὐχ
862 3028 953 3096 ὑφ’
983 3029 1140 3099 ὴμῷν
1174 3029 1655 3098 συκοφαντοῦνται.
1687 3029 1879 3098 Ὀρᾶτε

1987 3037 2083 3090 per
2109 3020 2436 3076 calumniam
2463 3025 2569 3078 illis
2605 3025 2905 3094 imponere.
2962 3026 3154 3084 Videte
3200 3029 3343 3084 enim
3392 3046 3556 3099 quam

293 3121 402 3191 γὰρ
475 3116 601 3190 μεθ’
651 3120 960 3191 ὑπερϐολῆς
1046 3121 1494 3192 ίσχυριζομένους
1575 3121 1880 3192 συζητῆσαι

292 3212 480 3266 ταῦτα
505 3212 796 3276 πολλάκις,
824 3213 924 3266 καὶ
959 3214 1212 3283 ἀνευρεῖν
1268 3215 1528 3284 ἀκέραια.
1572 3215 1814 3269 Ἐκείνου
1836 3212 1880 3267 δ’

293 3301 384 3370 αὖ,
412 3307 512 3360 ὅτι
545 3306 638 3359 καὶ
666 3305 763 3369 τὰς
788 3307 1056 3369 τοσαύτας
1103 3306 1413 3376 τερατείας.
1444 3305 1624 3377 ἇσπερ
1677 3309 1740 3360 ὲκ
1773 3307 1882 3360 τῶν

293 3396 386 3448 τοῦ
411 3398 654 3464 γενναῖα
681 3395 930 3463 δόγματα
964 3379 1408 3464 συγγεγραφότος
1454 3395 1752 3448 ἀκούσεσθε
1789 3398 1883 3464 ῥη-

297 3490 527 3557 μάτων,
557 3489 672 3551 τοῖς
728 3487 778 3540 θ’
831 3487 998 3558 ἱεροῖς
1057 3487 1348 3552 θεολόγοις,
1401 3487 1514 3548 τοῖς
1565 3483 1613 3538 τ’
1660 3485 1882 3554 ἀληθέσι

297 3580 431 3650 περὶ
472 3577 615 3630 Θεοῦ
665 3577 922 3645 δόγμασι,
981 3579 1295 3646 συμφωνεῖν
1337 3577 1764 3647 κατεπαίρονται
1801 3575 1887 3627 λέ-

294 3687 436 3737 γειν,
475 3671 577 3722 καὶ
602 3667 704 3721 οὐκ
751 3665 1108 3721 εὐλαϐοῦνται
1168 3665 1306 3736 πρὸς
1364 3665 1619 3719 τοσοῦτον
1659 3665 1886 3734 μέγεθος

295 3760 569 3817 ἀσεϐείας
597 3759 695 3830 τὴν
734 3759 1130 3830 ἐπηρτημένην
1163 3758 1271 3811 ἀπὺ
1316 3757 1558 3827 Χριστοῦ
1618 3758 1732 3819 τοῖς
1795 3774 1888 3810 συ-

296 3853 620 3920 κοφάνταις
673 3849 909 3918 ποινὴνο
977 3848 1089 3917 ὅσῳ
1153 3848 1343 3901 λοιπὸν
1417 3845 1536 3915 μετ’
1587 3843 1887 3910 ἐξετάσεως

295 3942 478 3994 ταῦτα.
512 3937 898 4008 παρεδέξαντο,
928 3941 1020 3990 καὶ
1038 3940 1136 4008 τῆς
1164 3936 1287 3990 κατ’
1319 3936 1600 3989 εὐσέϐειαν
1629 3936 1887 4005 ἀληθείας

297 4031 460 4102 ἔσχον
510 4029 1059 4099 συνήγορα,τοσούτῳ
1090 4029 1308 4090 πάντως
1336 4027 1734 4095 ἀναγκάζονται
1761 4027 1888 4078 τού-

296 4137 412 4184 τοις
446 4119 752 4188 ὲμμένειν,
786 4117 902 4171 ἀλλ’
931 4118 1050 4171 οὐδέ
1081 4135 1230 4180 τινος
1288 4117 1475 4188 ἑτέρου
1537 4115 1648 4168 τῶν
1695 4116 1889 4186 ἐκείνῳ

297 4211 876 4283 κατηκολουθηκότων
924 4208 1271 4280 ἀρνήσασθαι
1324 4226 1377 4262 τι
1434 4209 1720 4279 προσήκει.
1763 4208 1891 4261 Ἰσί-

296 4303 480 4374 δωρος
523 4302 658 4373 γὰρ,
696 4304 744 4356 εί
772 4302 869 4356 καὶ
923 4299 1391 4372 προτετελεύτηκε
1441 4300 1548 4352 τῶν
1575 4299 1668 4353 τοῦ
1709 4299 1889 4370 Τόμου

1986 3111 2150 3174 serio,
2206 3120 2520 3180 quantoque
2573 3126 2798 3167 excessu
2863 3113 3152 3176 alllrmeut,
3199 3114 3313 3169 haec
3361 3117 3561 3184 sapius

1943 3200 2348 3272 'disquisiisse,
2373 3202 2690 3272 sinceraque
2731 3202 3024 3258 invenisse.
3060 3207 3136 3258 Ex
3197 3205 3356 3259 tertio
3405 3205 3561 3260 deni-

1983 3309 2111 3362 que,
2150 3293 2296 3364 quod
2333 3303 2388 3348 et
2433 3303 2580 3348 tanta
2616 3301 2889 3363 portenta,
2948 3311 3250 3366 nugaeque,
3305 3312 3442 3367 quas
3492 3313 3561 3352 ex

1985 3387 2132 3440 illius
2162 3386 2342 3440 verbis
2373 3387 2612 3440 audituri
2647 3387 2802 3450 estis,
2829 3386 2920 3455 qui
2986 3388 3186 3442 nobilia
3234 3391 3558 3458 conscripsit

1985 3478 2259 3547 dogmata,
2297 3479 2469 3531 sacris
2501 3478 2790 3547 theOIOgis,
2818 3481 3070 3548 verisque
3099 3481 3164 3532 de
3195 3479 3303 3534 Deo
3335 3482 3559 3551 dogma-

1977 3567 2057 3624 ‘tis
2081 3568 2392 3634 convenire,
2430 3568 2660 3637 superbe
2689 3569 2891 3621 audent
2920 3567 3125 3635 dicere,
3161 3584 3288 3632 nec,
3321 3571 3386 3624 ad
3435 3579 3560 3625 tan-

1989 3672 2095 3716 tam
2125 3661 2657 3730 impietatismolem,
2715 3661 3110 3730 impendentem
3146 3677 3176 3715 a
3207 3662 3425 3716 Christo
3467 3679 3559 3716 ca-

1988 3754 2404 3808 lumniatoribus
2432 3769 2644 3823 poenam
2671 3754 3059 3817 reformidant;
3080 3762 3286 3824 quanto
3306 3755 3559 3824 deinceps

1990 3846 2194 3913 majore
2227 3844 2476 3898 examine
2506 3845 2619 3897 [nec
2665 3853 3010 3912 receperunt,
3039 3859 3104 3900 ac
3155 3845 3341 3914 pietati
3395 3862 3562 3900 Vera:-

1989 3954 2095 4007 que
2126 3938 2386 3990 doctriuze
2413 3935 2697 4004 astipulari
2743 3945 3069 4011 senserunt,
3128 3947 3276 3990 tanto
3333 3953 3560 4007 prorsus

1990 4041 2214 4081 necesse
2239 4025 2441 4078 habent
2477 4026 2580 4078 illis
2610 4026 2924 4090 immauere,
2953 4040 3052 4081 nec
3084 4029 3407 4096 cujusquam
3475 4030 3553 4080 alo

1993 4117 2158 4171 terius
2191 4117 2338 4170 illius
2367 4119 2682 4186 sequacium
2738 4131 2904 4185 posse
2957 4131 3050 4172 eos
3099 4119 3303 4187 aliquid
3341 4135 3559 4188 negare.

1988 4208 2233 4263 Isidorus
2268 4210 2442 4275 enim,
2476 4209 2578 4262 etsi
2629 4219 2876 4263 mortuus
2905 4218 3132 4266 estante
3157 4209 3312 4266 Tomi
3340 4227 3562 4267 consar-

1993 4297 2204 4352 cinalas
2231 4314 2424 4368 nugas,
2451 4300 2651 4367 quibus
2677 4305 2857 4352 tamen
2886 4302 3063 4367 quoad
3101 4301 3233 4354 vixit
3263 4309 3317 4356 et
3347 4303 3555 4355 scribe-

299 4396 675 4468 ὲρεσχελιῶν,
699 4395 818 4449 ἀλλ’
846 4395 946 4465 οὐχ
975 4388 1141 4466 ἦττον
1169 4386 1250 4456 οἷς
1282 4390 1494 4463 ἐγραφὲ
1514 4409 1572 4445 τε
1601 4391 1694 4443 καὶ
1739 4390 1880 4461 ὠμοι

1994 4390 2165 4444 batet
2211 4390 2592 4451 conﬁtebatur,
2658 4387 2810 4444 Tomi
2866 4401 3059 4444 auctor
3111 4391 3229 4444 fuit.
3285 4391 3558 4447 Coccinus

297 4489 482 4557 λόγει,
524 4487 860 4558 δημιουργὸς
889 4483 958 4560 ἦν
994 4487 1086 4541 τοῦ
1123 4486 1330 4556 Τόμου.
1383 4487 1678 4549 Κόκκινοςο
1704 4485 1760 4538 δὲ
1796 4487 1880 4537 καὶ

1995 4496 2124 4537 vero
2147 4489 2201 4536 et
2232 4480 2405 4545 Nilus,
2431 4490 2786 4550 prmterquam
2818 4481 2962 4549 quod
2987 4482 3038 4535 in
3065 4482 3200 4536 vivis
3225 4493 3398 4546 erant,
3430 4486 3560 4552 ipsi-

300 4578 532 4644 Νεῖλος,
564 4580 704 4648 πρὸς
734 4577 811 4649 τῷ
847 4580 1140 4648 περιεῖναι,
1172 4578 1268 4631 καὶ⁹
1296 4576 1593 4645 αὐτουργοὶ
1647 4576 1740 4629 τοῦ
1788 4577 1880 4628 Τό·

1993 4581 2101 4626 met
2135 4570 2364 4625 Tomum
2393 4580 2843 4640 composuerunt.
2879 4569 3044 4638 Igitur
3068 4573 3181 4625 lieri
3205 4587 3312 4626 non
3360 4582 3557 4642 potest,

303 4691 412 4741 μου
440 4673 755 4741 ἐτύγχανον
793 4671 966 4734 ὀντες.
993 4669 1284 4723 Ἀδύνατον
1313 4667 1510 4721 οὐκοῦν
1546 4669 1668 4731 τοὺς
1693 4668 1762 4720 τὰ
1793 4665 1880 4720 τοῦ

1993 4670 2053 4716 ut
2080 4662 2173 4730 qui
2203 4659 2432 4714 Tomum
2465 4661 2668 4722 colant,
2709 4661 2910 4730 aliquid
2967 4672 3163 4730 negent
3226 4663 3560 4719 lucubratio-

302 4761 499 4832 Τόμου
537 4760 900 4828 περιέποντας
929 4755 1271 4830 ἀρνήσασθαί
1297 4773 1351 4809 τι
1376 4756 1485 4810 τῶν
1518 4754 1880 4826 συγγραμμά·

1992 4769 2122 4808 num
2147 4767 2337 4808 eorum
2360 4753 2454 4822 qui
2477 4751 2633 4805 Tomi
2655 4764 2901 4808 auctores
2931 4754 3281 4809 exstiterunt.

302 4869 418 4905 των
435 4851 556 4905 τῶν
584 4852 682 4905 τοῦ
710 4851 892 4922 Τόμου
919 4849 1296 4921 δημιουργῶν.

381 4944 515 4998 Ἔτι
550 4944 744 4999 πολλαὶ
781 4944 883 5013 μὲν
905 4945 1084 5014 ὅρκων
1117 4941 1256 4994 εἰσὶν
1290 4939 1426 4992 ίδέαι
1453 4939 1567 5002 τοῖς
1626 4935 1893 5008 προσανέ-

305 5063 472 5120 χουσι
496 5061 512 5075 ο
545 5039 748 5112 μείζων
781 5037 838 5090 δὲ
863 5037 925 5088 τὸ
952 5036 1007 5087 τί
1048 5031 1459 5105 προσεπιθεῖναι
1501 5029 1610 5082 τῶν
1651 5030 1892 5100 τιμωμέυ

307 5159 420 5194 νων
452 5134 704 5209 ᾑτινιοῦν
733 5129 928 5192 εἰκόνι,
956 5127 1051 5180 καὶ
1081 5125 1289 5179 λαϐεῖν.
1321 5122 1510 5194 Πολλῷ
1556 5122 1602 5176 δ’
1629 5122 1710 5175 ἔτι
1771 5123 1890 5191 μεί-

306 5234 448 5297 ζων,
479 5231 531 5282 εί
553 5228 651 5281 καὶ
696 5225 874 5285 ἄλλως
903 5221 1244 5290 παράνομον,
1277 5219 1326 5270 εί
1361 5216 1439 5286 τῷ
1467 5215 1682 5286 φρικτῷ
1718 5231 1891 5284 προσ-

305 5321 560 5390 εγγίσειε
589 5312 985 5384 θυσιαστηρίῳ.
1013 5308 1177 5364 Ἀλλὰ
1205 5307 1375 5361 ταῦτα
1394 5308 1891 5375 παρανομήσαντες

307 5412 656 5477 Πιλαμῖται,
687 5405 766 5474 τῷ
799 5402 1008 5474 μείζονι
1037 5401 1145 5454 τῶν
1173 5401 1357 5469 ὅρκων
1399 5397 1470 5451 τὰ
1507 5396 1602 5449 τοῦ
1641 5396 1887 5466 βλασφή-

309 5522 419 5573 μου
487 5501 668 5570 Τόμου
707 5497 958 5565 στέργειν
1021 5495 1342 5562 ὑπέσχοντο.
1403 5489 1795 5562 Περιείληπται
1842 5488 1886 5538 δ’

305 5597 370 5645 ὲν
400 5591 587 5659 τούτῳ
607 5587 766 5642 πάντ’
826 5584 1084 5655 ἀληθείας
1121 5580 1342 5652 ἔχεσθαι
1370 5581 1439 5634 τὰ
1495 5579 1589 5632 τοῦ
1625 5579 1882 5648 Παλαμά,

307 5683 414 5738 καὶ
447 5683 488 5736 ἃ
518 5680 645 5751 παρ’
676 5678 835 5750 ἡμῶν
864 5677 1141 5747 ἀφῄρηται
1172 5671 1377 5726 τούτων
1429 5672 1567 5743 πρὸς
1619 5671 1840 5741 ἔλεγχον
1867 5685 1884 5702 ’

2061 4930 2328 4986 Praeterea
2391 4928 2560 4984 multa
2620 4936 2766 4992 sunt,
2826 4930 3230 4986 attondentibus
3289 4933 3560 5001 animum,

1989 5025 2427 5097 juramentorum
2456 5036 2673 5092 genera.
2709 5021 2852 5075 inter
2874 5039 2936 5076 ea
2993 5032 3174 5078 autem
3224 5028 3401 5092 majus
3453 5038 3559 5104 est,

1992 5135 2115 5174 cum
2140 5117 2270 5188 quid
2296 5131 2482 5171 eorum
2514 5129 2632 5182 qua:
2659 5114 2982 5181 pluristiunt
3045 5118 3206 5172 alicui
3226 5118 3447 5188 imagini
3468 5107 3568 5176 suo

1993 5208 2330 5277 praponitur,
2358 5215 2522 5274 atque
2554 5203 2782 5259 tollitur.
2808 5205 2886 5256 Ad
2920 5205 3032 5258 haec
3057 5220 3185 5258 vero
3212 5207 3366 5278 longe
3395 5209 3564 5265 etiam

1993 5304 2192 5372 majus,
2215 5299 2261 5356 si
2291 5295 2571 5353 tremendo
2610 5297 2764 5350 altari
2798 5299 3131 5364 (quanquam
3155 5297 3208 5353 id
3242 5299 3418 5370 nefas)
3464 5317 3560 5369 ap-

1991 5390 2452 5465 propinquaverit.
2482 5390 2681 5445 Verum
2705 5387 2985 5443 Palatnitaa
3017 5390 3143 5444 huic
3169 5393 3388 5447 obnoxii
3427 5392 3558 5448 facti

1993 5485 2206 5549 sceleri,
2240 5485 2671 5552 juramentorum
2733 5483 2973 5534 maximo
3028 5481 3184 5536 tidem
3249 5485 3556 5539 obstrinxe-

1991 5585 2141 5639 ruut,
2168 5589 2288 5645 quae
2322 5580 2448 5627 sunt
2479 5570 2777 5647 blasphemi
2809 5569 2964 5624 Tomi
3014 5588 3072 5626 se
3125 5575 3556 5640 amplexaturos.

1989 5669 2312 5725 Continetur
2352 5672 2534 5721 autem
2560 5662 2614 5718 iu
2649 5663 2766 5733 illo,
2791 5679 2907 5733 quae
2939 5674 3065 5719 sunt
3089 5664 3328 5723 Palama:
3371 5671 3559 5724 omnia
