3916 6204
467 217 575 281 679

1618 209 1945 269 JOANNIS
1986 212 2553 272 CYPARISSIOTIE
3541 210 3624 272 68³)

467 330 681 385 veritati
738 329 990 393 limere;
1038 336 1198 395 atque
1253 326 1387 378 adeo
1417 326 1529 378 haec
1576 332 1791 392 quoque
1836 338 1956 392 qua:
2008 338 2022 376 ε

2142 325 2402 378 ἀδύνατον
2430 328 2535 394 ἄρα
2567 324 2789 388 τούτους
2817 320 3159 392 ἀρνήσασθαὲ
3211 336 3259 374 τι
3292 320 3359 391 μὴ
3394 320 3627 389 ὁμολογεῖν

469 420 626 474 nobis
657 417 972 474 confutandi
1006 416 1179 483 gratia
1206 420 1459 482 excerpta
1489 422 1638 467 sunt.
1694 412 1884 479 itaque
1916 412 2030 464 tieri

469 521 574 558 non
614 515 808 573 potest,
840 513 899 557 ut
933 512 1128 572 negent
1156 515 1215 555 se
1244 513 1352 553 non
1382 499 1666 552 admittere
1722 498 1925 567 aliquid
1971 498 2034 551 li-

470 598 689 649 brorum
728 595 977 655 Palamze,
1006 605 1313 660 quanquam
1376 590 1611 643 maxima
1638 589 1745 643 illis
1773 590 1893 644 dica
1943 603 2032 644 so-

467 689 627 740 lerter
668 684 1070 755 inquirentibus
1100 683 1228 737 inde
1259 682 1553 747 scribatur,
1601 681 1704 735 nisi
1742 680 1882 736 forte
1938 697 2033 751 pa-

465 778 570 830 lam
592 792 711 830 reos
748 791 809 831 se
839 774 1061 843 perjurii
1093 773 1425 827 constituere
1459 771 1644 827 velint.

534 864 615 918 Ad
649 864 760 918 haec
782 864 914 917 dicit
949 862 1167 918 divinus
1219 862 1601 932 Apostolusn
1652 860 1710 915 Si
1763 876 1883 931 quae
1934 862 2032 918 de—

460 955 658 1017 struxi,
709 954 907 1008 iterum
955 954 1069 1007 hcce
1137 952 1367 1015 aedifico,
1422 954 1894 1021 praevaricatorem
1944 972 2028 1011 me

461 1045 733 1100 constituo
763 1043 828 1097 “.
860 1063 879 1095 ι
933 1043 1395 1110 Quemadmodum
1435 1042 1621 1112 igitur,
1672 1057 1791 1112 quae
1838 1059 2028 1099 eversa

460 1147 587 1192 sunt
620 1152 683 1192 ac
700 1137 975 1191 destructa
1006 1136 1298 1201 aediﬁcare,
1335 1135 1841 1204 prtevaricationcm
1895 1151 2029 1191 con-

458 1231 631 1285 stituit
668 1248 681 1284 :
717 1230 795 1284 sic
841 1230 1099 1284 nimirum
1153 1226 1407 1291 etiam,si
1464 1228 1588 1296 quis
1626 1242 1687 1282 ca
1729 1242 1849 1295 quae
1903 1236 2030 1283 sunt

458 1320 718 1375 aedificata
758 1321 1026 1385 destruat,
1053 1319 1106 1372 in
1132 1318 1272 1372 idem
1299 1317 1503 1378 crimen
1563 1317 2027 1387 praevaricationis

458 1409 707 1463 incurrit.
738 1408 904 1477 Igitur
938 1407 1272 1476 impossibile
1305 1416 1406 1470 est,
1480 1416 1535 1458 ut
1568 1422 1688 1475 quae
1719 1405 1793 1458 illi
1858 1406 1911 1458 in
1962 1406 2027 1458 li-

458 1500 678 1552 brorum
702 1498 934 1553 Palamte
974 1499 1226 1568 gratiam,
1265 1507 1526 1566 quantum
1588 1497 1655 1550 ad
1693 1498 1814 1552 illos
1876 1513 2028 1566 spec-

460 1598 598 1651 tant.
671 1588 1027 1654 aadilicavere,
1072 1599 1339 1642 conentur
1383 1589 1673 1657 aliquando
1695 1588 2022 1643 destruere:

2135 415 2243 466 τῶν
2297 415 2390 466 τοῦ
2418 417 2659 483 Παλαμᾶ
2693 413 3167 482 συγγραμμάτων,
3216 411 3309 463 κᾶν
3338 413 3387 464 ἐν
3420 414 3523 473 ταῖς
3554 430 3630 479 με·

2133 506 2350 570 γίσταις
2402 504 2602 566 αἰτίαις
2664 504 2776 561 τοῖς
2830 501 3093 554 σκοποῦσι
3138 499 3327 569 τελοὶη,
3381 500 3423 550 εἱ
3478 500 3627 568 μήπου

2135 596 2413 666 βούλοιντο
2437 597 2623 663 σαφῶς
2655 597 2948 665 ἐπιορκεῖν.
3416 594 3419 597 ⁷

2208 859 2333 910 Ἔτι
2365 859 2391 909 ὁ
2428 856 2571 919 θεῖος
2617 856 2938 916 Ἀπόστολος
2965 856 3148 923 φησὶν,
3178 873 3195 905 ι
3224 855 3282 906 Ei
3320 854 3353 907 ὃ.
3384 854 3633 920 κατέλυσα,

2130 951 2303 1003 ταῦτα
2350 947 2514 1001 πάλιν
2536 948 2825 1015 οἰκοδομῶ,
2872 947 3195 1017 παραϐάτην
3247 944 3463 1013 ἐμαυτὸν
3514 945 3636 994 συνί-

2135 1060 2322 1111 στημι.
2355 1061 2373 1094 ι
2419 1043 2631 1111 ’Ὠσπερ
2664 1041 2757 1094 οὖν
2788 1041 2847 1093 τὸ
2879 1040 2947 1092 τὰ
2994 1037 3327 1109 πορθηθέντα
3375 1036 3635 1103 οἰκοδομεῖν

2130 1136 2227 1204 τὴν
2261 1134 2569 1203 παράϐασιν
2616 1132 2955 1203 συνίστησιν,
2987 1129 3129 1183 οὕτω
3164 1129 3257 1181 καὶ
3306 1129 3368 1180 τὰ
3404 1127 3640 1196 ᾠκοδομη·

2134 1226 2291 1293 μένα,
2323 1225 2374 1277 εῐ
2417 1240 2501 1286 τις
2524 1223 2808 1286 καταλύοι,
2864 1226 2945 1284 εἰς
3000 1223 3092 1274 τὸν
3132 1220 3293 1274 αὐτὸν
3342 1220 3483 1286 λόγον
3534 1219 3636 1287 ἥκει

2128 1316 2230 1383 τῆς
2320 1316 2708 1384 παραϐάσεως.
2807 1314 3093 1367 Ἀδύνατον
3179 1310 3365 1364 οὐκοῦν
3446 1310 3636 1370 τούτους

2131 1405 2276 1475 ἆπερ
2320 1406 2679 1477 ᾠκοδόμησαν
2743 1406 2884 1476 ὑπὲρ
2942 1404 3052 1457 τῶν
3104 1402 3197 1456 τοῦ
3256 1404 3473 1472 Παλαμᾶ
3527 1419 3637 1467 συγ-

2130 1498 2497 1567 γραμμάτων,
2579 1499 2771 1567 ἐφόσον
2853 1498 3038 1559 αὐτοίς
3120 1495 3449 1565 προσέχουσι,
3495 1493 3639 1545 ταῦτι

2130 1584 2429 1639 καταλῦσαί
2492 1602 2624 1638 ποτε
2706 1587 3076 1656 πειραθῆναι*
3163 1586 3210 1638 εὶ
3282 1584 3354 1653 μὴ
3402 1581 3641 1653 βούλοιντο

460 1678 562 1733 nisi
582 1681 681 1732 liae
720 1680 879 1732 etiam
914 1688 1063 1749 parte
1099 1679 1262 1735 velint
1301 1678 1512 1748 scipsos
1577 1680 2019 1746 praevaricatores

2128 1679 2220 1730 καὶ
2272 1679 2412 1730 κατὰ
2465 1677 2621 1731 τοῦτο
2656 1679 2719 1731 τὸ
2752 1680 2915 1748 μέρος
2945 1676 3273 1746 παραϐάτας
3306 1674 3513 1735 ἑαυτοὺς
3541 1689 3640 1723 σον-

457 1771 809 1825 constituere.

1063 1856 1289 1912 CAPUT
1322 1856 1389 1911 lll

456 1972 803 2040 Auspicatum
840 1985 950 2024 esse
976 1970 1253 2023 Palamam
1278 1968 1558 2047 exitiosum
1590 1967 1781 2037 dogma
1821 1969 1884 2020 ab
1937 1983 2022 2022 ero

944 2056 1059 2093 rore
1097 2055 1159 2091 ac
1186 2050 1535 2092 contentzone.

532 2131 605 2186 Ne
630 2145 755 2186 vero
782 2131 973 2201 procul
1004 2132 1069 2184 ab
1091 2145 1257 2199 scepo
1287 2131 1534 2199 sagittam
1556 2129 1855 2191 mittamus,
1888 2142 2023 2197 pau-

456 2221 537 2275 cis
559 2221 880 2292 quibusdam
927 2221 1237 2290 praemissis,
1282 2220 1628 2275 ostendemus
1661 2218 1801 2272 unde
1860 2220 2023 2274 ducto

454 2314 681 2367 exordio
704 2314 758 2367 in
791 2329 906 2367 eam
947 2312 1465 2366 Palatnaslnvcctus
1510 2311 1776 2365 insaniam
1809 2310 1900 2375 sit,
1958 2325 2023 2366 ac

454 2417 519 2457 ex
546 2402 746 2471 quibus
782 2403 1039 2457 fomentis
1070 2418 1323 2471 magnum
1361 2401 1866 2470 itnpictatisdgnem
1930 2416 2021 2457 ac-

457 2494 724 2549 cenderit.
763 2493 952 2548 Sciunt
982 2508 1192 2559 omnes,
1222 2508 1343 2561 qua;
1366 2493 1443 2546 illi
1469 2493 1786 2545 Barlaamus
1832 2492 2019 2545 crimi-

456 2587 510 2639 ni
542 2593 774 2640 verteret
803 2600 947 2639 :non
982 2584 1055 2638 ita
1084 2585 1315 2649 scilicet,
1347 2596 1405 2637 ut
1435 2598 1651 2638 onmem
1704 2586 1869 2636 vitam
1899 2597 2018 2638 mo-

457 2676 721 2730 nasticam
756 2686 920 2744 atque
949 2675 1190 2729 caelibem
1219 2674 1695 2745 (quemadmodum
1718 2675 1831 2741 ipse
1858 2672 2018 2743 dixit)

452 2773 750 2818 arcesseret
780 2779 843 2817 ac
896 2763 1195 2832 sugillaret,
1236 2764 1329 2817 sed
1390 2771 1448 2816 ut
1506 2777 1603 2816 eos
1661 2762 2016 2830 vituperarct,

452 2856 652 2923 quibus
684 2857 829 2911 serio
868 2870 1012 2910 cura:
1044 2865 1207 2918 esset,
1229 2870 1354 2907 cum
1384 2855 1437 2907 in
1471 2854 1697 2923 reliquis
1737 2856 2019 2923 segniores

450 2956 648 3012 essent,
709 2962 810 3001 nec
862 2954 1131 3001 accuratae
1176 2945 1520 3015 disciplinae,
1569 2956 1627 3000 ut
1675 2947 1745 3015 iul,
1784 2947 2019 3001 tenebris

454 3040 719 3106 tantisper
748 3038 1152 3101 clauderentur,
1209 3022 1567 3106 nonnihdque
1618 3052 1807 3105 parum
1873 3039 2019 3093 velut
2045 3022 2089 3057 ¹⁴

453 3131 689 3199 deliquio
721 3130 1021 3199 exspirare,
1050 3130 1180 3197 quin
1210 3130 1464 3198 spiritum
1502 3130 1647 3183 intus
1675 3144 1816 3197 aegre
1854 3130 2021 3186 duce-

454 3238 511 3275 re
545 3222 880 3283 tiderentur.
916 3221 1224 3290 intentique
1252 3222 1468 3274 oculum
1525 3222 1749 3276 immote
1787 3222 2023 3277 ﬁrmius-

450 3328 558 3383 que
585 3314 845 3369 umbilico
875 3312 1127 3382 defigere,
1171 3314 1366 3383 quibus
1398 3312 1557 3366 facile
1595 3295 1845 3380 peractis,
1876 3317 2020 3371 clare

452 3405 632 3458 statim
684 3414 991 3459 monstrosa
1064 3420 1314 3475 vanaque
1362 3419 1424 3457 ac
1485 3406 1767 3459 mendacia
1822 3417 2018 3475 praesto

450 3506 661 3552 essent.
713 3496 919 3566 Ecquid
950 3495 1099 3550 inde?
1146 3497 1325 3567 Ignem
1354 3498 1605 3551 dit-ebant
1635 3497 1820 3552 videre
1840 3535 1855 3561 ,
1879 3497 2021 3551 intra

453 3589 659 3642 viscera
685 3595 952 3657 extraque
979 3586 1370 3642 consistentem
1396 3605 1410 3652 ;
1439 3588 1736 3658 pulsusque
1754 3589 2018 3657 quosdam

452 3679 700 3733 insolitos
726 3688 778 3732 et
801 3690 981 3734 motus
1017 3678 1221 3743 cordis,
1258 3693 1356 3731 nec
1388 3695 1493 3731 non
1528 3679 1738 3733 calores
1756 3680 2020 3747 quosdam

450 3786 516 3824 ac
547 3773 694 3824 velut
719 3769 985 3839 igniculos
1006 3784 1073 3823 ex
1118 3784 1250 3823 naso
1281 3770 1453 3833 exire,
1494 3779 1843 3838 posteaquam
1907 3770 2021 3821 haec

449 3861 663 3930 aliaque
692 3872 804 3915 tum
838 3860 1117 3923 feciSSent,
1160 3873 1272 3915 tum
1330 3862 1477 3931 passi
1542 3872 1743 3924 essent,
1796 3863 2018 3929 sentire,

448 3969 575 4007 cum
604 3965 711 4008 tres
743 3966 1045 4024 quatuorve
1072 3963 1184 4006 tum
1231 3965 1434 4020 essent,
1486 3956 1579 4025 qui
1641 3955 1766 4008 huic
1801 3970 2019 4024 operam

452 4042 752 4110 disciplina:
778 4044 971 4096 darent
1000 4058 1017 4107 ;
1050 4043 1246 4112 reliqui
1281 4058 1429 4108 vero,
1457 4054 1513 4098 ut
1560 4046 1675 4115 ipse
1715 4062 1778 4099 ex
1836 4049 2021 4103 multis

452 4133 585 4188 viris
620 4134 818 4200 pietate
842 4135 1146 4189 illustribus
1188 4136 1395 4202 audivi,
1431 4138 1543 4193 haec
1599 4139 2018 4208 detestarentur,

454 4236 788 4292 prorsusque
822 4224 1151 4292 deriderent,
1180 4227 1437 4297 plerique,
1476 4245 1541 4284 ne
1568 4229 1782 4298 quidem
1832 4233 2018 4286 auditu

456 4314 662 4383 aliquid
697 4314 763 4369 de
786 4315 895 4371 illis
924 4318 1284 4387 accepissent.

525 4406 651 4461 Hmc
681 4405 848 4477 igitur
880 4406 1203 4464 Barlaamus
1240 4425 1270 4464 a
1299 4411 1533 4479 quodam
1566 4427 1688 4467 cum
1725 4413 1916 4470 doetus
1968 4425 2023 4471 et

453 4512 648 4566 passus
672 4510 835 4564 esset,
868 4499 1091 4556 minime
1111 4510 1260 4557 certe
1291 4504 1430 4568 tulit,
1465 4520 1750 4575 operaeque
1784 4508 2017 4575 pretium

450 4590 680 4658 putavit,
711 4600 767 4645 ut
799 4592 1126 4648 venerandis
1149 4595 1466 4662 parentibus
1492 4596 1836 4651 educationis
1887 4612 2022 4664 prae-

452 4681 561 4735 mia
600 4683 884 4749 redderet;
942 4684 1037 4739 sed
1089 4685 1564 4754 contemplationis
1610 4697 1814 4741 struem
1874 4688 2021 4741 illam

450 4790 515 4827 ae
550 4774 827 4843 negotium
853 4775 1107 4840 traducit,
1157 4777 1532 4832 seductionem
1582 4793 1645 4833 ac
1684 4794 1881 4832 noxam
1937 4794 2025 4833 sa-

450 4863 684 4917 tanicatn
724 4879 947 4930 vocans,
978 4867 1234 4937 pleraque
1266 4868 1385 4936 ejus
1418 4868 1618 4932 morbi,
1668 4870 1868 4939 quibus
1890 4870 2026 4923 scri-

451 4956 559 5023 ptis
588 4970 877 5024 aggressus
899 4966 1001 5021 est,
1068 4958 1133 5012 ad
1195 4957 1554 5014 Massalianos
1614 4962 1912 5015 revocavit.
1965 4961 2020 5013 In

448 5047 568 5115 ejus
612 5049 984 5118 itaquelibros
1018 5063 1143 5104 cum
1184 5051 1467 5106 incidisset
1492 5052 1773 5117 Palamas,
1805 5068 1897 5106 seu
1927 5050 2024 5121 po-

451 5141 561 5193 tius
589 5141 795 5195 turatus
822 5149 988 5206 esset,
1028 5140 1272 5209 perfosso
1304 5142 1556 5196 cubiculo
1591 5145 1679 5196 ubi
1712 5144 1765 5195 in
1822 5144 2022 5212 angulo

452 5228 703 5285 latentem
736 5231 933 5287 librum
957 5241 1121 5298 atque
1160 5234 1437 5289 occultum
1499 5235 1911 5304 pervestigaret,
1957 5251 2024 5290 ex

451 5321 681 5375 adverso
749 5323 1082 5392 impietatem
1162 5325 1485 5391 conscribit,
1536 5341 1731 5395 nempe
1797 5328 2019 5390 docens,

454 5414 602 5468 nullo
632 5430 821 5473 errore
850 5418 1099 5475 laborare
1132 5432 1430 5489 verumque
1461 5432 1581 5474 csse
1631 5420 1831 5474 erroris
1888 5418 2019 5473 illud

524 5592 573 5624 “
645 5592 823 5651 Galat.
854 5609 913 5663 tt,
955 5594 1046 5651 i8.

2043 4322 2097 4380 D

2127 1771 2299 1839 ιστᾷν.

2720 1859 2971 1912 ΚΕΦΑΛ.
3003 1858 3077 1911 I".

2127 1975 2317 2039 Ὅπως
2341 1973 2409 2024 ἐκ
2432 1970 2669 2037 πλάνης
2706 1970 2802 2023 καὶ
2844 1971 3217 2040 φιλονεικίας
3241 1970 3447 2033 ἤρξατο
3478 1968 3643 2021 Παλα-

2364 2042 2481 2110 μᾱς
2522 2040 2627 2093 τοῦ
2651 2041 2941 2109 δόγματος
2974 2040 3077 2093 τοῦ
3111 2040 3399 2107 ὀλεθρίου.

2203 2134 2293 2196 Ὠς
2319 2132 2383 2186 ἂν
2416 2133 2470 2184 δὲ
2501 2132 2575 2203 μὴ
2607 2133 2797 2201 metu
2853 2129 3057 2184 σκοποῦ
3103 2131 3411 2200 βάλλοιμεν,
3466 2127 3644 2198 βραχέα

2123 2227 2247 2278 τινὰ
2276 2226 2739 2293 προστησάμενοι,
2797 2222 3041 2293 δείξομεν
3084 2222 3213 2276 ὅθεν
3264 2221 3327 2273 ἂν
3356 2220 3447 2288 τὴν
3494 2218 3643 2286 ἀρχὴν

2124 2317 2216 2369 ἐπὶ
2247 2316 2403 2369 τοῦτο
2430 2317 2628 2384 μανίας
2655 2315 2940 2384 παρήλασε
2997 2314 3285 2381 Παλαμᾶς,
3316 2313 3403 2363 καὶ
3439 2310 3492 2373 ἐξ
3539 2310 3643 2360 οἴων

2122 2405 2229 2457 τῶν
2262 2405 2528 2475 ἀφορμῶν
2577 2404 2637 2456 τὸ
2676 2406 2817 2472 μέγα
2862 2408 2961 2474 τῆς
3015 2404 3273 2467 ἀσεϐείας
3331 2402 3489 2470 ἀνῆψε
3536 2398 3643 2463 πῦρ.

2126 2498 2334 2549 Ἰσασιν
2364 2497 2623 2561 ἅπαντες,
2658 2489 2742 2558 οἷς
2789 2495 2936 2565 αὐτῷ
2968 2496 3238 2565 Βαρ).αὰμ
3283 2495 3535 2547 ἐνεκάλει·
3566 2492 3646 2560 οὐχ

2122 2589 2195 2650 ὡς
2214 2588 2374 2649 αὐτὸς
2416 2586 2609 2656 ἔφησε,
2644 2586 2781 2656 πρὸς
2838 2587 3054 2640 ἅπαντα
3111 2586 3209 2639 τὸν
3262 2584 3530 2655 μοναδικὸν
3571 2581 3647 2632 καὶ

2122 2681 2299 2747 ἄζυγα
2357 2678 2472 2748 βίον
2520 2678 2618 2749 τὴν
2671 2679 3006 2748 κατηγορίαν
3062 2680 3275 2730 ἐκεῖνον
3303 2675 3648 2745 ἐνστήσασθαε,

2122 2773 2241 2826 ἀλλ’
2297 2767 2379 2833 οἷς
2412 2772 2678 2839 ἐπιμελὲς
2702 2767 2784 2841 ἦν
2822 2772 2974 2823 τᾶλλ’
3006 2770 3410 2840 ἀδιαφοροῦσιν,
3446 2770 3497 2818 ἐν
3548 2766 3651 2817 σκό-

2123 2882 2204 2916 τει
2256 2863 2454 2933 μικρὸν
2487 2850 2921 2916 ἀποκλείεσθαιλ
2976 2862 3069 2915 καὶ
3111 2862 3287 2933 βραχύ
3321 2881 3370 2915 τι
3398 2859 3653 2913 διαλείπω-

2122 2972 2221 3017 τας
2246 2957 2486 3019 ἐκπνεῖν,
2541 2956 2783 3007 εἰσπνεῖν
2822 2954 3021 3023 μᾶλλον
3074 2952 3525 3026 παραϐιάζεσθαι,
3574 2947 3651 3001 καὶ

2124 3042 2201 3113 τῷ
2247 3042 2515 3111 ὀφθαλμῷ
2573 3044 2867 3112 προσέχειν
2920 3041 3160 3105 ἀκλινῶς
3218 3041 3439 3112 ἐρείδειν
3470 3038 3536 3105 τῷ
3574 3037 3653 3101 ὀμ-

2124 3129 2402 3204 φαλῷ-ὧν
2434 3135 2673 3203 εὐχερῶς
2714 3132 3074 3195 ἀνυσθέντων,
3140 3134 3203 3184 τὸ
3253 3132 3346 3201 τῆς
3404 3126 3653 3199 τερατεὲας

2124 3228 2381 3296 ἄντικρυς
2425 3228 2602 3298 ἐπῄει.
2641 3226 2751 3279 Καὶ
2785 3226 2837 3278 τί
2886 3225 2947 3276 τὸ
3002 3225 3297 3289 ἐντεῦθεν;
3346 3222 3454 3290 φῶς
3500 3220 3654 3284 ἔλεγον

2121 3322 2276 3390 ὁρᾷν,
2320 3320 2469 3381 ἐντὸς
2527 3320 2635 3371 τῶν
2693 3319 3015 3386 σπλάγχνων
3065 3318 3167 3370 καὶ
3233 3315 3387 3377 ἐκτὸς
3441 3308 3655 3364 συνιστά-

2126 3429 2308 3481 μενον,
2351 3412 2445 3464 καὶ
2491 3409 2743 3480 παλμούς
2782 3427 2933 3471 τινας
3002 3408 3219 3477 ἀήθεις,
3279 3408 3372 3460 καὶ
3415 3404 3657 3471 κινήματα

2123 3504 2373 3572 καρδίας,
2404 3502 2499 3555 καὶ
2538 3502 2748 3571 θέρμας
2783 3502 2846 3554 ἐκ
2904 3500 3003 3568 τῆς
3043 3500 3197 3568 ῥινὸς
3240 3496 3479 3563 ἐξιούσας
3526 3497 3657 3542 ἐπαι-

2125 3595 2442 3656 σθάνεσθαι,
2479 3595 2617 3661 μετὰ
2666 3593 2727 3644 τὸ
2785 3589 2959 3647 ταῦτά
3016 3607 3075 3642 τε
3129 3591 3229 3643 καὶ
3286 3585 3449 3641 τᾶλλα
3491 3584 3659 3652 δρᾶσαι

2125 3686 2219 3739 καὶ
2271 3685 2481 3746 παθεῖν,
2516 3685 2683 3754 τριῶν
2725 3684 2756 3754 ἢ
2812 3684 3088 3753 τεττάρων
3152 3682 3322 3734 ὄντων
3376 3674 3659 3750 τηνικαῦταο

2122 3774 2231 3828 τῶν
2262 3778 2360 3844 τὴν
2390 3775 2651 3844 ἐργασίαν
2687 3773 2893 3843 ταύτην
2917 3773 3223 3841 μετιόντων
3246 3788 3260 3802 ο
3289 3772 3397 3832 τοῖς
3427 3765 3661 3823 ramos.

2123 3867 2195 3928 ὡς
2237 3866 2397 3928 αὐτὸς
2424 3871 2487 3919 ἐκ
2518 3866 2730 3919 πολλῶν
2758 3865 3042 3933 ἐπιφανῶν
3071 3866 3177 3933 τὴν
3198 3864 3397 3934 ἀρετὴν
3414 3859 3659 3931 ὴκηκόεινο

2124 3959 2471 4027 ἀπηχθάνετὸ
2516 3977 2574 4011 τε
2615 3958 2809 4021 ταῦτα,
2858 3959 2952 4009 καὶ
3013 3958 3188 4022 γέλως
3240 3953 3307 4024 ἦν
3344 3952 3568 4024 μακρός·
3622 3944 3662 3995 οἱ

2124 4050 2446 4113 πλείουςδὲ
2518 4051 2615 4103 καὶ
2684 4050 2855 4120 μηδὲν
2931 4050 3055 4117 περὶ
3132 4048 3341 4100 τούτων
3413 4042 3661 4099 ἐπαῖοντες

2123 4138 2282 4211 ἦσαν.

2195 4411 2363 4465 Τοῦτο
2388 4412 2566 4463 τοίνυν
2597 4409 2861 4479 Βαρλαὰμ
2890 4409 2995 4461 ὑπό
3040 4425 3188 4472 τινος
3221 4411 3314 4461 καὶ
3357 4403 3534 4475 μαθὼν
3585 4396 3665 4449 καὶ

2124 4504 2330 4568 παθὼν,
2376 4504 2576 4573 ἥκιστᾶ
2623 4518 2685 4568 γε
2738 4503 2967 4571 τροφεῖα
3016 4500 3196 4561 καλῶς
3235 4494 3536 4552 ἐκτιννύναι
3569 4488 3663 4546 τοῖς

2124 4595 2223 4661 τῆς
2254 4592 2604 4654 διδασκαλίας
2650 4589 2901 4657 γονεῦσιν
2920 4590 3155 4659 ἤνεγκεν
3173 4605 3185 4617 ·
3214 4589 3331 4640 ἀλλ’
3354 4577 3665 4650 ἐκπομπεύει

2125 4689 2185 4739 τὸ
2206 4688 2393 4756 χρῆμα
2447 4685 2545 4752 τῆς
2599 4684 2851 4751 Θεωρίας·
2897 4682 3104 4752 πλάνην
3152 4682 3200 4731 δ’
3236 4676 3525 4733 ἀποκαλῶν
3551 4666 3665 4723 αὐτὸ

2125 4782 2218 4831 καὶ
2260 4777 2561 4845 σατανικὴν
2610 4774 2902 4844 ἐπήρειαν,
2958 4774 3027 4825 τὰ
3069 4773 3302 4824 πλεῖστα
3334 4772 3427 4823 τοῦ
3488 4768 3667 4824 πάθους

2125 4872 2203 4932 εἰς
2232 4867 2655 4928 Μασσαλιανοὺς
2700 4866 2956 4933 ἀνέφερε,
3012 4864 3079 4916 δι’
3140 4856 3217 4917 ὧν
3277 4858 3667 4928 συνεγεγράφει.

2125 4963 2247 5024 Τοῖς
2286 4961 2462 5027 λόγοις
2494 4960 2579 5030 ἄρ’
2606 4958 2697 5011 οὖν
2745 4956 2984 5025 ἐντυχὼν
3033 4956 3325 5024 Παλαμᾶς,
3386 4950 3577 5022 μᾶλλον
3623 4945 3670 4995 δὲ

2126 5053 2434 5120 κεκλοφὼς,
2462 5050 2712 5119 διορύξας
2739 5051 2837 5117 τὴν
2868 5049 3048 5101 οἰκίαν
3098 5047 3235 5098 ὅπου
3288 5061 3351 5111 γε
3379 5044 3438 5095 τὸ
3490 5036 3670 5109 βιϐλίον

2125 5145 2552 5213 διερευνώμενος
2605 5143 2928 5210 ἁνίχνευσεν
2993 5137 3395 5205 ἐγκεκρύφθαι,
3443 5136 3499 5197 ἐξ
3544 5135 3671 5183 ἀντι-

2128 5235 2284 5287 θέτου
2318 5236 2650 5305 λογογραφεῖ
2691 5235 2788 5303 τὴν
2832 5233 3112 5292 ἀσέϐειαν,
3140 5228 3383 5290 ἀπλανὲς
3409 5226 3504 5296 μὲν
3549 5216 3669 5272 εἶναι

2126 5327 2185 5378 τὸ
2214 5325 2326 5394 φῶς
2359 5328 2534 5378 ἐκεῖνο
2568 5326 2665 5393 τῆς
2694 5326 2901 5392 πλάνης
2929 5321 3350 5387 ὑποτιθέμενος,
3404 5315 3672 5384 ἐλαχίστην

2128 5418 2186 5469 δὲ
2218 5419 2307 5469 καὶ
2338 5416 2564 5487 μηδενὸς
2610 5416 2766 5479 ἀξίαν
2800 5417 2931 5486 πρὸς
2960 5414 3089 5467 αὑτό
3132 5428 3194 5478 γε
3254 5412 3432 5463 δοκεῖν
3480 5405 3573 5473 τὴν
3592 5395 3670 5451 τοῦ
