3916 6204
477 203 587 266 683

1626 205 1966 274 'JOANNIS
2008 213 2581 281 CYPARISSIOT/E
3570 243 3660 311 534

476 323 560 376 dis
584 330 785 378 exeunt
819 321 956 376 mala
986 323 1057 375 ".
1082 340 1100 373 ι
1142 321 1309 387 Quasi
1347 322 1572 389 diceret,
1610 324 1688 377 Ex
1728 326 1887 380 malis
1920 341 2021 381 cau

2165 331 2259 403 ροῦ
2287 334 2386 404 τῆς
2417 337 2649 416 καρδίας
2695 337 3011 411 ἐξέρχονται
3051 346 3249 416 πονηρά
3271 364 3284 378 ο
3315 367 3331 401 ι
3367 349 3543 409 ὡσανεὶ
3570 360 3665 414 ελε-

476 414 573 468 sis.
608 412 733 465 mali
762 428 985 482 quoque
1014 422 1267 467 eventus.
1295 414 1471 482 Atque
1505 415 1619 469 lucc
1662 425 1889 471 secutus
1926 419 2054 472 Gre-

476 505 663 574 gorius
692 503 1040 575 Tlieologus:
1075 522 1091 555 ι
1127 503 1391 558 Malorum
1430 525 1448 557 ι
1479 506 1649 571 enim,
1686 508 1886 578 inquit,
1920 528 1937 559 ι
1969 525 2056 564 sc-

476 611 682 649 mmum
720 597 861 648 mala
923 595 1167 662 germina
1209 610 1273 649 ac
1335 596 1571 651 fructus.
1619 616 1638 649 ι
1679 597 1946 653 Prteterea
1999 599 2052 653 in

475 686 584 740 illis
613 685 864 739 Salvator
900 685 1016 739 ait:
1056 706 1074 737 ι
1108 686 1180 739 Ex
1216 686 1395 741 fructu
1424 687 1678 742 arborem
1711 673 2053 759 congnosce-

475 780 543 832 tis
573 779 715 832 ""7.
762 798 780 830 ι
814 778 978 844 Quasi
1013 778 1260 845 diceret,
1308 796 1375 834 ex
1416 780 1703 835 eventibus
1760 782 2051 852 principia.

474 871 746 939 Utrinque
794 872 956 941 igitur
1005 872 1380 941 deprehendat
1410 873 1538 943 quis
1590 873 1879 929 exitiosam
1930 892 2055 931 esse

470 964 864 1018 Palnmitarum
908 964 1205 1019 insaniam.
1236 965 1365 1019 Sive
1398 968 1541 1020 enim
1575 965 1641 1018 ad
1676 966 1823 1020 illius
1851 966 2055 1036 princi-

470 1057 557 1125 pia
607 1055 853 1111 animum
902 1058 1239 1121 attenderit,
1302 1074 1367 1112 ex
1414 1059 1771 1114 contentione
1823 1060 2051 1130 rixaque

470 1151 666 1205 horum
717 1152 983 1224 originem
1037 1152 1372 1217 adverterit;
1428 1156 1544 1207 sive
1587 1152 1826 1222 denique
1874 1153 1941 1207 ad
1985 1170 2048 1207 ea

466 1256 588 1310 quae
629 1252 953 1307 evenerunt,
998 1243 1236 1313 pessima
1267 1242 1395 1298 hinc
1434 1242 1687 1308 conﬂata,
1728 1244 1804 1297 uti
1859 1254 2048 1299 osten-

465 1334 646 1397 detur,
685 1338 1047 1406 perspexerit.

534 1423 807 1480 Praeterea
849 1443 917 1480 ne
954 1427 1072 1494 ipse
1120 1427 1341 1496 quidem
1392 1427 1690 1499 impietatis
1739 1442 1933 1488 auctor
1983 1450 2047 1489 ac

465 1534 664 1587 parens
694 1519 976 1574 veritatem
1016 1520 1251 1586 obticet;
1286 1521 1379 1575 sed
1411 1522 1563 1576 velut
1592 1524 1686 1590 qui
1723 1540 1847 1579 cum
1884 1541 1951 1579 eo
1981 1542 2046 1582 ac

463 1626 562 1680 per
608 1610 758 1663 illum
800 1611 1063 1679 loquitur,
1114 1629 1133 1662 ι
1163 1609 1304 1677 Quid
1341 1611 1499 1668 nobis
1531 1625 1587 1669 et
1635 1614 1736 1668 tibi
1786 1624 1889 1672 est.
1942 1617 2043 1671 Fili

463 1702 559 1756 Dei
586 1702 671 1755 “2
705 1721 724 1753 ι
760 1702 1123 1757 cculitebatnr
1161 1721 1174 1757 ;
1228 1706 1307 1759 sic
1337 1720 1436 1760 nec
1482 1707 1615 1770 ille,’
1640 1709 1875 1778 coepisse
1914 1725 1975 1765 se
2013 1727 2043 1765 a

460 1793 811 1847 contentione
843 1803 1008 1849 tacet.
1054 1793 1111 1848 In
1138 1810 1200 1848 ea
1242 1796 1414 1862 enim,
1464 1812 1629 1866 quam
1677 1800 2037 1870 conscripsit,

459 1888 602 1941 lide:
643 1906 660 1938 ι
712 1884 900 1955 Neque
940 1886 1058 1940 haec
1103 1887 1394 1952 dixissem,
1432 1890 1634 1961 inquit,
1677 1892 1781 1946 nisi
1827 1892 1880 1946 in
1922 1894 2042 1961 ejus

457 1979 553 2049 qui
599 1980 941 2033 contradicat
988 1981 1371 2034 necessitatem
1414 1984 1710 2048 venissem,
1760 2000 1857 2054 per
1908 2000 2041 2040 c0n-

458 2072 611 2127 trarii
652 2072 1013 2127 obnitentiam
1054 2073 1107 2127 in
1150 2088 1278 2127 eum
1321 2086 1603 2129 certamen
1654 2078 1982 2147 suscipiens.
2017 2096 2035 2129 ν

456 2163 809 2221 Necessitatis
852 2164 1020 2236 igitur
1050 2175 1262 2236 partus,
1304 2168 1701 2239 contrarioque
1751 2170 2042 2226 obluctan-

455 2262 528 2311 tia
561 2260 859 2313 certamina
886 2275 900 2312 :
936 2259 990 2312 id
1022 2268 1127 2325 est,
1157 2259 1543 2315 contentiones
1565 2262 1804 2330 rixaaque
1826 2261 2033 2317 decan-

456 2360 566 2404 tata
614 2351 702 2405 illa
734 2351 1010 2417 Palauue;
1043 2368 1219 2422 eaque
1274 2355 1413 2409 ratio
1446 2363 1530 2410 est
1563 2371 1661 2410 cur
1698 2358 1764 2410 ad
1809 2358 1899 2411 illa
1944 2372 2041 2427 ag-

454 2458 676 2511 gressus
728 2446 820 2499 sit.
854 2444 1074 2515 Alioqui
1120 2447 1268 2501 enim
1307 2449 1374 2502 de
1406 2448 1513 2504 illis
1548 2464 1616 2503 ne
1661 2449 1880 2507 locutus
1915 2453 2039 2521 qui-

454 2536 577 2591 dem
605 2547 772 2604 esset,
806 2540 951 2607 quod
986 2549 1039 2593 et
1067 2539 1272 2593 invitus
1308 2539 1533 2595 fatetur.

1061 2653 1292 2711 CAPUT
1334 2653 1423 2710 ιν.

456 2770 672 2828 Erroris
690 2781 1049 2842 symptomata
1068 2773 1278 2844 jactare
1304 2781 1460 2842 atque
1491 2772 1704 2842 referre,
1730 2784 1782 2827 ut
1819 2776 2035 2844 propria

802 2860 900 2895 sua
930 2854 1064 2896 recte
1096 2843 1240 2910 facta
1264 2854 1420 2913 atque
1444 2860 1681 2898 munera.

521 2922 956 2990 Convenientius
1020 2946 1204 2990 autem
1262 2936 1549 3001 videatur,
1601 2946 1661 2991 ut
1714 2948 1841 2993 ante
1890 2938 2028 3005 alia,

2159 443 2279 494 γεν,
2326 411 2639 495 Ἐξάίτίων
2674 436 2928 506 πονηρῶν
2971 411 3202 510 πονηραί
3232 442 3321 497 καὶ
3355 446 3406 499 αἱ
3432 411 3665 516 ἐκδάσεις.

2159 518 2387 585 Τούτοις
2437 525 2529 576 καὶ
2573 527 2602 579 6
2635 524 2898 597 Θεολόγος
2945 529 3353 604 ἐξηκολουθήκει
3390 537 3664 609 Γρηγόριυς,

2166 629 2184 663 ι
2225 612 2489 685 Πονηρῶν
2523 618 2653 687 γὰρ,
2692 636 2711 670 ι
2750 622 2904 688 φησὶ,
2939 638 2959 672 ι
3022 625 3342 694 σπερμάτων
3388 632 3575 701 πονηρὰ
3612 636 3668 686 τὰ

2157 704 2442 776 γεώργιασ
2495 727 2512 760 ι
2551 708 2717 764 πάλιν
2773 711 2819 766 δ’
2855 716 2913 765 ἐν
2966 715 3194 779 ἐκείνοις
3222 719 3250 770 6
3294 719 3469 789 Σωτὴρ
3513 725 3667 791 φησὶν,

2164 817 2184 851 ι
2224 800 2320 853 Ἐκ
2349 801 2442 855 τοῦ
2475 804 2691 874 καρποῦ
2715 806 2776 858 τὸ
2804 806 3021 878 δένδρον
3044 810 3430 877 ἐπιγνώσεσθεο
3462 834 3479 868 ι
3503 817 3670 877 ὡσανεὶ

2153 890 2361 961 ἔλεγεν,
2404 894 2500 949 Ἐκ
2523 896 2632 951 τῶν
2661 898 2941 954 ἐκϐάντων
2969 901 3067 966 τὰς
3099 905 3286 975 ἀρχάς.
3319 906 3445 978 Παρ’
3470 909 3671 983 ικάτερα

2153 987 2444 1057 τοιγαροῦν
2474 991 2540 1044 ἄν
2573 1007 2658 1055 τις
2689 994 2789 1063 τὴν
2822 995 3151 1066 Παλαμικὴν
3175 1000 3476 1068 φωράσαιτο
3504 1008 3672 1074 μανίαν

2152 1078 2408 1150 ὀλεθρίαν
2452 1077 2642 1137 οὖσαν.
2687 1084 2811 1138 Εἴτε
2858 1087 2967 1158 γὰρ
3020 1091 3158 1160 πρὸς
3185 1092 3281 1155 τὰς
3312 1092 3475 1163 ἀρχὰς
3530 1098 3675 1168 αὐτῆς

2151 1171 2349 1237 ἐπίδοι,
2381 1176 2443 1227 ἐκ
2493 1176 2829 1243 φιλονεικίας
2859 1181 2951 1233 καὶ
3002 1183 3183 1253 μάχης
3223 1184 3491 1254 ὴργμένας
3532 1189 3673 1253 αὐτὰς

2150 1262 2217 1316 ἂν
2242 1262 2340 1316 ἴδοι
2360 1282 2374 1297 ·
2409 1265 2519 1319 είτε
2555 1268 2664 1339 μὴν
2696 1271 2831 1340 πρὸς
2855 1272 2923 1326 τὰ
2956 1275 3091 1345 παρ’
3116 1274 3288 1344 αὐτῆς
3323 1278 3558 1342 ἐκϐάντα,
3585 1284 3677 1353 χεί-

2152 1355 2292 1424 ριστ*
2323 1356 2410 1422 ἂν,
2447 1357 2522 1421 ὼς
2556 1360 2924 1433 δειχθήσεται,
2959 1367 3170 1421 κατίδοι
3200 1369 3267 1423 τὰ
3292 1374 3560 1441 γενόμενα.

2224 1449 2347 1502 Ἔτι
2394 1450 2504 1504 οὐδ’
2530 1452 2693 1514 αὐτὸς
2728 1455 2756 1507 6
2787 1456 2888 1523 τῆς
2938 1458 3197 1524 ἀσεϐείας
3237 1463 3412 1534 πατὴρ
3458 1467 3677 1519 ὑποστέλ-

2150 1538 2300 1591 λεται
2331 1539 2432 1610 τὴν
2466 1541 2725 1613 ἀλήθειαν
2744 1560 2756 1572 ·
2786 1545 2903 1599 ἀλλ’
2930 1546 3123 1621 ὥσπερ
3148 1553 3175 1604 ὁ
3200 1551 3293 1605 σὺν
3329 1553 3485 1623 αὐτῷ,
3520 1556 3603 1609 καὶ
3621 1558 3660 1611 δι

2148 1631 2318 1684 αὐτοῦ
2366 1632 2565 1702 λαλῶν,
2606 1654 2626 1687 ι
2666 1637 2732 1690 Τί
2770 1639 2902 1710 ἡμῖν
2946 1642 3040 1695 καὶ
3069 1645 3175 1711 σοὶ,
3218 1645 3312 1698 Υίέ
3352 1647 3442 1701 τοῦ
3476 1647 3672 1716 Osuini

2147 1724 2511 1797 άνωμολόγει,
2544 1730 2654 1784 οὐδ’
2686 1733 2850 1795 αὐτὸς
2880 1737 2956 1806 μὴ
2986 1736 3049 1789 ἐκ
3080 1737 3406 1807 φιλονεικίας
3444 1741 3675 1811 ἄρξασθαι

2149 1820 2350 1886 σιωπᾷ.
2400 1821 2488 1873 Ἑν
2516 1824 2624 1894 γὰρ
2651 1827 2716 1895 τῇ
2746 1825 2874 1896 παρ’
2898 1828 3067 1882 αὑτοῦ
3102 1832 3475 1907 συγγραφείσῃ
3501 1835 3674 1901 πίστει,

2150 1930 2170 1963 ι
2207 1913 2342 1966 Οὐδὲ
2378 1915 2548 1967 ταῦτα
2580 1911 2736 1970 εἷπον
2766 1918 2853 1985 ἂν,
2888 1939 2907 1971 ι
2946 1924 3136 1991 φησὶν,
3170 1944 3187 1976 ι
3218 1927 3267 1979 εί
3299 1926 3369 1997 μὴ
3392 1930 3518 1996 πρὸς
3543 1929 3677 1996 ἀνάγ-

2144 2021 2250 2075 κην
2289 2001 2454 2077 ἦλθον
2500 2009 2595 2062 τοῦ
2633 2011 3037 2081 ἀντιλέγοντος,
3094 2018 3235 2071 κατά
3280 2019 3676 2091 ἀντιπερίστασιν

2146 2100 2281 2169 πρὸς
2314 2105 2520 2157 ἐκεῖνον
2549 2104 2976 2176 ἀγωνιζόμενος.
3026 2128 3045 2163 ι
3067 2112 3344 2183 Ἀνάγκης
3395 2110 3482 2168 οὖν
3512 2115 3679 2183 ἔκγονα

2142 2190 2238 2244 καὶ
2271 2184 2776 2266 ἀντιπεριστάσεως
2803 2199 3038 2267 ἀγῶνες,
3068 2202 3251 2256 εῐτουν
3280 2204 3579 2273 φιλονεικίαι
3602 2207 3679 2260 καὶ

2141 2283 2315 2353 ἔριδες
2347 2287 2415 2340 τὰ
2441 2288 2519 2357 τῷ
2566 2288 2802 2362 Παλαμᾷ
2837 2290 3239 2364 θρυλλούμενα,
3275 2296 3370 2350 καὶ
3398 2296 3480 2352 διὰ
3507 2298 3676 2366 ταύτην

2139 2375 2240 2445 τὴν
2280 2377 2465 2431 αἰτίαν
2515 2379 2653 2450 πρὸς
2690 2383 2829 2435 αὺτὰ
2871 2388 3321 2457 παρορμήσαντι.
3360 2390 3548 2455 ’Ἄλλως
3590 2393 3678 2461 γὰρ

2139 2465 2239 2520 οὐκ
2266 2467 2332 2523 ἂν
2369 2470 2499 2540 περὶ
2523 2472 2733 2527 τούτων
2766 2475 2944 2547 ἐλεγε,
2978 2480 3072 2532 καὶ
3102 2479 3257 2536 ἄκων
3299 2482 3555 2553 ὁμολογεῖ.

2734 2674 2988 2734 ΚΕΦΔΛ.
3030 2682 3107 2737 Δ⁹.

2139 2780 2343 2851 Ὅπως
2383 2787 2455 2840 τὰ
2484 2786 2595 2856 τῆς
2630 2792 2876 2873 aleis-nc
2910 2801 3352 2871 συμπτώματα,
3395 2807 3469 2873 ὡς
3495 2808 3680 2862 ἑαυτοῦ

2512 2863 2936 2932 κατορθώματα
2962 2863 3351 2943 λογογδόιιςρεῐξ

2208 2924 2669 3042 Εὑπρεπέστερον
2687 2953 2735 3007 δ’
2767 2924 2834 3009 ἐν
2864 2958 2951 3028 εἴη
2989 2924 3095 3031 πρὸ
3470 2970 3677 3042 ἀφηγού-

451 3035 805 3083 enarrantem
847 3028 1000 3081 illum
1036 3026 1397 3084 cxliibeamus
1427 3027 1687 3084 ferventis
1713 3031 1898 3086 cordis
1944 3034 2028 3086 sui

2574 3022 2579 3023 ,
2939 3022 2951 3028 -
3033 3022 3045 3031 .
3515 3022 3526 3039 .
3559 3022 3594 3042 ..

2140 3055 2302 3109 μενον
2328 3040 2495 3095 αὐτὸν
2532 3048 2886 3116 παραστῆσαι
2920 3050 2988 3104 τὰ
3028 3054 3266 3127 ζεούσης
3294 3060 3455 3113 αὑτοῦ
3485 3062 3677 3132 καρδίας

451 3131 634 3174 motus
655 3129 711 3174 et
740 3120 1159 3185 exsultatioues,
1185 3120 1404 3190 altoque
1428 3132 1652 3190 pectore
1681 3123 2034 3181 incendentes

450 3223 615 3283 atque
661 3214 932 3283 spirantes
966 3213 1153 3283 igneas
1186 3214 1570 3268 contorsiones
1607 3224 1665 3268 et
1705 3215 2025 3268 conversio-

450 3320 572 3369 nes,
600 3320 777 3373 exque
808 3320 943 3360 naso
971 3304 1298 3375 'l‘yplionum
1328 3320 1483 3359 more
1511 3314 1605 3359 aut
1630 3306 2026 3360 (.‘bimaararum

447 3395 764 3449 exsilieutcs
813 3398 1028 3449 calores
1078 3396 1482 3467 scintillasque,
1528 3412 1591 3451 ac
1633 3396 1872 3466 reliquos
1924 3397 2021 3451 ab-

450 3490 650 3542 surdos
684 3489 876 3557 pulsus
907 3488 1300 3559 discordesque
1320 3498 1639 3560 conceptus,
1665 3491 1864 3558 quibus
1895 3505 2032 3561 pra:-

446 3578 705 3632 euntibns
733 3587 828 3630 aut
853 3577 1285 3633 consistentibus
1318 3578 1403 3633 vel
1433 3580 1791 3650 sequentibus
1824 3583 2028 3635 erroris

446 3673 631 3725 lumen
690 3670 821 3725 illud
871 3673 1124 3726 scaturit.
1183 3669 1252 3725 Ut
1293 3674 1456 3741 igitur
1507 3672 1796 3727 brevitatis
1837 3688 2025 3740 causa,

444 3767 705 3835 pleraque
737 3766 903 3829 illius,
933 3779 985 3819 et
1016 3767 1081 3819 ad
1110 3766 1293 3834 plures
1326 3767 1556 3835 scripta,
1588 3777 1931 3836 praeteream,
1956 3785 2022 3822 ea

441 3862 891 3914 commemorabo
919 3875 1038 3927 qua:
1073 3861 1137 3912 ad
1175 3859 1387 3912 Menam
1430 3860 1583 3913 illum
1626 3862 1873 3930 scripsit.
1925 3863 2024 3916 lio-

444 3954 648 4006 tninctn
701 3949 912 4005 scilicet
947 3949 1283 4019 ntirabilium
1317 3950 1589 4005 visionum
1629 3949 2026 4021 alllatuumque

442 4043 764 4114 partial-ium
792 4060 807 4094 :
839 4059 859 4092 ι
892 4040 991 4094 Sin
1020 4050 1202 4095 autem
1235 4041 1460 4111 aliquis,
1498 4044 1702 4110 inquit,
1734 4059 1840 4099 non
1878 4046 2023 4101 reci-

443 4141 521 4206 pit
586 4134 1008 4189 exsultationem
1080 4136 1340 4188 salutaris
1404 4135 1611 4190 Christi
1634 4138 1703 4200 ι’,
1765 4149 2025 4206 quamet

439 4232 725 4303 gestientis
755 4229 1107 4299 agitationem
1158 4229 1350 4285 multis
1379 4229 1516 4286 locis
1553 4230 1745 4287 Patres
1795 4247 2023 4287 vocave-

441 4334 643 4380 runtet
681 4322 979 4393 spirantem
1017 4326 1302 4387 virtutem,
1332 4337 1394 4376 ac
1427 4323 1659 4378 viventis
1689 4325 1871 4380 cordis
1903 4341 2020 4383 mo-
2053 4364 2097 4420 ο

439 4420 668 4482 tionem,
702 4416 789 4470 hic
823 4414 967 4479 talis,
1016 4424 1170 4484 puto,
1202 4414 1321 4483 ejus
1354 4413 1588 4470 necdum
1634 4432 1854 4472 sensum
1892 4435 2019 4489 per-

437 4512 601 4582 cepit.
631 4528 650 4562 ι
688 4509 1013 4578 Rursusque
1046 4509 1099 4562 in
1128 4509 1364 4564 iisdem:
1402 4527 1422 4561 ι
1452 4509 1650 4564 Beatus
1672 4521 1854 4565 autem
1890 4514 2021 4566 Am-

437 4608 656 4667 lacum,
690 4603 908 4670 qualem
940 4615 1042 4655 nos
1075 4599 1338 4670 Spiritum
1373 4600 1628 4671 accipere
1658 4602 1790 4657 dicit
1835 4613 1892 4658 et
1923 4619 2014 4674 pa-

439 4710 559 4748 rere
604 4694 649 4723 ³⁸
692 4694 714 4746 ?
762 4690 954 4745 Nonne
1010 4690 1222 4747 Domini
1276 4689 1404 4746 .lesn
1433 4732 1453 4754 ,
1500 4693 1554 4745 in
1602 4691 1726 4764 igne
1781 4693 2019 4750 amantis

435 4786 708 4853 ﬁdelibus,
733 4800 796 4839 ac
825 4786 1056 4840 salutem
1084 4784 1364 4854 impleatis
1386 4785 1407 4838 ?
1432 4785 1694 4850 Quisnam
1721 4801 1851 4843 vero
1871 4787 2016 4859 ignis

432 4877 667 4947 ﬂagellat
722 4879 999 4933 damones
1052 4891 1258 4947 eosque
1320 4876 1496 4948 fugat,
1550 4881 2014 4947 quemadmodum

431 4975 630 5027 beatus
668 4969 831 5025 Pater
866 4969 1109 5023 Joannes
1142 4969 1318 5023 dicit?
1362 4969 1555 5024 Nonne
1600 4970 1817 5025 Domini
1856 4971 2012 5039 lesu,

431 5067 525 5136 qui
559 5068 703 5120 intus
745 5068 960 5127 animo,
1006 5062 1151 5117 illius
1209 5063 1596 5117 recordatione
1648 5066 2017 5120 accenditur?

362 5143 383 5153 ”
432 5160 579 5215 Odor
624 5158 890 5215 Altissimi
925 5156 1183 5226 quisnam
1244 5155 1408 5221 alius,
1446 5156 1552 5210 nisi
1608 5156 1794 5211 fervor
1827 5172 1893 5213 ac
1925 5174 2016 5213 ca-

430 5254 515 5307 lor
544 5252 819 5321 Spiritus,
872 5250 965 5319 qui
1025 5259 1079 5303 et
1141 5264 1537 5317 nonnunquam
1579 5265 1643 5302 ex
1686 5265 1848 5320 naso,
1905 5265 2012 5321 qua

431 5362 591 5400 nemo
623 5344 858 5413 eXplicet
901 5345 1131 5401 ratione.
1188 5343 1551 5411 egreditur?»
1610 5342 1726 5407 llis,
1778 5344 2013 5413 aliisque

429 5439 679 5508 pluribus
710 5437 990 5503 collectis,
1045 5437 1331 5507 sacrisque
1381 5437 1610 5494 vocibus
1658 5440 2009 5504 commistis,

501 5621 546 5651 ’⁵
579 5621 766 5676 Matth.
811 5638 908 5683 (ιι,
943 5623 1053 5691 55;
1094 5623 1224 5680 Luc.
1264 5641 1333 5691 vr,
1372 5626 1458 5679 45.

427 5692 469 5723 ³⁹
516 5691 617 5746 lsa.
659 5709 793 5758 xm,
832 5693 919 5746 18.

1567 5629 1681 5661 ²⁶·²⁷
1714 5627 1905 5685 Matllt.
1935 5641 2032 5698 xu,
2071 5630 2159 5686 55.

2136 3132 2420 3203 κινήματα
2444 3137 2538 3190 καὶ
2561 3141 2935 3209 σκιρτήματα,
2967 3147 3059 3198 καὶ
3083 3147 3188 3212 τὰς
3211 3150 3537 3217 ἐξαπτούσας
3558 3154 3680 3207 ἐνδιιν

2134 3225 2229 3277 καὶ
2264 3226 2534 3292 πνεούσας
2561 3231 2821 3300 πυρίνους
2845 3236 3115 3301 ἀνελίξεις
3147 3244 3242 3294 καὶ
3271 3244 3582 3313 συστροφάς,
3604 3246 3680 3296 καί

2133 3318 2230 3382 τὰς
2267 3322 2332 3373 ἐκ
2381 3317 2480 3391 τῆς
2540 3326 2688 3394 ῥινὸς
2737 3328 2880 3382 κατὰ
2930 3332 3058 3395 τοὺς
3112 3335 3431 3409 τυφῶναςῆ
3471 3339 3555 3390 καὶ
3596 3337 3678 3399 τὰς

2136 3411 2402 3482 Χιμαίρας
2452 3415 2702 3480 ὲξωύστις
2755 3418 2986 3489 θέρμας,
3015 3426 3114 3477 x11
3144 3428 3315 3481 τᾶλλα
3343 3430 3448 3481 τῶν
3493 3428 3680 3483 ἀτόπων

2133 3506 2371 3577 παλμῶν
2428 3513 2523 3563 καὶ
2579 3512 2968 3568 άσυνδυάστων
3021 3517 3471 3593 ἐγκυμονήσεων,
3518 3520 3578 3573 δι’
3618 3516 3678 3572 ὧν

2131 3599 2457 3669 ἡγουμένων
2487 3602 2520 3672 ἦ
2572 3607 2986 3674 συνισταμένων
3016 3610 3048 3679 ἥ
3086 3615 3190 3668 καὶ
3238 3615 3606 3685 μεθεπομένων
3631 3614 3681 3667 τὸ

2132 3692 2249 3760 φῶς
2275 3692 2453 3746 έκεῖνο
2483 3695 2582 3762 τῆς
2615 3696 2828 3767 πλάνης
2871 3699 3252 3771 ἀναπηγάζει.
3292 3708 3405 3760 Ἵνα
3434 3709 3598 3760 τοίνυν
3622 3705 3678 3758 τὰ

2131 3782 2269 3850 πρὸς
2300 3786 2429 3848 τοῦς
2463 3787 2692 3852 πολλοὺς
2718 3790 2889 3859 αὐτῷ,
2919 3794 3014 3845 καὶ¹
3047 3795 3118 3848 τὰ
3164 3796 3359 3866 πλείω,
3386 3800 3539 3871 παρῶ
3572 3818 3679 3853 συν-

2127 3878 2326 3945 τομίας
2355 3877 2563 3943 εῖνεκα,
2597 3881 2706 3934 τῶν
2734 3883 2870 3952 πρὸς
2911 3885 3106 3954 Μηνᾶν
3133 3890 3344 3945 ἐκεῖνον
3383 3893 3679 3962 ἐπεσταλμὲ·

2130 3985 2236 4021 νων
2273 3970 2685 4041 μνησθήσομαι.
2717 3975 2949 4047 μερίτην
2980 3978 3111 4033 ὄντα
3145 3983 3343 4038 τοῦτον
3370 3986 3476 4038 τῶν
3505 3984 3679 4052 θαυμα-

2130 4059 2272 4112 στῶν
2300 4062 2548 4130 δράσεων
2574 4066 2671 4119 καὶ
2698 4067 2908 4121 παθῶν.
2949 4088 2968 4121 ι
3009 4072 3148 4127 Είδέ
3182 4093 3293 4140 τις,
3329 4095 3349 4129 ι
3378 4078 3553 4147 φησιν,
3583 4093 3601 4126 ι
3625 4073 3675 4125 οὐ

2128 4149 2501 4220 παραδέχεται
2557 4154 2659 4223 τὴν
2721 4156 3048 4223 άγαλλίασιν
3105 4163 3208 4217 τοῦ
3273 4166 3545 4235 Σωτηρίου
3600 4162 3679 4215 τοῦ

2126 4241 2391 4310 Χριστοῦ,
2431 4246 2570 4315 ὅπερ
2598 4248 2691 4301 καὶ
2734 4250 3022 4322 σκίρτημα
3060 4256 3341 4328 πολλαχοῦ
3378 4261 3426 4311 οί
3463 4257 3673 4326 Πατέρες

2127 4334 2397 4389 ἐκάλεσαν
2424 4340 2518 4390 καὶ
2546 4340 2818 4394 πνέουσαν
2848 4343 3102 4415 δύναμιν,
3137 4352 3236 4403 καὶ
3277 4351 3497 4421 καρδίας
3521 4350 3678 4415 ζώσης

2126 4423 2357 4495 κίνημα,
2385 4429 2414 4479 δ
2447 4430 2709 4499 τοιοῦτος,
2748 4429 2921 4503 οἶμαι,
2959 4438 3148 4507 ἀκμὴν
3174 4442 3278 4495 οὐκ
3319 4442 3550 4513 ᾑσθάνθη
3594 4438 3677 4491 αὖ·

2126 4518 2246 4585 τῆς.
2285 4537 2303 4569 ι
2342 4520 2455 4572 Καὶ
2486 4522 2651 4577 πάλιν
2672 4526 2731 4576 ἐν
2763 4530 2874 4591 τοῖς
2915 4529 3121 4596 αὐτοῖς,
3174 4550 3194 4585 ι
3241 4534 3561 4603 Ἀμδακοῦμ
3584 4529 3681 4584 8ὲὸ

2127 4606 2274 4672 Θεῖος
2315 4614 2468 4664 ποῖον
2498 4614 2724 4686 Πνεῦμα
2759 4618 2962 4686 φάσκει
2988 4618 3179 4675 λαϐεῖν
3207 4625 3361 4695 ἡμᾶς
3387 4626 3477 4678 καὶ
3498 4625 3679 4685 τεκεῐν;

2128 4698 2265 4768 Οὐχὶ
2298 4700 2390 4752 τοῦ
2438 4704 2648 4774 Κυρίου
2690 4708 2890 4776 Ἰησοῦ,
2935 4710 3032 4763 τοῦ
3086 4714 3441 4783 ἐνεργοῦντος
3484 4714 3537 4768 ἐν
3567 4710 3683 4782 πυρὶ

2126 4791 2238 4853 τοῖς
2276 4796 2512 4858 πιστοῖς,
2551 4797 2644 4849 καὶ
2698 4801 2975 4870 σωτηρίαν
3021 4802 3396 4875 πληροῦντοςς
3443 4807 3591 4859 Ποῖθν
3631 4802 3679 4872 δὲ

2127 4884 2240 4955 πῦρ
2268 4886 2526 4955 μαστίζει
2554 4890 2677 4952 τοὺς
2708 4890 2974 4959 δαίμονας
2997 4875 3099 4949 ’καὶ
3148 4898 3450 4966 φυγαδεύει
3486 4896 3683 4957 αὐτοὺς,

2125 4974 2200 5038 ὥς
2234 4993 2398 5046 φησιν
2447 4980 2702 5052 Ἰωάννης
2730 4984 2760 5036 6
2811 4983 2956 5049 θεῖος
2996 4987 3226 5058 Πατήρ;
3259 4992 3337 5043 Οὐ
3366 4990 3456 5042 τοῦ
3502 4992 3681 5056 Κυρίου
3724 5030 3729 5034 ,

2136 5068 2338 5139 Ἰησοῦ,
2370 5073 2463 5125 τοῦ
2494 5073 2553 5126 ἐν
2578 5076 2643 5144 τῇ
2698 5078 2889 5148 μνήμῃ
2924 5078 3089 5131 αὑτοῦ
3135 5078 3470 5144 ὲξάπτοντος
3517 5077 3683 5141 ἐνδονς

2136 5162 2312 5234 Ὀσμὴ
2340 5163 2398 5217 δὲ
2445 5164 2703 5235 Ὑψίστου
2753 5170 2884 5222 ποία
2916 5169 3079 5239 ἑτέρα
3116 5173 3164 5223 εἰ
3199 5173 3284 5242 μὴ
3314 5173 3347 5242 η
3401 5172 3567 5241 Οέρμη
3599 5165 3679 5219 τοῦ

2124 5255 2442 5326 Πνεύματος
2463 5274 2476 5288 ’
2504 5260 2627 5329 ἥτις
2658 5261 2787 5319 ποτὲ
2822 5264 2913 5314 καὶ
2934 5263 2997 5314 ἐκ
3030 5249 3135 5332 τῆξ
3158 5264 3311 5334 ῥινὸς
3342 5266 3584 5335 ἀρρήτως
3606 5261 3681 5321 ἐξ·

2121 5348 2374 5419 έρχεται;
2414 5370 2435 5404 δ
2471 5349 2659 5405 Ταῦτά
2684 5369 2746 5421 γε
2781 5356 2875 5406 καὶ
2908 5355 3080 5408 πλείω
3107 5356 3459 5426 συνειλοχὼς,
3488 5355 3575 5407 καὶ
3599 5353 3679 5422 ρήτ

2121 5459 2290 5512 μασιν
2341 5444 2510 5508 ὁσίοις
2545 5445 2940 5517 ἐγκαταμίξας,
2972 5447 3159 5519 ὥσπερ
3188 5450 3245 5503 oi
3289 5451 3395 5513 τὰς
3428 5444 3676 5518 ἀμορφίας

2264 5632 2308 5663 υ
2336 5630 2504 5688 Marc.
2546 5648 2584 5698 ι,
2626 5629 2726 5701 23;
2781 5631 2913 5686 Luc.
2974 5646 3045 5701 IV,
3080 5636 3167 5691 41.
3270 5633 3318 5664 ⁸⁸
3347 5632 3480 5689 Luc.
3513 5649 3545 5696 ι,
3602 5632 3670 5684 46.
