3970 6202
335 234 432 297 69-5
913 182 917 186 ι
1069 234 1701 297 PALAMITICARUM
1737 229 2496 293 TRANSGRESSIONUM
2536 229 2795 292 LIBER.
3452 228 3560 294 686

332 359 431 415 τοῖς
465 353 601 423 apo;
646 349 706 405 τὸ
754 350 1037 405 λανθάνειν
1089 350 1413 420 ἐπιτηδείοις
1466 350 1592 409 τοῦς
1645 348 1888 414 δρῶντας

2011 346 2142 399 velut
2181 345 2275 415 qui
2310 352 2497 414 turpes
2526 344 2711 399 vultus
2742 344 2809 399 iis
2845 344 3146 410 obducunt,
3191 346 3393 414 quibus
3444 363 3565 413 pro-

332 444 827 515 καταχρωννὺντες,
864 443 898 513 ἢ
945 443 1039 495 καὶ
1070 443 1121 494 oi
1154 441 1263 494 τῶν
1302 437 1647 509 δηλητηρίων
1684 441 1749 490 τά
1781 438 1893 506 χεί-

334 553 483 605 ριστα
541 536 654 596 τοῖς
718 534 945 587 εὐώδεσι
1000 534 1437 600 συσκευάζοντες
1475 533 1571 584 καὶ
1632 529 1892 598 ἡδίστοις,

332 626 694 697 παρῤησιάζει
726 627 788 677 re
815 626 1030 695 χρῆμα·
1066 626 1157 678 καὶ
1201 626 1321 688 ταῖς
1353 622 1509 676 ὠδῖσι
1540 620 1767 683 ταύταις
1802 621 1897 671 καὶ

330 721 433 779 τοίς
466 716 927 785 πυριφλεγέθουσι
970 716 1079 769 τῶν
1109 715 1369 779 τοκετῶν,
1406 714 1481 776 ὡς
1530 714 1645 781 φῶς
1690 711 1893 781 τίμιον,

336 808 556 861 καὶτῶν
583 810 646 860 οὐ
693 809 892 878 χαμαὶ,
942 808 1302 877 προσανέχειν
1349 806 1654 868 ἀναπείθει,
1696 804 1896 865 πολλάς

334 900 436 952 τῶν
466 900 630 952 πάλαι
679 903 1053 967 φωτοφανείας
1085 898 1362 952 ἐπαντλῶν
1388 898 1546 967 ήμῶν
1588 896 1855 966 πρότερον
1878 911 1892 927 ·

337 990 403 1048 ὡς
429 986 494 1039 ἂν
523 986 582 1038 τὸ
612 987 1053 1056 κατεψευσμένον
1079 988 1228 1056 αὐτῷ
1258 989 1373 1056 φῶς
1404 986 1502 1057 τὴν
1542 986 1763 1039 ἐκείνων
1802 984 1900 1038 λά-

337 1096 413 1148 χοι
443 1076 649 1146 χώραν,
678 1078 710 1147 ἦ
741 1081 833 1131 καὶ
864 1078 1034 1147 μείζω
1058 1078 1145 1131 διά
1166 1078 1264 1149 τὴν
1298 1080 1362 1130 ὲκ
1385 1078 1495 1155 τῶν
1522 1077 1731 1155 καιρῶν
1755 1078 1897 1147 παῤ-

343 1169 552 1239 ρησίαν,
585 1170 681 1221 καὶ
706 1169 806 1238 τὴν
855 1170 952 1237 τῆς
981 1169 1161 1237 ψυχῆς
1204 1168 1365 1223 αὐτοῦ
1399 1152 1756 1237 κακοήθειαν,
1808 1168 1900 1219 καὶ

337 1261 427 1329 τὴν
455 1260 629 1327 άλλην
658 1262 723 1313 ὲκ
748 1260 856 1312 τῶν
883 1260 1098 1329 τρόπων
1126 1260 1426 1325 ἀναίδειαν,
1461 1254 1498 1333 ᾖ
1528 1260 1727 1330 χρῆται
1758 1258 1902 1312 κατὰ

339 1350 467 1404 Θεοῦ
499 1353 626 1420 περὶ
653 1352 830 1405 πάντα
861 1350 1039 1419 λόγον.

404 1621 463 1672 Ei
495 1619 598 1689 μὲν
623 1618 715 1671 οὖν
744 1615 1050 1686 ἐξελέγχειν
1071 1617 1218 1687 ἡμᾶς
1240 1618 1412 1670 ταῦτα
1439 1615 1559 1670 νυνὶ
1583 1615 1898 1687 προῦκειτο,

1996 439 2134 492 clive
2162 450 2242 491 est
2272 448 2329 492 ut
2363 436 2664 491 videntium
2700 436 2904 491 lateant
2931 437 3122 493 oculos
3154 452 3217 493 ac
3251 437 3564 507 decipiant.

1993 528 2109 582 sive
2167 528 2331 582 etiam
2393 543 2597 581 venena
2653 528 2949 582 deterrima
3021 528 3565 597 suavefragrantibus

1996 621 2279 689 speciebus
2317 637 2381 675 ac
2421 620 2601 675 succis
2646 620 2983 675 dulcissimis
3027 621 3312 686 comliuut,
3361 638 3475 677 rem
3510 625 3566 678 in

1998 714 2174 783 palam
2210 714 2503 782 producit;
2533 714 2731 780 hisque
2772 715 3225 782 parturitionibus
3260 727 3423 784 atque
3455 717 3563 786 igni

1998 804 2316 858 ardentibus
2365 804 2653 872 partubus,
2707 814 2765 857 ut
2807 807 3177 860 venerandum
3226 808 3410 861 lumen
3465 824 3567 863 nec

1998 895 2293 962 quidquam
2318 894 2604 948 humilium
2632 904 2727 949 aut
2750 905 3110 961 terrenorum,
3143 899 3417 954 attendere
3442 899 3570 952 bor-

2002 997 2170 1051 tatur,
2229 987 2428 1041 multas
2486 976 2616 1040 olim
2679 987 2853 1041 factas
2919 988 3143 1042 luminis
3194 991 3569 1060 apparitioncs

2000 1081 2151 1150 prius
2178 1079 2334 1133 nobis
2364 1094 2701 1148 congercns;
2737 1094 2847 1146 quo
2890 1081 3101 1133 scilicet
3130 1082 3567 1135 commentitiutn

2001 1171 2148 1224 iliius
2189 1171 2370 1224 lumen
2403 1184 2591 1223 eorum
2624 1172 2799 1223 locum
2842 1176 3218 1234 nanciscatur,
3278 1183 3372 1226 aut
3405 1173 3569 1226 etiam

2002 1261 2197 1329 majori
2232 1261 2625 1324 constituatur,
2662 1261 2732 1314 ob
2757 1270 3066 1330 temporum
3096 1263 3418 1327 libertatem,
3448 1265 3570 1318 ani-

2001 1353 2185 1417 mique
2215 1350 2337 1419 ejus
2372 1350 2787 1421 malignitatem,
2818 1366 2881 1405 ac
2909 1350 3175 1420 reliquam
3215 1368 3428 1406 morum
3464 1355 3570 1406 itu-

2002 1442 2337 1512 pmleutiam.
2392 1457 2498 1510 qua
2546 1441 2738 1505 utitur,
2786 1442 2990 1510 quibus
3034 1442 3291 1496 omnibus
3328 1444 3571 1513 loquitur

2003 1532 2264 1586 adversus
2292 1532 2483 1586 Deum.

2078 1620 2222 1676 Sane
2279 1623 2498 1692 quidem
2535 1624 2580 1677 si
2615 1622 2775 1678 nobis
2812 1623 3279 1694 inpraesentiarum
3310 1623 3576 1679 constitu-

340 1684 567 1774 πολλοὺς
626 1712 691 1763 ἂν
736 1709 844 1762 τῶν
898 1684 1182 1777 Θεοφόρων
1235 1709 1581 1777 παρήγομεν,
1629 1684 1900 1777 *ἄντικρυς

2011 1725 2118 1769 ιιιιη
2144 1728 2309 1782 esset,
2338 1726 2397 1769 ut
2424 1716 2538 1770 haec
2560 1716 2994 1781 confutaremus,
3029 1717 3229 1771 multos
3256 1715 3569 1770 divinorum

338 1806 471 1859 αὐτὰ
506 1803 705 1875 μανίαν
750 1802 1217 1871 ἀποφαινομένους
1264 1800 1359 1853 καὶ
1409 1798 1768 1870 παρατροπὴν
1804 1799 1899 1852 τοῦ

338 1901 391 1951 ἐν
421 1901 557 1967 ἡμῖν
588 1894 1008 1967 ἡγεμονεύοντος
1036 1890 1267 1962 ψυχικοῦ
1295 1892 1604 1961 πνεύματος
1627 1908 1642 1924 ο
1673 1886 1747 1945 ὧν
1776 1893 1900 1947 Διά-

336 1989 483 2056 ῶχὸς
511 2004 572 2038 τε
601 1987 628 2038 δ
659 1986 799 2047 θεῖός
846 1987 982 2049 ἐστι,
1014 1983 1112 2035 καὶ
1155 1983 1348 2045 Νεῖλος
1384 1985 1413 2035 ὁ
1438 1984 1760 2051 Θαυμάσιος,
1800 1984 1903 2036 καὶ

348 2079 534 2131 Ἰσαάκ
585 2080 614 2131 ὀ
670 2078 944 2148 λαμπρὸς,
1004 2080 1083 2143 είς
1133 2076 1388 2130 τοσοῦτον
1447 2074 1901 2147 ,ὑπεραναϐάντες

336 2174 626 2242 ἀσκήσεως
656 2173 748 2223 καὶ
783 2171 1038 2253 θεωρίας,
1074 2156 1215 2223 ὥστε
1253 2171 1346 2223 καὶ
1391 2172 1502 2233 τοῖς
1539 2169 1720 2232 ἄλλοις
1753 2169 1900 2222 άπα-

342 2283 420 2317 σιν
449 2264 682 2327 ὲλυτοὺς
733 2265 811 2324 είς
844 2262 1193 2333 παράδειγμα
1247 2260 1515 2332 λαμπρῶς
1560 2262 1903 2331 καταστῆσαι

347 2357 522 2425 πάσης
554 2354 782 2424 ἀρετῆς,
808 2353 975 2422 οὔσης
1020 2371 1080 2407 τε
1121 2354 1214 2406 καὶ
1248 2355 1646 2424 ἐπινοηθείσης.
1700 2354 1838 2407 Ἀλλ’
1877 2357 1905 2408 ὁ

348 2451 439 2518 μὲν
467 2450 611 2503 οὕτω
654 2450 753 2518 τὴν
801 2448 1034 2517 θεωρίαν
1065 2446 1327 2517 ὁρίζεται,
1380 2449 1456 2515 τῷ
1488 2448 1578 2501 τὸν
1631 2450 1689 2501 έν
1731 2447 1903 2518 ταύτῃ

345 2543 427 2595 διά
450 2542 549 2611 τῆς
583 2540 892 2611 προσευχῆς
932 2540 1287 2610 άπηντηκότα
1311 2557 1330 2590 ι
1371 2539 1575 2593 ἄπνουν
1616 2539 1711 2593 καὶ
1739 2541 1905 2591 ὲκπε-

348 2636 651 2705 πληγμένον
700 2635 927 2702 ὁρᾶσθαι
955 2650 969 2663 ο
1012 2652 1030 2685 ι
1067 2635 1161 2684 καὶ
1208 2635 1308 2703 οὐχ
1351 2634 1427 2697 ὡς
1466 2634 1515 2685 ei
1550 2634 1781 2703 ἄφρονες
1819 2633 1907 2685 λέο

351 2744 549 2793 γουσιν,
590 2720 728 2788 εῐδός
762 2742 906 2787 τινος
932 2725 963 2795 ἢ
995 2726 1207 2795 μορφὴν
1237 2725 1269 2795 ἢ
1297 2725 1483 2794 σχῆμα
1508 2723 1896 2793 φαντάζεσθαι·

353 2818 546 2876 ἐκεῖνος
577 2814 635 2866 δὲ
672 2831 690 2864 ι
732 2813 822 2865 τὸν
854 2812 1085 2881 δαίμονα
1124 2812 1466 2881 ὲφάπτεσθαί
1501 2832 1519 2864 ι
1564 2830 1702 2883 φησι
1757 2831 1775 2864 t
1812 2812 1906 2865 τοῦ

353 2909 635 2974 εἰρημένου
668 2904 858 2969 τόπου,
890 2905 983 2956 καί⁸
1008 2904 1068 2956 τὸ
1091 2905 1219 2969 περὶ
1249 2903 1339 2955 τὸν
1384 2903 1508 2956 νοῦν
1539 2904 1654 2973 φῶς
1683 2903 1907 2972 τρέπειν

353 2997 524 3059 καθὼς
554 2996 828 3065 βούλεται,
864 2996 959 3047 καὶ
1000 2993 1140 3048 οὕτω
1171 2996 1434 3047 κἰνείσθαι
1464 2993 1523 3046 τὸ
1564 2995 1665 3063 τῆς
1693 2996 1905 3048 κενοδο-

355 3090 459 3151 ξίας
498 3089 693 3151 πάθος,
727 3090 805 3150 είς
846 3086 1106 3154 λογισμὸν
1157 3086 1470 3156 μορφοῡντα
1497 3087 1589 3139 τὸν
1615 3086 1740 3140 νοῦν
1774 3104 1902 3139 κου-

355 3181 711 3247 ςρογιώμονος,
738 3178 873 3244 πρὸς
910 3177 1264 3245 άναπλασμὺν
1294 3178 1444 3240 θείας
1491 3179 1584 3230 καὶ
1614 3179 1905 3242 οὑειώδους

356 3272 616 3335 γνώσεως.
653 3289 671 3321 ι
706 3269 952 3337 Διάδοχος
987 3267 1031 3320 δ’
1070 3271 1097 3320 ὁ
1150 3270 1340 3335 μέγας,
1381 3287 1399 3320 ι
1458 3271 1581 3322 Ἐάν
1612 3270 1749 3341 ὀφθῇ
1798 3271 1908 3323 τινὶ

352 3362 451 3413 τῶν
488 3359 905 3429 ἀγωνιζομένων
935 3359 967 3427 ἢ
1007 3359 1142 3427 φῶς,
1172 3359 1204 3429 ἢ
1236 3360 1442 3428 σχῆμα,
1483 3362 1513 3430 ἢ
1543 3365 1829 3433 πυροειδὲς
1855 3382 1907 3416 τι

354 3456 592 3522 σημεῖον,
624 3452 890 3521 μηδαμῶς
922 3452 1305 3517 καταδεξάσθω
1330 3454 1391 3506 τὸ
1422 3454 1663 3508 τοιοῦτον
1691 3457 1901 3526 ὅραμα’

350 3548 522 3613 ἀπάτη
554 3546 664 3613 γάρ
694 3547 809 3595 ἐστι
856 3544 1066 3611 φανερὰ
1112 3542 1205 3593 τοῦ
1234 3542 1447 3612 ἐχθροῦ.
1484 3546 1661 3615 Ὅπερ
1717 3547 1905 3599 πολλοὶ

349 3639 606 3698 παθόντες
654 3635 711 3700 ἐξ
755 3634 998 3699 ἀγνοίας,
1052 3634 1433 3703 ἐξετράπησαν
1484 3638 1584 3705 τῆς
1635 3638 1755 3690 ὀδοῦ
1810 3640 1907 3708 τῆς

348 3730 638 3798 ἀληθείαςο
669 3728 831 3794 ἡμεῖς
874 3725 929 3777 δὲ
965 3725 1123 3793 ἴσμεν
1155 3727 1237 3778 ὅτι
1288 3729 1372 3794 ἐφ’
1406 3729 1529 3781 ὅσον
1564 3728 1907 3799 ένδημοῦμεν

349 3821 425 3888 τῷ
454 3818 682 3887 φθαρτῴ
726 3817 900 3886 τούτῳ
955 3815 1190 3886 σώματι,
1255 3819 1600 3888 ικδημοῦμεν
1653 3822 1760 3873 ἀπὸ
1811 3821 1905 3874 τοῦ

351 3912 514 3963 θεοῦ·
575 3910 879 3973 τουτέστιν,
906 3908 1117 3978 ὁρατῶς
1155 3908 1190 3976 ἢ
1226 3908 1409 3970 αὑτὸν,
1444 3910 1476 3977 ἢ
1512 3913 1566 3962 τι
1600 3911 1707 3963 τῶν
1743 3911 1909 3981 ὑπερ-

347 4001 614 4069 ουρανίων
648 3998 814 4050 αὐτοῦ
846 3998 1134 4066 θεαμάτων
1169 3998 1300 4066 ὁρᾷν
1334 3998 1394 4049 οὐ
1428 3998 1726 4065 δυνάμεθα.
1776 4018 1795 4052 ι

2003 1806 2225 1861 Patrum
2265 1806 2733 1876 produxissemus,
2770 1808 2864 1877 qui
2908 1809 3021 1862 luec
3063 1808 3238 1876 palam
3277 1807 3571 1870 insaniam,

2005 1899 2379 1968 principisque
2426 1897 2479 1951 iu
2528 1898 2687 1952 nobis
2722 1900 2952 1968 spiritus
3002 1899 3168 1952 animi
3224 1880 3571 1952 eversionem

2003 1998 2295 2051 asseram;
2331 1988 2385 2041 in
2413 1988 2613 2057 quibus
2638 1997 2792 2052 sunt,
2837 1987 3056 2041 divinus
3109 1985 3441 2051 Diadocbus,
3481 1983 3575 2037 Ni-

2004 2083 2201 2149 lusque.
2236 2080 2506 2135 mirabilis
2536 2095 2601 2134 ac
2637 2080 2787 2135 Isaac
2824 2079 3201 2145 clarissimus;
3240 2078 3336 2131 viri
3368 2079 3576 2133 scilicet

2004 2181 2156 2224 tanta
2196 2173 2435 2241 provecti
2463 2171 2680 2227 virtutis
2717 2172 2970 2243 religiosa
3012 2170 3267 2241 palzestra
3303 2172 3575 2224 exercita.

2004 2262 2151 2315 tione
2177 2278 2241 2316 ac
2271 2263 2753 2330 contemplatione,
2804 2271 2861 2316 ut
2895 2263 3108 2317 cunctis
3149 2276 3207 2315 se
3240 2262 3420 2315 omnis
3466 2262 3578 2314 vir-

2006 2354 2137 2405 tutis
2188 2352 2470 2421 magnilice
2515 2352 2826 2420 exemplum
2878 2351 3250 2421 praebuerint,
3296 2359 3409 2404 tum
3454 2348 3575 2419 ejus

2005 2461 2127 2514 qua:
2177 2455 2294 2507 est,
2337 2455 2447 2497 tum
2484 2445 2528 2497 si
2567 2460 2672 2514 qua
2718 2444 3115 2499 adinvenieuda
3165 2453 3269 2498 est.
3319 2444 3483 2513 Atqui
3531 2446 3578 2497 is

2005 2536 2221 2604 quidem
2259 2539 2312 2588 in
2352 2536 2496 2590 hunc
2529 2536 2748 2588 modum
2784 2537 3305 2604 coartemplationeut
3340 2535 3572 2596 deﬁnit;

2005 2627 2150 2693 quod
2178 2626 2432 2680 videlicet
2460 2626 2553 2694 qui
2580 2626 2645 2680 ad
2677 2640 2794 2679 eam
2825 2641 2919 2696 per
2943 2627 3249 2680 orationem
3275 2627 3575 2688 devenerit,

2013 2735 2030 2767 ι
2062 2718 2182 2772 sine
2213 2718 2405 2787 spiritu
2439 2733 2501 2771 ac
2534 2726 2760 2787 stupore
2795 2720 2985 2787 plenus
3012 2719 3298 2783 videatur;
3329 2737 3347 2769 ι
3383 2734 3486 2773 llOtI
3519 2728 3580 2772 ut

2007 2808 2185 2864 insani
2222 2810 2472 2863 homines
2522 2810 2731 2873 dicunt,
2771 2810 3007 2879 alicujus
3036 2808 3268 2863 formam
3300 2822 3394 2865 aut
3444 2810 3577 2879 figu-

2009 2916 2124 2954 ram
2156 2916 2251 2954 seu
2296 2902 2533 2969 speciem
2574 2900 2829 2955 informet
2858 2917 2920 2954 ac
2962 2917 3149 2956 secum
3198 2904 3314 2971 ipse
3351 2904 3573 2972 conspi-

2008 2994 2134 3046 ciat.
2185 2992 2277 3046 llle
2316 3008 2446 3047 vero
2475 2996 2489 3061 (
2522 2991 2677 3047 Nilus
2723 2994 2931 3048 scilicet
2957 2994 3014 3064 ):
3055 3013 3072 3043 ι
3118 2994 3345 3047 Assilire
3378 2994 3580 3048 duemo~

2011 3103 2157 3150 nem,
2187 3088 2281 3153 ait,
2302 3070 2495 3142 locum
2526 3090 2618 3157 qui
2647 3088 2826 3143 dictus
2854 3100 2958 3151 est,
2984 3104 3046 3143 ac
3075 3093 3217 3158 quod
3246 3090 3389 3144 circa
3426 3106 3579 3145 meu-

2010 3192 2114 3235 tem
2146 3191 2229 3235 est
2291 3183 2497 3243 lumen,
2539 3193 2597 3235 ut
2644 3182 2864 3235 libuerit
2904 3194 3137 3247 vertere,
3183 3183 3369 3249 εἰοιμιο
3398 3184 3577 3236 inanis

2010 3274 2198 3343 gloria:
2225 3272 2478 3325 allectum
2515 3275 2741 3337 moveri,
2772 3274 2864 3342 qui
2901 3276 3021 3325 vani
3059 3272 3299 3327 hominis
3337 3284 3572 3328 tuentem

2008 3366 2074 3417 ad
2122 3365 2468 3431 cogitandum
2517 3364 2795 3427 informet,
2848 3379 2957 3432 quo
2988 3364 3193 3417 scilicet
3242 3366 3479 3419 divinam
3513 3381 3577 3419 ac

2010 3454 2428 3507 substantialem
2461 3453 2751 3507 scientiam
2780 3454 3078 3521 conlingat.
3111 3474 3127 3503 ι
3161 3453 3387 3525 Magnus
3415 3471 3576 3524 porro

2014 3545 2322 3600 Diadocltus
2348 3565 2360 3598 :
2396 3564 2413 3595 ι
2446 3545 2499 3598 Si
2532 3545 2618 3599 cui
2649 3562 2862 3610 eorum,
2893 3548 2986 3613 qui
3013 3549 3308 3601 certamine
3348 3548 3583 3619 fungun-

2017 3647 2104 3690 tur
2138 3638 2484 3707 apparuerit,
2521 3648 2616 3691 aut
2649 3637 2829 3690 lumen
2852 3678 2866 3701 ,
2892 3647 2986 3691 aut
3016 3640 3215 3707 lignra,
3243 3647 3337 3692 aut
3366 3640 3578 3709 signum

1976 3768 1979 3771 ›
2014 3731 2234 3797 aliquod
2267 3731 2329 3783 ad
2362 3729 2580 3781 modum
2612 3728 2779 3797 ignis,
2814 3728 3233 3797 haudquaquam
3270 3728 3576 3783 istiusmodi

2013 3820 2189 3872 visum
2239 3820 2483 3886 recipiat.
2538 3820 2737 3887 Aperta
2785 3818 2928 3870 enim
2972 3826 3054 3871 est
3101 3819 3271 3871 bustis
3312 3820 3577 3887 deceptio.

2014 3912 2169 3977 Quod
2206 3924 2327 3963 cum
2367 3909 2551 3963 multis
2582 3910 2876 3974 evenisset,
2907 3925 2936 3963 a
2966 3910 3212 3964 veritatis
3245 3911 3330 3965 via
3355 3912 3576 3966 abducti

2014 4004 2240 4069 sunt";
2272 4004 2414 4072 quod
2438 4004 2692 4057 nimirum
2717 4005 2957 4072 quandiu
2982 4005 3033 4058 in
3073 4004 3288 4058 mortali
3328 4006 3429 4058 hoc
3461 4020 3585 4058 cor-

350 4110 477 4160 pore
506 4108 814 4155 versamur,
836 4106 865 4144 a
897 4089 1004 4145 Deo
1030 4090 1476 4159 peregrinatum:
1510 4090 1718 4146 scilicet
1752 4106 1875 4146 eum
1907 4095 2081 4150 oculis
2140 4096 2408 4159 contueri,
2443 4095 2557 4149 sive
2592 4095 2870 4164 quidpiam
2917 4095 3384 4164 supercwlestium
3458 4098 3581 4166 ejus

353 4205 661 4253 munerum,
696 4186 838 4240 haud
869 4200 1178 4254 possumus.
1219 4202 1237 4236 ι

422 4286 480 4337 Εἰ
518 4284 618 4353 μὲν
647 4247 764 4347 οὖν,
794 4247 982 4347 ὥσπερ
1005 4278 1234 4347 ἔφαμεν,
1263 4277 1672 4348 ἐξαριθμεῖσθαι
1697 4247 1821 4345 τοὺς
1846 4282 1906 4335 τὰ

2090 4278 2372 4349 Siquidem
2420 4277 2620 4347 igitur,
2673 4277 3132 4346 quemadmodum
3179 4280 3448 4345 dicebam,
3485 4287 3587 4340 bnc

356 4376 569 4429 τοιαῦτα
599 4374 879 4442 λέγοντας,
911 4372 1005 4422 καὶ
1040 4369 1161 4437 μεθ’
1196 4368 1326 4438 ὅσης
1354 4371 1453 4439 τῆς
1482 4370 1789 4441 ὑπερϐολῆς
1816 4372 1916 4434 τὰς

358 4471 413 4519 ἐν
450 4470 566 4529 ταῖς
623 4464 956 4533 προσευχαῖς
1009 4461 1151 4513 οὕτω
1206 4475 1323 4523 πως
1371 4462 1717 4529 τυπουμένας
1767 4461 1919 4530 ὄψεις

356 4558 854 4628 ἀποτρεπομένους,
910 4555 990 4615 εἱς
1044 4550 1208 4621 μέσον
1267 4554 1540 4619 παράγειν
1599 4551 1917 4623 προῠκειτο,

356 4650 649 4718 πάμπολλα
685 4648 751 4700 ἂν
794 4647 863 4699 τά
892 4644 990 4714 τὴν
1033 4644 1244 4713 πλάνην
1278 4643 1631 4713 ἐξελέγχοντα
1663 4645 1920 4715 παρείχο-

359 4760 455 4809 μεν
496 4741 915 4809 ἀνευρίσκοντες
940 4754 953 4767 ο
995 4739 1118 4789 ἐπεὶ
1157 4735 1203 4787 δ’
1230 4736 1417 4798 ἁπλῶς
1463 4735 1703 4790 ἐκθεῖναι
1733 4738 1919 4808 ,ταῦτα

355 4834 726 4904 προύθέμεθα,
782 4835 1005 4885 σκοπεῖν
1064 4831 1225 4898 μόνον
1272 4831 1540 4901 προσήκει
1590 4831 1686 4894 τάς
1746 4849 1812 4884 τε
1859 4831 1918 4896 ἐξ

355 4930 522 4997 ἀρχῆς
549 4928 729 4987 αἰτίας
749 4925 848 4993 τῆς
876 4924 1102 4991 πλάνης,
1136 4925 1230 4975 καὶ
1257 4923 1396 4992 ὑπὲρ
1424 4916 1498 4976 ὧν
1531 4923 1796 4992 Παλαμᾶς
1824 4925 1917 4976 τὸν

356 5020 603 5072 τοσοῦτον
634 5015 1049 5084 ἀναδεδεγμένος
1084 5014 1294 5081 ἀγῶνα,
1336 5014 1428 5067 τὸν
1464 5016 1608 5067 κατὰ
1645 5014 1781 5067 Θεοῦ
1822 5032 1915 5067 κε-

361 5113 544 5179 κίνηκε
576 5110 813 5173 πόλεμον
837 5124 852 5140 ο
878 5109 968 5159 καὶ
994 5108 1140 5167 ὅπως
1170 5106 1332 5159 αὑτὸν
1360 5104 1461 5174 τῆς
1483 5105 1650 5158 αὐτοῦ
1686 5106 1913 5167 κτίσεως

361 5200 743 5270 ὀλλοτριώσας,
779 5199 939 5253 ἄλλον
969 5198 1261 5251 άνεστάκει
1299 5197 1409 5250 τῶν
1448 5198 1658 5250 ἐκείνου
1693 5197 1919 5250 δικαίων

361 5291 708 5360 νὶηρονόμον.
740 5290 855 5351 Τάς
879 5290 987 5359 γάρ
1034 5288 1257 5357 ἀνάψεις
1292 5288 1401 5341 τῶν
1450 5288 1795 5357 σπλάγχνων,
1825 5289 1923 5340 καὶ

363 5382 452 5443 τὰς
475 5383 621 5435 ἔνδον
657 5384 931 5453 πυρκαϊὰς
962 5382 1195 5446 ὲκείνας,
1230 5382 1324 5433 καὶ
1348 5386 1414 5434 τά
1442 5382 1798 5449 σκιρτήματα
1826 5382 1919 5433 καὶ

364 5475 631 5543 κινήματα
662 5475 762 5543 τῆς
796 5473 1026 5544 ζεούσης
1060 5474 1234 5544 τούτῳ
1264 5472 1515 5544 καρδίας,
1555 5472 1767 5533 καὶτὰς
1794 5475 1923 5524 ἀνα·

436 5663 474 5693 ⁸⁸
528 5664 565 5717 ll
602 5662 732 5717 Cor.
770 5679 821 5726 v,
848 5662 901 5714 ‘3.

2021 4373 2181 4426 nobis
2221 4369 2578 4423 constitutum
2609 4378 2778 4432 esset,
2830 4381 2888 4422 ut
2937 4384 3032 4424 eos
3082 4372 3174 4438 qui
3223 4374 3350 4426 talia
3399 4376 3587 4430 dicm.t

2020 4475 2487 4523 cuumeraremus,
2519 4473 2840 4527 quantoque
2865 4475 3094 4513 excessu
3123 4478 3244 4529 qua:
3272 4467 3351 4517 sic
3379 4466 3433 4516 in
3462 4482 3586 4534 pri--

2021 4553 2178 4607 cibus
2208 4550 2535 4614 formantur,
2567 4554 2682 4603 visa
2720 4562 3069 4614 aversantur,
3108 4554 3159 4605 in
3190 4557 3428 4609 medium
3463 4575 3588 4625 pro-

2022 4647 2373 4702 duceremus.
2433 4658 2594 4709 quam
2659 4643 2827 4696 multa
2886 4642 3225 4699 confutando
3287 4650 3459 4702 errori
3528 4652 3582 4706 itt

2028 4748 2276 4806 ptmllplu
2309 4743 2453 4787 esset
2495 4734 2788 4789 adducere.
2825 4735 2978 4799 Quod
3016 4751 3145 4790 vero
3190 4737 3291 4791 hoc
3325 4740 3591 4795 duntaxat

2026 4830 2354 4896 simpliciter
2394 4828 2670 4893 exiilicare
2701 4827 3067 4893 decrevimus,
3120 4829 3170 4882 id
3213 4846 3378 4883 unum
3410 4850 3591 4900 opera:

2028 4924 2261 4989 pretium
2291 4930 2393 4982 est,
2429 4929 2484 4971 ut
2511 4917 2717 4971 erroris
2747 4934 2775 4971 a
2809 4920 3081 4989 principio
3108 4936 3301 4977 causas
3332 4926 3590 4980 conside-

2028 5028 2253 5076 remus,
2303 5026 2369 5063 ac
2423 5010 2583 5078 cujus
2627 5026 2756 5078 ergo
2798 5010 3046 5066 Palamas
3093 5021 3245 5066 tanto
3297 5018 3593 5072 certamine

2028 5114 2303 5174 Suscepto,
2354 5104 2618 5158 adversus
2664 5103 2830 5156 Deum
2864 5106 3063 5159 bellum
3101 5110 3324 5163 moverit
3358 5128 3371 5175 ;
3419 5128 3593 5179 quove

2031 5199 2214 5260 modo,
2249 5197 2341 5250 illo
2369 5212 2397 5249 a
2432 5211 2529 5249 sua
2566 5206 2814 5250 creatura
2845 5206 3091 5262 extruso,
3128 5200 3295 5255 alium
3330 5203 3480 5256 illius
3507 5203 3596 5271 ju-

2028 5292 2169 5344 rium
2200 5290 2464 5343 lueredem
2492 5304 2826 5358 llUllCllpJVCt
2845 5291 2904 5343 it.
2932 5290 3211 5346 Visccrum
3236 5295 3375 5346 enim
3402 5306 3593 5349 :estui.

2033 5383 2232 5443 tiones,
2276 5395 2618 5449 accensaque
2650 5382 2793 5435 intus
2827 5384 3097 5449 incendia,
3144 5393 3306 5454 atque
3334 5386 3597 5442 ferxeutis

2032 5474 2081 5528 ei
2114 5472 2297 5528 cordis
2321 5473 2719 5527 exsultatioucs
2753 5483 3065 5544 motusque,
3100 5492 3201 5531 nec
3230 5492 3337 5532 non
3378 5478 3598 5535 Siculo-
