3916 6204
446 367 544 430 691

445 576 707 631 visibilem
763 589 942 642 vocat,
996 578 1196 651 quibus
1228 582 1311 645 .ad
1364 581 1709 637 Barlaamum
1770 581 2006 637 scribit:

448 667 579 731 «Qui
618 678 797 720 autem
836 667 967 722 illud
1009 669 1189 723 lumen
1232 672 1391 726 habet
1418 688 1481 728 ac
1510 673 1680 737 videt,
1715 689 1823 726 non
1870 672 2009 726 ultra

438 759 548 825 jam
571 774 596 809 τι
616 758 801 821 simili,
823 761 913 814 sed
944 776 1093 828 vero,
1113 778 1176 817 ac
1191 764 1281 831 qui
1304 765 1465 820 rebus
1482 765 1741 825 emineat,
1765 771 2011 831 aspectu,

447 852 609 904 Deum
640 861 749 905 tum
773 857 1072 921 cognoscit.
1094 867 1206 911 tum
1239 857 1291 910 in
1320 872 1379 912 se
1403 856 1719 927 habeth
1753 870 2009 911 rursum:

449 944 604 997 «Haec
646 947 829 1014 itaque
882 949 1104 1004 claritas
1143 960 1227 1004 est
1266 964 1329 1004 ac
1368 949 1649 1019 majestas,
1700 964 1797 1018 per
1845 962 2010 1017 quam

445 1035 815 1089 nanciscimur
847 1053 909 1091 ac
950 1055 1075 1094 vere
1142 1042 1392 1097 videmus
1450 1041 1675 1097 Deum.»
1718 1037 2011 1116 Praeterea,

446 1138 552 1177 non
580 1125 646 1177 de
674 1141 781 1180 uno
824 1127 962 1183 trine
1013 1129 1347 1185 subsistente
1403 1131 1512 1186 Deo
1535 1130 1610 1185 ait
1644 1131 1898 1186 Palamas
1923 1130 2011 1185 di-

445 1192 587 1270 xisse
619 1218 939 1286 Gregorium
973 1222 1331 1292 Theulogum,
1371 1224 1548 1279 «Deus
1578 1225 1685 1279 diis
1732 1224 1919 1278 unitus
1949 1238 2015 1276 ac

446 1308 819 1373 innotescens,
851 1329 870 1362 ι
898 1315 989 1366 sed
1008 1314 1073 1367 de
1092 1315 1336 1369 secundo
1355 1316 1455 1369 hoc
1485 1324 1646 1385 atque
1670 1316 1841 1369 oculis
1858 1329 2016 1382 aspe-

445 1399 627 1453 ctabili
667 1401 792 1455 Deo.
823 1403 1073 1457 Aitcnitn
1118 1405 1423 1458 iniisdem:
1471 1405 1658 1461 cUnde
1717 1406 1880 1459 etiam
1915 1404 2016 1458 hoc

1594 378 1921 442 JOANNIS
1963 379 2525 439 CYPARISSIOTL
2795 416 2799 421 ο
3520 390 3609 452 692

514 482 778 538 Praeterea
813 484 997 538 lumen
1028 489 1152 548 hoc.
1188 488 1533 544 manifestius
1558 488 1807 546 Palamas
1837 490 2006 545 Deum
2041 494 2084 548 A

2188 497 2310 550 Ἔτι
2342 493 2499 547 τοῦτο
2524 492 2581 544 τὸ
2632 491 2743 559 φῶς
2782 490 3244 562 περιφανέστερον
3290 494 3460 562 ὁρατδν
3505 498 3610 565 ἀπιο-

2114 587 2272 640 καλεῖ
2301 587 2431 639 Θεὸν
2468 585 2751 654 Παλαμᾶς,
2786 586 2841 636 ὲν
2886 580 2970 644 οἷς
3013 585 3145 653 πρὸς
3194 585 3432 656 Βαρ).αάμ
3460 592 3615 657 φησιν,

2118 698 2137 731 ι
2196 680 2255 733 Ὀ
2286 679 2341 733 δὲ
2376 678 2432 731 τὸ
2463 677 2579 748 φῶς
2634 676 2774 747 ἔχων
2806 679 3002 741 ἐκεῖνο,
3048 679 3140 728 καὶ
3189 677 3342 746 ὁρῶν,
3373 678 3532 731 οὐκέτι
3569 681 3622 732 ὲκ

2114 770 2207 822 τοῦ
2255 771 2485 833 εἰκότος,
2522 768 2633 822 ἀλλ’
2683 767 2876 837 ἀληθεῖ
2925 768 3020 819 καὶ
3070 767 3511 838 ὑπερανιδρυμένῃ
3534 769 3623 820 τῶν

2114 862 2281 914 ὄντων
2314 860 2411 931 es;
2444 860 2575 931 (0).»
2614 848 2756 924 Ἕέι,
2776 878 2793 909 ι
2820 858 2967 928 Αῦτη
2988 860 3097 928 ἄρα
3120 859 3309 927 ἐστὶνὴ
3337 859 3468 925 δόξα,
3493 859 3548 911 δι’
3571 855 3625 930 ἦς

2115 948 2374 1020 κτώμεθα
2404 950 2498 1003 καὶ
2541 949 2758 1020 ὁρῶμεν
2793 948 3001 1018 κυρίως
3053 947 3144 1000 τὸν
3195 947 3338 999 Θεόν.
3381 965 3398 997 ι
3429 946 3552 1009 Ἔτι,
3577 947 3627 998 οὓ

2117 1057 2250 1109 φησι
2282 1040 2549 1109 Παλαμᾶς
2598 1023 2724 1107 cepi.
2762 1037 2854 1091 τοῦ
2909 1039 3029 1099 ἐνὸς
3062 1037 3468 1106 τρισυποστάτου
3517 1037 3630 1089 Θεοῦ

2118 1134 2281 1201 φάναι
2310 1131 2401 1184 τὸν
2435 1132 2494 1182 ὲν
2517 1130 2767 1199 οεολογίᾳ
2794 1129 3117 1200 Γρηγόριον,
3148 1148 3165 1179 ι
3206 1128 3332 1199 Θεὸς
3358 1127 3486 1191 Θεοῖς
3511 1129 3632 1181 Evod-

2121 1227 2278 1297 μενόε
2307 1244 2365 1280 τε
2398 1228 2492 1279 καὶ
2536 1225 2961 1294 γνωριζόμενος,
3003 1244 3020 1275 ι
3055 1224 3187 1278 ἀλλὰ
3217 1224 3336 1293 περὶ
3363 1223 3447 1276 τοῦ
3477 1223 3633 1275 rem.
3730 1226 3735 1231 ’

2120 1336 2213 1388 ρου
2242 1317 2435 1370 τούτου
2474 1318 2567 1369 καὶ
2620 1315 2816 1385 ὁρατοῦ
2850 1315 3009 1369 Θεοῦ.
3073 1316 3278 1385 Γράφει
3310 1316 3408 1384 γὰρ
3460 1317 3511 1365 ὲν
3541 1318 3635 1375 τοῖς

2118 1412 2324 1474 αὐτοῖς,
2365 1429 2382 1461 ι
2434 1410 2595 1463 Ὅθεν
2649 1410 2928 1462 καὶτοῦτο
2957 1410 3181 1477 ἄπειρον
3211 1409 3257 1459 οἱ
3304 1406 3526 1473 θεολόγοι
3565 1406 3638 1457 λέ-

447 1492 678 1563 tlteologi
712 1495 982 1549 infinitum
1004 1498 1442 1553 vocitantlumen
1466 1540 1480 1561 ,
1515 1514 1643 1568 quo,
1688 1514 1783 1567 per
1825 1514 2015 1552 cessa-

2134 1520 2273 1571 γουσι
2303 1503 2363 1555 τὸ
2388 1503 2506 1570 φῶς
2530 1518 2544 1530 ·
2577 1502 2645 1553 δι’
2671 1496 2732 1556 οὗ
2764 1502 2905 1555 κατά
2952 1500 3269 1553 ἀπόπαυσιν
3308 1499 3475 1568 πάσης
3518 1514 3631 1564 γνω-
3673 1536 3680 1543 .

450 1587 650 1640 tionem
691 1588 759 1642 ab
792 1589 937 1643 omni
970 1591 1229 1645 noscendi
1267 1590 1541 1654 facultate.
1571 1593 1623 1646 in
1655 1594 1863 1647 virtute
1889 1592 2003 1662 Spi-

2134 1594 2313 1662 ιτικῆς
2346 1591 2632 1661 δυνάμεως
2658 1593 2716 1644 ὲν
2743 1591 2972 1661 δυνάμει
3014 1589 3326 1659 Πνεῦματος
3371 1586 3636 1657 ὁρατδςγίο

448 1680 611 1747 ritus,
642 1680 783 1734 Deus
807 1682 1014 1736 sanctis
1042 1682 1271 1737 visibilis
1301 1672 1545 1739 redditur
1570 1722 1584 1747 ,
1641 1683 1787 1738 velut
1810 1684 2019 1738 sciliCet

2134 1702 2270 1739 θεται
2301 1688 2414 1748 τοῖς
2457 1684 2635 1752 ἁγίοις
2666 1686 2693 1737 ό
2737 1683 2892 1749 Θεὸς,
2936 1682 3013 1745 ὡς
3044 1682 3178 1741 Θεὸς
3225 1680 3361 1742 Θεοῖς
3391 1677 3641 1746 ἐνούμενὸς

450 1770 591 1827 Deus
621 1773 727 1828 diis
788 1774 976 1828 unitus
1023 1783 1076 1828 et
1106 1777 1506 1830 innotescens.»
1560 1774 1740 1830 Semel
1779 1790 2017 1843 namque

2134 1796 2176 1832 τε
2213 1779 2306 1831 καὶ
2345 1776 2764 1846 γνωριζόμενος.
2814 1796 2833 1828 ι
2864 1774 3052 1839 ’Ἀπαξ
3084 1774 3195 1843 γὰρ
3239 1774 3497 1835 ἀνέπαφον
3531 1787 3642 1822 παν·

448 1864 689 1917 olivinam
752 1866 1043 1920 essentiam
1104 1881 1327 1936 prorsus
1368 1867 1769 1937 impalpabilem
1803 1862 2017 1927 statuit,

2134 1868 2290 1932 τελῶς
2339 1839 2433 1923 καὶ
2462 1839 2795 1937 ⁷ἀμέθεκτον
2844 1867 2942 1933 τὴν
3000 1839 3379 1919 θείαν-οὐσίαν
3419 1861 3642 1931 ὡρίσατο.

386 1948 393 1955 ⁸
448 1967 502 2009 et
532 1957 690 2025 cujus
729 1958 937 2011 nullum
986 1959 1077 2011 ulli
1112 1960 1507 2014 commercium
1544 1975 1666 2014 esse
1705 1960 1899 2025 possit.
1940 1959 2018 2012 Ad

2134 1963 2270 2025 Ἐτι,
2310 1961 2370 2014 οὗ
2404 1978 2535 2030 φησι
2568 1961 2836 2029 Παλαμᾶς
2891 1961 3059 2028 φάναι
3091 1960 3184 2011 τὸν
3219 1957 3374 2011 αὐτὸν
3422 1954 3535 2025 περὶ
3568 1952 3644 2005 τοῦ

454 2051 586 2111 lucc,
619 2063 724 2102 non
756 2049 832 2101 ait
864 2049 1115 2103 Palamas
1147 2050 1353 2105 dixisse
1374 2051 1625 2106 eumdem
1655 2050 1725 2106 de
1746 2067 1855 2106 uno
1878 2051 2020 2105 trine

2134 2053 2241 2115 ἑνὸς
2265 2050 2701 2120 τρισυποστάτου
2732 2050 2887 2110 Θεοῦ,
2931 2068 2950 2101 ι
2990 2048 3285 2117 Βουληθεὶς
3322 2049 3347 2099 ὁ
3376 2045 3497 2101 Θεὸς
3523 2042 3647 2094 τόνδε

456 2139 791 2192 subsistente
824 2139 965 2196 Deo:
1001 2158 1022 2194 ι
1054 2139 1188 2195 Cum
1237 2140 1398 2196 vellet
1426 2141 1570 2197 Deus
1612 2143 1821 2196 huncce
1866 2158 2023 2197 mun-

2134 2144 2213 2198 τὸν
2242 2144 2469 2214 κόσμον,
2505 2164 2521 2195 ι
2578 2144 2671 2196 καὶ
2704 2143 2772 2194 τὰ
2821 2140 2949 2211 ἑξῆς
2977 2158 2991 2172 ο
3025 2140 3165 2194 ἀλλὰ
3195 2140 3322 2207 περὶ
3369 2136 3454 2190 τοῦ
3503 2133 3649 2203 φωτὸς

453 2230 606 2294 dum,
640 2248 657 2280 ι
704 2240 757 2284 (ιι
796 2246 916 2299 quae
973 2242 1313 2301 sequuntur,
1356 2232 1449 2287 sed
1490 2233 1556 2288 de
1584 2233 1685 2289 hoc
1715 2233 1920 2288 lumine
1944 2250 2025 2288 sc-

2134 2240 2337 2302 τούτου,
2366 2235 2458 2290 τοῦ
2488 2236 2744 2306 δευτέρου
2778 2236 2871 2289 καὶ
2910 2233 3108 2304 ὁρατοῦ
3150 2232 3305 2296 Θεοῦ,
3341 2231 3429 2284 καὶ
3478 2230 3544 2296 μὴ
3580 2225 3652 2276 δ’δ’

453 2322 635 2373 cundo
660 2336 721 2373 ac
751 2321 949 2374 visibili
983 2319 1110 2383 Deo.
1138 2330 1190 2375 et
1212 2321 1305 2390 qui
1328 2323 1524 2377 divina:
1552 2322 1879 2378 substantiae
1903 2323 2022 2387 (seu

2134 2346 2215 2392 τος
2248 2328 2435 2391 οὐσίας
2466 2328 2629 2385 Θεοῦ.
2677 2330 2816 2400 Φησὶ
2851 2330 2962 2398 γὰρ
2994 2331 3051 2379 ὲν
3089 2329 3198 2389 τοῖς
3228 2325 3357 2395 πρὸς
3394 2322 3475 2374 τὸν
3502 2318 3649 2400 μακά-

453 2408 725 2479 esseutizu)
750 2410 971 2465 minime
1001 2411 1091 2468 sit.
1123 2412 1438 2466 Aitenimin
1480 2412 1545 2465 iis
1576 2428 1696 2479 quae
1742 2413 1932 2467 scribit
1961 2414 2025 2466 ad

2134 2438 2245 2488 ριον
2305 2420 2613 2474 Ἀκίνδυνον
2663 2420 2809 2491 λόγῳ
2862 2421 2969 2472 τῶν
3013 2419 3285 2487 δευτέρων
3340 2415 3494 2482 ἕκτῳ,
3540 2399 3651 2473 obl}

455 2502 672 2555 beatum
706 2503 1067 2571 Acindyuum,
1088 2504 1339 2557 oratione
1368 2503 1509 2558 inter
1543 2504 1815 2559 secundas
1850 2513 2025 2569 sexta,

2134 2514 2267 2585 ἀρχῆ
2308 2512 2569 2582 Τοῒςμὲν
2592 2514 2660 2577 δὴ
2693 2514 2823 2581 περὶ
2863 2511 2976 2579 τὴν
3015 2510 3242 2580 πρᾶξιν
3280 2506 3374 2562 καὶ
3420 2505 3652 2571 κόσμον·

455 2593 612 2661 cujus
646 2594 748 2647 hoc
780 2593 992 2646 initium
1018 2610 1031 2647 :
1087 2595 1183 2647 llis
1213 2595 1423 2663 quidem
1446 2610 1561 2665 qua:
1591 2596 1731 2648 circa
1766 2600 2026 2649 actionem

2134 2623 2150 2655 ι
2199 2605 2324 2665 Τοῖς
2363 2603 2625 2671 κτίσμασι
2660 2604 2716 2655 δὲ
2771 2604 3082 2655 συντάττων
3115 2599 3276 2654 τοῦτο
3329 2599 3385 2649 τὸ
3434 2594 3554 2663 φῶς.
3584 2590 3655 2643 τίαν

457 2681 815 2746 ηιιιηάιιηιιιιιε
841 2697 859 2735 :
901 2702 921 2733 ε
951 2682 1165 2736 Creatis
1195 2698 1324 2737 vero
1364 2685 1542 2737 lumen
1572 2685 1671 2736 hoc
1696 2699 2014 2750 accenseILs,

2134 2697 2260 2750 θεὸν
2292 2697 2494 2766 κτίσμα
2538 2695 2789 2764 φανερῶς
2822 2693 3214 2761 ἀποφαίνεται.
3264 2688 3538 2756 Βουληϐεὶς
3565 2685 3655 2751 γῖρ

424 2772 625 2843 VDeum
659 2783 965 2828 creaturam
1027 2774 1317 2828 manifeste
1375 2777 1589 2829 statuit.
1645 2775 1843 2831 Volens
1879 2778 2024 2831 enim

2134 2789 2275 2842 τόνδε
2325 2787 2416 2841 τδν
2463 2788 2669 2855 κόσμον
2715 2783 3090 2855 συστήσασθαι
3122 2784 3221 2837 τὸν
3269 2782 3327 2847 ἐξ
3355 2778 3547 2851 ὁρατῶν
3581 2772 3658 2825 καὶ

458 2864 721 2917 nmndum
756 2864 899 2917 lmue
931 2864 1195 2929 condere,
1223 2880 1286 2917 ex
1314 2870 1474 2919 rebus
1503 2866 1829 2931 visibilibus,
1856 2876 1909 2921 et
1958 2868 2026 2924 iis

2134 2881 2379 2949 ἀοράτων
2432 2879 2826 2949 συνεστηκότα,
2880 2879 3020 2932 κατά
3054 2878 3150 2931 τὸν
3200 2876 3453 2940 Θεολόγον
3482 2865 3658 2939 Γρηγ6·

455 2972 577 3027 quae
598 2966 821 3025 aspectu
852 2955 999 3010 cerni
1020 2971 1124 3009 non
1156 2966 1409 3026 possunt,
1432 2959 1816 3020 constitutum,
1848 2967 1906 3013 ut
1932 2976 2026 3013 au-

2134 2990 2271 3043 ριον,
2299 2974 2413 3032 τοῖς
2460 2972 2559 3041 μὲν
2602 2971 2816 3035 ἀϊδίοις,
2847 2971 3098 3039 δηλονότι
3139 2972 3256 3031 ⁸τοῖς
3293 2965 3561 3020 θεοειδέσιν
3581 2962 3661 3025 ἀγ·

456 3060 574 3103 ctor
603 3047 991 3117 cstGregorius
1015 3047 1325 3117 Tbeologus
1369 3089 1384 3111 .
1422 3051 1774 3119 sempiternis
1798 3052 2025 3121 quidem

2134 3065 2331 3132 γέλοις,
2358 3065 2519 3126 αὑτός
2552 3067 2668 3117 ἐστι
2699 3065 2816 3131 φῶς
2848 3064 2942 3117 καὶ
2990 3064 3090 3116 οὐκ
3144 3062 3298 3116 ἄλλο.
3345 3059 3410 3111 τί
3439 3056 3533 3125 γάρ
3578 3051 3661 3104 ἔδει

460 3141 842 3208 (ιΙυίΓοιίιιίὺιιε
865 3141 1076 3196 scilicet
1093 3142 1320 3211 angelis)
1348 3142 1460 3211 ipse
1476 3153 1557 3197 est
1590 3142 1820 3207 Lumen,
1845 3153 1898 3199 et
1921 3160 2024 3198 non

2134 3158 2310 3227 φωτὸς
2359 3158 2613 3230 δευτέρου
2666 3161 2781 3219 τοῖς
2832 3158 2891 3212 τὸ
2944 3158 3210 3227 μέγιστον
3254 3156 3499 3225 ἕχουσινς
3542 3148 3592 3200 Ὀ
3620 3143 3662 3246 δ’

455 3233 626 3288 aliud.
653 3231 792 3299 Quid
827 3232 971 3288 enim
1005 3233 1246 3288 secundo
1272 3234 1476 3289 lumine
1508 3235 1575 3289 iis
1604 3250 1741 3305 opus
1772 3238 2023 3305 erat,qui

2144 3243 2451 3307 Ἀκίνδυνος
2500 3247 2559 3297 τδ
2611 3245 2870 3315 μέγιστον
2904 3245 3059 3298 τοῦτο
3107 3246 3256 3313 φῶς,
3287 3245 3348 3296 τὸ
3381 3237 3669 3310 φωτιστικδν

456 3327 681 3380 maximi
713 3326 858 3379 illius
890 3334 1173 3394 compotes
1194 3326 1411 3381 essent?
1440 3326 1757 3399 Acindynus
1815 3339 2025 3391 autem,

2134 3337 2236 3388 τῶν
2263 3335 2512 3389 θεοειδῶν
2546 3338 2820 3404 ἀγγέλων,
2847 3337 2877 3390 ὃ
2912 3338 3080 3407 μηδὲν
3110 3337 3249 3391 ἄλλο
3278 3337 3309 3407 ἢ
3340 3332 3493 3395 αὐτὸς
3514 3332 3538 3383 ὁ
3558 3326 3666 3387 Θεὸς

455 3420 749 3476 Μαιίιηηηι
783 3420 915 3476 illud
946 3420 1153 3480 lumen.
1204 3419 1350 3489 quod
1401 3419 1677 3474 illuminat
1729 3420 2026 3476 deiformes

2134 3429 2272 3493 ἐστι,
2306 3429 2515 3498 κτίσμα
2564 3423 2705 3483 εῖναι
2735 3429 3076 3501 δογματίζει,
3103 3430 3208 3483 καὶ
3261 3422 3555 3497 σωματικὸν
3594 3419 3670 3471 καὶ

455 3515 678 3586 angelos
706 3513 873 3585 (quod
902 3512 1039 3567 nihil
1074 3511 1219 3566 aliud
1247 3519 1331 3566 est
1358 3527 1524 3581 quam
1548 3511 1689 3567 Deus
1727 3513 1864 3582 ipse)
1899 3528 2021 3568 cre-

454 3616 669 3662 aturam
707 3622 831 3662 esse
856 3606 1034 3667 docet,
1076 3618 1142 3658 ae
1189 3617 1544 3673 corporeum,
1582 3605 1747 3676 inque
1798 3605 2028 3659 Intueria

455 3699 635 3754 lumen
674 3699 961 3754 exsistere.
996 3717 1021 3748 ι

524 3792 871 3847 Manifestum
929 3790 1094 3861 igitur
1123 3801 1233 3858 est,
1283 3809 1346 3847 ex
1373 3807 1438 3847 eo
1466 3791 1610 3861 quod
1628 3789 1909 3857 designate
1948 3805 2030 3844 re-

454 3884 667 3951 lataque
686 3884 850 3949 dicat,
873 3901 893 3936 ι
928 3885 1111 3940 lumen
1137 3885 1302 3951 istud,
1318 3902 1338 3936 ι
1358 3882 1426 3939 de
1454 3898 1563 3953 quo
1586 3882 1844 3937 nimirum
1869 3882 2030 3949 vulgo

455 3976 769 4046 ambigitur,
796 3991 897 4029 nec
930 3976 1209 4044 quomodo
1239 3976 1494 4030 Palamas
1516 3974 1683 4028 Deum
1729 3973 1881 4041 fecit,
1906 3989 2030 4029 cre-

454 4067 624 4131 ditur,
664 4081 843 4134 exque
880 4066 1089 4134 reliqua
1144 4065 1486 4133 probatione.
1521 4064 1708 4133 Neque
1750 4065 1895 4120 enim
1950 4066 2030 4120 vir

454 4157 545 4211 ille
568 4154 924 4210 admirandus
948 4170 1072 4209 cum
1099 4155 1191 4209 illo
1222 4155 1536 4224 disputabat
1568 4156 1633 4209 de
1658 4156 1862 4211 lumine
1884 4159 2025 4225 quod

455 4249 608 4303 estin
647 4247 941 4302 Trinitatc.
976 4248 1033 4301 Si
1074 4246 1202 4317 quis
1234 4247 1382 4302 enim
1424 4247 1590 4319 alius,
1627 4248 1746 4317 ipse
1801 4262 2027 4317 quoque

455 4340 576 4408 ejus
621 4337 798 4392 cultor
827 4350 968 4403 erat,
1019 4338 1113 4393 sed
1147 4337 1215 4393 de
1240 4337 1334 4390 illo
1373 4338 1517 4407 quod
1554 4339 1694 4393 male
1728 4339 2026 4408 epnfictum

2135 4335 2231 4389 καὶ
2265 4328 2419 4399 οὗτος
2449 4336 2753 4408 λατρευτὴς
2781 4332 2850 4408 ἦν
2874 4338 3090 4391 ἐκείνου
3112 4354 3126 4369 ⁸
3167 4341 3310 4395 ἀλλά
3342 4357 3469 4407 περι
3491 4334 3576 4389 τοῦ
3597 4348 3680 4386 κα·

457 4441 562 4493 est,
595 4440 655 4485 ut
704 4430 991 4500 probatum
1033 4438 1137 4493 est,
1174 4429 1340 4499 inque
1375 4428 1468 4484 Dei
1498 4444 1724 4484 censum
1772 4429 2023 4494 relatum,

2135 4426 2249 4490 κῶς
2277 4427 2743 4493 ἀναπλασθέντος,
2780 4428 2855 4492 ὼς
2882 4429 3177 4495 δέδεικται,
3226 4433 3323 4485 καὶ
3366 4423 3681 4495 0:07:0va-

456 4523 857 4593 absurdissimo
888 4522 1117 4584 lumine,
1147 4521 1293 4589 quod
1322 4529 1377 4575 et
1412 4519 1545 4575 illud
1576 4520 1743 4574 Deum
1792 4536 1916 4575 esse
1940 4521 2026 4577 di-

2134 4537 2222 4582 τος
2254 4520 2607 4574 ἀτοπωτάτου
2631 4522 2830 4591 φωτὸς,
2870 4522 2953 4575 ὅτι
2979 4523 3135 4576 τοῦτο
3168 4526 3268 4577 καὶ
3297 4525 3390 4576 τὸν
3411 4519 3535 4575 Θεδν
3564 4512 3683 4570 εἶναι

456 4624 564 4680 cat,
598 4615 689 4685 qui
727 4630 790 4668 ex
821 4614 1126 4670 substantia
1153 4612 1352 4668 visibili
1370 4622 1423 4667 et
1451 4627 1571 4681 qua:
1595 4612 1766 4667 videri
1794 4628 1899 4666 non
1933 4628 2026 4682 po-

2134 4609 2401 4663 ἀποκαλεῖ
2424 4609 2513 4662 τὸν
2547 4610 2964 4681 συστησάμενον
2990 4609 3050 4676 ἐξ
3082 4612 3291 4682 ὁρατοῦ
3321 4630 3377 4664 τε
3419 4611 3510 4664 καὶ
3541 4604 3683 4676 ἀοράο

458 4718 587 4765 test.
613 4717 807 4762 cuncta
845 4707 1176 4769 condiderit,
1216 4722 1280 4761 ac
1305 4707 1540 4775 reliqua,
1571 4722 1693 4775 quae
1719 4705 2026 4777 Tlieologus

2134 4718 2223 4754 του
2260 4701 2329 4753 τὰ
2352 4701 2555 4761 πάντα,
2587 4702 2682 4754 καὶ
2704 4702 2875 4756 τᾶλλα.
2904 4701 3051 4773 ἅπερ
3084 4704 3113 4756 δ
3149 4705 3417 4773 Θεολόγος
3448 4703 3580 4773 ὑπὲρ
3604 4693 3683 4749 τοῦ

2136 3520 2320 3573 ὑλικὸν
2351 3520 2619 3591 ὑπάρχειν
2650 3520 2790 3589 φῶς.
2831 3540 2849 3573 ι

2207 3783 2478 3855 Πρόδηλον
2509 3784 2601 3855 ἄρ’
2627 3783 2725 3838 οῦν
2761 3784 2825 3837 ἔκ
2857 3801 2915 3837 τε
2943 3783 3037 3839 τοῦ
3069 3785 3364 3851 δεικτικῶς
3393 3787 3482 3841 καὶ
3505 3786 3675 3847 ἀναφο-

2135 3877 2304 3948 ρικῶς
2334 3876 2538 3944 λέγειν,
2580 3894 2598 3928 ι
2640 3876 2801 3929 τοῦτο
2828 3878 2889 3929 τὸ
2920 3878 3059 3947 φῶς,
3103 3896 3120 3928 ι
3163 3879 3226 3932 τδ
3262 3872 3674 3949 ἀμφισϐητούμε-

2134 3985 2225 4022 νον
2247 3969 2451 4040 δηλαδὴ
2479 3972 2615 4032 ςτοῖς
2646 3970 2864 4032 πολλοῖς
2900 3972 2996 4025 καὶ
3031 3972 3104 4041 μὴ
3154 3971 3537 4041 πιστευόμενον
3564 3967 3631 4026 ὡς
3664 3983 3673 4007 '

2135 4060 2401 4129 Παλαμᾶς
2436 4060 2774 4131 ὲθεοττοίησε,
2809 4062 2904 4115 καὶ
2954 4063 3059 4131 τῆς
3110 4064 3290 4133 ἄλλης
3336 4054 3673 4123 κατασκευῆς.

2135 4150 2212 4205 Οὐ
2248 4152 2356 4220 γὰρ
2382 4153 2409 4203 ὁ
2443 4152 2747 4221 θαυμάσιος
2795 4154 3009 4217 ἐκεῖνος
3060 4154 3209 4226 ἀνὴρ
3258 4156 3388 4224 περὶ
3430 4152 3515 4205 τοῦ
3545 4152 3595 4203 ὲν
3618 4146 3676 4216 τῇ

2135 4243 2331 4313 Τριάδι
2361 4244 2536 4313 φωτὸς
2564 4244 2712 4314 αὑτῷ
2739 4245 3015 4313 διελέγετο
3038 4262 3053 4277 ο
3087 4248 3256 4318 εἴπερ
3289 4265 3373 4311 τις
3396 4247 3497 4325 γὰρ
3519 4241 3675 4301 ἄλλος.

459 4804 526 4856 de
558 4800 765 4862 divino,
820 4798 1330 4868 supersubstantiali
1378 4799 1770 4867 aduramloque
1804 4800 2027 4861 lumine,

456 4894 601 4960 qutnl
633 4892 684 4944 in
704 4893 864 4946 Patre
880 4900 933 4945 et
954 4888 1088 4945 Filio
1112 4900 1164 4944 et
1184 4888 1387 4959 Spiritu
1408 4901 1599 4944 sancto
1619 4900 1720 4953 cst,
1740 4890 2021 4944 disSeruit.

532 4983 820 5046 Przetcrca,
851 4997 957 5037 non
999 4983 1130 5037 dicit
1184 4982 1438 5037 Palamas
1462 4996 1587 5035 eum
1614 4981 1797 5035 dicere
1828 4984 1892 5035 de
1927 4995 2037 5035 uno

460 5080 599 5131 triue
634 5076 967 5131 subsistente
1001 5075 1131 5135 Deo,
1164 5075 1339 5129 «Deus
1363 5081 1448 5129 est
1482 5073 1671 5127 lumen
1703 5087 2029 5142 supremum

2130 4792 2460 4863 ὑπερουσίου
2522 4793 2722 4862 φωτὸς,
2779 4793 2876 4847 τοῦ
2941 4798 3002 4849 ὲν
3068 4798 3255 4867 Πατρὶ
3309 4798 3405 4851 καὶ
3458 4795 3565 4864 Υίῷ
3606 4790 3687 4844 καὶ

2129 4884 2271 4955 ἁγίῳ
2302 4884 2582 4955 Πνεῦματι
2616 4890 3104 4958 προσκυνουμένου
3136 4891 3551 4961 τεθεολόγηκεν.

2213 4977 2333 5030 Ἔτι
2375 4975 2435 5029 οὗ
2487 4995 2621 5050 φησι
2664 4980 2929 5049 Παλαμᾶς
2970 4982 3099 5049 περὶ
3144 4984 3242 5036 τοῦ
3292 4984 3413 5045 ἑνὸς
3456 4991 3691 5050 τρισυπο-

2140 5068 2336 5122 στάτου
2383 5070 2545 5134 Θεοῦ,
2570 5072 2662 5125 τὸν
2693 5073 2857 5126 αὑτὸν
2900 5073 3086 5147 φεάναι,
3122 5092 3141 5125 ι
3189 5074 3329 5136 Θεός
3364 5076 3479 5126 ἐστι
3508 5068 3613 5139 φῶς
3642 5064 3689 5114 τδ

459 5182 511 5226 et
535 5167 965 5232 inacccssibile,»
994 5165 1086 5220 sed
1108 5166 1160 5220 id
1181 5166 1386 5221 dictum
1411 5179 1535 5220 esse
1557 5166 1623 5219 de
1640 5165 1864 5229 lumine,
1887 5165 2026 5233 quod

2136 5162 2437 5232 ἀκρότατον
2464 5164 2559 5216 καὶ
2591 5166 2908 5236 ἀπρόσιτον,
2962 5184 2980 5217 ι
3016 5165 3148 5219 ἀλλὰ
3176 5165 3430 5236 περὶτοῦ
3465 5162 3554 5216 νῦν
3582 5161 3692 5211 ἀνα-

461 5280 648 5317 recens
680 5262 749 5314 ab
792 5261 888 5315 illo
935 5258 1231 5313 contictum
1280 5265 1385 5311 est.
1447 5256 1536 5308 Ait
1569 5257 1714 5309 enim
1749 5254 1804 5309 in
1840 5255 2031 5310 eodem

459 5369 714 5407 sermone
755 5370 851 5408 seu
902 5352 1081 5407 libro:
1145 5349 1279 5405 ιυὺί
1318 5347 1486 5418 igitur
1520 5357 1626 5411 est,
1681 5347 1825 5416 quod
1863 5346 2030 5400 Deum

458 5446 600 5499 inter
625 5455 681 5498 et
710 5445 932 5516 angelos
985 5459 1013 5496 a
1065 5442 1351 5496 Barlaamo
1392 5448 1447 5491 et
1495 5437 1777 5506 Acindyuo
1824 5437 2035 5490 confin-

456 5537 599 5604 gitur
636 5536 841 5598 lumen,
870 5536 1013 5604 quod
1046 5549 1221 5603 neque
1260 5532 1398 5586 Deus
1434 5545 1609 5599 neque
1645 5529 1893 5599 angelus,
1932 5530 2025 5584 sed

533 5719 606 5789 (Ι)
640 5717 791 5772 Orat.
828 5717 918 5778 45,
957 5716 1149 5782 p.698.

526 5882 599 5947 ta)
637 5882 793 5932 Locus
816 5889 891 5932 est
927 5894 1141 5943 mancus,
1171 5890 1221 5931 ut
1251 5880 1752 5945 ex'lnterpretatione
1778 5886 1936 5944 patet.
1969 5895 2088 5931 εοιτ.

2139 5252 2471 5318 πλασθέντος
2502 5256 2594 5308 ὑπ’
2627 5256 2792 5310 αὐτοῦ
2831 5256 3085 5327 εἰρῆσθαι
3126 5256 3307 5326 δήπου
3350 5254 3548 5325 φωτόςσ
3578 5245 3691 5317 φησῖ

2140 5345 2248 5414 γὰρ
2280 5350 2339 5398 ὲν
2357 5347 2434 5415 τῷ
2457 5347 2600 5417 λόγῳ
2621 5347 2699 5418 τῷ
2738 5349 2906 5418 αὐτῷ,
2959 5366 2979 5399 ι
3028 5347 3137 5401 Ποῦ
3175 5350 3361 5401 τοίνυν
3408 5348 3467 5399 τὸ
3513 5337 3691 5413 μεταξὗ

2141 5436 2277 5490 Θεοῦ
2304 5454 2362 5490 τε
2393 5438 2491 5491 καὶ
2530 5440 2782 5508 ἀγγέλων
2816 5440 2920 5493 ὑπὸ
2956 5439 3224 5509 Βαρλαάμ
3269 5441 3366 5493 καὶ
3410 5435 3689 5493 Ἀκινόύνου

2141 5529 2616 5601 ἀναπλαττόμενον
2661 5532 2796 5601 φῶς,
2827 5533 2855 5586 ὃ
2887 5534 3023 5603 μήτε
3071 5532 3205 5595 Θεός
3249 5534 3367 5586 ἐστι
3404 5532 3528 5603 μήτ’
3553 5528 3692 5593 ἀγγε-
