3916 6204
235 353 340 417 693

993 361 1633 424 PALAMITICARUM
1673 355 2428 421 TRANSGRESSIONUM
2467 359 2536 419 l.l
2554 358 2722 419 BER.

3403 351 3506 415 6θὶ

233 470 344 535 λος,
368 468 487 524 ἀλλ’
512 469 698 523 ὑλικὸν
725 472 818 525 καὶ
835 475 1152 544 παχυμερὲς
1176 493 1190 540 ;
1223 495 1240 527 ι
1261 475 1543 530 καὶταῦτα
1573 474 1668 528 τοῦ
1689 476 1817 529 Θεο-

1945 484 2196 525 crrenum
2229 470 2358 540 quid
2395 484 2460 525 ac
2487 483 2736 524 crassum
2769 473 2854 522 est
2877 466 2900 519 ?
2927 484 2943 517 ι
2981 463 3144 532 ldquc
3172 477 3296 518 cum
3325 458 3507 517 Theo-

233 562 393 631 λόγου
427 562 706 631 λέγοντος,
746 581 766 616 ι
811 565 986 619 Τοῦτο
1019 566 1078 621 ὲν
1130 569 1343 638 νοητοῖς
1391 561 1535 621 εἶναι
1565 567 1626 620 τὸ
1652 566 1822 637 ἀκρό-

234 672 392 708 τατον
423 656 538 724 φῶς
566 656 836 727 (δηλονότι
864 659 956 712 τδν
988 659 1170 729 Θεδν),
1193 661 1333 731 ὅπερ
1360 661 1516 731 ἥλιος
1544 662 1602 714 ὲν
1625 660 1819 728 αἰσθηο

233 747 370 809 τοῖς.
414 765 434 799 ι
473 747 716 818 Φανερδν
762 750 865 820 μὲν
910 751 1006 806 οὖν
1034 754 1118 806 δτι
1153 753 1226 806 σὰ
1264 753 1462 808 ἑαυτοῦ
1492 752 1672 823 ὀνείδη
1725 754 1820 806 καὶ

236 840 332 902 τὰς
367 843 500 908 παρ’
525 841 694 894 αὑτοῦ
728 844 1277 905 κατασκευασθείσας
1312 845 1664 916 βλασφημίας
1707 849 1822 909 τοῖς

237 933 415 995 ἄλλοις
457 934 873 1003 προστρίϐεται.
919 931 1089 1002 Οὗτος
1121 937 1232 1008 γάρ
1261 939 1416 992 ἐστιν
1443 941 1472 993 ὁ
1495 939 1822 1002 ἀναπλάσας

239 1023 351 1091 φῶς
393 1025 452 1076 ὲν
485 1025 788 1079 ὑποστάσει
839 1029 1231 1098 πνευματικῶς
1265 1030 1525 1101 ὁρᾶσθαι,
1554 1029 1653 1084 καὶ
1693 1029 1822 1100 μήτ’

239 1114 424 1168 οὐσίαν
472 1113 614 1171 εἶναι
664 1117 838 1186 θείαν,
883 1121 1011 1190 μήτ’
1045 1122 1365 1192 ἀγγελικὴν,
1392 1122 1565 1197 ταύτῃ
1596 1123 1693 1177 καὶ
1723 1125 1823 1196 τὴν

244 1208 445 1274 μεταξὺ
475 1208 613 1262 Θεοῦ
639 1227 698 1263 τε
735 1212 828 1266 καλ⁵
857 1213 1096 1281 ἀγγέλου
1121 1217 1534 1285 συστησάμενος
1557 1216 1818 1287 ὕπαρξιν.

242 1302 695 1374 Συγκεχωρὴσθω
727 1304 774 1356 δ’
803 1305 954 1374 ὅμως
1004 1306 1106 1375 τῆς
1166 1305 1446 1377 διαϐολῆς,
1495 1309 1823 1380 πράγματος

244 1392 516 1461 συνήθους
546 1395 697 1464 αὐτῷ
722 1396 811 1450 διὰ
832 1398 1012 1451 πάντα
1032 1416 1048 1434 ο
1073 1400 1262 1452 ὲκεῖνα
1291 1399 1348 1452 δὲ
1378 1400 1516 1470 μόνα
1548 1402 1824 1456 σκοπείτω

237 1502 345 1550 τις,
378 1486 415 1540 ά
441 1487 536 1540 καὶ
568 1489 627 1541 ὲν
657 1487 736 1558 τῷ
762 1491 865 1559 πρδ
895 1489 1088 1544 τούτου
1115 1492 1534 1563 διεληλύθαμεν,
1552 1494 1653 1564 τῆς
1680 1497 1824 1550 κατὰ

238 1575 380 1629 Θεοῦ
438 1579 806 1647 συκοφαντίας
857 1582 1329 1654 παραληρήματα.
1388 1585 1476 1647 Ὠς
1510 1583 1658 1638 ἔοικε
1691 1586 1823 1654 γάρ,

238 1671 303 1722 τὸ
354 1670 542 1724 ὑλικὸν
574 1670 736 1726 τοῦτο
774 1673 936 1742 μόνον
972 1677 1068 1728 καὶ
1118 1677 1444 1746 παχυμερὲς
1499 1677 1822 1747 ἀνατρέπει,

236 1764 308 1814 τά
341 1763 387 1816 δ’
435 1764 570 1819 ἄλλα
606 1766 787 1821 πάντα
836 1771 1116 1839 συγχωρεῖ
1141 1769 1219 1838 τῷ
1251 1768 1444 1823 τούτου
1500 1770 1638 1840 φωτὶ
1670 1771 1826 1840 λέγε-

241 1855 390 1910 σθαι.

315 1951 444 2003 Ἔτι
482 1951 544 2004 οὔ
581 1968 717 2022 φησι
769 1952 1039 2024 Παλαμᾱς
1075 1954 1208 2026 περὶ⁸
1235 1953 1330 2008 τοῦ
1385 1956 1520 2009 Θεοῦ
1556 1957 1732 2024 Λόγου
1770 1955 1832 2009 τὺ

240 2041 393 2095 θετον
422 2042 756 2112 Εὑαγγέλιον
785 2048 1094 2130 είρηκὲναι,
1135 2067 1154 2101 ι
1195 2044 1308 2103 Ἦν
1335 2050 1397 2104 τὸ
1425 2051 1542 2120 φῶς
1591 2053 1654 2105 τὸ
1701 2052 1833 2122 ἅλη-

239 2136 415 2200 θινδν,
452 2155 472 2189 ι
510 2138 605 2191 καὶ
636 2138 705 2192 τά
731 2139 857 2208 est;
886 2155 900 2169 '
927 2139 1064 2194 ἀλλὰ
1100 2144 1227 2213 περὶ
1262 2143 1355 2196 τοῦ
1387 2142 1833 2206 ἀναπλασθέντος

241 2228 338 2280 καὶ
371 2229 772 2294 φαντασθέντος
799 2231 974 2301 αὐτῷ,
1006 2232 1603 2314 καθάπερυήκηκόειτε,
1629 2235 1830 2304 φωτός.

241 2321 390 2386 Φησὶ
416 2321 528 2391 γὰρ
557 2323 615 2375 ὲν
649 2323 763 2385 τοῖς
805 2324 1014 2390 αὐτοῖς,
1052 2324 1195 2392 λόγῳ
1242 2326 1492 2398 τετάρτῳ
1517 2319 1577 2379 οὗ
1605 2327 1638 2396 ἡ
1665 2325 1831 2396 ἀρχὴν

257 2413 749 2481 ’Υποψιθυρίσας
777 2415 992 2470 τοίνυν
1014 2415 1130 2484 τὴν
1151 2419 1239 2482 εις
1260 2417 1325 2471 τὸ
1345 2418 1501 2488 μέγα
1524 2416 1837 2487 φῶςσιΤοι-

244 2519 315 2570 γα
326 2502 462 2572 ροῦν
495 2503 555 2555 τὸ
586 2503 704 2572 φῶς
737 2505 916 2557 ἐκεῖνο
964 2505 1236 2582 σύμϐολόν
1265 2525 1325 2559 τε
1356 2511 1454 2561 καὶ
1501 2508 1614 2576 φῶς
1647 2508 1838 2579 ἀληθι-

243 2597 361 2656 νδν,
393 2597 492 2649 καὶ
520 2599 619 2650 οὐκ
646 2597 901 2666 ἁληθινδν
933 2598 1146 2662 ἁπλῶς,
1171 2599 1286 2652 ἀλλ’
1319 2601 1452 2656 αὐτὸ
1492 2603 1553 2654 τὸ
1582 2602 1836 2672 ἁληθινδν

248 2687 473 2757 ὑπῆρχε
513 2689 650 2758 φῶς,
672 2689 748 2752 ὡς
783 2692 877 2744 καὶ
925 2693 950 2743 ὁ
1006 2691 1177 2761 μέγας
1209 2692 1494 2757 Βασίλειος
1524 2695 1691 2766 φησίν
1726 2712 1739 2725 ·
1773 2697 1837 2750 El

244 2778 512 2846 ἀληθινὸν
562 2779 677 2848 φῶς
711 2776 780 2851 ἦν
810 2785 836 2834 ὁ
869 2782 1018 2847 Υἱὸς,
1045 2777 1138 2866 ’ἦν
1165 2783 1226 2836 τὸ
1259 2783 1374 2853 φῶς
1406 2784 1466 2838 τὸ
1518 2786 1778 2855 ἀληθινὸν
1809 2787 1838 2840 ὃ

247 2871 486 2939 φωτίζει
517 2874 695 2927 πάντα
720 2874 1008 2942 ἄνθρωπον
1029 2875 1331 2947 ἐρχόμενον
1353 2878 1433 2942 είς
1455 2878 1546 2931 τὸν
1571 2879 1798 2948 κόσμονο
1813 2899 1832 2932 ι

246 2967 313 3034 τῇ
378 2965 606 3032 συνήθει
665 2967 768 3019 κάν
821 2967 998 3034 τούτῳ
1037 2967 1324 3037 χρώμενος
1374 2969 1618 3042 διαϐολῇ,
1649 2970 1839 3042 ῶσπερ

249 3057 385 3122 περὶ
415 3057 510 3110 δύο
537 3057 734 3127 φώτων
763 3059 1038 3129 ἀληθινῶν
1066 3060 1156 3113 τὸν
1191 3063 1369 3131 μέγαν
1398 3062 1856 3133 διαλαμϐάνοντα

1927 561 2082 631 logos
2124 561 2269 616 dicat
2296 560 2398 633 (2):
2430 581 2448 614 ι
2481 561 2594 616 Hoc
2619 561 2674 614 in
2710 556 3143 630 intelligibilibus
3164 569 3286 610 esse
3312 568 3506 624 supre-

1928 669 2077 708 mum
2110 654 2327 708 lumen»
2367 653 2561 724 (Deum
2599 650 2830 721 scilicet)
2869 648 3047 719 «quod
3077 657 3160 702 est
3183 647 3264 701 sol
3289 646 3342 699 in
3379 660 3508 700 sen-

1925 746 2230 801 sibilibusu
2293 745 2651 800 Manifestum
2692 745 2858 814 igitur
2895 750 3000 805 est,
3037 755 3136 796 sua
3173 739 3351 806 ipsum
3384 751 3511 806 pro-

1925 839 2046 904 bra,
2074 850 2123 895 et
2155 831 2294 910 quas
2318 841 2468 896 cudit
2499 839 2891 910 hlasphemias,
2911 835 3034 891 aliis
3057 834 3330 889 tribuere.
3356 830 3510 884 Illius

1927 930 2070 986 enim
2104 941 2478 986 commentum
2537 939 2641 992 est.
2681 931 2823 1000 quod
2887 928 3070 980 lumen
3107 923 3160 978 in
3203 923 3506 978 substantia

1927 1023 2247 1093 Spiritaliter
2282 1024 2554 1085 videatur.
2583 1037 2647 1076 ac
2690 1037 2868 1091 neque
2906 1019 3088 1073 diuina
3143 1019 3388 1072 essentia
3416 1018 3507 1079 sit,

1925 1129 2026 1169 nec
2050 1113 2327 1184 angelica;
2367 1113 2567 1183 quique
2588 1110 2814 1182 proinde
2856 1125 2966 1164 rem
2990 1109 3150 1168 hanc.
3178 1106 3346 1160 Deum
3371 1106 3513 1158 inter

1929 1213 2096 1274 atque
2145 1202 2436 1271 'angelnm,
2505 1201 2774 1257 statuerit.
2841 1198 3188 1254 Enimveroa
3224 1196 3513 1251 calumnia:

1925 1295 2048 1351 labe
2074 1310 2270 1364 purum
2298 1309 2420 1349 esse
2447 1293 2712 1358 sinamus,
2738 1308 2853 1360 quae
2887 1306 2973 1346 res
3003 1291 3079 1344 illi
3109 1291 3188 1344 sic
3213 1288 3418 1357 ubique
3443 1303 3509 1340 ex

1927 1392 2092 1464 genio
2121 1399 2207 1447 est
2245 1404 2308 1445 ac
2349 1396 2651 1445 consueta:
2693 1380 2805 1442 haSc
2839 1400 2970 1440 vero
3001 1384 3179 1440 solum
3211 1383 3335 1453 quis
3369 1397 3508 1436 cons

1928 1485 2136 1541 sideret
2159 1497 2281 1554 quae
2295 1480 2567 1553 superiori
2586 1481 2762 1550 capite
2780 1478 3199 1534 edisseruimus.
3220 1472 3514 1530 calumnia:

1926 1577 1981 1632 in
2011 1577 2178 1633 Deum
2203 1576 2414 1633 deliria.
2447 1575 2606 1638 Nam,
2638 1582 2697 1628 ut
2730 1573 2965 1638 videtur,
2985 1585 3156 1625 unum
3194 1571 3298 1623 hoc
3337 1575 3511 1621 terre-
3603 1570 3608 1574 ‘

1927 1686 2059 1725 num
2112 1684 2424 1740 crasszeque
2489 1667 2814 1724 substantia:
2857 1663 3076 1729 evertit,
3124 1661 3337 1730 reliqua
3386 1674 3514 1713 vero

1933 1761 2119 1818 omnia
2144 1770 2204 1816 ut
2229 1761 2448 1816 dicatur
2473 1773 2637 1815 suum
2673 1757 2806 1812 illud
2839 1757 3026 1812 lumen
3062 1751 3336 1812 concedit.

2005 1968 2082 2022 Ad
2118 1968 2232 2022 haec
2255 1966 2330 2021 ait
2360 1965 2630 2030 Palamas,
2683 1978 2792 2018 non
2825 1962 3034 2016 dixisse
3065 1957 3420 2029 Evangelium
3447 1957 3513 2010 dc

1935 2060 2046 2115 Deo
2081 2057 2259 2114 Verbo
2288 2077 2300 2113 :
2337 2043 2362 2110 ἰ
2410 2057 2543 2112 Erat
2566 2057 2658 2110 lux
2681 2072 2800 2111 vera
2841 2055 2906 2118 ³⁸,
2941 2064 2994 2109 et
3043 2068 3164 2122 quae
3181 2058 3514 2121 sequuntur,

1933 2152 2028 2207 sed
2052 2150 2233 2204 de-illa
2264 2141 2428 2222 quam
2461 2149 2726 2204 continuit
2752 2162 2814 2200 ac
2836 2146 3019 2201 videre
3037 2143 3340 2207 existimat,
3372 2142 3517 2196 lucc.

1934 2243 2024 2296 Ait
2045 2243 2192 2297 enim
2231 2243 2284 2296 in
2316 2241 2531 2301 iisdem,
2560 2253 2811 2295 sermooe
2840 2236 3228 2308 quarto,cujus
3257 2232 3470 2286 initium
3501 2250 3514 2291 ;

1937 2333 2386 2390 Submurmurans
2407 2331 2545 2386 enim
2561 2346 2678 2402 qua:
2693 2337 2770 2384 est
2790 2330 2840 2382 in
2869 2343 3115 2396 maguum
3136 2325 3308 2378 lumen
3333 2338 3351 2376 :
3376 2343 3392 2374 ι
3406 2325 3423 2376 l
3436 2334 3484 2375 ta
3497 2352 3517 2361 -

1937 2443 2045 2497 que
2071 2425 2432 2488 lumenillud,
2469 2433 2580 2478 tum
2616 2422 2923 2494 symbolum
2951 2429 3055 2484 est,
3091 2427 3204 2471 tum
3244 2418 3335 2471 lux
3365 2430 3514 2469 vera.

1939 2519 2046 2574 Nec
2078 2520 2278 2589 quovis
2301 2518 2464 2572 modo
2489 2517 2577 2569 lux
2607 2530 2753 2575 vera,
2793 2513 2886 2568 scd
2917 2514 3032 2581 ipsa
3067 2512 3158 2564 lux
3191 2525 3314 2563 vera
3377 2517 3518 2574 erat,

1937 2611 2013 2664 uti
2026 2610 2186 2664 etiam
2208 2608 2281 2662 ait
2303 2623 2530 2674 magnus
2552 2605 2812 2660 Basilius:
2843 2603 2898 2658 Si
2927 2619 3054 2657 vera
3075 2603 3164 2655 lux
3188 2600 3380 2663 Filius,
3405 2609 3521 2653 erat

1938 2703 2028 2756 lux
2054 2701 2143 2754 illa
2170 2715 2317 2766 vera,
2350 2714 2473 2768 quae
2517 2697 2788 2751 illuminat
2830 2710 3044 2748 omnem
3111 2693 3387 2746 hominem
3426 2708 3520 2742 vc-

1939 2791 2251 2847 nicntcmin
2277 2797 2418 2845 hunc
2455 2787 2739 2850 mundum;
2789 2806 2807 2837 ι
2859 2786 2947 2839 hic
2992 2799 3212 2854 quoque
3255 2791 3520 2837 consueta

1939 2901 2073 2940 usus
2090 2881 2385 2948 calumnia,
2413 2881 2560 2933 velut
2589 2879 2656 2933 de
2687 2877 2889 2946 duplici
2923 2877 3166 2930 locutum
3205 2875 3327 2929 luce
3365 2891 3518 2932 Vt'l‘u,

1940 2978 2119 3032 virum
2149 2990 2404 3046 magnum
2457 2973 2632 3043 ponit;
2683 2986 2782 3025 nec
2821 2969 3018 3039 quovis
3078 2967 3239 3020 modo
3289 2967 3521 3036 duplici,

1944 3069 2037 3126 sed
2058 3067 2131 3121 ita
2164 3074 2224 3120 ut
2248 3064 2344 3118 Dei
2379 3063 2642 3125 Verbum,
2673 3061 2760 3114 lux
2797 3060 2946 3128 prior
2971 3057 3042 3112 sit
3071 3064 3124 3110 ct
3149 3055 3522 3124 particularis;

248 3149 442 3218 τίθησι
471 3164 486 3178 ·
521 3150 613 3202 καὶ
646 3151 742 3220 οὐχ
771 3151 958 3214 ἅπλῶς
996 3151 1109 3213 δύο,
1145 3152 1281 3206 ἀλλὰ
1311 3155 1404 3206 τὶν
1452 3155 1550 3223 μὲν
1580 3156 1676 3210 τοῦ
1706 3157 1838 3210 Θεοῦ

1945 3160 2086 3232 quod
2124 3174 2253 3214 vero
2275 3157 2364 3211 ille
2390 3156 2573 3209 lumen
2605 3151 3045 3206 comminiscitur
3077 3163 3142 3202 ac
3189 3149 3371 3202 Videre
3425 3163 3527 3215 pu-

249 3242 432 3309 Λόγον
475 3243 786 3312 ἡγούμενον
816 3243 932 3312 φῶς
970 3245 1227 3314 ἀληθινὸν
1260 3247 1357 3300 καὶ
1409 3249 1658 3318 μερικὸν,
1694 3250 1754 3302 τὸ
1785 3251 1842 3304 δὲ

252 3335 388 3403 παρ’
420 3333 592 3387 αὑτοῦ
631 3335 939 3402 φαντασθὲν
987 3335 1105 3405 φῶς
1140 3337 1410 3407 ἑπόμενον
1448 3339 1542 3391 καὶ
1574 3338 1841 3394 καθόλου·

250 3428 460 3481 ὡσανεὶ
494 3427 708 3496 ἔλεγεν,
737 3430 797 3483 El
853 3431 1002 3483 ἔστιν
1055 3430 1365 3501 ἄνθρωπος,
1398 3432 1518 3486 ἔστι
1557 3433 1652 3485 καὶ
1678 3433 1844 3496 ζῶον.

265 3519 436 3572 Ἀλλὰ
475 3521 701 3591 μερικὺν
732 3520 851 3590 φῶς
877 3518 1017 3575 εἶναι
1057 3525 1149 3575 τὸν
1185 3522 1391 3594 Κύριον
1434 3525 1610 3590 οὐδεὶς
1635 3540 1724 3577 πω
1752 3525 1850 3592 μέ-

254 3630 346 3680 χρι
384 3613 484 3664 καὶ
527 3615 769 3683 τήμερον
816 3613 1041 3685 εἴρηκεν
1066 3631 1082 3646 ο
1129 3615 1558 3685 ἀπολελυμένους
1587 3615 1697 3686 γάρ
1726 3617 1849 3669 ἑαυο

256 3705 350 3755 τὸν
380 3702 686 3771 ὀνομάσας,
717 3720 736 3755 ι
790 3702 936 3772 Ἐγώ
975 3705 1097 3774 εἰμι
1125 3705 1187 3758 τδ
1216 3705 1354 3774 φῶς,
1394 3724 1414 3756 ι
1450 3706 1711 3776 οὐδεμίαν
1742 3723 1848 3761 πα-

259 3797 439 3866 ρῆκεν
479 3795 745 3849 ὑπόνοιαν
769 3796 882 3858 τοῖς
907 3795 1015 3849 άπὸ
1046 3794 1142 3849 τοῦ
1179 3797 1406 3866 μερικδν
1443 3796 1608 3850 αὑτὸν
1660 3798 1848 3851 61:01:!—

258 3886 455 3941 θεσθαι
488 3887 606 3952 φῶς
649 3886 994 3957 βλασφημεῖν
1026 3886 1394 3958 αἱρουμένοις.
1430 3889 1542 3958 Οὐχ
1572 3888 1714 3942 οὕτω
1740 3889 1851 3944 λοι-

260 3979 362 4030 πον
404 3975 631 4045 νοητέον
658 3974 759 4047 τὴν
783 3974 877 4029 τοῦ
911 3974 1150 4045 μεγάλου
1187 3976 1345 4046 ῥῆσιν
1374 3993 1388 4008 ο
1414 3977 1533 4030 ἀλλ’
1552 3975 1668 4040 ἐνὸς
1698 3977 1849 4038 ὄντος

257 4068 352 4122 τοῦ
387 4067 576 4136 φωτὸς
612 4067 706 4120 τοῦ
735 4067 1013 4138 ἀληθινοῦ,
1064 4068 1141 4136 τῷ
1177 4055 1459 4133 ὲξὶσάζοντ
1542 4067 1845 4139 κεχρῆσθαι

261 4159 592 4230 συμϐαίνειν
624 4159 734 4211 τῶν
760 4159 1000 4229 τρόπων.
1061 4159 1151 4223 Ὧς
1181 4160 1248 4213 ἂν
1299 4161 1348 4212 εἰ
1397 4159 1606 4228 ἔλεγεν,
1637 4161 1699 4214 Εί
1739 4160 1848 4229 γὰρ

259 4251 557 4320 ἄνθρωπός
591 4251 760 4315 ἐστιν,
785 4250 902 4304 ἐστι
930 4252 1026 4306 καὶ
1057 4251 1199 4316 ζῶον
1224 4251 1443 4319 λογικδν
1492 4251 1686 4322 θνητόν
1712 4269 1726 4283 ο
1758 4253 1851 4306 οὐ-

262 4344 351 4396 δὲν
383 4343 584 4412 ἕτερον
619 4341 907 4411 δηλοῦντος
929 4343 1026 4398 τοῦ
1061 4343 1377 4416 ἀνθρώπου,
1408 4345 1526 4398 ἀλλ’
1554 4345 1587 4416 ἦ
1618 4345 1680 4399 τὸ
1709 4345 1850 4411 ζῶον

258 4431 488 4494 λογικὸν
525 4431 741 4501 θνητόν.

338 4524 469 4576 Ἔτι
501 4520 564 4575 οὗ
591 4540 725 4593 φησι
751 4523 1018 4594 Παλαμᾶς
1044 4524 1144 4595 τὴν
1181 4526 1505 4597 ὕπερούσιον
1539 4528 1730 4584 οὐσίαν
1752 4531 1850 4586 καὶ

261 4614 503 4683 δύναμιν
544 4614 638 4668 τδν
689 4615 788 4670 ἕνα
835 4618 1269 4686 τρισυπὸστατον
1301 4620 1455 4680 Θεὸν,
1480 4622 1588 4675 τῶν
1638 4624 1850 4692 ἐφετῶν

261 4701 410 4758 εἶναι
439 4706 504 4758 τὸ
531 4706 836 4776 ἀκρότατον
857 4724 873 4740 ·
909 4708 1047 4762 ἀλλὰ
1079 4709 1172 4762 τὸν
1197 4710 1274 4773 ὡς
1304 4712 1420 4780 φῶς
1457 4711 1608 4785 αὐτῷ
1642 4732 1851 4783 φανταο

265 4795 470 4848 σθέντα
494 4795 731 4864 δαίμονα
768 4797 866 4849 καὶ
902 4799 1090 4862 κακῶς
1123 4799 1216 4852 ὑπ’
1255 4800 1423 4854 αὐτοῦ
1458 4802 1852 4874 θεοποιηοέντα

263 4885 539 4957 τὴᾓερον.
573 4889 714 4960 Φησὶ
740 4890 854 4959 γάρ
881 4891 940 4943 ὲν
971 4889 1113 4961 λόγῳ
1149 4893 1228 4962 τῷ
1259 4893 1428 4961 αὐτῷ,
1464 4913 1484 4948 ι
1522 4895 1584 4948 El
1615 4896 1725 4967 γὰρ
1758 4898 1853 4950 καὶ

266 4981 386 5049 φῶς
416 4981 532 5049 ἔχει
568 4980 670 5052 τὴν
725 4983 1068 5052 ἐπωνυμίαν,
1099 4983 1237 5037 ἀλλὰ
1283 4987 1380 5037 καὶ
1427 4985 1546 5054 φῶς
1591 4987 1852 5058 ἀληθινὸν

267 5075 558 5128 καλεῖται’
597 5074 801 5147 μᾶλλον
855 5076 914 5129 δὲ
961 5077 1094 5130 αὐτὸ
1143 5079 1204 5134 τὸ
1257 5077 1513 5146 ἀληθινὸν
1551 5078 1689 5147 φῶς,
1717 5079 1746 5132 ὃ
1774 5078 1851 5142 ὡς

269 5171 494 5242 ἱμάτιον
543 5174 572 5226 ὁ
624 5173 760 5236 Θεὸς
815 5172 1205 5229 ἀναϐάλλεται.
1258 5174 1369 5226 Καὶ
1417 5173 1504 5226 ἵνα
1550 5175 1652 5226 τάν
1701 5178 1852 5244 μέσῳ

266 5263 628 5336 ἀδιάρθρωτα
673 5267 770 5320 καὶ
823 5265 1150 5338 ἀσύμϐλητα
1181 5267 1364 5336 παρῶ,
1408 5286 1427 5320 ι
1467 5266 1585 5331 Φῶς
1634 5285 1652 5318 ι
1697 5268 1850 5336 φησὶ,

275 5377 296 5410 ι
335 5359 454 5419 τοῖς
483 5358 665 5426 ἁγίοις
689 5356 988 5428 ὁρώμενον,
1023 5359 1120 5412 καὶ
1146 5357 1358 5420 τούτοις
1385 5359 1444 5412 ἐν
1487 5357 1785 5425 πνεύματι.
1829 5379 1848 5410 ›

268 5445 391 5503 Εἶτ’
438 5450 630 5518 ἐπάγει
660 5449 880 5502 ἐναντία
933 5450 1148 5514 πάντως
1205 5450 1409 5523 ἐαυτῷ*
1453 5468 1472 5504 ι
1515 5451 1632 5514 Φῶς
1741 5451 1854 5505 ἐνε-

358 5630 410 5661 ³³
464 5630 618 5688 Joan.
646 5649 687 5700 ι,
717 5631 804 5688 l9.
882 5628 929 5662 “
954 5629 1115 5688 Joan.
1143 5646 1244 5700 xtl,
1281 5629 1372 5687 46.

350 5812 434 5884 (ἰ)
457 5811 601 5870 Orat.
627 5815 711 5870 δι.
735 5831 799 5871 ex
827 5812 1071 5869 Platone.

1949 3261 2046 3315 tat,
2073 3265 2310 3320 sequens
2343 3263 2408 3302 ac
2447 3245 2796 3300 universalis.
2838 3243 2915 3296 Ac
2944 3240 2989 3294 si
3035 3240 3245 3294 diceret
3295 3255 3308 3290 :
3345 3238 3402 3291 Si
3443 3249 3529 3292 est

1947 3344 2317 3406 homo.etiam
2338 3339 2538 3394 animal
2589 3345 2692 3408 est.
2727 3335 3040 3392 Enimvero.
3090 3332 3384 3386 Dominum
3438 3330 3525 3385 lu-

1946 3451 2064 3491 cem
2129 3448 2250 3489 esse
2319 3430 2731 3501 particularem,
2772 3441 2934 3480 nemo
2983 3426 3248 3478 hactenus
3313 3422 3451 3476 dixit
3507 3441 3520 3476 :

1947 3538 2074 3580 cum
2111 3538 2170 3577 se
2199 3523 2343 3576 enim
2378 3521 2493 3590 ipse
2527 3519 2777 3575 absolute
2808 3515 3173 3571 nominaverit
3217 3532 3230 3566 :
3271 3512 3382 3581 Ego
3407 3528 3526 3564 sum
3587 3563 3604 3574 ,

1949 3614 2042 3668 lux
2080 3614 2147 3680 ³⁵,
2179 3613 2379 3668 nullam
2416 3627 2606 3666 ansam
2637 3609 2888 3679 praebuit,
2916 3607 3118 3677 quibus
3150 3605 3527 3673 blasphemale

1950 3707 2308 3763 constitutum
2365 3707 2456 3771 sit,
2489 3713 2548 3756 ut
2591 3701 2921 3773 particulam
2978 3701 3155 3768 ipsum
3195 3698 3376 3750 lumen
3410 3693 3531 3748 cxi-

1950 3799 2198 3857 stiment.
2226 3796 2334 3853 Nec
2361 3797 2475 3869 jam
2510 3798 2584 3851 ita
2642 3793 2959 3863 accipienda
3001 3791 3180 3862 magni
3211 3790 3392 3844 Basilii
3427 3803 3528 3842 au-

1949 3875 2175 3947 ctoritas
2205 3905 2268 3944 ac
2303 3888 2598 3953 sententia,
2653 3886 2747 3941 sed
2783 3900 2907 3940 cum
2951 3899 3056 3939 una
3110 3883 3183 3938 sit
3237 3882 3327 3934 lux
3375 3895 3526 3945 vera,

1949 3983 2269 4053 exaequandi
2299 3980 2459 4036 modo
2496 3995 2630 4034 usus
2658 3986 2742 4032 est
2773 3977 3133 4046 terminisque
3179 3975 3230 4028 in
3259 3975 3398 4027 idem
3433 3989 3528 4026 va-

1953 4075 2208 4138 lentibus,
2237 4089 2302 4129 ac
2334 4073 2380 4128 si
2423 4072 2631 4126 diceret
2669 4068 2840 4125 :Nam
2881 4068 2928 4123 si
2976 4069 3140 4140 homo
3189 4078 3294 4128 cst,
3346 4074 3430 4120 cst
3479 4072 3534 4116 ct

1952 4166 2155 4220 animal
2195 4176 2354 4221 utens
2399 4164 2632 4230 ratione,
2686 4160 2950 4226 mortale;
3000 4175 3124 4214 cum
3181 4158 3342 4212 homo
3397 4155 3542 4210 nihil

1953 4257 2101 4314 aliud
2135 4258 2423 4329 signiticet,
2458 4271 2621 4328 quam
2662 4253 2867 4310 animal
2901 4253 3167 4308 rationale
3197 4251 3446 4305 mortale.

2028 4526 2298 4581 Praeterea
2331 4536 2440 4576 non
2467 4520 2599 4575 dicit
2646 4519 2916 4580 Palamas,
2940 4511 3531 4585 supersubstantialcm

1957 4615 2320 4674 substantiam
2352 4625 2516 4682 atque
2547 4612 2826 4673 virtutem,
2862 4609 3029 4662 Deum
3060 4607 3202 4662 trino
3230 4604 3537 4658 subsisten-

1958 4720 2091 4776 tem,
2125 4721 2444 4777 supremum
2466 4703 2842 4773 appetihilium
2869 4717 3009 4764 csse,
3037 4699 3129 4754 sed
3162 4713 3324 4765 quem
3367 4697 3533 4748 lumi-

1961 4805 2046 4859 nis
2099 4800 2281 4871 spceie
2322 4805 2664 4853 commentus
2731 4804 2814 4847 est
2881 4793 3208 4860 ila-munem.
3258 4798 3312 4843 et
3373 4803 3534 4857 (ιιι-ἰιι

1962 4895 2106 4951 male
2135 4894 2295 4949 hodie
2327 4891 2494 4946 Deum
2526 4887 2892 4944 consecravit.
2929 4884 3017 4937 Ait
3039 4884 3184 4936 enim
3217 4881 3271 4935 in
3333 4879 3527 4934 eodem

1961 5005 2215 5046 sermone
2247 5005 2263 5042 :
2301 5008 2318 5040 ι
2352 4986 2678 5054 Quanquam
2714 4981 2856 5036 enim
2890 4981 3073 5034 lumen
3111 4957 3534 5045 appellationi-ui

1959 5082 2142 5149 habet,
2177 5097 2361 5134 verum
2393 5081 2484 5132 lux
2523 5092 2740 5149 quoque
2771 5090 2892 5127 vera
2953 5080 3324 5147 nuncupatur.
3363 5065 3540 5131 Quili-

1958 5174 2071 5228 imo
2100 5173 2221 5243 ipsa.
2250 5176 2338 5224 lux
2368 5185 2527 5236 vera,
2549 5184 2712 5240 quam
2746 5167 2890 5221 Deus
2936 5163 3114 5217 induit
3173 5161 3319 5215 sicut
3369 5157 3536 5212 vesti-

1961 5275 2230 5322 mentum.
2268 5282 2286 5315 ι
2325 5263 2390 5317 Ει
2447 5271 2503 5317 ut
2539 5259 2825 5330 interiecta
2867 5257 3187 5312 imlistinma
3253 5251 3538 5318 incompa-

1960 5374 2160 5429 (taque
2182 5357 2429 5412 omittam
2457 5373 2470 5408 :
2503 5373 2521 5407 ι
2575 5353 2812 5422 Lumen,
2839 5351 3038 5420 inquit,
3069 5347 3212 5418 quod
3251 5361 3285 5400 av
3333 5345 3540 5398 sanetis

1963 5451 2203 5518 videtur,
2238 5448 2412 5519 iisque
2441 5449 2494 5504 in
2525 5446 2744 5518 spiritu.
2784 5463 2806 5496 ι
2850 5441 3057 5498 Deinde
3087 5436 3390 5510 subiungit,
3413 5451 3544 5506 quae
