3916 6204
276 374 368 436 697
1002 373 1674 440 ‘PALAMI'FICARUM
1709 368 2468 445 TRANSGRESSIONUM
2509 383 2767 445 LIBER.

3407 380 3515 447 69%

276 481 507 548 ἀληθινὸν
557 482 901 539 διατεῖνεται.
937 486 1009 539 re
1042 487 1096 540 δὲ
1143 490 1330 557 ὄγδοον
1384 491 1519 559 πρὸς
1566 492 1819 555 ἐκείνοις,

1945 492 2192 549 )ctavum
2225 505 2515 563 praeterea,
2550 507 2864 565 supremum
2895 491 3271 563 appetibilium
3307 494 3511 548 omnis-

275 574 328 625 τὸ
353 574 639 643 ἀκρότατον
670 574 778 627 τῶν
820 577 1031 644 ἐφετῶν
1077 582 1169 631 καί
1200 580 1381 634 πᾶσαν
1420 581 1520 652 τὴν
1552 582 1827 652 μακαριό-

275 683 399 734 τητα
427 665 518 719 τὸν
540 667 780 721 τοιοῦτον
805 662 948 724 εἶναι
975 669 1109 724 Θεὸν
1141 674 1449 744 ἐπισχυροϊ.
1467 660 1495 688 ”

339 758 472 828 Πρὸς
517 759 648 812 Θεοῦ
708 759 820 827 (τοῦ
877 769 1315 835 τρισυποστάτου
1376 768 1545 837 φημὶ.
1589 768 1683 819 καὶ
1720 766 1825 822 πά-

276 851 352 905 λαι
394 852 488 921 μὲν
517 855 678 906 πᾶσιν
712 855 832 919 ἑνὸς
868 860 1025 929 κοινῇ
1049 859 1489 928 πρεσϐευομένου
1518 860 1680 927 Θεοῦ,
1710 862 1826 913 νυνὶ

274 946 324 998 δὲ
351 948 453 1008 τοῖς
480 946 833 1017 διωκομένοις
861 950 996 1018 ἡμῖν
1032 951 1198 1020 μόνου
1232 951 1414 1019 Θεοῦ),
1445 952 1498 1005 τί
1527 953 1701 1022 τούτῳ
1729 970 1831 1005 κα-

275 1038 539 1090 ταλέλοιπε
568 1040 834 1109 Παλαμᾶς
862 1044 999 1112 πρὸς
1041 1044 1103 1098 τὸ
1142 1045 1276 1098 Θεὸν
1314 1040 1489 1112 εἶναις
1530 1047 1592 1099 El
1627 1045 1738 1113 γὰρ
1769 1044 1829 1097 τὸ

275 1130 376 1197 φῶς
396 1130 544 1182 τοῦτο
571 1130 631 1183 τὺ
660 1131 733 1199 μὴ
770 1131 829 1185 ὂν
863 1134 1022 1187 οὐσία
1073 1135 1208 1188 Θεοῦ
1236 1136 1382 1205 λέγει
1421 1139 1520 1207 μὲν
1551 1137 1659 1207 πρὸ
1695 1138 1830 1192 πάν-

274 1240 368 1273 των
402 1220 531 1275 εἶναι
588 1227 682 1276 καὶ
730 1227 788 1278 ὲν
820 1226 970 1297 αὑτῷ
1004 1229 1071 1281 τὰ
1102 1230 1281 1282 πάντα
1306 1248 1318 1259 ·
1355 1229 1588 1299 ὁρᾶσθαι
1641 1230 1697 1283 δὲ
1754 1229 1828 1291 ὡς

272 1317 390 1367 θεὸν
418 1317 505 1367 καὶ
536 1317 792 1371 ἐνοῦσθαι
831 1322 946 1383 τοῖς
1008 1323 1164 1384 πᾶσι,
1199 1322 1293 1374 καὶ
1330 1320 1699 1392 δημιουργεῖν
1733 1320 1830 1374 καὶ

274 1410 498 1477 συνέχειν
525 1413 595 1463 τά
627 1411 822 1475 πάντα,
844 1411 905 1463 τὸ
934 1412 1239 1482 ἀκρότατον
1294 1416 1389 1467 καὶ
1443 1414 1696 1485 ἀληθινὸν
1732 1413 1829 1467 καὶ

273 1500 413 1561 τέλος
452 1500 632 1571 πάσης
658 1503 1064 1575 μακαριότητος
1088 1504 1222 1558 αὑτὸ
1259 1507 1528 1577 τυγχάνον
1556 1505 1638 1573 ὃν,
1670 1505 1831 1559 ποίαν

272 1592 432 1660 ἀφῆκε
459 1594 720 1663 λατρείαν
747 1596 826 1664 τῷ
861 1596 1033 1649 πάλαι
1086 1597 1512 1668 πρεσϐευομένου
1545 1596 1687 1667 Θεῷ,
1735 1597 1829 1650 καὶ

269 1683 321 1735 ὃν
346 1682 738 1753 ὑπερκείμενον
787 1687 951 1750 αὑτὸς
982 1688 1272 1743 ἀποκαλεῖ
1306 1690 1440 1759 πρὸς
1490 1690 1831 1743 ἀντιδιαστο·

268 1776 355 1847 λὴν
382 1777 468 1829 τοῦ
497 1777 600 1831 νῦν
641 1779 934 1849 ὑφειμένου
968 1781 1143 1845 Θεοῦ;
1189 1782 1427 1852 Φανερὸν
1463 1782 1557 1837 οὖν
1605 1784 1669 1837 ὲκ
1699 1783 1828 1838 τοὺ-

268 1885 364 1922 των
386 1872 464 1924 ὅτι
488 1874 674 1925 πᾶσαν
702 1874 1034 1945 ὑφελόμενος
1074 1877 1211 1931 Θεοῦ
1244 1877 1524 1950 λατρείαν,
1545 1884 1610 1953 τῇ
1640 1883 1829 1938 τούτου

271 1961 433 2031 φέρων
476 1966 759 2034 ὑπέθηκεν
813 1967 887 2030 ὼς
927 1971 1233 2043 φαντασίᾳο
1274 1972 1368 2025 καὶ
1408 1975 1617 2047 ταύτην
1662 1977 1831 2047 μόνην

270 2054 546 2123 πρεσϐεύει
581 2057 850 2128 πρύτανιν
882 2063 977 2115 καὶ
1009 2062 1291 2135 διοικητὴν
1325 2066 1418 2119 τοῦ
1465 2068 1687 2133 παντός.

332 2235 444 2290 Ἔτι
478 2240 640 2329 πᾶξα
669 2240 892 2313 λατρεία
922 2244 1017 2295 καὶ
1048 2245 1421 2314 προσκύνησις
1472 2245 1538 2320 τῇ
1569 2265 1835 2319 τρισυπο-

273 2332 434 2401 στάτῳ
462 2332 603 2401 παρ’
630 2333 793 2402 ἡμῶν
814 2337 1155 2405 προσάγεται
1184 2337 1367 2405 φύσει,
1393 2340 1467 2403 ὡς
1494 2341 1701 2411 σωτῆρι
1737 2345 1833 2398 καὶ

272 2423 581 2493 δημιουργῷ
612 2427 855 2491 πάντων,
896 2429 1032 2481 καθὸ
1064 2433 1250 2497 φασὶν,
1288 2449 1306 2481 ι
1330 2432 1611 2485 .”Λκτιστε
1673 2433 1831 2500 φύσις

271 2515 300 2584 ἠ
330 2516 425 2569 τῶν
448 2517 597 2570 ὅλων
619 2517 972 2589 δημιουργός.
1014 2539 1034 2573 ι
1067 2522 1164 2574 Ἂν
1192 2521 1247 2574 δὲ
1272 2522 1331 2574 τὸ
1352 2524 1669 2593 Παλαμικὸν
1693 2525 1831 2594 φῶς,

273 2607 395 2676 ὅπερ
424 2609 519 2662 οὑκ
571 2610 719 2663 ἐστιν
760 2613 793 2681 ἡ
837 2612 998 2666 οὐσία
1056 2613 1150 2667 τοῦ
1202 2614 1364 2679 Θεοῦ,
1418 2617 1593 2670 ταῦτα
1653 2621 1834 2675 πάντα

275 2703 401 2752 ποιεῖ
429 2704 531 2754 καί
565 2704 1047 2771 πραγματεύεται,
1099 2706 1275 2779 τούτῳ
1328 2709 1560 2776 μάλιστα
1602 2712 1696 2764 καὶ
1736 2714 1835 2783 τὴν

277 2792 633 2864 προσκύνησιν
664 2796 757 2848 καὶ
783 2796 881 2869 τὴν
943 2796 1199 2869 λατρείαν
1248 2801 1546 2870 ἀπονέμειν
1596 2805 1832 2877 ἀνάγκη,

276 2886 356 2937 καὶ
373 2887 465 2940 οὑκ
494 2890 713 2959 ἐκείνῃ.

341 2980 621 3035 Ἐτικατὰ
662 2986 813 3053 τρεῖς
840 2986 1076 3056 τρόπους
1132 2989 1183 3041 οἱ
1237 2989 1517 3059 ἄνθρωποι
1567 2992 1646 3061 τῷ
1695 2992 1838 3067 Θείῳ

277 3080 563 3149 προσανέχε
578 3098 627 3133 ιν
658 3081 1087 3149 ἀναγκάζονταιο
1117 3083 1181 3137 ἔκ
1206 3102 1265 3137 τε
1294 3084 1405 3139 τῶν
1432 3088 1834 3157 παρελθόντων,

1930 605 2038 659 que
2069 589 2344 645 beatitatis
2375 590 2681 653 cumulum,
2717 587 3027 644 istiusmodi
3060 587 3279 641 asserit.

2001 770 2105 826 Per
2140 769 2307 825 Deum
2340 785 2472 840 rogo
2509 768 2706 839 (Deum
2740 769 3000 824 nimirum
3036 767 3177 822 trine
3201 748 3507 821 subsisten-

1929 873 2059 923 tem.
2086 879 2149 918 ac
2175 878 2335 933 quem
2369 878 2563 917 omnes
2598 862 2964 915 communiter
2989 876 3152 912 unum
3189 857 3358 911 Deum
3384 874 3509 911 sen—

1929 954 2119 1017 tirent,
2165 968 2419 1020 nuucque
2453 952 2613 1007 nobis
2644 953 2735 1021 qtti
2769 954 3209 1021 persecutionem
3264 950 3508 1017 patimur

1930 1047 2083 1101 solus
2108 1044 2250 1099 Deus
2302 1044 2577 1115 exsistat),
2628 1044 2889 1112 quidnam
2949 1042 3023 1096 illi
3080 1040 3330 1094 Palamas
3378 1040 3509 1095 ferit

1931 1138 2200 1202 reliquum
2237 1148 2295 1191 ιιι
2336 1137 2479 1192 Deus
2506 1136 2769 1190 audiret?
2808 1134 2942 1188 Nam
2996 1134 3039 1187 si
3098 1132 3281 1185 lumen
3334 1130 3506 1197 istud,

1930 1229 2077 1299 quod
2106 1243 2212 1282 non
2249 1236 2335 1283 est
2351 1227 2444 1281 Dei
2471 1226 2732 1291 essentia,
2761 1234 2888 1278 ante
2943 1225 3126 1277 omnia
3180 1237 3299 1276 esse
3349 1221 3508 1285 dicit,

1930 1322 2067 1377 etin
2098 1322 2216 1392 ipso
2236 1336 2360 1377 esse
2397 1319 2605 1384 omnia,
2655 1329 2821 1388 atque
2872 1317 3038 1371 videri
3098 1328 3159 1370 ut
3211 1315 3403 1378 Deum,
3454 1323 3512 1368 et

1932 1416 2075 1470 nniri
2109 1414 2393 1477 omnibus,
2452 1423 2506 1467 et
2564 1426 2754 1467 creare
2790 1412 2973 1464 omnia
3022 1420 3077 1465 et
3139 1424 3506 1474 conservare;

1933 1524 2056 1562 cum
2086 1520 2406 1577 supremum
2453 1514 2507 1559 et
2532 1518 2720 1558 verum
2785 1502 2857 1556 sit
2887 1515 2951 1554 ac
3006 1500 3187 1553 omnis
3236 1498 3512 1553 beatitatis

1934 1599 2079 1665 ﬁnis,
2107 1613 2401 1669 quemnam
2442 1598 2646 1651 cultum
2678 1593 2909 1663 reliquit
2949 1593 3056 1647 Deo
3089 1592 3297 1661 pridem
3344 1606 3508 1644 vene-

1939 1694 2207 1750 rationem
2240 1690 2483 1753 habenti,
2518 1698 2571 1743 et
2595 1703 2757 1758 quem
2797 1688 2915 1755 ipse
2950 1685 3279 1738 eminentem
3328 1692 3508 1745 vocat,

1936 1799 2044 1853 quo
2076 1783 2449 1853 distinguatur
2479 1780 2549 1832 ab
2580 1793 2645 1832 eo
2670 1777 2760 1843 qui
2795 1792 2939 1830 nunc
2960 1785 3064 1837 est,
3089 1771 3334 1828 inferiori
3358 1771 3513 1823 Det)?

1934 1875 2282 1930 Manifestum
2316 1874 2499 1943 itaque
2519 1881 2623 1936 est,
2658 1871 2836 1925 ablata
2868 1869 2978 1924 Deo
3002 1867 3150 1923 omni
3200 1866 3512 1920 veneratio-

1935 1984 2005 2024 ne
2035 1983 2100 2023 ac
2134 1967 2382 2031 numine,
2411 1963 2530 2032 ejus
2555 1972 2616 2018 ut
2644 1964 2830 2017 lumen
2858 1969 2944 2017 est
3006 1959 3306 2015 simulacro
3350 1957 3512 2010 detu-

1934 2063 2113 2118 lisse:
2152 2061 2367 2129 hocque
2405 2072 2572 2111 unmn
2634 2056 2829 2109 docere
2895 2068 3078 2106 rerum
3138 2046 3509 2104 universitatis

1934 2154 2202 2210 arbitrum
2226 2166 2290 2205 ac
2323 2155 2742 2217 gubernatorem
2768 2159 2908 2199 esse.

2004 2246 2274 2301 Praeterea
2326 2242 2371 2297 si
2396 2240 2576 2294 omnis
2618 2238 2799 2294 cultus
2862 2246 2915 2290 et
2972 2232 3243 2297 adoratio,
3302 2238 3511 2284 naturae

1937 2341 2079 2395 trine
2109 2337 2485 2394 subsistentia
2510 2333 2669 2388 nobis
2714 2328 2981 2393 defertur,
3017 2336 3075 2381 ut
3102 2340 3208 2396 qua
3261 2323 3506 2377 omnium

1937 2435 2087 2491 salus
2110 2433 2181 2487 sit
2206 2446 2270 2487 ac
2294 2429 2523 2490 creatio,
2552 2424 3013 2497 quemadmodum
3039 2422 3213 2483 aiunt,
3250 2438 3268 2471 ι
3298 2418 3514 2472 luerea-

1941 2539 1992 2583 Ia
2014 2534 2231 2589 natura,
2272 2538 2395 2593 quae
2453 2521 2837 2575 universorum
2873 2516 3105 2570 creatrix
3140 2529 3219 2568 cs.
3275 2531 3294 2564 ι
3333 2510 3516 2579 Siqui-

1936 2623 2060 2678 dem
2084 2621 2273 2691 igitur,
2308 2616 2641 2671 Palamieum
2680 2614 2861 2667 lumen
2890 2619 3087 2664 cuncta
3121 2607 3236 2660 haec
3292 2612 3514 2674 prmstat

1938 2730 2002 2771 ac
2035 2723 2316 2784 operatur,
2353 2710 2483 2764 huic
2527 2708 2764 2763 maxime
2798 2702 3173 2757 adoratioueut
3200 2701 3516 2765 cultumque

1940 2809 2245 2865 tribuamus
2271 2818 2496 2861 necesse
2518 2811 2622 2867 est,
2651 2815 2760 2855 non
2798 2799 2900 2855 illi.

2011 2993 2090 3048 Ad
2116 2991 2230 3045 haec
2266 2988 2517 3043 homines
2545 2982 2720 3038 tribus
2746 2978 2921 3034 modis
2950 2991 3177 3032 necesse
3224 2973 3423 3028 habent
3453 2980 3514 3025 ut

1942 3085 2186 3139 animum
2212 3079 2324 3135 Deo
2365 3078 2659 3131 adhibeant
2693 3090 2797 3128 :ex
2860 3072 3175 3142 praeteritis,
3229 3066 3375 3137 quod
3432 3079 3515 3119 re-

279 3170 730 3241 ὂτιδημιουργὸς.
766 3173 828 3227 ἔκ
859 3192 918 3228 τε
945 3175 1054 3229 τῶν
1091 3177 1428 3243 ἐνεστώτων,
1490 3181 1574 3234 ὅτι
1628 3182 1833 3252 σωτήρ·

1945 3189 2068 3229 rum
2104 3172 2357 3227 conditor
2385 3168 2500 3234 sit;
2534 3183 2598 3220 ex
2666 3162 3021 3233 praesentibus
3068 3159 3211 3229 quoi
3269 3164 3516 3209 servator

279 3260 332 3313 εκ
361 3279 414 3315 τι
446 3265 556 3317 τῶν
599 3266 922 3334 μελλόντων,
969 3268 1052 3321 ὅτι
1080 3286 1138 3321 τε
1191 3270 1425 3340 φοϐερὸς
1463 3272 1553 3326 διὰ
1594 3273 1694 3344 τὴν
1760 3275 1837 3328 δι-

278 3356 588 3424 κιοσύνην⁸
626 3358 720 3410 καὶ
772 3360 856 3411 ὅτι
907 3360 1059 3423 τέλος
1104 3362 1266 3425 αὑτὸς
1325 3364 1434 3416 τῶν
1489 3366 1717 3432 ἐφετῶν.
1774 3368 1837 3420 El

278 3448 467 3515 τοίνυν,
511 3449 596 3510 ῶς
644 3467 777 3518 φησι
844 3453 1129 3524 Παλαμᾶς,
1203 3456 1485 3525 ἀνέπαφός
1536 3459 1654 3511 ἐστι
1710 3461 1839 3512 τοὺ-

278 3555 371 3591 των
448 3543 480 3613 ή
560 3543 687 3597 Θεία
762 3544 941 3611 οὐσία,
1022 3547 1145 3600 οὑδὲ
1216 3548 1387 3619 ταύτῃ
1477 3550 1837 3621 προσανέχειν

282 3631 495 3701 ἀνάγκη.

342 3722 471 3785 Ἔτι,
496 3725 547 3777 εί
576 3723 641 3777 τὸ
675 3724 994 3794 Παλαμικὶν
1043 3726 1179 3796 φῶς,
1214 3729 1308 3781 καὶ
1336 3730 1473 3798 ὅπερ
1507 3728 1669 3792 αὑτὸς
1689 3728 1840 3791 ἐντὸς

284 3814 366 3866 καὶ
396 3817 546 3880 ἐκτὸς
604 3817 718 3870 τῶν
770 3818 1096 3888 σπλάγχνων
1146 3820 1542 3889 συνιστάμενον
1606 3821 1838 3894 καθορᾷ,

282 3901 421 3957 τοῦτό
449 3909 570 3961 ἐστι
608 3910 720 3961 τῶν
749 3910 961 3977 ἐφετῶν
988 3910 1048 3962 τὸ
1086 3911 1315 3980 ἔσχατον
1363 3912 1458 3966 καὶ
1507 3913 1537 3966 ὁ
1600 3914 1709 3978 πᾶς
1743 3916 1841 3979 τῆς

286 4002 674 4069 μακαριότητος
700 4002 883 4069 λόγος,
917 4004 1261 4074 ἀπελήλαται
1286 4007 1382 4058 τοῦ
1434 4006 1601 4076 μέσου
1666 4006 1841 4061 καθά-

286 4087 380 4151 παξ
397 4093 484 4143 καὶ
506 4092 633 4145 θεία
662 4094 841 4158 οὐσία,
871 4095 963 4148 καὶ
994 4097 1103 4148 πᾶν
1131 4096 1310 4148 ὁτιοῦν
1339 4096 1526 4166 ἕτερον
1551 4097 1680 4168 περὶ
1709 4100 1840 4150 ταύ-

285 4195 369 4248 της
400 4184 527 4251 ἡμῖν
554 4187 972 4256 πιστευόμενον,
1028 4189 1189 4259 μόνον
1220 4189 1456 4243 δ’ὲκείνο
1484 4190 1641 4252 Θεός.
1679 4190 1841 4244 "Alo-

290 4274 495 4343 γονγάρ
517 4276 613 4329 τοῦ
665 4278 898 4348 ἐσχάτου
940 4283 1035 4333 καὶ
1088 4282 1401 4335 τελευταίου
1455 4282 1563 4334 τῶν
1622 4282 1841 4350 ἀγαθῶν

285 4358 641 4439 ἐσχατώτερον
657 4368 862 4437 ζητεῖν.
884 4371 1092 4442 Ὀρθῶς
1122 4374 1230 4442 ἄρα
1265 4372 1361 4426 καὶ
1388 4373 1552 4444 ἡμεῖς
1581 4374 1841 4442 ἐλέγομεν

285 4452 471 4525 ταύτην
498 4460 745 4529 ἀκριϐῶς
773 4459 907 4516 εἶναι
941 4465 1039 4535 τὴν
1092 4467 1451 4524 ἀποστασίαν.
1486 4467 1553 4537 ἢν
1605 4467 1633 4518 ὁ
1665 4466 1843 4534 μακάο

1941 3267 2033 3333 sit,
2075 3280 2252 3334 exque
2283 3262 2505 3325 futuris,
2537 3261 2682 3328 quod
2717 3264 2936 3326 prepter
2967 3250 3237 3320 justitiam
3278 3254 3518 3300 tremen-

1939 3361 2043 3415 dus
2070 3360 2161 3422 sit,
2215 3354 2474 3423 quodque
2527 3353 2652 3404 item
2695 3347 2820 3401 linis
2887 3341 3261 3413 appetihilium
3313 3339 3405 3393 sit.
3457 3336 3514 3391 Si

1940 3451 2158 3523 quidem
2192 3448 2376 3519 igitur,
2414 3452 2473 3500 ut
2499 3451 2690 3497 auctor
2721 3448 2804 3495 est
2838 3438 3103 3501 Palamas,
3161 3432 3341 3487 divina
3388 3432 3516 3485 sub-

1940 3542 2267 3600 stantiahazc
2321 3553 2428 3591 non
2454 3537 2685 3601 attingat
2744 3533 2812 3587 ab
2857 3530 3045 3599 eisque
3112 3525 3371 3579 immunis
3420 3524 3514 3587 sit,

1942 3650 2041 3690 nec
2067 3634 2141 3688 illi
2173 3631 2416 3686 animum
2451 3628 2713 3683 adhibere
2747 3637 2973 3678 necesse
3006 3620 3099 3674 sit.

2011 3727 2280 3782 Praeterea
2309 3722 2353 3776 si
2375 3718 2709 3775 Palamieum
2743 3717 2949 3773 lumen.
3001 3710 3261 3780 quodque
3292 3707 3381 3760 ille
3431 3704 3514 3757 iu-

1944 3829 2026 3873 lra
2070 3827 2338 3886 extraque
2368 3813 2576 3867 viscera
2596 3808 2907 3865 consistens
2935 3805 3098 3866 videt,
3131 3803 3234 3856 hoc
3299 3798 3514 3854 Scilicet

1944 3924 2258 3980 supremum
2347 3903 2715 3975 appetibilium
2777 3910 2860 3953 est
2932 3907 3148 3982 togaque
3231 3890 3505 3947 bealitatis

1943 4002 2106 4065 ratio,
2140 4000 2351 4054 sublata
2396 3996 2575 4078 gemel
2610 4009 2640 4049 e
2689 3990 2867 4046 medio
2898 3998 2981 4044 est
3010 3998 3122 4041 tum
3168 3985 3354 4039 divina
3419 3999 3508 4036 es-

1942 4094 2140 4156 senlia,
2176 4103 2289 4146 tum
2326 4075 2585 4159 quidquid
2612 4085 2757 4139 aliud
2799 4083 2867 4137 de
2891 4082 2979 4136 illa
3014 4094 3044 4134 a
3101 4078 3263 4133 nobis
3326 4075 3514 4131 credi-

1944 4196 2057 4251 tur,
2087 4200 2186 4241 nec
2216 4192 2410 4254 przeter
2441 4178 2572 4234 illud
2596 4176 2740 4232 ullus
2772 4174 2916 4229 alius
2944 4174 3088 4228 Deus
3144 4178 3250 4226 est.
3307 4169 3518 4221 Absur-

1943 4281 2071 4335 dum
2106 4290 2339 4345 namque
2367 4282 2471 4336 est,
2500 4286 2566 4325 eo
2596 4268 2743 4339 quod
2798 4279 3116 4335 supremum
3179 4271 3520 4316 extremum-

1943 4387 2050 4442 que
2082 4369 2350 4423 bonorum
2374 4371 2478 4428 est,
2518 4361 2751 4414 ulterius
2786 4356 2988 4426 aliquid
3017 4367 3284 4423 quan-ere.
3348 4345 3517 4398 Recte

1946 4440 2114 4532 igitur
2139 4474 2240 4513 nos
2261 4470 2476 4527 quoque
2507 4453 2851 4513 dicebamus,
2900 4462 3023 4501 esse
3051 4447 3192 4498 hanc
3245 4457 3372 4494 vere
3419 4440 3518 4491 de-

288 4552 597 4623 ριοςεῖρηκε
662 4554 876 4621 Παῦλος
929 4531 1006 4610 ὲν⁷
1037 4560 1289 4629 ἐσχάτοις
1351 4531 1833 4629 παρρησιάσασθαι

1947 4531 2264 4609 lectionem,
2285 4562 2446 4617 quam
2477 4544 2612 4598 dixit
2641 4544 2833 4597 beatus
2859 4538 3062 4595 Paulus
3116 4538 3169 4589 in
3200 4531 3516 4587 novissimis

2667 4650 2763 4670 ..νη
2794 4632 2838 4660 ιτ
