3916 6204
290 328 386 395 ’701

972 402 993 412 ρ
1057 341 1700 407 PALAMITICARUM
1738 346 2506 418 TRANSGRESSIONUM
2542 356 2798 419 LIBER.

3448 364 3555 428 702

291 450 393 519 τῆς
424 451 791 517 ἀποστάσεως
817 455 1159 525 εἰσπηδήσας
1186 457 1214 508 ὁ
1238 458 1528 527 Παλαμᾶς,
1553 461 1649 512 καὶ
1677 461 1740 512 τδ
1766 460 1866 529 μὲν

1987 462 2121 519 .inne
2147 467 2383 525 adorsus
2416 470 2669 526 Palamas
2696 490 2711 539 ;
2747 486 2811 527 ac
2835 486 2959 527 cum
2996 473 3229 542 primum
3258 481 3369 528 tres
3416 490 3551 545 qua-

293 546 515 617 πρῶτον
544 548 694 616 τρεῖς
719 546 753 617 ἦ
774 546 1044 617 τέτταρας
1089 548 1269 617 ἐαυτῷ
1301 549 1666 619 μαθητεύσας,
1698 550 1873 617 ἐνίους

296 641 351 695 δέ
393 641 490 694 καὶ
517 640 631 693 τῶν
656 641 712 693 ἐν
762 639 840 710 τῷ
876 640 1032 710 Ἱερῷ
1086 641 1205 712 ὄρει
1259 642 1709 712 παρυποκλέψας,
1756 640 1876 696 ἐπι-

298 733 573 804 εοὼμενος
602 734 677 799 ῶς
703 734 810 806 ἄρα
845 734 1114 805 Βαρλαάμ
1164 737 1265 801 τὰς
1319 736 1627 807 ἑκασταχοῦ
1677 737 1874 803 θεοφα-

296 825 465 891 νείας,
497 826 722 890 καὶτὰς
764 827 945 881 ἄλλοτ’
983 827 1149 893 ἄλλας
1173 829 1700 899 πραγματευθείσας
1760 830 1874 889 τοῖς

300 919 519 972 πώποτε
550 920 848 992 μακαρίοις
887 922 1210 991 ἐλλάμψεις,
1238 920 1515 992 διασύρει,
1566 922 1661 974 καὶ
1692 921 1876 974 πᾶσαν

299 1012 596 1081 ἀνατρέπει
633 1014 936 1083 μοναχικὴν
964 1013 1302 1067 κατάστασιν
1322 1031 1336 1047 ·
1361 1014 1456 1066 καὶ
1516 1012 1740 1074 τούτους
1788 1010 1877 1063 διὰ

299 1106 501 1158 τούτων
548 1103 851 1174 ὑποσύρας,
909 1106 1001 1158 καὶ
1058 1106 1409 1175 ὑποσημῆναι
1478 1105 1547 1159 δι’
1596 1103 1877 1172 ἁπλότητα

304 1197 729 1264 παρασκευάσας
759 1197 850 1248 τὸν
884 1196 1272 1265 σχεδιασθέντα
1295 1197 1436 1250 κατὰ
1463 1197 1563 1267 τῆς
1592 1196 1878 1260 εύσεὸείας

307 1289 482 1358 Τόμον
509 1289 738 1354 ἐκεῖνον,
785 1288 845 1343 δν
882 1289 978 1342 καὶ
1006 1291 1072 1343 ἐκ
1104 1289 1200 1343 τοῦ
1229 1290 1399 1343 τόπου
1434 1289 1754 1359 ἐπωνυμίας
1785 1306 1880 1341 σα-

305 1380 418 1445 φῶς
453 1381 718 1447 ἠξίωσενε
760 1382 950 1435 ἔπειτα
989 1382 1084 1434 καὶ
1114 1382 1207 1434 ἐπὶ
1241 1382 1340 1453 τὴν
1403 1383 1664 1451 Μεγάλην
1724 1380 1879 1435 πόλιν

302 1472 523 1536 ἐλάσας,
578 1475 673 1527 καὶ
725 1473 778 1527 τί
848 1475 947 1541 μὲν
1008 1473 1332 1537 ὑποδεικνὺς
1376 1474 1436 1528 τὸ
1482 1475 1579 1540 τῆς
1625 1474 1880 1538 ἀσεϐείας

304 1564 439 1634 ὁμοῦ
464 1566 561 1617 καὶ
593 1565 810 1633 ἀπάτης
837 1567 1248 1635 γραμματεῖον,
1300 1566 1353 1619 τί
1381 1566 1438 1619 δὲ
1465 1565 1595 1628 τοὺς
1649 1565 1878 1635 ηκολου-

307 1657 543 1724 θηκότας
576 1656 856 1718 ἀναιδείας
882 1657 1223 1726 ὑπέκκαυμα
1256 1656 1352 1709 καὶ
1377 1656 1690 1727 ἀδολεσχίας
1713 1675 1879 1727 παρι-

307 1749 467 1811 στῶν,
498 1749 676 1800 ἐκεῖνο
702 1747 1020 1818 περιφανῶς
1052 1747 1193 1816 πρὸς
1262 1747 1438 1811 ἐνίους
1478 1748 1587 1802 τῶν
1633 1748 1878 1802 δυνατῶν

299 1838 581 1908 ἐξήνυσεν,
617 1840 646 1893 δ
706 1810 873 1909 φησιν
920 1843 948 1893 ό
986 1810 1165 1908 μέγας
1216 1840 1538 1903 Ἀπόστολος
1566 1856 1581 1871 ο
1613 1857 1632 1891 ι
1684 1840 1877 1893 Ἔσται
1908 1810 1950 1865 Β

299 1934 512 2001 καιρὸς,
542 1933 633 1986 ὅτε
676 1933 777 2001 τῆς
805 1932 1159 2004 ὑγιαινούσης
1201 1933 1548 1995 διδασκαλίας
1626 1932 1728 1985 οὒκ
1781 1933 1879 1984 ἀν-

308 2023 544 2087 έξονται,
583 2022 719 2075 ἀλλά
772 2024 915 2077 κατά
971 2024 1069 2088 τὰς
1137 2024 1273 2086 ίδίας
1321 2023 1621 2092 ἐπιθυμίας
1662 2024 1879 2085 ἑαυτοῖς

301 2115 748 2185 ἐπισωρεύσουσι
782 2115 1169 2180 διδασκάλους,
1207 2115 1531 2186 κνηθόμενοι
1556 2116 1654 2185 τὴν
1686 2117 1874 2185 ἀκοήν.

304 2208 413 2260 Καὶ
436 2209 543 2260 ἀπὸ
585 2207 686 2277 μὲν
747 2208 847 2273 τῆς
910 2207 1168 2278 ἀληθείας
1229 2206 1327 2277 τὴν
1382 2208 1555 2275 ἀκοὴν
1610 2208 1878 2278 ἀποστρέ-

301 2300 466 2369 ψουσι
491 2320 503 2333 σ
544 2303 639 2354 ἐπὶ¹
684 2300 740 2354 δὲ
782 2302 907 2363 τοὺς
937 2299 1143 2370 μύθους
1199 2301 1664 2371 ἐκτραπήσονται.
1701 2320 1719 2352 ι
1772 2300 1879 2353 Καὶ

300 2392 422 2445 οὐδέ
455 2392 684 2455 τούτους
725 2390 912 2454 ἁπλῶς
962 2393 1054 2443 καὶ
1112 2391 1188 2453 ὡς
1252 2390 1462 2459 ἔτυχεν,
1518 2390 1636 2442 ἀλλ’
1689 2389 1765 2453 ὡς
1812 2390 1879 2443 ἂν

214 2535 223 2539 ,
303 2485 437 2552 ἡμῖν
474 2484 690 2553 ῥηθείη,
752 2483 937 2546 πόνοις
999 2482 1265 2553 πρότερον
1326 2483 1555 2554 μακροῖς
1595 2482 1689 2536 καὶ
1744 2485 1878 2536 πᾶσι

302 2578 419 2639 τοῖς
453 2576 757 2646 ἀρέσκουσι
783 2576 920 2647 πρὸς
946 2578 1045 2648 τὴν
1079 2578 1371 2648 τῆςάρχῆς
1404 2578 1617 2646 κλοπὴν
1640 2581 1736 2637 καὶ
1784 2593 1882 2629 πει-
1924 2594 1931 2605 ·

306 2668 604 2739 ριποίησιν.

378 2760 521 2822 Τοὺς
556 2756 651 2813 οῦν
706 2758 881 2822 οὕτως
911 2760 1389 2830 ἐπισωρευθέντας
1436 2761 1653 2825 ἑαυτοῖς
1697 2761 1880 2814 διδασ-

301 2848 527 2913 κάλους,
555 2849 664 2902 τῶν
695 2850 972 2921 τροπαίων
1006 2848 1407 2918 διηνυσμένων,
1436 2852 1518 2913 είς
1548 2850 1879 2921 Ἐκκλησίαν

300 2944 775 3012 καταστήσαντες,
834 2942 932 2996 καὶ
982 2942 1193 3011 ταύτην
1224 2941 1318 2994 τοῦ
1373 2942 1509 2995 Θεοῦ
1577 2943 1879 3012 ὀνομάσανο

296 3051 416 3097 τες,
472 3037 683 3096 πάντας
715 3034 1034 3087 ἐλαύνουσιν
1090 3035 1182 3086 ἐπὶ
1241 3034 1341 3104 τὴν
1393 3035 1711 3103 θρησκείανο
1749 3053 1768 3087 ι
1813 3036 1879 3088 Ἠ

1974 564 2168 611 tuorve
2223 559 2530 631 discipulos
2602 564 2704 617 sibi
2763 564 3126 633 adiunxisset,
3188 574 3353 632 atque
3406 566 3544 620 adeo

1973 646 2254 702 nonnullis
2284 648 2337 702 in
2375 662 2560 705 monte
2590 651 2794 707 Sancto
2818 653 3177 722 obrepsisset,
3206 654 3310 709 hoc
3372 656 3542 708 nimi-

1973 749 2094 787 rum
2128 735 2411 794 Barlaamo
2436 740 2651 795 crimini
2675 750 2917 807 vertens,
2944 757 3006 796 ac
3036 743 3164 798 inde
3188 743 3367 799 dicam
3416 744 3554 798 scri-

1976 827 2109 883 bens
2144 867 2160 891 ,
2221 839 2475 899 Ianquam
2543 833 2680 900 ille,
2731 834 2943 890 divinas
2988 850 3219 905 usquam
3282 835 3554 891 exhibitas

1975 922 2387 990 apparitiones,
2444 925 2688 996 aliasque
2756 928 2877 981 aliis
2934 928 3106 984 beatis
3166 929 3311 990 jviris
3388 930 3555 985 factas

1978 1013 2111 1069 viris
2179 1015 2581 1073 illustrationes
2646 1019 2981 1086 traduceret,
3028 1036 3093 1076 ac
3159 1024 3553 1077 monachorum

1978 1105 2293 1162 institutum
2318 1125 2481 1163 ninne
2519 1119 2839 1179 statumque
2867 1124 3161 1167 everteret.
3218 1112 3423 1181 Hisque
3460 1129 3553 1166 ar—

1979 1200 2123 1256 tibus
2160 1201 2269 1255 illis
2294 1184 2557 1266 seductis,
2595 1218 2659 1257 ac
2699 1220 2793 1272 per
2844 1204 3275 1274 simplicitatem,
3333 1218 3393 1260 ut
3446 1208 3554 1260 'l'n.

1978 1308 2127 1346 mum
2185 1293 2335 1346 illum
2378 1294 2641 1349 adversus
2688 1296 2943 1364 pietatem
2997 1298 3349 1351 tumultuaria
3409 1314 3552 1366 pene

1979 1399 2139 1454 opera
2166 1384 2482 1451 conﬂatum,
2518 1386 3209 1450 subscriberent,inductis
3242 1387 3351 1457 (cui
3386 1388 3551 1440 etiam

1980 1492 2044 1531 ex
2079 1477 2202 1532 loco
2227 1477 2404 1547 palam
2439 1478 2861 1548 appellationem
2899 1478 3119 1549 indidit)
3174 1478 3242 1532 ad
3304 1478 3551 1541 Magnam

1980 1571 2242 1640 deinceps
2279 1572 2561 1640 profectus
2587 1571 2887 1636 civitatem,
2929 1587 3016 1637 ac,
3087 1586 3196 1641 qua
3258 1573 3557 1639 impietatis

1982 1661 2147 1716 simul
2180 1661 2495 1731 errorisque
2526 1661 2767 1716 libellum
2797 1661 3115 1725 ostendens,
3151 1676 3255 1729 qua
3296 1677 3556 1730 sequaces

1984 1753 2389 1824 adjunctosque
2422 1754 2724 1807 monachos
2781 1753 3130 1823 impudentiae
3185 1753 3555 1818 garrulitatis-

1982 1861 2086 1916 que
2121 1845 2423 1901 fomentum
2457 1846 2745 1912 exhibens,
2782 1847 2832 1900 id
2888 1846 3049 1915 plane
3110 1846 3250 1915 apud
3325 1846 3558 1901 nonnul-

1982 1942 2063 1995 los
2096 1947 2408 2008 magnatum
2444 1938 2641 2005 eﬂ‘ecit,
2677 1940 2823 2009 quod
2857 1938 2990 1993 dicit
3036 1954 3268 2004 magnus
3325 1940 3555 2009 Aposm-

1978 2032 2065 2087 lus
2099 2048 2113 2084 :
2156 2032 2301 2086 «Erit
2325 2040 2541 2101 tempus
2570 2047 2693 2086 cum
2733 2048 2918 2086 sanam
2956 2032 3258 2086 doctrinam
3292 2046 3397 2085 non
3431 2048 3553 2087 sus-

1982 2124 2271 2189 tinebunt,
2325 2123 2419 2179 sed
2457 2124 2755 2178 secundum
2782 2123 3049 2177 desideria
3101 2138 3198 2177 sua
3259 2139 3553 2178 coacerva-

1981 2217 2115 2271 bunt
2145 2216 2246 2270 sibi
2285 2216 2595 2286 magistros,
2634 2216 2835 2286 quibus
2866 2231 3027 2271 aures
3077 2216 3346 2284 pruriant.
3414 2216 3476 2269 Et
3524 2234 3552 2267 a

1980 2309 2210 2363 veritate
2237 2308 2455 2377 quidem
2489 2307 2735 2362 auditum
2780 2315 3046 2370 avertenl,
3096 2315 3161 2361 ad
3193 2308 3403 2362 fabulas
3461 2324 3556 2361 au—

1982 2411 2088 2456 tem
2139 2400 2609 2454 convertentur”.
2647 2419 2663 2451 ι
2699 2398 2882 2468 Neque
2915 2400 3013 2452 bos
3051 2398 3247 2468 quovis
3287 2400 3449 2453 modo
3493 2415 3557 2454 ac

1981 2502 2203 2555 temere,
2234 2491 2352 2554 sed,
2374 2500 2434 2545 ut
2464 2493 2586 2560 quis
2616 2490 2783 2554 dicat,
2819 2491 2883 2542 ad
2932 2491 3306 2559 principatum
3368 2491 3554 2544 furtim

1980 2585 2344 2640 invadendum
2372 2598 2607 2651 eumque
2639 2583 2964 2652 parandum,
2996 2581 3169 2648 longis
3200 2582 3350 2649 prius
3402 2582 3556 2636 labo-

1982 2676 2157 2739 ribus,
2189 2690 2253 2730 ac
2280 2674 2495 2731 cunctis
2534 2690 2655 2744 quae
2683 2674 2953 2738 placeant,
2982 2673 3311 2727 instructos.

2052 2767 2155 2822 Eos
2177 2767 2342 2836 igitur
2376 2781 2517 2834 quas
2545 2766 2644 2820 sibi
2682 2766 2975 2833 magistros
3007 2763 3079 2817 ita
3106 2772 3553 2823 coacervassent,

1980 2857 2217 2927 peractis
2249 2857 2489 2926 imparis,
2540 2855 2591 2908 in
2625 2853 2865 2909 Ecclesia
2921 2856 3343 2919 constituentes,
3393 2873 3554 2925 quam

1982 2949 2075 3005 Dei
2108 2956 2529 3018 nuncupassent,
2583 2960 2775 3001 omnes
2807 2946 2872 2999 ad
2900 2948 3105 3000 cultum
3130 2961 3190 2997 ac
3228 2961 3266 2993 Ι⁶ι
3292 2944 3549 3012 Hgionem

1982 3049 2207 3111 cogunt.
2241 3041 2312 3094 ita
2352 3040 2657 3094 clamantes
2685 3052 2750 3092 ac
2782 3038 3060 3093 edicentes
3088 3055 3102 3091 :
3144 3033 3300 3087 illch
3324 3042 3467 3087 tenet
3493 3048 3558 3086 ac

314 3126 615 3194 Ἐκκλησία
676 3125 851 3179 ταῦτα
924 3126 1242 3197 πρεσδεῦει,
1278 3145 1297 3178 ο
1382 3127 1736 3196 κεκραγότες.
1799 3128 1876 3179 Δι’

1987 3132 2133 3187 docet
2185 3130 2479 3185 Ecclesia.»
2531 3124 2898 3194 Quamobrem
2929 3142 3033 3181 nos
3085 3141 3302 3193 quoque
3345 3124 3558 3178 huncce

307 3218 462 3287 ἅπερ
494 3217 588 3270 καὶ
618 3218 780 3287 ἡμεῖς
798 3218 888 3269 τὸν
910 3218 1157 3287 παρόντα
1205 3218 1662 3287 συνεστησάμεθα
1700 3218 1879 3286 λόγον,

301 3309 690 3379 παριστῶντες
713 3308 782 3362 τὰ
796 3310 897 3378 τῆς
927 3309 1265 3380 Ἐκκλησίας
1290 3311 1494 3377 ταύτης
1526 3311 1672 3369 ὅπως
1718 3307 1882 3380 προέ-

298 3405 397 3473 6η,
434 3404 529 3457 καὶ
567 3402 643 3465 ὡς
673 3402 733 3456 ού
760 3402 1009 3469 δικαίως,
1032 3404 1143 3457 οὐδ’
1168 3405 1331 3467 ὁσίως
1399 3404 1477 3473 τῷ
1528 3405 1883 3474 προσρήματι

296 3497 484 3564 τούτῳ
512 3495 756 3563 λέγεται.

373 3588 679 3659 Προσέχειν
718 3589 764 3642 δ’
790 3588 965 3653 ἀξιον,
997 3588 1072 3651 ὼς
1100 3588 1161 3641 οὗ
1222 3588 1365 3641 κατά
1415 3586 1634 3640 πάντων
1671 3588 1804 3656 ἡμῖν
1854 3588 1883 3639 ό

297 3682 463 3748 λόγος
487 3680 766 3751 προῆκται
818 3680 929 3734 τῶν
984 3680 1080 3733 νῦν
1129 3680 1337 3750 ταύτην
1386 3678 1880 3748 συμπληροῦντων,

297 3771 439 3823 ἀλλά
478 3770 604 3838 περὶ
640 3769 819 3837 μόνων
845 3769 1055 3823 τούτων
1098 3768 1304 3839 ταύτην
1334 3768 1436 3839 τὴν
1472 3768 1650 3839 ἀρχὴν
1683 3786 1883 3838 συστηο

299 3862 582 3933 σαμένων,
649 3861 1043 3931 εὐαριθμήτων
1085 3862 1247 3913 τινῶν
1307 3860 1499 3926 ὄντων,
1555 3862 1650 3914 καὶ
1695 3860 1882 3930 σχεδὸν

298 3953 487 4009 αὐτῶν
525 3952 639 4006 τῶν
693 3954 825 4022 ἡμῖν
893 3953 986 4005 ἐπὶ
1038 3953 1322 4024 μαρτυρίᾳ
1367 3954 1879 4023 μνημονευομένων.

298 4046 439 4100 Οῦτε
471 4046 583 4114 γὰρ
610 4045 740 4115 περὶ
766 4045 870 4097 τῶν
903 4044 996 4097 τὸν
1027 4041 1264 4116 ἀριθμὸν
1293 4044 1453 4115 μόνον
1492 4044 1882 4115 συμπληρούνι

299 4154 407 4189 των
438 4137 660 4205 ἀνάγκη
720 4134 921 4204 λέγειν,
978 4135 1103 4189 οὔτε
1158 4136 1303 4201 τινὸς
1341 4137 1449 4190 τῶν
1498 4138 1556 4190 ἐν
1607 4137 1880 4206 ἀξιώμασι

298 4227 743 4297 διαπρεπόντων,
774 4229 871 4280 τοῦ
904 4227 1101 4298 καιροῦ
1133 4229 1296 4282 τοῦτο
1329 4229 1425 4283 καὶ
1458 4228 1560 4298 τῆς
1592 4228 1882 4300 συνηθείας

298 4321 864 4388 καταναγκάσαντοςο
913 4319 1035 4373 οὔτε
1093 4321 1200 4390 μὴν
1238 4319 1347 4374 τῶν
1406 4320 1713 4390 δημοτικῶν
1789 4323 1883 4375 ἀνι

299 4410 469 4480 δρῶν.
488 4409 653 4479 εργον
682 4414 774 4463 τὸν
811 4409 948 4479 βίον,
969 4412 1065 4464 καὶ
1096 4411 1156 4464 οὐ
1181 4411 1281 4480 τὴν
1305 4409 1415 4465 τῶν
1436 4411 1725 4481 δογμάτων
1751 4413 1883 4483 πρό-

298 4517 454 4553 νοιαν
483 4499 848 4569 ποιουμένων.

385 4593 479 4655 Ὠς
502 4591 571 4645 ἂν
602 4591 659 4646 δέ
686 4593 954 4664 πρότερον
977 4593 1070 4646 τὸν
1101 4593 1201 4663 τῆς
1234 4592 1570 4665 Ἐκκλησίας
1613 4594 1708 4648 τοῦ
1741 4595 1878 4649 Θεοῦ

303 4684 531 4754 γνῶμεν
574 4685 718 4753 ὅρον,
760 4684 924 4754 ’Δγία
968 4684 1062 4737 τοῦ
1096 4685 1230 4738 Θεοῦ
1258 4686 1562 4754 Ἐκκλησία
1589 4690 1707 4742 ἐστὶ
1738 4688 1881 4743 κατὰ

306 4778 373 4831 τὰ
423 4778 805 4848 θεοπαράδοτα
845 4779 1003 4845 λόγια
1044 4778 1267 4845 σύναξις
1330 4781 1452 4850 ἱερά
1504 4781 1565 4833 οὐ
1614 4782 1772 4851 μόνον
1818 4784 1883 4851 ἐκ

304 4869 578 4922 πλειόνων
614 4871 710 4921 καὶ
740 4869 1033 4940 μακαρίων
1081 4870 1316 4940 ἀνδρῶν,
1351 4872 1485 4924 ἀλλά
1510 4873 1602 4925 καὶ
1638 4872 1699 4937 ἐξ
1721 4872 1879 4926 ἐλατ-

304 4966 501 5025 τόνων,
534 4965 625 5016 ἐπὶ
657 4963 732 5033 τῷ
785 4963 1010 5033 ὀνόματι
1072 4963 1167 5016 τοῦ
1222 4964 1482 5033 ἀληθινοῦ
1547 4965 1727 5033 φωτὸς
1797 4963 1889 5018 τοῦ

309 5057 649 5127 φωτίζοντος
738 5059 917 5111 πάντα
974 5055 1264 5126 ἄνθρωπον
1324 5058 1617 5126 ἐρχόμενον
1668 5057 1749 5120 είς
1795 5058 1888 5111 τὸν

312 5149 524 5217 κόσμον
566 5147 923 5202 συνελθοῦσα.
994 5148 1051 5201 Ὀ
1086 5147 1196 5219 γὰρ
1245 5148 1386 5218 ἱερὸς
1423 5148 1593 5219 ἔφησέ
1633 5166 1735 5201 που
1797 5149 1886 5201 λό-

310 5257 433 5307 γος,
492 5260 510 5292 ι
545 5241 860 5320 "praecisi
904 5241 997 5295 δύο
1057 5241 1091 5313 ἢ
1139 5244 1289 5311 τρεῖς
1340 5242 1672 5311 συνηγμένοι
1702 5242 1781 5303 είς
1828 5240 1889 5293 τὸ

309 5331 444 5401 ἐμὶν
471 5332 667 5401 δνομα,
695 5334 814 5386 ἐκεῖ
839 5335 956 5402 είμι
990 5333 1048 5386 ἐν
1085 5333 1237 5403 μέσῳ
1266 5331 1470 5388 αὐτῶν.
1507 5351 1525 5383 ι

387 5424 508 5475 Ἔτι
570 5424 728 5492 ’Δγία
784 5423 879 5478 τοῦ
930 5424 1066 5478 Θεοῦ
1113 5427 1263 5478 ἐστιν
1350 5424 1648 5494 Ἐκκλησία
1703 5424 1886 5488 θίασος

319 5515 805 5586 ἱερὸς,σχοίνισμα
852 5516 1219 5587 κληρονομίας
1288 5516 1550 5588 Χριστοῦ·
1614 5517 1891 5570 Βασίλειον

318 5605 639 5675 ἱεράτευμα,
664 5607 793 5671 λαὸς
825 5608 1137 5679 περιούσιος
1162 5607 1321 5671 Θεου,
1354 5608 1447 5660 ἐπὶ
1475 5612 1541 5680 τῇ
1578 5610 1755 5680 πέτρᾳ
1778 5608 1887 5662 τῶν

1986 3231 2275 3277 tractatum
2305 3220 2515 3275 idcirco
2537 3220 2971 3289 composuimus,
2994 3226 3053 3271 ut
3070 3216 3209 3269 hanc
3234 3214 3556 3275 Ecclesiam,

1985 3329 2092 3384 qua
2148 3311 2481 3382 provexerit,
2529 3312 2744 3365 ratione
2804 3309 3189 3370 ostendamus,
3260 3320 3364 3360 nec
3411 3305 3561 3373 juste

1985 3415 2277 3472 sancteque
2303 3421 2421 3458 eam
2461 3403 2564 3461 sibi
2596 3404 2874 3458 vindicare
2920 3400 3365 3471 appellationem,
3402 3413 3561 3453 mou-

1956 3490 1957 3493 “
1984 3509 2244 3553 stremus.

2058 3588 2111 3642 Id
2148 3604 2280 3642 vero
2327 3587 2691 3642 observemus
2724 3600 2906 3656 operae
2940 3585 3175 3655 pretium
3212 3590 3321 3644 est,
3358 3598 3462 3636 non
3505 3582 3562 3638 iu

1984 3694 2176 3735 omnes
2202 3679 2292 3749 qui
2327 3694 2445 3732 eam
2480 3692 2623 3731 nunc
2654 3679 2951 3745 complent,
2985 3691 3085 3730 nos
3126 3690 3440 3729 sermonem
3480 3674 3563 3727 in-

1986 3773 2230 3834 tendere,
2281 3768 2375 3824 sed
2418 3770 2484 3823 de
2515 3768 2621 3822 illis
2654 3768 2918 3822 duntaxat
2975 3766 3148 3836 loqui,
3210 3765 3303 3833 qui
3351 3765 3563 3819 huncce

1985 3862 2352 3931 principatum
2382 3859 2788 3914 constituerunt
2814 3872 2827 3909 :
2859 3856 3015 3925 pauci
3042 3855 3254 3911 scilicet
3284 3854 3566 3919 homines,

1984 3969 2047 4008 ac
2085 3954 2123 4007 ii
2150 3953 2265 4007 fere
2296 3952 2391 4021 qui
2427 3950 2587 4006 nobis
2622 3950 2765 4005 inter
2816 3949 3129 4006 testimonia
3165 3958 3562 4002 memorantur.

1983 4042 2169 4114 Neque
2198 4045 2341 4099 enim
2360 4059 2497 4114 opus
2528 4051 2684 4097 estut
2709 4043 2776 4097 de
2798 4042 2904 4096 illis
2937 4041 3204 4104 dicamus,
3241 4039 3334 4108 qui
3384 4038 3563 4093 solum

1984 4152 2274 4192 numerum
2332 4136 2626 4204 complent,
2668 4148 2768 4189 nec
2816 4148 2948 4189 vero
2983 4132 3050 4187 de
3081 4132 3208 4187 ullis
3241 4147 3429 4185 eorum
3470 4130 3571 4199 qui

1987 4226 2396 4298 magistratibus
2421 4224 2643 4294 fulgent,
2666 4240 2791 4279 cum
2813 4235 2867 4278 et
2886 4235 3125 4290 tempus,
3148 4230 3204 4275 et
3226 4218 3573 4275 consuetudo

1985 4318 2059 4372 ita
2085 4326 2281 4386 cogant
2321 4331 2386 4371 ac
2434 4331 2606 4384 neque
2660 4315 2728 4369 de
2764 4313 3124 4383 popularibus
3182 4313 3438 4382 vulgique
3471 4311 3569 4365 ho-

1987 4410 2251 4471 minibus,
2303 4408 2504 4477 quibus
2553 4422 2716 4477 opus,
2756 4407 2866 4460 vita
2919 4416 3047 4469 est;
3092 4418 3202 4459 non
3247 4404 3567 4473 dogmatunt

1985 4515 2116 4555 cura
2149 4514 2211 4552 ac
2236 4498 2543 4568 diligentia.

2061 4591 2131 4646 Ut
2166 4600 2344 4644 autem
2384 4590 2533 4658 prius
2570 4588 2830 4642 Ecclesiae
2862 4585 2953 4641 Dei
2993 4587 3258 4640 rationem
3295 4585 3563 4646 sciamus.

1985 4692 2173 4738 sancta
2220 4679 2314 4734 Dei
2359 4679 2598 4733 l‘lccbsia
2656 4685 2760 4741 est,
2806 4678 2961 4746 juxta
2990 4678 3249 4732 divinitus
3279 4676 3473 4731 tradita
3511 4686 3565 4731 ct

1988 4774 2290 4829 aPatrihus
2329 4781 2548 4842 accepta
2588 4771 3005 4840 eloquia,sacra
3055 4771 3425 4841 congregatio,
3468 4784 3566 4823 ne-

1987 4869 2116 4922 dum
2148 4881 2211 4919 ex
2247 4864 2493 4934 pluribus
2525 4878 2587 4918 ac
2614 4862 2796 4919 beatis
2824 4862 2954 4916 viris
2985 4877 3345 4931 consurgens,
3372 4861 3465 4915 sed
3494 4876 3561 4915 ex

1988 4961 2057 5015 iis
2081 4960 2269 5023 etiam,
2302 4958 2395 5027 qui
2424 4958 2664 5012 minores
2691 4968 2841 5019 sunt,
2895 4954 2950 5008 in
2995 4954 3219 5009 nomine
3246 4955 3357 5009 veri
3393 4954 3563 5007 intui-

1988 5051 2096 5113 nis,
2126 5049 2270 5120 quod
2308 5048 2583 5103 illuminat
2609 5062 2827 5103 onmem
2864 5047 3140 5101 hominem
3174 5046 3481 5100 venientem
3509 5045 3561 5099 in

1989 5142 2250 5196 mundum
2282 5140 2372 5205 ”;
2440 5140 2579 5195 dixit
2641 5139 2785 5194 enim
2825 5137 3064 5209 quodam
3102 5138 3227 5192 loco
3278 5134 3562 5191 Verbum:

1993 5235 2127 5291 cUbi
2159 5243 2291 5290 sunt
2322 5234 2430 5288 duo
2463 5232 2545 5288 vel
2595 5242 2704 5286 tres
2730 5229 3047 5300 congregati
3079 5229 3132 5284 in
3158 5228 3381 5284 nomine
3416 5242 3562 5293 meo,
3606 5296 3607 5299 η

1984 5322 2065 5381 ibi
2091 5342 2211 5380 sum
2245 5325 2295 5379 in
2329 5325 2509 5379 medio
2537 5339 2726 5378 eorum
2754 5322 2853 5379 ".n

1991 5444 2035 5485 ε»
2064 5417 2330 5473 Praeterea
2352 5425 2537 5471 sancta
2558 5415 2650 5469 Dei
2676 5412 2916 5468 Ecclesia
2942 5420 3047 5476 est,
3070 5426 3224 5467 sacer
3244 5417 3562 5476 conventus,

1996 5511 2276 5569 funiculus
2304 5510 2635 5565 liwreditatis
2654 5507 2859 5564 Christi
2882 5506 2951 5571 ",
2972 5506 3152 5576 regale
3174 5503 3565 5567 sacerdotium,

1992 5605 2223 5676 populus
2244 5603 2624 5674 acquisitionis
2649 5602 2743 5658 Dei
2775 5600 2843 5668 δ’,
2869 5601 2922 5655 in
2950 5608 3102 5669 petra
3130 5595 3565 5668 apostolicarum

396 5783 497 5838 “ll
527 5786 667 5840 Tim.
698 5803 769 5854 tv,
802 5789 853 5842 3.
931 5789 972 5819 ³⁸
999 5784 1153 5841 Joan.
1193 5802 1232 5853 ι,
1265 5786 1320 5841 9.
1400 5788 1443 5821 ⁸ο
1468 5785 1657 5842 .‘latth.
1697 5801 1856 5853 xvm,
1887 5784 1979 5840 20.
2054 5784 2094 5817 “
2120 5784 2273 5842 Deut.
2311 5799 2488 5853 mut,
2523 5784 2576 5839 9.
2654 5781 2908 5837 “ler.
2932 5796 2991 5846 ll,
3017 5778 3072 5834 9.
