3916 6204
536 214 639 280 701

465 404 477 446 ί
536 425 804 479 maximas
833 421 1142 491 reipublicae
1166 417 1393 487 injurias
1415 416 1720 482 damnaque
1742 421 2102 481 computetur,

536 513 889 587 gravissimis
942 513 1103 565 etiam
1129 510 1305 579 legum
1333 508 1509 577 poenis
1540 506 1852 573 subjicitur.
1885 504 2108 574 lllegiti~

540 605 909 673 mumitaque,
934 602 1023 671 qui
1087 603 1166 656 sic
1194 616 1320 656 reus
1345 608 1614 661 teneatur,
1638 599 1703 652 ad
1734 597 1902 652 ullum
1927 597 2108 653 vocari

537 694 922 758 ministerium,
976 691 1242 759 longeque
1283 688 1456 760 magis
1498 687 1705 758 legibus
1724 685 2111 753 adversutn,ut

539 786 759 841 divinus
787 784 859 836 illi
891 781 1229 852 principatus
1261 780 1535 835 credatur.

610 877 825 937 Adhuc,
857 887 1033 942 opera:
1064 871 1297 941 pretium
1328 878 1507 933 est,ut
1530 867 1780 938 quisquis
1794 868 1859 920 ad
1881 866 2107 934 episco-

539 978 722 1038 patum
750 965 1164 1033 animarumque
1188 960 1560 1031 prater-turam
1589 969 1837 1027 vocatur,
1855 957 1944 1011 Dei
1965 958 2017 1011 in
2054 971 2113 1012 se

536 1059 902 1113 testiinonium
931 1052 1294 1110 circumferat.
1327 1050 1381 1105 Id
1410 1060 1590 1106 autem
1648 1060 1733 1105 est
1761 1067 1778 1104 :
1821 1069 1840 1101 ι
1896 1047 2109 1115 Justus,

538 1146 1051 1218 irreprehensibilis,
1081 1145 1149 1198 ab
1175 1144 1320 1196 omni
1351 1157 1408 1197 se
1432 1141 1576 1196 malo
1604 1141 1990 1196 abstinens“.p
2016 1139 2112 1195 Se-

539 1254 637 1292 cus
664 1254 787 1291 vero
823 1235 1097 1289 Palamitae
1115 1234 1216 1287 sibi
1249 1233 1453 1287 conscii
1489 1233 1620 1296 sint,
1645 1232 1913 1301 siquidem
1953 1240 2100 1287 recte

541 1332 724 1384 animo
751 1329 997 1399 judicare
1023 1326 1207 1379 velint.
1249 1325 1387 1393 Ergo
1410 1325 1571 1379 etiam
1603 1324 1823 1393 indigne
1859 1332 2108 1378 sanctam

544 1420 638 1475 Dei
668 1418 1271 1486 Ecclesiamarripuere
1303 1434 1317 1481 ;
1356 1431 1453 1469 nec
1482 1415 1597 1484 jam
1660 1414 1857 1469 merito
1922 1422 2113 1469 sancta

545 1509 638 1563 Dei
662 1507 899 1562 Ecclesia
917 1486 1142 1560 vocandi
1161 1506 1290 1569 sint,
1313 1505 1404 1558 sed
1434 1504 1591 1573 longe
1610 1504 1805 1572 potiori
1817 1502 1943 1573 jure
1970 1518 1999 1557 a
2020 1501 2112 1557 Dei

544 1599 783 1656 Ecclesia
818 1613 1068 1668 segreges
1100 1605 1153 1651 et
1182 1604 1441 1665 apostatae
1464 1595 1760 1650 audierint.

1146 1798 1375 1855 CAPUT
1413 1798 1499 1854 IV.

547 1913 694 1968 Num
751 1921 935 1966 sancta
971 1911 1066 1966 Dei
1116 1910 1366 1972 Ecclesia,
1393 1926 1509 1979 quae
1537 1910 1840 1979 priusquam
1862 1908 2122 1976 conﬂare-

616 1995 702 2037 tur
731 2002 762 2036 a
794 1984 976 2036 divina
1010 1995 1294 2051 sanctaque
1326 1978 1525 2049 synodo
1582 1978 1786 2049 abjecta
1804 1994 1880 2035 est
1908 1990 1956 2033 et
1988 1995 2123 2031 ana—

620 2055 842 2107 themati
899 2052 1120 2106 tradita.

627 2230 700 2284 Ut
738 2226 902 2297 igitur
933 2240 1053 2295 quae
1086 2225 1167 2280 sic
1200 2223 1426 2292 turpiter
1464 2222 1691 2278 conﬂata
1731 2222 1994 2278 sodalitas
2019 2230 2121 2287 est,

549 2326 744 2376 nedum
767 2320 969 2389 quibus
1002 2333 1066 2370 ex
1097 2316 1281 2371 causis
1336 2314 1567 2370 conﬂata
1621 2324 1713 2381 snt,
1770 2316 2122 2370 considerare

547 2412 734 2473 velint.
766 2410 964 2480 quibus
995 2409 1066 2464 sit
1090 2409 1469 2469 constitutum,
1502 2417 1563 2460 ut
1590 2421 1652 2460 ea
1716 2406 1935 2474 sapiant
2004 2420 2126 2473 quae

538 2498 767 2553 .Christi
797 2506 925 2552 sunt
960 2516 973 2562 ;
1001 2496 1096 2553 sed
1121 2505 1179 2551 ut
1215 2496 1394 2551 adhuc
1426 2495 1620 2564 majori
1649 2495 1916 2549 dedecore
1931 2494 2128 2547 habere

548 2606 669 2645 eam
698 2589 1146 2655 existimaverint,
1178 2603 1246 2642 ex
1277 2588 1358 2642 his
1389 2602 1610 2657 quoque
1634 2602 1754 2656 qua:
1776 2593 1830 2641 et
1861 2595 1985 2639 ante
2000 2601 2127 2655 pro-

547 2674 829 2741 ditionem,
863 2676 918 2729 in
950 2675 1116 2729 illosa
1149 2690 1270 2729 vere
1304 2682 1491 2729 saneta
1525 2673 1617 2728 Dei
1678 2675 1920 2728 Ecclesia
1972 2683 2120 2745 gesta

550 2776 698 2833 sunt,
729 2768 1017 2836 poenisque
1035 2767 1311 2836 irrogatis,
1340 2782 1508 2836 pauca
1530 2780 1594 2821 ex
1614 2766 1788 2822 sacris
1809 2766 1955 2821 illius
1974 2782 2129 2822 com-

550 2860 833 2914 mentariis
858 2860 908 2913 in
949 2857 1184 2913 medium
1200 2860 1511 2928 producam.

625 2950 798 3004 Beata:
832 2950 996 3017 igitur
1031 2950 1419 3002 recordationis
1462 2964 1799 3019 magnusque
1818 2951 2127 3019 patriarcha

552 3055 616 3095 ac
640 3039 920 3096 confessor
939 3038 1172 3093 Joannes
1191 3039 1260 3109 (l)
1281 3040 1331 3093 in
1351 3040 1534 3095 multis
1562 3041 1776 3110 quidem
1796 3041 2132 3111 diversisque

554 3133 829 3203 synoilicis
857 3132 970 3186 suis
1009 3132 1342 3193 actionibus,
1376 3130 1674 3199 Palamam,
1699 3148 1761 3187 ac
1779 3134 1869 3202 qui
1888 3148 2010 3187 cum
2031 3134 2124 3189 illo

556 3221 900 3283 sentirent,a
934 3218 1134 3273 divinis
1180 3220 1716 3274 excommunicatum
1783 3225 2132 3293 ejectumque

553 3312 743 3380 septis,
770 3311 1036 3364 sententia
1059 3310 1163 3363 lata
1185 3311 1573 3379 pronuntiavit.
1612 3312 1670 3367 ln
1707 3313 2132 3369 defensioneau-

554 3412 662 3457 tem
696 3403 956 3456 adversus
977 3400 1377 3456 Latrocinalem
1406 3402 1554 3456 illam
1575 3405 1840 3474 synodum
1864 3405 2022 3477 cujus
2040 3422 2135 3461 ex-

561 3495 803 3558 ordium,
858 3494 1126 3563 Objicium
1164 3494 1479 3564 quidam,ut
1508 3511 1763 3565 suprema
1790 3497 1889 3551 viri
1926 3514 2133 3552 memo-

560 3600 670 3639 rem
710 3597 849 3640 recte
885 3586 1023 3642 facta
1057 3602 1120 3640 ac
1152 3588 1382 3641 tuerita:
1422 3587 1747 3643 «Palamitas
1782 3590 1983 3658 itaque,
2050 3591 2136 3643 in-

560 3676 699 3745 quit,
733 3676 878 3730 velut
906 3677 1000 3745 qui
1025 3677 1308 3731 veritatem
1336 3678 1740 3733 calumnientur
1764 3679 1924 3749 eique
1958 3687 2138 3735 detra-

569 3768 724 3833 hant,
762 3783 1034 3837 pravequc
1062 3783 1127 3823 ac
1149 3777 1325 3823 astute
1347 3770 1544 3839 prioris
1590 3769 1783 3838 synodi
1838 3770 2137 3827 sententias

563 3868 807 3913 evertere
835 3866 1106 3926 satagant,
1164 3858 1739 3923 excommunicationi,
1794 3871 1919 3926 qua;
1968 3868 2052 3913 est
2104 3871 2135 3913 a

569 3957 759 4002 sancta
792 3957 846 4000 et
869 3946 1318 4001 consubstantiali
1349 3956 1403 4001 et
1435 3947 1589 4001 beata
1615 3959 1679 3999 ac
1700 3944 1910 4000 viviﬁca
1955 3944 2138 3999 Trini-

565 4046 696 4102 tate,
729 4047 911 4091 nostra
944 4036 1296 4091 mediocritas
1329 4036 1553 4106 subjicit
1603 4035 1851 4106 dirisque
1908 4039 2139 4091 anathe-

566 4126 745 4190 matis,
770 4127 1125 4195 quoadusque
1155 4126 1486 4196 resipuerint
1520 4135 1575 4182 et
1600 4127 2048 4198 subscripserint,
2073 4144 2138 4185 ac

565 4214 801 4269 coniessi
836 4216 1113 4270 veritatem
1147 4216 1368 4271 fuerint.
1401 4234 1419 4268 ι
1473 4215 1772 4287 Paucisque
1805 4218 2136 4286 interiectis:

573 4323 591 4355 ι
628 4302 985 4374 Quapropter,
1005 4305 1179 4375 ipsum
1198 4321 1413 4376 quoque
1434 4305 1707 4361 Palamam
1724 4317 1774 4362 et
1793 4307 2028 4377 quicum
2050 4308 2140 4363 illo

567 4393 829 4461 sentiunt,
860 4403 1195 4465 cunctosque
1214 4410 1348 4448 nova
1371 4386 1462 4448 illa
1488 4396 1738 4466 dogmata
1764 4395 2139 4463 defendentes,

569 4500 669 4539 nec
700 4486 787 4540 illa
816 4485 1144 4557 rejicieutes,
1210 4488 1383 4544 eidem
1411 4486 1959 4544 excommunicationi
1979 4489 2150 4559 subji-

568 4577 796 4631 timus.»

643 4802 750 4869 Qui
782 4817 910 4858 vero
940 4804 1049 4860 duo
1082 4819 1146 4860 ac
1176 4806 1364 4878 viginti
1398 4821 1625 4861 numero
1672 4807 1911 4877 episcopi
1974 4821 2141 4880 syno-

573 4896 705 4950 dum
740 4897 1049 4966 implevere,
1085 4914 1195 4953 uno
1215 4899 1519 4967 complexu,
1553 4911 1665 4954 tum
1694 4910 1822 4955 ante
1853 4901 1992 4966 illos,
2029 4912 2142 4953 tum

575 4986 711 5056 ipsis
737 4989 901 5043 sociis
943 4989 993 5041 in
1029 5004 1139 5043 rem
1164 4990 1378 5059 pietatis
1399 5000 1573 5061 gesta,
1633 5005 1792 5045 sacro
1819 4990 2148 5059 consignan-

578 5086 660 5132 tes
696 5076 887 5141 Tomo,
937 5094 1000 5132 ac
1031 5079 1124 5148 qui
1175 5080 1327 5148 prius
1382 5080 1837 5135 excommunicati
1896 5080 2148 5146 fuissent,

579 5167 658 5219 uti
687 5169 989 5237 audivistis,
1030 5170 1333 5238 [’alatnitas,
1376 5170 1697 5239 proditionis
1754 5170 1979 5240 praemio
2020 5189 2141 5225 mu-

581 5273 713 5312 nera
747 5271 1085 5329 consecutos,
1114 5279 1143 5315 a
1172 5262 1389 5318 Christo
1415 5264 1641 5335 ejusque
1667 5266 1813 5318 omni
1847 5264 2149 5319 sacerdotio

656 5436 700 5467 “
740 5435 846 5492 Tit.
885 5452 923 5501 1,
955 5438 1011 5491 8.

1712 208 2035 270 JOANNlS
2069 204 2628 267 CYPARISSIO'NE

540 336 545 340 ’
605 332 1023 401 Adhaec,omnis
1048 329 1285 401 proditio
1340 340 1403 381 ac
1463 325 1729 394 nequitia,
1794 338 1919 377 cum
1958 322 2101 376 inter
2135 322 2182 379 Δ

3610 206 3699 271 708

2282 322 2427 387 Ἔτι,
2455 323 2609 376 πᾶσα
2658 319 2922 391 προδοσία
2966 318 3058 371 καὶ
3116 314 3356 386 πονηρία,
3391 315 3615 384 μέγιστον
3653 321 3703 375 δν

2210 415 2271 467 ὲν
2297 416 2411 478 τοῖς
2438 413 2720 484 δημοσίοις
2747 413 3013 480 ἀδίκημα,
3045 412 3156 471 τοῖς
3188 410 3363 479 νόμοις
3402 412 3475 473 εἰς
3522 410 3706 480 χείρους

2212 505 2499 559 ὑπόκειται
2536 504 2749 567 ποινάς.
2799 504 3124 573 Παράνομον
3195 502 3370 554 τοίνυν
3429 501 3513 553 τὸν
3562 503 3709 567 οὕτως

2212 596 2517 651 ὑπεύθυνον
2540 597 2634 650 ὲπί
2669 615 2720 649 τι
2746 596 3129 665 λειτούργημα
3151 593 3335 648 καλεῖν
3352 608 3367 622 ⁸
3395 593 3555 661 πολλῷ
3593 596 3708 664 μᾶλ-

2211 690 2304 743 λον
2329 688 2799 761 παρανομώτερον
2822 688 3150 760 ἐγχειρίζειν
3179 687 3324 767 αὐτῷ
3343 686 3438 758 τὴν
3463 688 3562 742 τῶν
3582 687 3714 741 θείων

2210 781 2408 850 ἀρχήν.

2288 872 2412 923 Ἔτι
2450 869 2529 923 δεῖ
2558 868 2732 923 πάντα
2764 868 2858 921 τὸν
2889 868 3027 937 πρὸς
3101 866 3501 937 ἀρχιερωσύνην
3554 870 3717 921 καλοί·

2217 975 2400 1029 μενον,
2443 961 2541 1013 καὶ
2570 958 2758 1028 ψυχῶν
2810 958 3169 1028 προστασίαν,
3207 957 3304 1028 τὴν
3332 956 3419 1010 τοῦ
3447 958 3569 1010 Θεοῦ
3598 977 3721 1029 περι-

2215 1052 2405 1121 φέρειν
2432 1050 2612 1121 ἐαυτῷ
2681 1051 3087 1122 μαρτυρίανοὴ
3130 1050 3176 1104 δ’
3231 1051 3397 1115 ἐστὶν,
3448 1069 3464 1102 ι
3519 1049 3719 1116 Δίκαιος,

2217 1143 2529 1211 ἄμεμπτος,
2563 1144 2900 1212 ἀπεχόμενος
2926 1141 3035 1194 ἀπὸ
3065 1141 3265 1204 παντὸς
3293 1139 3540 1210 πονηροῦ.
3572 1159 3588 1192 ι
3615 1143 3724 1194 Τοῦ-

2216 1234 2428 1286 ναντίον
2453 1234 2508 1287 δὲ
2536 1235 2646 1288 πᾶν
2673 1236 2722 1287 οί
2751 1234 3062 1303 Παλαμὴαι
3095 1235 3376 1301 συγγνοῖεν
3416 1233 3477 1287 ἂν
3532 1234 3724 1296 ἑαυτοῖς,

2217 1326 2273 1378 εί
2291 1343 2351 1391 γε
2380 1324 2653 1380 ἐθέλουσιν
2673 1341 2688 1356 ·
2722 1326 2957 1391 ἀναξίως
3004 1326 3111 1396 ἀρα
3131 1321 3225 1378 οῦν
3256 1324 3352 1377 καὶ
3378 1327 3471 1395 τὴν
3501 1326 3585 1378 τοῦ
3610 1326 3719 1378 Θεοῦ

2219 1419 2384 1483 ἁγίαν
2421 1419 2759 1488 Ἐκκλησίαν
2780 1417 3005 1487 ἔλαχον·
3040 1419 3134 1470 καὶ
3165 1416 3343 1470 οὐκέτ’
3395 1416 3457 1470 ἂν
3512 1411 3639 1470 οῦτοι
3666 1418 3727 1471 δι-

2218 1510 2549 1578 καίωςάγία
2597 1510 2692 1563 τοῦ
2734 1508 2869 1562 Θεοῦ
2911 1508 3222 1579 Ἐκκλησία
3271 1508 3540 1576 κληθεῖεν·
3566 1510 3727 1576 μᾶλλον

2233 1603 2331 1672 μὲν
2355 1598 2449 1656 οὖν
2479 1604 2580 1673 τῆς
2610 1602 2705 1655 τοῦ
2736 1602 2869 1655 Θεοῦ
2896 1602 3227 1672 Ἐκκλησίας
3258 1600 3554 1665 ἀποστάτας
3568 1601 3729 1655 δικαιό-

2231 1711 2388 1765 τερον
2410 1696 2475 1750 ἀν
2504 1712 2589 1757 τις
2632 1695 2833 1758 αὐτοὺς
2861 1692 3006 1749 εἶναι
3039 1694 3199 1763 φαίη.

2820 1810 3075 1864 ΚΕΦΑΛ.
3100 1812 3175 1864 Δ’.

2223 1926 2290 1979 El
2321 1924 2457 1991 ἁγία
2490 1922 2598 1977 τοῦ
2645 1922 2793 1976 Θεοῦ
2843 1924 3014 1976 ἐστιν
3054 1922 3389 1989 Ἐκκλησία
3440 1923 3475 1989 ἡ
3512 1922 3599 1991 καί
3644 1922 3732 1988 πρὸ

2293 1990 2398 2048 τοῦ
2418 1992 2738 2059 »συστῆναι
2771 1992 2933 2060 παρὰ
2962 1992 3071 2060 τῆς
3101 1994 3268 2058 θείας
3308 1993 3403 2047 καί
3432 1990 3579 2060 ἱερᾶς
3620 2008 3735 2045 ουν-

2292 2064 2436 2187 όιέοιί
2459 2063 2878 2130 καθαιρεθεῖσα
2904 2064 3006 2117 καί
3028 2062 3108 2128 τῷ
3130 2063 3449 2132 ἀναθέματι
3472 2078 3728 2130 παραπεμ-

2292 2152 2334 2201 φ
2377 2150 2532 2187 εισα.

2307 2247 2393 2311 Ὠς
2419 2247 2485 2301 ἂν
2518 2248 2702 2301 τοίνυν
2736 2248 2835 2318 τὴν
2867 2247 3043 2311 οὕτως
3073 2246 3323 2317 αίσχρῶς
3372 2249 3627 2300 συστᾶσαν
3657 2264 3737 2312 φα-

2223 2338 2382 2406 τρίαν
2414 2338 2489 2406 μὴ
2524 2338 2685 2405 μόνον
2710 2339 2770 2404 ἐξ
2805 2340 2933 2392 οἴων
2961 2339 3072 2392 τῶν
3110 2338 3376 2409 ἀφορμῶν
3403 2338 3614 2405 συνέστη
3637 2353 3735 2388 σκο-

2226 2434 2349 2485 πεῖν
2386 2431 2626 2485 ἐθέλοιεν
2656 2432 2707 2484 οί
2739 2432 2808 2484 τά
2856 2433 2949 2484 τοῦ
2983 2433 3229 2499 Χριστοῦ
3262 2434 3477 2503 φρονεῖν
3526 2430 3739 2500 βουλόμε-

2227 2540 2331 2583 νοι,
2392 2522 2509 2575 ἀλλ’
2557 2523 2639 2576 ἔτι
2680 2521 3073 2591 ἀγεννέστερον
3129 2523 3281 2592 ἔχειν
3321 2524 3545 2592 ἡγοῖντο,
3589 2520 3670 2571 καὶ
3694 2518 3738 2582 ἐξ

2230 2607 2306 2667 ὧν
2333 2616 2451 2667 κατ’
2479 2613 2688 2677 αὐτῶν,
2729 2613 2824 2668 καὶ
2879 2615 2985 2682 πρὸ
3011 2612 3109 2666 τοῦ
3141 2615 3243 2682 τὴν
3296 2614 3569 2683 προδοσίαν
3594 2611 3739 2669 αὐτοῖς

2230 2707 2307 2767 εἰς
2337 2706 2498 2777 ἔργον
2551 2705 2800 2775 ἑκϐἧναι,
2873 2705 3025 2774 παρά
3072 2706 3176 2775 τῆς
3221 2705 3432 2775 ἀληθῶς
3484 2704 3625 2771 ἁγίας
3667 2698 3739 2751 τοῦ

2233 2795 2369 2847 Θεοῦ
2442 2795 2770 2865 Ἐκκλησίας
2831 2797 3177 2864 πέπρακται,
3251 2796 3406 2863 ὀλίγα
3464 2796 3564 2847 τῶν
3617 2789 3741 2860 ἱερῶν

2233 2887 2448 2955 ἐκείνης
2478 2886 2889 2956 ὑπομνημάτων
2914 2888 2991 2950 είς
3018 2887 3188 2956 μέσον
3210 2888 3421 2956 ἀγάγω.

2318 2982 2375 3032 Ὀ
2402 2982 2502 3051 μὲν
2533 2981 2627 3035 οῦν
2658 2981 2971 3051 μακαρίτης
2998 2982 3091 3035 καὶ
3117 2981 3298 3050 μέγας
3356 2981 3412 3034 ὲν
3435 2976 3742 3048 πατριάρχαις

2232 3070 2261 3121 ὁ
2303 3068 2642 3139 ὁμολογητὴς
2668 3068 2921 3138 Ἰωάννης
2954 3072 3013 3122 ἂν
3065 3071 3293 3133 πολλαῖς
3347 3070 3443 3140 μὲν
3484 3070 3569 3122 καὶ
3599 3067 3743 3130 διαφό-

2237 3180 2349 3234 ροις
2381 3162 2549 3216 αὑτοῦ
2583 3164 2885 3225 συνοδικοῖς
2912 3163 3180 3232 πράξεσιν
3222 3165 3590 3233 ἀποκήρυκτον
3618 3158 3743 3210 θείων

2233 3253 2536 3323 περιϐόλων
2567 3254 2889 3322 ἀπεφήνατο
2924 3252 3221 3321 Παλαμᾶν,
3262 3255 3358 3306 καὶ
3389 3256 3508 3315 τοὺς
3550 3263 3746 3319 συμφρο-

2235 3344 2458 3407 νοῦντας
2493 3343 2642 3413 αύτῷ
2663 3360 2677 3375 ·
2707 3345 2765 3395 ἐν
2791 3344 2846 3395 δὲ
2872 3345 2940 3413 τῇ
2994 3344 3130 3413 πρὸς
3173 3344 3275 3415 τὴν
3310 3341 3590 3415 λῃστρικὴν
3638 3337 3746 3392 tui-

2235 3451 2332 3504 νην
2364 3435 2579 3488 σύνοδον
2609 3435 2895 3506 ἀπολογίᾳ,
2945 3432 3014 3508 ἧς
3060 3436 3089 3505 ἡ
3136 3439 3305 3506 ἀρχὴ,
3357 3429 3748 3502 Προϐάλλονταί

2235 3540 2418 3588 τινες,
2450 3542 2468 3575 ι
2506 3524 2592 3577 ἵνα
2616 3526 2683 3577 τά
2709 3524 2992 3577 τελευταῖα
3022 3525 3246 3594 τάνδρὸς
3264 3522 3576 3595 ἀναμνησθῶ
3599 3535 3749 3588 κατορ-

2237 3616 2467 3686 θώματα
2500 3634 2515 3650 ·
2554 3636 2571 3668 ι
2612 3617 2751 3681 Τοὺς
2804 3617 3123 3687 Παλαμίτας
3183 3618 3303 3682 οῦν,
3341 3636 3360 3669 ι
3412 3618 3583 3687 φησὶν,
3634 3631 3649 3663 ι
3690 3612 3748 3669 ὡς

2239 3707 2713 3776 συκοφαντοῦντας
2787 3711 2881 3762 καὶ
2921 3709 3317 3773 διαϐάλλοντας
3374 3708 3470 3778 τὴν
3511 3705 3745 3775 ἀλήθειαν,

2238 3800 2336 3853 καὶ
2370 3799 2600 3863 σκολιῶς
2643 3801 2740 3852 καὶ
2789 3800 3116 3870 πανούργως
3158 3803 3487 3872 ἀνατρέπειν
3530 3792 3752 3865 πειρωμέ-

2238 3909 2369 3955 νους
2397 3892 2496 3954 τὰς
2520 3891 2625 3960 τῆς
2659 3890 2888 3961 πρώτης
2920 3892 3142 3944 συνόδου
3201 3894 3524 3959 ἀποφάσεις,
3564 3886 3631 3956 τῷ
3669 3883 3750 3937 ἀπὸ

2238 3983 2338 4053 τῆς
2368 3983 2533 4051 ἀγίας
2553 3983 2651 4035 καί
2682 3982 2970 4052 δμοουσίου
3005 3985 3099 4035 καὶ
3124 3986 3404 4053 μακαρίου
3431 3983 3520 4037 καὶ
3557 3980 3751 4045 ζωαρχι·

2240 4076 2342 4145 κῆς
2375 4075 2604 4144 Τριάδος
2632 4073 2924 4145 ἀφορισμῷ
2951 4076 2984 4144 ἡ
3034 4080 3331 4147 μετριότης
3365 4075 3512 4146 ἡμῶν
3555 4068 3752 4123 καθυπο-

2158 2999 2206 3061 C

2243 4166 2448 4233 ϐάλλει,
2482 4166 2577 4221 καὶ
2611 4168 2721 4238 ἀρᾷ
2783 4164 3148 4235 ἀναθέματος,
3188 4168 3296 4230 ἓως
3328 4168 3394 4220 ἂν
3433 4164 3753 4235 μετανοήσωσι

2242 4259 2337 4310 καὶ
2390 4258 2746 4327 ἐπιγράφωσι
2781 4257 2876 4310 καὶ⁸
2925 4257 3307 4327 ὁμολογήσωσι
3340 4260 3436 4326 τὴν
3461 4254 3706 4322 ἀλήθειαν.
3734 4264 3748 4295 ι

2177 4349 2218 4403 D
2249 4350 2357 4401 Καὶ
2389 4348 2530 4417 μετά
2552 4366 2672 4402 τινα
2699 4366 2713 4379 ·
2754 4367 2773 4401 ι
2803 4349 2881 4402 Δι’
2937 4348 2973 4403 ἃ
3035 4353 3129 4403 καὶ
3167 4350 3335 4401 αὑτὸν
3386 4349 3475 4401 τὸν
3520 4341 3755 4410 Παλαμᾶνο

2247 4443 2341 4494 καὶ
2366 4442 2491 4503 τοὺς
2518 4440 2826 4509 ὁμόφρονας
2853 4441 3004 4511 αὑτῴ
3055 4442 3149 4495 καὶ
3182 4443 3391 4504 πάντας
3448 4439 3566 4499 τοὺς
3593 4432 3755 4488 διεκδι-

2248 4531 2478 4594 κοῦντας
2527 4531 2596 4583 τὰ
2651 4531 2874 4583 τοιαῦτα
2942 4532 3253 4600 καινοφανῆ
3304 4532 3541 4600 δόγματα
3572 4525 3653 4578 καὶ
3698 4518 3757 4589 μὴ

2247 4622 2718 4692 ἀποϐαλλομένους
2744 4623 2921 4690 αύτά,“
2941 4623 3019 4694 τῷ
3054 4624 3204 4692 αύτῷ
3229 4620 3515 4693 ἀφορισμῷ
3565 4613 3760 4669 καθυπέ-

2250 4714 2433 4769 ϐαλεν.
2468 4735 2485 4766 ι
2790 4712 2793 4713 ⁷

2311 4809 2371 4861 Οἱ
2400 4806 2444 4859 δ’
2471 4805 2695 4875 ὕστερον
2748 4807 2841 4859 hri.
2870 4805 2991 4858 δυσὶ
3050 4807 3144 4859 καὶ
3189 4806 3367 4859 εἴκοσι
3423 4803 3516 4871 τὴν
3574 4792 3756 4850 σύνοδὸν

2245 4897 2688 4967 ἁποπληροῦντες
2740 4899 3045 4968 ἀρχιερεῖς,
3077 4893 3454 4966 συλληπτικῶς
3482 4890 3550 4943 τά
3592 4902 3644 4939 τε
3674 4879 3758 4947 ειτρὸ

2248 4990 2429 5043 αὐτῶν
2461 4990 2602 5059 ὑπὲρ
2666 4990 2765 5058 τῆς
2829 4989 3111 5052 εὐσεϐείας
3165 4986 3498 5057 πραχθέντα,
3554 4978 3635 5033 καὶ
3667 4969 3758 5045 μετ’

2250 5081 2431 5133 αὐτῶν
2474 5082 2554 5145 εἰς
2586 5082 2733 5150 ἱερὸν
2794 5080 3279 5151 ἐπισημειούμενοι
3312 5080 3486 5148 Τόμον
3537 5073 3622 5126 καὶ
3659 5066 3760 5123 τοὺς

2249 5175 2513 5244 πρότερον
2559 5172 2935 5245 ἐκκηρύκτους
2958 5173 3138 5256 δντς,
3176 5173 3252 5235 ὡς
3288 5169 3589 5240 ὴκηκόειτε,
3615 5159 3759 5214 Πιλα⁶

2258 5265 2443 5334 μίτας,
2479 5260 2642 5317 ἆθλον
2693 5264 2983 5334 προδοσίας
3022 5266 3118 5328 τὰς
3172 5258 3525 5333 ἀρχαιρεσίας
3567 5263 3757 5323 κομισα-

660 5618 723 5687 (I)
748 5618 981 5676 Joatmes
1016 5621 1325 5689 patriarcha
1373 5621 1649 5680 Palamitis
1697 5622 1974 5691 infensus;
2007 5633 2133 5692 puto
2165 5624 2390 5690 Beccus,
2428 5626 2585 5680 noni.
2620 5623 2848 5687 Γλύκυς.
