3916 6204
265 270 351 333 70.)

951 271 1587 336 PALAMITICARUM
1619 273 2369 337 TRANSGRESSIONUM
2405 277 2660 340 LIBER.

3368 280 3478 349 710

259 386 449 453 μένους,
506 379 746 450 Χριστοῦ
789 397 874 446 τε,
919 383 1014 435 καὶ
1075 385 1178 450 τῆς
1234 381 1356 435 κατ’
1397 381 1561 436 αὑτὸν
1613 382 1797 453 πάσης

1915 384 2301 452 tbscindentes,
2326 403 2425 444 nec
2452 403 2557 443 non
2584 389 2808 458 paribus
2833 406 2929 448 eos
2958 396 3209 454 censuris
3263 400 3469 467 pmnis‘

257 476 526 548 ἱερωσύνης
552 477 936 538 ἐκκόπτοντες,
971 475 1062 527 καὶ
1094 477 1211 539 τοῖς
1263 479 1402 539 ἴσοις
1443 475 1641 538 αὐτοὺς
1691 493 1793 529 κα-

254 569 658 631 θυποϐἀλλοντες
690 567 1010 638 ἐπιτιμίοις,
1042 567 1188 620 οὕτω
1242 570 1406 636 φασὶν
1454 571 1514 622 ἐν
1565 567 1794 639 Πράξει,

251 660 302 734 ἦς
328 665 356 733 ἡ
388 663 555 733 ἀρχὴ,
582 662 931 724 Ἀκούσατε,
984 661 1172 731 φυλαὶ
1205 661 1314 730 τῆς
1343 661 1457 731 γῆς
1483 663 1578 716 καὶ
1606 663 1797 732 γλῶσ.

251 772 337 809 σαι
364 771 378 784 ·
422 774 440 806 ι
475 755 588 808 Καὶ
621 752 844 824 πρῶτον
872 753 1076 806 αὐτίκα
1107 751 1202 804 τὸν
1250 752 1332 815 είς
1366 752 1680 823 ὑποψήφιον
1701 769 1794 804 τε·

252 847 419 900 λοῦντα
467 847 566 914 τῆς
598 845 912 914 ἁγιωτάτης
967 843 1355 914 μητροπόλεως
1401 843 1795 914 Μονεμσασίας

261 938 512 1006 Ἰσίδωρον
584 937 885 1007 πειρῶνται
944 937 1053 990 τῶν
1093 937 1190 990 τοῦ
1250 936 1491 1006 Παλαμᾶ
1544 936 1640 989 καὶ
1695 933 1797 999 τῆς

249 1032 436 1084 ἐκείνου
472 1029 785 1100 συμμορίας
826 1029 1136 1096 ἀποστῆσαι
1180 1029 1498 1098 δογμάτων.
1530 1024 1640 1080 ἿΙν
1683 1025 1795 1096 γὰρ

247 1123 297 1190 δὴ
333 1123 422 1174 καὶ
449 1117 608 1185 οὗτος
633 1117 717 1184 εἷς
747 1121 857 1174 τῶν
881 1123 952 1173 τὰ
981 1121 1193 1174 ἐκείνου
1225 1118 1592 1190 φρονούντων,
1623 1118 1673 1170 εί
1701 1117 1796 1170 καὶ

248 1215 401 1268 λαθὼν
445 1218 564 1278 ταῖς
598 1215 1017 1287 ἀρχιερατικαῖς
1050 1212 1294 1267 ὑπέπεσε
1342 1211 1567 1282 ψήφοις.
1616 1208 1794 1263 Ἀντί·

245 1325 395 1360 τνπον
440 1307 498 1360 δὲ
531 1306 624 1360 καὶ
657 1306 848 1359 τοῦτον
872 1304 1171 1374 εὑρηκότες
1201 1304 1298 1356 καλ⁸
1334 1301 1619 1364 παντελῶς
1639 1301 1796 1354 ἀνέν-

242 1399 393 1462 δοτον,
431 1397 523 1451 τοῦ
556 1396 701 1469 ἱεροῦ
731 1395 1060 1450 ἐκϐάλλουσι
1096 1395 1364 1464 βήματος,
1409 1409 1788 1462 παρεσκευασ-

245 1491 389 1560 μένον
419 1491 520 1561 ἧδη
553 1489 996 1557 συλλειτουργεϊν
1054 1489 1395 1558 πατριάρχῃ.
1434 1481 1564 1538 Εἶτα
1591 1485 1686 1538 καὶ
1714 1485 1794 1547 εἰς

241 1581 404 1650 κρίσιν
432 1579 709 1634 καλοῦσιν.
757 1577 816 1631 'U
833 1579 890 1630 δὲ
925 1574 1178 1646 φανερῶς
1217 1573 1563 1644 ὁμολογήσας
1592 1571 1694 1624 οὐκ
1727 1571 1796 1624 ἂν

240 1673 552 1744 αἱρήσεσθαι
592 1672 663 1725 τὰ
686 1670 936 1734 ἐκείνων,
975 1669 1114 1724 ἀλλὰ
1147 1669 1240 1721 καὶ⁸
1281 1668 1382 1736 τὴν
1423 1665 1603 1736 ψυχὴν
1659 1680 1796 1734 προ-

1899 488 2006 542 que
2033 476 2426 544 mancipuntes,
2464 479 2544 534 sic
2576 481 2749 547 aiunt,
2788 483 2839 536 in
2864 485 3098 553 actione,
3130 492 3476 558 cujusexuro

1897 568 2044 622 dium
2084 586 2098 623 :
2134 568 2326 624 Audite
2361 571 2526 624 tribus
2560 582 2714 628 terra
2743 585 2791 627 et
2817 575 3054 644 (inpure:
3093 581 3198 634 «Ac
3236 582 3471 649 primum

1897 660 2106 725 statim,
2131 661 2490 716 sanctissimae
2520 663 2910 722 Monembaseze
2943 672 3304 740 metropoleos
3350 673 3474 728 suf-

1897 749 2208 822 Iraganeum
2234 756 2581 812 exsistentem
2605 757 2893 826 lsidorum,
2923 776 2952 815 a
2979 760 3228 827 Palamae,
3247 763 3475 832 ejusq-e

1897 844 2156 900 factionis,
2187 861 2252 901 ac
2278 848 2662 917 partiariorutn
2691 849 2961 922 dogmatis
2980 868 3209 907 avocare
3269 870 3477 908 conan-

1899 944 2006 992 tur.
2071 935 2196 991 Erat
2221 938 2365 992 enim
2396 939 2443 993 is
2473 954 2690 1010 quoque
2716 957 2857 996 unus
2882 959 3072 998 eorum
3095 946 3186 1016 qui
3221 947 3365 1002 illius
3419 963 3478 1000 e-

1895 1037 2021 1082 rant
2045 1029 2338 1098 opinionis,
2363 1047 2675 1101 quanquam
2705 1033 3041 1104 imprudens,
3067 1038 3473 1106 episc0palilms

1898 1119 2167 1174 obnoxius
2201 1120 2378 1176 factus
2406 1125 2695 1180 sententiis
2746 1137 2848 1182 est.
2906 1127 3282 1185 Reluctantetn
3346 1146 3474 1184 vero

1899 1211 2048 1290 illum
2082 1211 2372 1282 innexique
2396 1230 2622 1284 prorsus
2659 1218 2826 1272 animi
2880 1234 2944 1274 ac
3007 1222 3271 1290 prOpositi
3337 1237 3462 1275 cum

1898 1284 2256 1370 invenissent,
2291 1318 2322 1358 e
2348 1319 2507 1360 sacro
2539 1306 2794 1362 tribunali
2817 1309 3340 1379 eiiciunt,‘cnmjam
3368 1327 3433 1380 pa
3452 1339 3468 1354 -

1899 1400 2050 1448 ratus
2083 1403 2228 1448 esset
2252 1408 2376 1448 cum
2411 1396 2720 1464 patriarcha
2747 1412 2858 1452 rem
2884 1414 3097 1454 sacram
3129 1400 3306 1455 facere
3337 1416 3475 1455 uua-

1898 1500 2006 1553 que
2041 1485 2338 1542 celebrare.
2379 1486 2581 1544 Deinde
2605 1490 2769 1545 etiam
2834 1492 2900 1545 ad
2932 1491 3196 1561 judicium
3251 1503 3472 1550 vocant.

1898 1575 1948 1630 is
1971 1590 2123 1641 vero,
2155 1577 2331 1646 palam
2357 1578 2659 1648 professus,
2693 1597 2971 1652 nunquam
3008 1599 3226 1653 se,qu:e
3260 1583 3476 1639 illorum

1897 1683 2102 1737 essent,
2139 1684 2506 1744 recepturum,
2538 1675 2671 1746 quin
2727 1686 2781 1730 et
2815 1677 3051 1730 animam
3085 1677 3263 1745 potius
3313 1677 3486 1731 tradi-

239 1733 408 1820 δοῦνάι
445 1765 586 1834 μετά
617 1763 718 1833 τῆς
768 1761 1126 1832 Ἐκκλησίας,
1176 1760 1210 1830 ἢ
1261 1733 1595 1828 ἀσύμφωνος
1643 1733 1792 1825 γενέ-

1915 1733 2158 1817 .ιηιιιῐιόι
2183 1733 2498 1830 Ecclesiazn,
2533 1733 2694 1836 quam
2725 1773 2836 1820 uta
2869 1733 3098 1822 Palama.
3137 1769 3481 1837 dissentiret,

243 1859 350 1910 σθαι
374 1857 452 1927 τῷ
487 1857 745 1926 Παλαμᾷ,
775 1857 826 1908 et
847 1871 930 1919 τις
965 1853 1229 1924 βιάσαιτο·
1256 1851 1584 1921 ἀπαρνεϊται
1608 1850 1793 1918 ἀρχιε-

243 1950 474 2022 ρωσύνην
503 1951 594 2002 καί
621 1948 939 2017 ἐκκλησίαν,
990 1942 1058 2017 ἧς
1081 1943 1436 2015 ἐπεκηρύχθη
1466 1940 1791 2000 ἐπίσκοπος·

243 2043 420 2097 οὐκοῦν
461 2045 555 2096 καὶ
598 2040 919 2109 καθαιρέσει
962 2038 1214 2108 συνοδικῇ
1276 2033 1682 2090 ὑποϐάλλεταιο
1718 2032 1794 2093 ὼς

245 2134 326 2186 καὶ
351 2134 491 2202 μετά
512 2133 710 2204 μικρὸν
737 2131 1190 2204 χειροτονηθῆναι
1215 2129 1314 2199 τῆς
1341 2126 1617 2198 λαχούσης
1635 2123 1796 2177 αὑτὸν

245 2223 316 2275 Et:
325 2239 432 2292 ρον.
477 2241 495 2273 ι

314 2317 366 2368 '0
401 2315 456 2368 δέ
486 2331 551 2383 γε
575 2313 815 2384 ἀρχηγὸς
839 2313 934 2366 καὶ
964 2306 1280 2378 προστάτης
1305 2305 1415 2359 τῶν
1434 2301 1800 2374 βλασφημιῶν

251 2408 512 2476 “duplic,
567 2404 634 2457 τά
674 2405 764 2457 ίσα
789 2403 885 2456 καὶ
910 2401 1070 2464 αὐτὸς
1100 2399 1237 2470 μετά
1263 2399 1362 2467 τῆς
1400 2397 1676 2466 ἑταιρείας
1705 2397 1799 2452 αὐ-

250 2498 328 2551 τοῦ
355 2494 791 2567 καταψηφισθεὶς
818 2491 966 2564 (οὔτε
993 2492 1102 2562 γὰρ
1142 2491 1243 2562 τῆς
1291 2490 1596 2552 ἐνστάσεως
1637 2487 1804 2541 ἐνεδί-

251 2591 348 2654 δου,
371 2588 483 2643 οὔθ’
511 2587 761 2643 ὁπωσοῦν
793 2586 1035 2656 καθυφίη
1069 2585 1170 2656 τῆς
1191 2584 1386 2651 ἀλόγου
1439 2581 1802 2650 ἀδολεσχίας),

249 2684 566 2752 ἐκκήρυκτος
592 2680 693 2748 τῆς
739 2676 1062 2749 Ἐκκλησίας
1091 2673 1226 2728 Θεοῦ
1257 2674 1352 2727 καὶ⁵
1379 2670 1682 2743 ἱερωσύνης
1713 2672 1802 2739 γί-

147 2830 150 2831 ν
251 2787 403 2834 νεται,
429 2769 503 2831 ὦς
531 2784 594 2836 γε
625 2766 858 2838 ,διέξεισι
911 2766 980 2818 τά
1009 2765 1131 2819 κατ’
1179 2763 1361 2818 αὐτῶν
1413 2763 1803 2834 ὑπομνήματα,

251 2863 624 2933 εεσημασμένα
652 2859 758 2912 ὑπό
793 2876 851 2912 τε
879 2857 976 2912 τοῦ
1022 2860 1143 2911 τότε
1197 2856 1659 2928 πατριαρχοῦντος
1709 2857 1808 2925 τῆς

252 2953 510 3021 βασιλείας
539 2952 650 3006 τῶν
678 2952 903 3015 πόλεων,
933 2950 1041 3005 ὑπό
1070 2968 1128 3003 τε
1163 2949 1256 3003 τοῦ
1289 2949 1424 3003 Θεοῦ
1458 2949 1662 3012 πόλεως
1696 2947 1812 3002 Ἀν-

1895 1859 1942 1913 si
1968 1872 2089 1927 quae
2115 1857 2192 1912 illi
2227 1859 2309 1913 vis
2344 1859 2713 1924 adhiberetur,
2771 1861 3063 1925 pontificali
3088 1862 3331 1932 dignitati
3394 1879 3480 1918 re-

1895 1949 2134 2016 nuntiat,
2165 1957 2220 2004 et
2255 1947 2527 2015 Ecclesiae,
2556 1953 2643 2004 cui
2674 1949 2971 2021 EpiScopus
3003 1951 3177 2006 fuerat
3207 1955 3476 2008 constitu—

1899 2047 2008 2091 tus.
2039 2037 2224 2106 Itaque
2247 2037 2411 2091 etiam
2437 2037 2711 2109 synodicae
2729 2039 3057 2108 depositioni
3078 2041 3385 2112 subjicitur,
3408 2046 3482 2101 ita

1900 2127 2136 2194 utpaqu
2158 2126 2431 2196 postalius
2453 2128 2798 2184 ordinaretur
2815 2128 2934 2198 ejus
2956 2128 3210 2185 Ecclesiae
3255 2135 3480 2203 praesul,

1899 2235 2062 2291 quam
2085 2219 2177 2275 ille
2207 2229 2352 2276 esset
2389 2229 2600 2275 nactus.

1970 2310 2073 2376 Qui
2101 2318 2281 2364 autem
2302 2310 2763 2380 blasphemiarum
2794 2325 3000 2381 auspex
3033 2322 3178 2370 esset
3209 2329 3274 2369 ac
3319 2315 3468 2370 Prae,-

1902 2415 1992 2456 ses
2044 2398 2314 2463 Palamas,
2402 2398 2518 2468 ipse
2571 2415 2788 2470 quoque
2835 2402 2949 2470 pari
2995 2416 3119 2456 cum
3199 2404 3482 2462 sodalibus

1903 2496 2136 2550 innexus
2185 2492 2453 2548 sententia
2519 2493 2734 2562 (quippe
2791 2507 2917 2547 cum
3000 2495 3135 2550 nihil
3219 2497 3489 2567 pugnacia

1903 2583 2071 2639 animi
2122 2583 2479 2638 obnitentiam
2560 2584 2882 2649 remitteret,
2932 2599 2995 2640 ac
3051 2586 3134 2641 vel
3190 2588 3479 2643 minimum

1907 2678 2170 2732 absonum
2216 2677 2582 2746 nugacitatem
2637 2691 2700 2730 ac
2746 2679 3118 2754 garylitatcm
3189 2681 3488 2751 minueret)

1906 2769 1975 2823 ab
2008 2768 2250 2824 Ecclesia
2277 2767 2370 2822 Dei
2395 2781 2459 2821 ac
2483 2768 2789 2823 sacerdotio
2825 2769 3129 2832 abdicatur,
3161 2772 3234 2826 uti
3258 2781 3488 2828 narrant

1909 2858 2110 2930 scripta
2132 2859 2186 2913 in
2217 2873 2312 2913 eos
2357 2858 2773 2920 commentaria,
2837 2859 2998 2928 regis:
3049 2843 3202 2915 urbis
3255 2862 3490 2931 patriar-

1912 2951 2046 3015 chze,
2086 2963 2320 3004 necnon
2379 2946 2718 3016 Theopoleos
2755 2949 3076 3011 Antiochiae.
3116 2951 3489 3022 singulorum-

254 3045 492 3114 τιοχείας,
515 3046 734 3098 καὶτῶν
764 3043 885 3097 καθ’
905 3044 1136 3097 ἕκαστον
1163 3043 1488 3114 ἀρχιερέων,
1513 3043 1622 3096 τῶν
1635 3058 1693 3095 τε
1714 3042 1806 3094 νῦν

1915 3057 2020 3111 que
2053 3042 2639 3116 episcopornmhtum
2700 3041 2792 3110 qui
2851 3056 2997 3097 nunc
3049 3043 3137 3097 hic
3191 3053 3492 3112 praesentes

258 3135 425 3189 ἐνθάδε
453 3139 752 3206 παρόντων,
786 3139 880 3189 καὶ
912 3135 1021 3189 τῶν
1050 3136 1128 3198 είς
1157 3136 1252 3197 τὰς
1274 3133 1546 3204 λαχούσας
1596 3133 1803 3188 ἰόντων.

261 3227 452 3281 Γίνεται
477 3229 573 3298 μὲν
611 3227 785 3291 οὕτως
818 3229 852 3297 ἡ
888 3228 1094 3287 τούτων
1121 3225 1438 3293 καθαίρεσις
1461 3225 1554 3278 καὶ
1583 3225 1806 3293 ἐπίσχερ

268 3336 338 3382 σις
365 3321 453 3372 καὶ
488 3321 656 3390 ἀργία
684 3335 696 3351 ο
736 3321 784 3373 εί
810 3319 906 3372 καὶ⁵
959 3317 1126 3390 μηδὲν
1180 3316 1515 3387 ἡγησάμενοι
1559 3315 1657 3384 τὴν
1687 3316 1809 3366 ἐπι-

268 3412 481 3484 τίμησιν,
512 3413 818 3483 ἀντείχοντο
842 3414 939 3481 τῆς
968 3409 1289 3482 ίερωσύνης,
1340 3408 1629 3480 τολμηρῶς
1674 3409 1810 3464 ἀναε-

273 3505 496 3575 ιρέροντες
523 3506 620 3569 τὰς
648 3505 914 3577 μυστικὰς
945 3505 1003 3557 ἐν
1032 3501 1335 3575 ἀποκρύφῳ
1366 3501 1579 3566 θυσίας.

337 3778 399 3830 Tia
415 3779 455 3832 δ’
481 3777 625 3848 ἑξῆς,
656 3776 879 3847 εἰρήνης
910 3773 1076 3844 οὔσης
1130 3775 1198 3844 τῇ
1251 3770 1347 3826 τοῦ
1381 3769 1518 3825 Θεοῦ
1581 3766 1813 3837 Ἐκκλη-

278 3871 374 3943 σία,
397 3873 480 3926 καὶ
505 3873 580 3943 τῷ
611 3871 770 3942 μέρει
797 3872 970 3938 τούτῳ
995 3868 1104 3921 τῶν
1143 3866 1483 3937 πραγμάτων
1510 3862 1811 3933 ἡσυχαζόν-

275 3978 387 4026 των,
415 3964 607 4035 στοδρά
633 3981 716 4027 τις
749 3963 992 4016 ἀντιπνεῖ
1033 3959 1260 4030 λαῖλαψ,
1301 3961 1366 4012 ἐκ
1391 3958 1502 4011 τῶν
1552 3957 1646 4010 τοῦ
1703 3955 1811 4008 Σα-

274 4057 392 4125 τανᾷ
414 4053 731 4127 πνευμάτων
759 4051 1151 4123 ἐκφυσηθεῖσα,
1204 4053 1297 4104 καί⁵
1344 4048 1453 4104 πᾶν
1511 4048 1812 4118 ἀνατρέπει

277 4145 360 4196 καὶ
387 4146 696 4215 μετατίθησι
727 4143 808 4207 είς
837 4141 1082 4196 κλύδωνα
1106 4140 1340 4211 χαλεπόν
1372 4153 1386 4169 ο
1441 4138 1534 4190 καὶ
1571 4137 1696 4198 τοὺς
1719 4132 1812 4186 οῦ-

277 4253 342 4289 τω
369 4237 701 4309 βλασφήμους
724 4237 1118 4302 ἀναφανέντας,
1154 4232 1278 4293 τοὺς
1324 4227 1499 4291 οὕτως
1555 4225 1816 4296 ἀληθείας

277 4329 494 4400 ἐχθροὺς,
516 4331 610 4382 ent
638 4326 749 4379 τῶν
782 4324 1014 4394 πρώτων
1041 4319 1240 4372 οἰάκων
1269 4317 1478 4381 καθίζει
1513 4331 1529 4349 ο
1592 4315 1688 4368 καὶ
1740 4313 1815 4365 te-

1911 3144 2058 3198 suut,
2102 3143 2217 3187 tum
2274 3133 2369 3201 qui
2422 3134 2474 3187 in
2533 3149 2662 3189 suas
2720 3135 3008 3203 parochias
3047 3135 3250 3198 ierunt,
3310 3153 3477 3192 manu

1909 3220 2253 3288 consignata.
2291 3219 2455 3289 Inque
2493 3235 2620 3274 enm
2649 3222 2871 3276 modum
2913 3221 3130 3278 illorum
3191 3223 3333 3280 facta
3389 3228 3488 3280 ab.

1910 3311 2113 3366 dicatio
2139 3319 2246 3374 est,
2276 3312 2694 3382 interdictioque
2735 3322 2790 3368 et
2846 3314 3108 3380 cessatio,
3170 3332 3484 3386 quanquam

1912 3403 2061 3458 nullo
2130 3404 2207 3457 illi
2256 3403 2378 3458 loco
2435 3405 2696 3461 habentes
2776 3403 3037 3459 inﬂictam
3111 3407 3483 3463 ecclesias=ica

1911 3494 2387 3550 animadversione
2447 3510 2666 3565 poenam
2705 3535 2720 3560 ,
2780 3495 3147 3550 sacerdotium
3211 3497 3486 3554 nihilomi-

1913 3603 2017 3644 nus
2040 3588 2143 3644 sibi
2200 3588 2518 3652 retinentes,
2573 3588 2832 3657 mysticas
2887 3588 2942 3641 in
3004 3588 3218 3644 occulto
3278 3590 3484 3647 hostias

1914 3679 2206 3734 temerario
2258 3694 2394 3734 ausu
2460 3677 2780 3734 oﬂ’erebant.

1983 3769 2193 3824 Exinde
2219 3785 2367 3834 vero,
2401 3786 2524 3825 cum
2573 3769 2666 3825 Dei
2726 3772 2967 3828 Ecclesia
3024 3789 3155 3842 pace
3207 3777 3486 3845 gauderet

1916 3870 2078 3932 atque
2115 3863 2217 3918 hac
2249 3870 2400 3931 parte
2457 3864 2643 3933 quieto
2711 3880 2798 3921 res
2850 3873 2994 3920 statu
3052 3878 3260 3933 essent,
3329 3870 3490 3924 turbo

1915 3951 2134 4022 quidam
2194 3969 2261 4009 ex
2299 3954 2552 4019 adverso,
2602 3956 2904 4012 vehementi
2973 3959 3210 4030 erumpit
3262 3960 3490 4030 impetu,

1919 4043 2135 4100 Satanae
2167 4056 2457 4101 ventorum
2498 4045 2626 4101 llatu
2655 4049 2888 4114 excitus,
2925 4059 3230 4120 cunctaque
3293 4063 3493 4108 evertat

1917 4149 1983 4190 ac
2004 4135 2058 4188 in
2086 4151 2304 4206 gravem
2337 4135 2598 4192 transfert
2627 4139 2919 4208 procellam
2945 4157 2961 4195 :
3015 4141 3204 4212 sicque
3235 4143 3494 4216 blasphe-

1920 4241 2041 4281 mos
2083 4227 2347 4297 proditos,
2385 4227 2465 4283 sic
2495 4229 2737 4284 veritatis
2758 4229 3032 4298 inimicos,
3074 4234 3264 4302 primis
3292 4238 3487 4306 guber-

1921 4317 2130 4373 naculis
2171 4319 2432 4388 prmiicitf;
2470 4334 2865 4390 sacrorumque
2918 4323 3202 4382 ministros
3236 4337 3291 4382 et
3314 4343 3496 4386 sacci-

282 4423 508 4490 ρουργοὺς
532 4420 660 4482 τοὺς
680 4418 920 4490 ἀρῤητου
930 4415 1090 4485 ργοὺς
1108 4409 1469 4472 ἀναδείκνυσι,
1495 4411 1589 4461 καὶ
1609 4406 1806 4477 δογμά·

1921 4407 2077 4462 dotes
2112 4407 2470 4463 nefandarum
2501 4411 2975 4481 obscenarumqne
3033 4430 3215 4468 rerum
3255 4419 3492 4473 artillces

272 4527 368 4566 των
392 4515 692 4584 προστάτας
720 4509 848 4571 τοὺς
875 4507 1184 4568 ἀποστάτας
1208 4521 1221 4536 ·
1251 4505 1345 4556 καὶ
1390 4501 1576 4572 ψυχῶν
1610 4499 1818 4554 οίκονό-

272 4618 413 4671 μους,
444 4606 562 4663 τοὺς
593 4600 970 4672 παρανόμους·

333 4694 522 4759 [ὶολλάς
551 4695 597 4748 δ’
629 4695 768 4764 ἔχων
790 4689 1160 4744 ἐπιδεικνύναι
1186 4686 1292 4738 τῶν
1330 4699 1391 4736 τε
1457 4680 1818 4752 πατριαρχῶν

265 4789 355 4840 καὶ
381 4788 478 4841 τῶν
503 4785 812 4846 ὑπἀὐτοὺς
857 4780 1161 4852 ἀρχιερέων
1213 4778 1364 4848 κοινῇ
1431 4791 1491 4828 τε
1553 4775 1649 4829 καὶ
1714 4773 1823 4844 ίδία

267 4882 528 4944 motata;
562 4880 701 4933 κατά
723 4877 832 4930 τῶν
860 4875 953 4928 τοῦ
982 4870 1220 4941 Ιιαλαμᾶ
1269 4867 1556 4938 δογμάτων
1604 4864 1825 4934 ἀποφά-

271 4985 400 5036 σεις,
425 4974 505 5025 ἵνα
528 4975 622 5034 τὰς
660 4970 842 5030 πάσας
870 4964 1049 5035 παρῶ,
1077 4963 1204 5032 μιᾶς
1230 4963 1326 5015 καὶ
1370 4959 1538 5030 μόνης
1592 4959 1826 5026 ἐπιμνη-

272 5063 546 5134 σθήσομαι,
577 5064 647 5134 ἢν
701 5061 752 5114 οἱ
787 5060 910 5112 τότε
950 5058 1211 5127 παρεῖχον
1260 5053 1535 5123 ἀρχιερεῖς
1596 5049 1823 5118 γνώμην

271 5154 348 5217 είς
375 5155 558 5224 δεῖγμα
588 5156 686 5223 τῆς
710 5151 888 5205 αὐτῶν
916 5147 1196 5208 εὐσεϐείας
1216 5161 1231 5178 ι
1267 5163 1286 5197 ι
1333 5144 1458 5197 Ὅτι
1519 5141 1725 5212 μηδένα
1744 5142 1826 5203 είς

271 5245 662 5317 ἀρχιερωσύνης
688 5245 904 5311 ἀξίωμα
933 5239 1182 5310 δέχεσθαι
1217 5237 1322 5307 χρὴ
1352 5234 1460 5288 τῶν
1485 5234 1585 5295 τὰς
1637 5247 1827 5284 καινοο

274 5339 464 5402 φωνίας
491 5339 580 5392 τοῦ
610 5335 844 5404 Παλαμᾶ
873 5331 1210 5402 στεργόντων
1242 5329 1334 5380 καὶ
1385 5323 1824 5394 ἀποδεχομένων,

274 5429 377 5492 ἓως
405 5431 464 5484 ἀν
491 5431 710 5492 ταύταις
738 5427 977 5497 ἐμμένῃ.
1019 5442 1038 5475 ι

346 5523 675 5591 τηλικούτων
700 5522 880 5574 τοίνυν
928 5517 1049 5571 κατ’
1078 5515 1256 5570 αὐτῶν
1319 5513 1827 5584 προκεχωρηκότων

277 5613 491 5680 ἀγώνων
524 5617 612 5668 καὶ
639 5612 910 5683 πράξεων,
957 5610 1006 5661 οἱ
1063 5605 1218 5659 πάντ’
1251 5604 1490 5666 ἀναιδεῖς
1549 5601 1826 5671 ἄνθρωποι

283 5709 439 5778 μηδὲν
467 5710 657 5764 τούτων
696 5705 1172 5774 ὑπολογισάμενοι,
1213 5697 1513 5769 ἐπειδήπερ
1556 5690 1826 5763 λαμπρῶῖ

1923 4498 2073 4562 favit,
2112 4500 2441 4562 desertores,
2505 4502 2818 4570 Jogmatum
2895 4503 3171 4571 praesides,
3235 4506 3490 4576 virosque

1923 4590 2217 4645 sceleratos
2250 4591 2554 4646 animarum
2611 4608 2928 4648 oeconomos
2977 4594 3278 4649 constituit.

1993 4678 2244 4748 Cumque
2273 4680 2470 4734 multas
2493 4681 2675 4746 liceat,
2709 4690 2821 4734 tum
2869 4682 3326 4750 patriarcharum,
3376 4695 3489 4740 tum

1923 4774 2293 4846 subiectorum
2319 4773 2428 4828 illis
2454 4773 2763 4842 praesulmn,
2827 4774 3190 4829 communiter
3212 4776 3493 4845 priiatimo
3548 4778 3550 4781 ’

1923 4886 2030 4942 que
2083 4867 2371 4938 synodicas
2431 4863 2692 4920 adversus
2733 4865 2963 4920 Palatnte
3005 4865 3259 4935 dogmata
3320 4871 3494 4923 editas

1922 4960 2218 5017 sententias
2249 4969 2656 5028 repraesentare,
2691 4966 2749 5011 ut
2785 4973 2975 5014 uumes
3021 4959 3216 5014 missas
3271 4959 3494 5024 faciam,

1925 5052 2085 5107 unius
2123 5051 2386 5106 duntaxat
2418 5049 2742 5110 meminero,
2775 5064 2962 5117 quam,
3019 5049 3111 5117 qui
3159 5059 3290 5104 tunc
3340 5063 3496 5106 erant

1924 5141 2186 5211 episcOpi,
2228 5140 2293 5194 ad
2325 5154 2441 5196 sua:
2492 5141 2730 5208 ipsorum
2767 5138 2985 5208 pietatis
3043 5139 3346 5207 specimen,
3392 5145 3491 5195 ιιι--

1927 5240 2076 5286 creto
2107 5230 2426 5285 sancivere:
2468 5247 2484 5280 ι
2528 5228 2802 5282 Neminem
2827 5229 2894 5280 ad
2945 5229 3277 5298 episcopatus
3309 5233 3492 5302 digni-

1929 5334 2090 5377 tatem
2154 5322 2549 5386 assumendum,
2598 5321 2688 5389 qui
2728 5320 2972 5375 Palama:
3021 5338 3199 5374 vocum
3243 5329 3493 5380 novitates

1926 5415 2063 5470 colat
2099 5432 2160 5468 ac
2193 5414 2430 5482 recipiat,
2483 5413 2718 5481 quandiu
2776 5417 2828 5465 in
2872 5415 2945 5466 eis
3008 5418 3430 5484 perseveraverit.
3469 5437 3490 5468 ›

2000 5505 2101 5559 Tot
2129 5506 2290 5575 igitur
2342 5508 2593 5574 .tutisque
2627 5506 2676 5557 in
2711 5521 2804 5558 eos
2831 5507 3154 5560 muneribus
3177 5523 3240 5562 ac
3310 5509 3488 5562 aetio-

1931 5598 2090 5651 nibus
2136 5595 2318 5656 editis,
2373 5595 2472 5647 viri
2525 5609 2620 5662 per
2679 5595 2859 5647 omnia
2923 5593 3222 5666 impudenti
3273 5597 3496 5666 ingenio

1932 5688 2161 5762 pra-diti,
2189 5691 2333 5745 nu’lu
2370 5689 2563 5742 horum
2621 5686 2802 5741 habita
2857 5690 3089 5752 ratione,
3121 5691 3263 5760 quod
3310 5691 3493 5760 splen-
