3980 6208
297 296 400 362 745

1142 294 1379 355 DECAS
1409 295 1461 354 ῐ.
1496 318 1564 330 -
1610 293 1705 354 DE
1747 292 2192 356 THEOLOGIA
2238 294 2695 363 SYMBOLICA.

3426 294 3532 358 ’746

294 410 434 465 riora
465 408 556 464 Dei
584 407 724 478 apud
759 405 978 478 Moysen
1000 443 1017 469 ,
1049 407 1177 460 item
1212 406 1300 462 illa
1334 407 1475 478 apud
1506 404 1722 475 Isaiam,
1762 408 1863 463 Da-
1886 422 1938 484 Α
1963 407 2304 465 sliirmantis.
2327 408 2464 465 Pars
2486 424 2616 465 vero
2647 409 2932 485 theolOgiae
2956 410 3393 466 demonstrativae
3415 424 3537 481 qua:

294 505 513 567 nielem,
563 512 618 558 et
647 501 986 558 Ezechielsm
1010 540 1024 565 ,
1054 510 1109 555 et
1137 500 1276 555 alios
1310 499 1613 555 secundum
1644 513 1864 554 sensum

291 594 562 661 formata;
611 602 706 649 aut
737 592 1073 648 describitur
1122 606 1223 660 per
1272 590 1685 645 translationem
1718 587 1866 644 verbi

291 688 593 743 secundum
623 687 983 749 intellectum,
1016 693 1077 739 ut
1115 685 1348 739 ebrietas
1385 690 1439 736 et
1480 682 1699 751 crapula
1731 680 1823 734 Dei
1848 719 1863 745 ,

287 781 510 851 vigilia,
548 793 775 835 somnus
810 793 961 833 arma
1007 778 1075 832 ad
1126 776 1519 847 protegendum
1567 784 1620 828 et
1661 773 1728 826 ad
1769 789 1867 827 no-

287 873 527 927 cendum
551 913 565 937 ,
590 880 644 924 et
680 880 874 924 ctetera
910 870 1095 924 omnia
1124 883 1246 937 quas
1272 867 1338 921 ad
1371 866 1732 919 imitationem
1769 862 1867 917 bo-

287 964 499 1017 minum
537 964 675 1018 facta
711 969 863 1017 sunt.
889 961 1020 1014 Alia-
1052 959 1174 1015 dute
1206 968 1388 1028 partes
1415 966 1559 1022 sunt,
1585 970 1690 1010 una
1717 954 1865 1009 theo-

283 1057 445 1124 logite.
477 1053 797 1108 aliirmantis
817 1091 831 1114 ,
863 1060 923 1107 ut
948 1066 1071 1106 cum
1103 1051 1362 1111 dicimus,
1399 1048 1564 1103 Deum
1615 1047 1817 1101 bonum
1842 1086 1856 1111 ,

282 1146 616 1215 sapientem,
635 1153 909 1206 sanctum,
933 1143 1175 1207 beatum,
1200 1140 1549 1201 salvatorem.
1575 1147 1629 1193 et
1652 1138 1859 1207 reliqua

279 1239 496 1300 omnia,
535 1236 736 1307 quibus
767 1249 891 1289 eum
933 1234 1142 1288 sientes
1189 1233 1513 1290 laudamus:
1546 1230 1631 1286 vel
1666 1245 1860 1286 rursus

279 1327 559 1399 negantis,
588 1335 647 1380 ut
700 1339 825 1379 cttm
857 1323 1036 1393 ipsum
1081 1337 1341 1377 vocamus
1387 1321 1733 1382 invisibilem,
1770 1321 1860 1375 in-

277 1415 865 1488 eoruprehensibilem,
883 1412 1437 1485 suprasubstantiam,
1460 1411 1856 1481 suprabonntn,

274 1508 750 1583 supraviventem,
782 1504 1253 1576 snprasa'pientem
1292 1518 1309 1560 :
1341 1503 1457 1558 haec
1494 1501 1639 1557 enim
1672 1501 1856 1556 omnia

276 1600 397 1657 sive
449 1598 752 1670 privanter,
806 1595 1088 1666 superlata
1134 1594 1429 1659 dicantur,
1478 1591 1856 1664 negationibus

272 1690 653 1746 declarantur.
706 1686 844 1744 Cum
886 1686 1055 1755 igitur
1092 1694 1328 1755 quatuor
1357 1692 1540 1755 partes
1589 1684 1738 1743 sint.
1786 1696 1852 1737 es

1972 511 2153 571 negat,
2190 503 2429 571 partitur
2464 510 2578 556 tum
2622 501 2675 555 in
2705 502 3029 557 inlinitatem
3059 502 3172 567 Dei,
3215 516 3334 571 qua:
3366 514 3449 558 cst
3480 506 3534 559 in

1972 594 2156 656 rebus,
2191 601 2245 647 et
2274 592 2406 647 facit
2433 602 2679 648 octavam
2711 594 2995 657 decadem,
3040 601 3158 647 tum
3187 593 3239 647 in
3271 594 3537 648 divinita-

1973 693 2102 749 tem,
2134 701 2256 754 qute
2284 696 2369 739 est
2402 686 2452 739 in
2481 685 2614 753 Deo,
2649 700 2701 741 et
2730 684 2859 740 facit
2893 702 3088 741 nonam
3116 725 3133 751 ,
3162 695 3274 741 tum
3308 687 3361 739 in
3398 688 3537 740 divi-

1970 790 2092 830 nam
2126 777 2551 846 simplicitatem,
2604 790 2655 833 et
2696 779 2935 832 ‘eliicitur
2976 780 3186 835 decima
3233 780 3538 848 eademque

1963 876 2202 922 extrema
2240 868 2427 923 decas.
2462 868 2728 925 Universa
2763 869 2947 939 itaque
2985 871 3252 940 expositio
3282 872 3537 926 materia-

1963 958 2045 1011 ria
2090 971 2281 1011 eorum
2331 973 2454 1028 quae.
2497 960 2564 1013 de
2614 960 2723 1014 Deo
2772 975 2801 1013 a
2843 960 3104 1030 theologis
3135 962 3407 1027 dicuntur,
3448 963 3535 1019 his

1966 1049 2308 1104 terminatur.
2337 1048 2559 1105 Poterat
2603 1051 2770 1105 etiam
2820 1053 3091 1108 subdividi
3120 1065 3231 1108 tota
3267 1055 3531 1126 theologia

1960 1141 2027 1195 ad
2060 1140 2304 1212 symbola
2338 1143 2638 1212 pertinens,
2674 1143 3124 1215 in’coimidentia
3155 1145 3231 1215 tl)
3260 1149 3390 1199 :sed
3420 1148 3534 1200 hate

1961 1232 2095 1295 fere,
2128 1236 2372 1303 exceptis
2415 1234 2841 1304 proprietatibus
2871 1250 3060 1290 eorum
3083 1275 3099 1300 ,
3147 1236 3201 1289 in
3244 1238 3413 1304 prima
3448 1238 3538 1291 dc-

1958 1325 2091 1381 cade
2130 1333 2361 1381 tractata
2391 1338 2538 1385 sunt.
2586 1326 2859 1382 Fortassis
2886 1338 3065 1382 autem
3099 1327 3210 1382 Deo
3254 1329 3530 1396 adiutore,

1959 1427 2011 1470 et
2043 1418 2255 1488 cop’am
2303 1418 2568 1473 libroruin
2600 1420 2743 1473 nacti
2772 1419 2839 1474 de
2871 1419 2955 1474 his
2982 1420 3144 1473 etiam
3182 1419 3536 1483 disseremus.

1961 1520 2108 1561 nunc
2151 1506 2296 1561 enim
2340 1507 2467 1577 quia
2508 1509 2941 1578 exagitabamur,
2973 1517 3028 1563 et
3080 1509 3208 1564 odio
3248 1510 3418 1580 gratis
3462 1511 3532 1564 ab

1956 1596 2212 1652 omnibus
2247 1597 2603 1662 habebantur,
2636 1598 2791 1655 libris
2820 1610 2873 1654 ct
2916 1599 3028 1655 Otio
3076 1600 3141 1654 ad
3198 1600 3313 1657 haec
3359 1600 3550 1659 medi-.

1957 1688 2144 1752 tanda,
2165 1697 2220 1742 et
2243 1687 2313 1743 iis
2343 1704 2464 1757 quae
2484 1690 2550 1742 ad
2573 1689 2734 1743 aliam
2767 1688 3049 1744 meliorem
3076 1691 3535 1760 compositionem

274 1782 505 1838 duabus
555 1781 776 1849 quidem
810 1778 983 1850 prima
1012 1776 1178 1834 decas
1227 1776 1539 1840 conﬁcitur,
1566 1790 1674 1849 qua
1701 1775 1853 1831 theo-
1880 1757 1921 1820 Β
1952 1779 2256 1848 pertinent,
2288 1779 2603 1845 caruimus;
2628 1794 2735 1848 quo
2768 1779 2912 1834 circa
2961 1779 3077 1835 haec
3103 1757 3225 1849 quae
3263 1794 3411 1834 nunc
3437 1794 3538 1834 ex-

271 1872 425 1942 logia
478 1872 773 1943 symbolica
831 1870 885 1924 in
933 1868 1249 1925 universum
1292 1867 1604 1924 continetur
1630 1881 1737 1933 ;ex
1768 1880 1857 1922 re-

271 1964 450 2034 liquis
546 1977 677 2018 vero
772 1961 988 2017 duabus
1072 1959 1312 2016 secunda
1340 1999 1354 2024 ,
1408 1972 1516 2029 qua
1576 1957 1860 2028 theologia

268 2053 712 2110 demonstrativa
784 2052 839 2108 in
882 2052 1205 2110 universum.
1268 2049 1398 2105 item
1457 2049 1857 2119 comprehensa

268 2156 396 2214 est;
433 2145 630 2201 deinde
659 2146 929 2214 theologia
962 2143 1394 2200 demonstrativa
1442 2141 1711 2210 generalis
1738 2141 1855 2197 dis-

268 2235 553 2305 tinguitur
617 2232 672 2288 in
721 2231 1289 2304 partes:allirmativa
1331 2231 1549 2302 quidem
1595 2231 1851 2300 partitur,

269 2338 387 2383 tum
427 2326 486 2381 in
522 2324 737 2382 divinas
769 2326 1148 2381 emanationes
1171 2364 1187 2389 ,
1220 2333 1275 2378 et
1324 2322 1454 2378 facit
1486 2322 1601 2378 hinc
1633 2322 1855 2393 partitio

259 2418 505 2480 tertiam
536 2417 834 2484 decadem;
869 2426 992 2472 tum
1015 2416 1070 2470 in
1113 2415 1279 2470 divini
1321 2412 1558 2469 nominis
1588 2403 1856 2469 informa-

272 2510 516 2572 tioneni,
573 2517 629 2562 et
679 2506 809 2562 facit
858 2514 1131 2575 quartam.
1178 2502 1392 2558 Rursus
1434 2504 1550 2574 ipsa
1601 2506 1857 2560 materies

271 2601 597 2655 divinarum
645 2602 1051 2656 emanationutn
1102 2597 1365 2653 dividitur
1404 2597 1459 2651 in
1499 2597 1858 2665 proprietates

272 2693 597 2749 divinorum
627 2691 929 2758 nominum,
973 2698 1027 2745 et
1075 2688 1307 2744 edicitur
1351 2689 1541 2759 quinta
1586 2686 1771 2751 decas,
1811 2698 1866 2745 et

271 2794 429 2840 sexta
466 2794 569 2837 τοι
598 2780 649 2836 in
681 2783 897 2843 divinas
942 2780 1405 2851 partiripationes,
1435 2786 1491 2832 et
1538 2779 1596 2832 lit
1633 2778 1864 2847 septima

276 2879 452 2935 decas
487 2894 504 2931 :
547 2876 638 2933 hic
677 2875 879 2931 desinit
919 2888 1047 2945 pars
1095 2870 1378 2943 theologia;
1424 2868 1867 2925 demonstrativae

1961 1869 2249 1939 posuimus
2277 1909 2291 1935 ,
2328 1884 2526 1941 magno
2558 1871 2747 1925 labore
2793 1871 3139 1941 collegimus.
3180 1872 3427 1940 quadam
3463 1885 3532 1925 ex

1958 1959 2045 2017 his
2068 1962 2282 2017 occulte
2307 1972 2359 2017 et
2395 1961 2602 2025 furtim,
2632 1963 2697 2015 ad
2715 1959 2869 2017 'alios
2899 1978 3030 2018 usus
3066 1972 3118 2017 et
3149 1973 3367 2033 propter
3396 1962 3481 2015 ali:
3505 1979 3533 2019 s

1959 2054 2283 2109 occasiones
2323 2054 2608 2109 nobiscum
2640 2050 2921 2122 portantes
2951 2071 2968 2109 :
2998 2054 3068 2109 ob
3118 2057 3256 2108 hanc
3300 2068 3522 2109 causam

1961 2143 2151 2199 multis
2196 2142 2530 2212 adjumcntis
2560 2143 2626 2196 ad
2664 2141 3054 2213 perfectionem
3090 2142 3284 2198 horum
3333 2143 3531 2214 privati

1959 2234 2189 2297 luimus,
2216 2235 2311 2289 sed
2346 2235 2562 2289 interim
2590 2235 2659 2290 ab
2685 2235 2753 2289 iis
2799 2249 2919 2304 quae
2951 2234 3184 2290 maxime
3218 2239 3528 2291 necessaria

1954 2333 2132 2391 erant,
2157 2341 2265 2381 non
2303 2324 2701 2383 aberravimus.
2742 2327 3018 2397 Expositio
3049 2335 3231 2383 autem
3275 2329 3533 2383 materia-
3616 2338 3623 2341 '

1962 2417 2072 2480 ria,
2102 2431 2225 2486 qua:
2251 2417 2304 2471 in
2326 2430 2652 2488 unaquaque
2675 2418 2876 2473 decade
2899 2427 3004 2482 est,
3028 2419 3185 2475 docet
3205 2419 3258 2473 in
3282 2428 3532 2474 extremo

1958 2508 2198 2571 decadis,
2226 2509 2328 2563 hoc
2357 2508 2539 2578 ipsum
2567 2509 2714 2575 quod
2745 2511 2797 2564 in
2823 2509 3030 2565 decade
3051 2512 3382 2574 continetur.
3408 2526 3535 2566 esse

1959 2600 2353 2669 expositionem
2393 2602 2759 2655 materiariam
2803 2617 2993 2656 eorum
3037 2617 3160 2672 quae
3203 2604 3257 2657 in
3294 2605 3408 2674 ipsa
3444 2619 3533 2659 se-

1963 2690 2200 2745 cundum
2233 2689 2694 2745 continuationem
2730 2699 3068 2763 sequuntur,
3115 2693 3325 2747 accedit
3368 2692 3531 2747 etiam

1986 2782 2128 2841 ratio
2169 2781 2541 2850 inscriptionis
2571 2781 2811 2847 det-adis,
2847 2791 2901 2837 et
2926 2784 3383 2853 quemadmodum
3413 2799 3535 2856 qua:

1973 2870 2041 2927 ad
2075 2886 2191 2926 eam
2232 2871 2521 2942 pertinent,
2555 2874 2690 2929 satis
2722 2874 2990 2944 completa
3015 2876 3144 2929 sint.
3478 2928 3481 2931 .
3546 2870 3551 2875 ’

953 3099 1210 3162 PRIMA
1253 3096 1517 3161 DECAS.
1547 3130 1623 3146 -
1656 3098 1775 3161 DE
1815 3095 2310 3161 THEOLOGIA
2353 3096 2867 3161 SYMBOLICA.

920 3239 1148 3297 CAPUT
1180 3241 1218 3296 Ι.

682 3334 835 3401 Quod
869 3334 1064 3403 duplex
1088 3334 1157 3388 sit
1186 3332 1469 3403 theologia.

1884 3243 1930 3303 (ζ
1962 3253 2092 3293 vero
2126 3253 2383 3293 arcanum
2410 3249 2465 3294 et
2484 3241 2768 3311 mysticum
2793 3240 2952 3295 allicit
2984 3251 3036 3296 et
3061 3242 3112 3296 in
3147 3240 3258 3296 Deo
3292 3244 3360 3299 tis
3408 3259 3533 3309 qua:

1953 3344 2062 3384 non
2093 3329 2360 3384 docentur
2420 3330 2862 3385 institutionibus
2908 3332 3111 3391 lirmat.
3167 3332 3280 3389 lioc
3319 3335 3525 3390 dictum

348 3427 655 3502 Dionysius
692 3427 747 3482 in
783 3418 1011 3499 epistola
1035 3427 1101 3479 ad
1159 3423 1341 3479 Titum
1398 3424 1714 3496 episcopum
1775 3425 1855 3478 sic
1952 3430 2179 3477 sanctus
2213 3420 2486 3477 Maximus
2520 3432 2576 3476 et
2600 3423 2888 3493 Dionysius
2922 3424 3326 3482 Alexandrinus
3355 3429 3526 3485 adno-

283 3525 366 3579 ait
399 3542 419 3579 :
471 3523 746 3578 Caeterum
821 3519 925 3574 hoc
980 3516 1370 3572 advertendum
1418 3527 1521 3584 est,
1580 3517 1852 3585 duplicem

1953 3521 2141 3568 tarunt
2181 3531 2196 3568 :
2228 3512 2493 3567 Maximus
2523 3513 2879 3585 symbolicam
2916 3524 2970 3569 et
3000 3516 3066 3570 ad
3097 3517 3350 3586 mysteria
3408 3534 3534 3588 per-

279 3631 404 3672 esse
432 3614 789 3677 traditionem
815 3591 1215 3679 theologoruuf,
1283 3624 1446 3663 unam
1490 3622 1746 3664 arcanam
1802 3614 1856 3661 et
1952 3604 2210 3659 tinentem
2234 3604 2563 3674 theologiam
2597 3603 2743 3657 illam
2776 3604 2927 3665 dicit,
2996 3620 3118 3673 quae
3145 3623 3209 3659 ex
3267 3608 3532 3678 symbolis

282 3709 605 3777 mysticam.
632 3703 856 3759 alteram
890 3716 1017 3757 vero
1058 3700 1490 3771 pbilosophicam
1549 3709 1603 3754 et
1621 3700 1853 3753 demon-

278 3807 556 3852 strantetn
595 3813 609 3849 :
642 3796 789 3849 illam
824 3793 1045 3862 quidem
1098 3793 1453 3864 symbolicam
1478 3798 1531 3845 et
1564 3789 1630 3844 ad
1650 3798 1851 3860 myste-

281 3888 365 3942 ria
393 3888 787 3957 pertinentem,
811 3884 954 3938 hanc
984 3898 1109 3938 vero
1152 3891 1394 3952 apertam
1420 3890 1470 3936 et
1524 3878 1858 3935 manifestio-

280 3995 400 4035 νοω
456 3995 471 4033 :
516 3989 710 4046 estque
762 3991 1024 4030 arcanum
1079 3976 1193 4030 sive
1234 3972 1523 4044 mysticum
1560 3986 1683 4026 cum
1715 3985 1861 4042 sym—

283 4070 422 4124 bolo
483 4068 560 4133 (i)
600 4066 940 4134 implicatum
982 4072 1037 4118 et
1066 4076 1394 4127 connexum,
1456 4059 1586 4115 illud
1637 4058 1856 4127 quidem

287 4160 735 4229 philosophicum
799 4164 854 4211 et
908 4156 1294 4212 demonstrans
1374 4152 1535 4207 tidem
1586 4151 1752 4212 iacit,
1807 4159 1862 4204 tt

289 4252 557 4313 astrinpit
619 4248 902 4302 veritatem
934 4261 1128 4300 eorum
1183 4259 1301 4315 quae
1344 4243 1602 4298 dicuntur
1661 4260 1673 4295 :
1712 4241 1859 4294 illud

1961 3696 2268 3760 coniicitur,
2295 3695 2601 3764 cuiusmodi
2641 3705 2770 3752 sunt
2807 3703 3058 3767 mysteria
3099 3700 3279 3755 cultus
3325 3701 3526 3759 Mosai-

1962 3788 2033 3850 ci,
2066 3797 2122 3842 et
2156 3788 2408 3859 mysteria
2445 3788 2615 3843 nostri
2642 3789 2785 3843 sacri
2841 3790 3056 3857 cultus;
3090 3795 3306 3847 tametsi
3334 3795 3526 3851 altiora

1964 3886 2185 3933 suntet
2248 3879 2423 3946 magis
2469 3879 2740 3947 spiritalia
2796 3891 3022 3946 nostra;
3089 3882 3524 3953 philosolihicam

1959 3982 2091 4051 vero
2113 3977 2166 4021 et
2196 3969 2657 4023 demonstrantem
2686 3969 3012 4040 theologiam
3050 3970 3195 4026 illam
3225 3974 3378 4037 dicit,
3403 3992 3525 4044 quae

1959 4058 2262 4115 essistitex
2306 4060 2689 4128 perspicientia
2746 4070 3158 4124 creaturarum,
3222 4065 3529 4136 divinaeque

1959 4150 2013 4204 in
2033 4149 2360 4225 quibusdam
2419 4152 2583 4206 rebus
2633 4153 3006 4221 provideintiw,
3064 4163 3118 4207 et
3180 4160 3529 4226 expositione

1959 4242 2315 4311 speculatriee
2342 4256 2531 4296 eorum
2578 4258 2698 4313 qum
2737 4242 2803 4296 de
2837 4245 2942 4297 Deo
2993 4245 3046 4298 in
3103 4243 3399 4316 Sc:ipturis
3448 4249 3529 4303 di-

1784 4333 2055 4397 Scholia.
2568 4389 2583 4401 κ

363 4445 445 4517 (1)
487 4442 919 4517 ξγποᾷιαίρςσις..
951 4440 1028 4517 id_
1052 4446 1158 4502 est,
1201 4432 1504 4517 subdivisio
1561 4433 1871 4517 Theologia:
1904 4436 2205 4517 Oeensium
2232 4431 2560 4517 incidentia
2594 4435 3005 4517 translatiopem
3026 4438 3172 4517 verbi
3223 4439 3522 4494 secundum

290 4504 605 4586 symbolice
635 4513 690 4565 in
712 4504 1083 4586 coincidegitia,
1113 4522 1232 4576 qua:
1250 4504 1452 4586 Graeci.
1473 4512 1684 4586 vocant.
1724 4520 1862 4572 συμ-

291 4576 587 4644 τξίτττοντα,
618 4589 701 4634 est
724 4581 923 4636 divisio
952 4578 1091 4632 inea
1121 4572 1241 4644 dum
1276 4574 1590 4643 promiscue
1619 4572 1685 4628 ad
1711 4586 1855 4627 tran-

286 4655 581 4706 slationem
611 4649 760 4702 verbi
794 4646 1160 4704 intellectilem
1204 4644 1497 4712 pertinent,
1529 4657 1583 4699 et
1613 4646 1679 4696 ad
1728 4645 1865 4705 ligu-

286 4724 569 4775 rationem
598 4720 857 4774 sensilem
898 4734 915 4772 :
952 4725 1012 4770 ut
1042 4716 1225 4769 dicere
1265 4714 1318 4765 in
1352 4713 1484 4774 Deo,
1516 4728 1600 4777 os,
1652 4713 1864 4775 oculos,

286 4793 761 4853 laciem,manus,
793 4789 979 4853 pedes,
1012 4792 1066 4838 et
1110 4784 1360 4853 similiter
1421 4782 1473 4835 in
1534 4782 1654 4835 aliis
1703 4782 1868 4849 parti-

284 4861 399 4913 bus
441 4858 712 4927 corporis.
741 4852 862 4926 qua:
919 4866 974 4909 et
993 4852 1215 4927 ligurari
1269 4860 1516 4927 possunt
1560 4853 1860 4927 secundum

281 4918 623 4992 sensnmfet
657 4918 786 4993 idici
849 4918 1115 4993 translate
1164 4918 1859 4993 secundumintellectum,

283 5007 349 5049 ut
384 5000 436 5050 si
457 4990 630 5050 diviso
654 4990 880 5051 animali
913 4996 965 5047 in
1002 4991 1267 5061 rationale
1303 4990 1610 5061 Oppositum
1646 4990 1863 5061 irratio-

284 5068 433 5129 ttali,
466 5075 521 5117 et
549 5067 601 5118 in
644 5065 961 5119 irrationale
993 5060 1298 5130 oppositum
1329 5059 1605 5120 rationali,
1669 5072 1862 5130 rursus

286 5138 393 5188 liat
417 5128 720 5189 Subdiv'isio
764 5128 1100 5187 animalis'in
1132 5129 1501 5188 herhivurum,
1528 5136 1581 5179 et
1607 5128 1861 5180 θυτιιίκο-

286 5220 450 5265 rum,
476 5220 591 5272 qua:
624 5220 731 5259 non
759 5214 885 5258 sunt
929 5200 1198 5272 opposita,
1229 5198 1320 5272 sed
1344 5195 1662 5272 eoinridunt
1689 5200 1859 5272 inge-

240 5268 255 5282 ’
285 5289 439 5328 nete
460 5266 709 5328 animalis
766 5266 1120 5327 rationaliset
1170 5266 1501 5320 irrationalis
1534 5283 1547 5317 :
1588 5267 1855 5331 siquidem

281 5346 650 5411 reperiuntur
673 5344 885 5397 ratione
916 5350 1132 5394 utentes
1178 5337 1542 5411 herbivori,et
1602 5336 1705 5411 alii
1744 5350 1864 5411 car-

283 5404 502 5472 niimri,
538 5424 590 5465 ct
610 5414 921 5466 animantes
946 5412 1074 5464 item
1134 5408 1342 5460 ratione
1372 5416 1622 5459 carentes
1664 5404 1861 5459 simili-

284 5490 382 5532 ter
419 5480 734 5547 lterbivorze,
764 5490 817 5534 et
846 5481 967 5533 alite
987 5477 1306 5534 carnivorze.
1332 5475 1421 5529 Sic
1436 5473 1606 5547 divisa
1653 5474 1864 5527 theolo-

281 5551 384 5617 gia
423 5551 708 5616 symbolica
756 5553 808 5602 in
861 5550 1234 5617 ﬁgurationem
1293 5546 1592 5617 secundum
1645 5558 1865 5617 sensum

282 5614 608 5684 impositam
639 5614 982 5672 translationi
1006 5618 1159 5670 verbi
1184 5615 1486 5668 secundum
1531 5614 1863 5684 intellectum

284 5682 576 5756 répctllur
607 5704 799 5742 rursus
833 5693 885 5740 in
922 5688 1242 5756 quihusdam
1274 5684 1526 5753 lisutatio
1558 5682 1859 5738 secundum

626 5784 891 5843 l’A’l‘ROL.
925 5785 1040 5843 Gtt.
1074 5781 1249 5844 CLII.

1967 4504 2338 4563 intellectum,
2368 4511 2425 4554 et
2457 4502 2697 4566 vicissim
2725 4506 3012 4560 translatio
3042 4510 3188 4559 verbi
3223 4511 3523 4563 sccmulum

1969 4571 2300 4650 intellectum
2331 4568 2724 4650 .incidensnin
2776 4574 3150 4650 ﬁgurationem
3222 4578 3523 4632 secundum

1968 4655 2211 4699 sensum.
2241 4646 2298 4691 ut
2331 4640 2383 4691 in
2413 4640 2679 4708 exemplis
2697 4640 3043 4708 sopeiiornm
3075 4648 3375 4699 nominum.

2037 4708 2576 4787 (2)__My_sticum.curm
2612 4712 2869 4787 symbolo.
2911 4713 3001 4767 list
3033 4716 3203 4776 enirn,
3228 4786 3235 4787 ί
3259 4717 3334 4768 ait
3396 4732 3531 4770 san-

1966 4791 2085 4857 ctus
2117 4776 2406 4857 Maxinnts,
2440 4779 2492 4829 in
2524 4776 2801 4857 ξγηξροῒθΔ
2839 4792 3097 4852 tanquam
3129 4786 3320 4838 umbra
3385 4798 3526 4840 tecta

1967 4850 2191 4921 veritas,
2221 4857 2279 4900 ut
2316 4849 2372 4898 in
2403 4850 2602 4921 pascha
2635 4849 2875 4903 Mosaico
2906 4849 3096 4906 vei-um
3130 4857 3351 4921 pascha.
3382 4857 3527 4909 sicut

1964 4920 2228 4987 scripturn
2256 4924 2337 4969 est
2367 4931 2381 4969 :
2424 4914 2627 4987 Pascha
2655 4929 2892 4972 nostrum
2926 4914 3231 4976 immolanti
3262 4934 3338 4977 est
3365 4925 3524 4977 Chri-

1964 4983 2096 5042 stus.
2123 4985 2164 5057 (l
2190 4983 2319 5057 Gor.
2353 4986 2508 5057 v,_7.)
2546 4984 2661 5057 Huc
2682 4992 2916 5056 pertinet
2975 4993 3103 5045 illud
3136 4995 3388 5048 adGalat.
3448 5009 3522 5056 tv,

1962 5058 2035 5112 22
2056 5073 2071 5111 :
2095 5054 2360 5111 Abraham
2385 5054 2517 5107 duos
2546 5054 2695 5124 ﬁlios
2719 5060 2921 5121 habuit,
2947 5072 3049 5115 etc.
3080 5063 3189 5114 haec
3211 5063 3352 5115 enim
3396 5054 3528 5117 sunt

1964 5129 2074 5181 duo
2097 5133 2416 5180 testamenta
2439 5135 2527 5188 ;et
2551 5128 2676 5180 illud
2702 5128 2720 5181 l
2745 5130 2870 5183 (lor.
2894 5145 2949 5193 ι,
2966 5131 2999 5183 ti
3030 5149 3044 5184 :
3077 5124 3324 5184 Biliebant
3348 5149 3523 5186 attines

1967 5198 2032 5249 de
2057 5203 2398 5273 consequente
2428 5210 2514 5273 eos
2546 5210 2716 5265 petra,
2739 5211 2896 5273 petra
2932 5213 3107 5273 nictent
3139 5210 3251 5273 erat
3282 5201 3528 5257 Christus

1963 5276 2017 5320 et
2048 5265 2463 5343 _similia.nQuod
2485 5275 2695 5343 autem
2726 5265 3034 5343 Symbolum
3060 5270 3221 5343 verti,
3257 5271 3529 5339 interpre-

1965 5335 2226 5411 tationem
2265 5332 2448 5411 $._mt:ti
2481 5332 2969 5411 Maximisét-utus,
3011 5338 3299 5411 Dionysius
3344 5332 3525 5403 vti-cat,

1967 5407 2027 5479 τὸ
2069 5406 2252 5479 ρη-τὺν,
2278 5405 2328 5454 id
2346 5418 2464 5479 ἀεί,
2492 5421 2596 5458 non
2623 5409 2866 5479 tacitum,
2934 5410 3062 5479 quia
3103 5405 3246 5476 quod
3300 5412 3529 5478 ttii'stice

1972 5473 2106 5527 latet
2133 5474 2186 5552 in
2222 5472 2490 5552 symbolo,
2518 5485 2598 5527 est
2639 5472 2969 5552 ἀπόρρητοκῄ
3001 5480 3051 5552 id
3078 5472 3183 5539 est,
3240 5472 3526 5545 arcanum,

1968 5553 2023 5597 et
2047 5549 2302 5622 tacitum,
2346 5549 2986 5622 itaque.m_vs_teria,_quze
3022 5551 3089 5622 in,
3137 5552 3398 5622 sytnlmhs
3448 5552 3526 5622 si:

1969 5610 2487 5688 gniﬁcautur,_sun_t_
2515 5610 2804 5688 ἁπόῤῥηιςσ.
2840 5619 2900 5668 ὲν
2938 5620 3119 5687 ῥητοῖς
3144 5610 3433 5688 vastitas”,
3473 5618 3527 5675 id

1963 5692 2068 5746 est,
2095 5682 2307 5736 occulta
2341 5681 2608 5737 intellecta
2628 5681 2697 5738 in
2724 5681 3021 5755 Symbolis.

3017 5780 3094 5839 25
