3980 6208
337 471 443 535 Ἷέίὶ

1184 480 1420 543 DECAS
1454 483 1499 541 I.
1544 507 1611 519 --
1656 482 1750 542 DE
1782 480 2222 543 THEOLGGIA
2262 482 2710 546 SYMBOLICA.

3453 480 3570 547 15b

336 580 401 634 ad
439 581 569 649 quid
598 597 765 637 unum
799 592 852 637 ct
882 586 1109 656 simplex
1154 590 1231 661 (l)
1288 607 1382 658 per
1416 606 1509 646 cas
1538 592 1739 647 formas
1784 608 1902 658 quae
1931 593 1974 647 Α
2007 593 2185 647 solum
2224 594 2277 647 in
2311 605 2503 651 natura
2538 595 2655 660 Dei,
2688 597 2779 667 qui
2813 615 2976 669 supra
3009 604 3399 663 naturam-est,
3423 597 3566 653 divi-

335 672 685 744 efﬁnguntur,
745 691 1007 733 revocare
1039 695 1139 734 nos
1174 692 1443 748 opmteat,
1475 702 1540 738 ne
1598 685 1699 752 ipsi
1728 687 1894 739 etiam

338 780 488 819 more
515 766 657 835 vulgi
679 768 903 836 profane
932 771 1330 838 existimemus,
1363 776 1615 830 caelestes
1658 786 1713 828 et
1752 777 1898 830 divi~

336 872 436 911 nas
467 870 682 914 mentes
711 862 912 917 tnultos
941 864 1107 932 pedes
1142 874 1196 919 et
1229 866 1427 919 multas
1461 865 1626 921 facies
1676 867 1895 934 habere,

337 956 501 1017 atque
527 954 594 1005 ad
625 952 1034 1009 similitudinem
1068 957 1254 1021 boum,
1285 971 1380 1012 aut
1412 960 1477 1011 ad
1522 958 1750 1013 formam
1786 961 1896 1014 leo-

341 1052 467 1092 num
494 1057 784 1109 expressas
802 1061 943 1111 esse,
963 1057 1016 1103 ct
1037 1051 1102 1102 ad
1125 1052 1362 1120 speciem
1391 1052 1696 1120 aquilarum
1724 1053 1896 1107 adun-

335 1132 415 1186 cis
470 1136 662 1191 rostris
714 1136 998 1205 formatas,
1050 1152 1142 1198 attt
1179 1146 1244 1198 ad
1282 1146 1697 1205 similitudinem
1744 1149 1897 1204 volu-

336 1240 487 1277 crum
521 1227 721 1282 habere
752 1246 958 1299 pennas
1012 1235 1183 1289 instar
1225 1239 1540 1305 capillorum
1571 1281 1585 1303 ,
1617 1252 1667 1294 et
1701 1258 1766 1296 ne
1800 1258 1897 1296 co-

337 1315 572 1379 gitemus
618 1330 764 1375 rotas
799 1325 1062 1392 quasdam
1114 1326 1303 1395 igneas
1352 1345 1515 1398 super
1566 1333 1788 1398 C(Blllttl,
1844 1342 1900 1387 et

336 1422 377 1458 sv
398 1406 497 1461 llas
531 1414 845 1467 materiulas
876 1415 985 1467 Deo
1017 1417 1080 1469 ad
1115 1418 1414 1473 sedendum
1435 1425 1895 1489 accmumodatas,

340 1509 404 1545 ac.
431 1498 691 1563 quosdam
734 1516 906 1570 equos
936 1505 1101 1560 variis
1138 1508 1439 1574 coloribus,
1482 1513 1765 1578 satellites,
1798 1516 1901 1569 duo

338 1597 431 1635 ces
494 1587 783 1648 exercitus.
838 1599 893 1644 et
943 1606 1138 1648 extera
1195 1599 1377 1651 omnia
1433 1615 1554 1668 quae
1607 1600 1899 1670 Scriptura:

339 1682 542 1729 sancta:
585 1680 751 1734 variis
796 1674 1257 1743 svittliolisdivitie
1311 1687 1588 1754 ellingunt.
1642 1691 1784 1747 idem
1842 1694 1911 1749 in.

339 1774 530 1829 eodem
579 1779 794 1849 capite:
843 1781 996 1848 Quod
1049 1801 1175 1839 vero
1230 1788 1451 1842 absona!
1507 1789 1899 1848 similitudines

2003 690 2089 745 nis
2120 690 2256 745 visis
2282 733 2299 753 ,
2332 693 2427 746 sed
2472 692 2638 749 etiam
2671 693 2725 749 in
2779 696 3009 761 angelis,
3050 697 3145 762 qui
3198 696 3423 766 figurari
3454 710 3563 761 non

2001 790 2255 847 possunt,
2286 781 2480 837 formis
2508 783 2684 839 sacris
2717 784 2911 839 ellictis
2943 801 3040 840 usa
3067 780 3193 840 est:
3222 793 3280 839 ut
3314 785 3442 839 hinc
3472 800 3570 838 na-

2002 880 2179 925 turam
2221 874 2594 947 symbolarum
2638 876 2951 946 perspicere
2980 876 3171 931 liceat.

2563 1009 2792 1064 CAPUT
2848 1010 2937 1066 Vl.

2001 1145 2139 1211 Quot
2180 1143 2352 1197 modis
2381 1144 2615 1211 signetur
2636 1144 2926 1213 symbolice
2969 1146 3241 1213 theologia
3293 1147 3401 1197 sive
3463 1142 3562 1196 sub

2209 1224 2473 1279 aspectum
2494 1213 2604 1266 sive
2616 1213 2709 1266 sub
2726 1230 2930 1268 sensum
2957 1217 3165 1268 aurium
3182 1214 3357 1267 cadat.

2069 1327 2363 1396 Gregorius
2394 1323 2701 1396 Theologus
2722 1327 2962 1383 secundo
2999 1329 3077 1384 De
3128 1328 3385 1396 theologia
3428 1328 3569 1381 libro

2000 1423 2109 1476 ait:
2140 1421 2285 1491 Quid
2310 1425 2378 1478 de
2407 1421 2545 1478 Isaia
2582 1430 2637 1474 et
2694 1419 3002 1485 Ezechiele,
3060 1420 3155 1490 qui
3203 1420 3568 1490 maximorum
3616 1450 3617 1453 η

2001 1517 2386 1585 mysteriorum
2415 1521 2689 1584 spectator
2725 1510 2848 1574 fuit,
2874 1526 2939 1567 ac
2973 1511 3041 1565 de
3068 1510 3296 1580 reliquis
3331 1510 3569 1576 prophe-

2001 1605 2070 1658 tis
2094 1604 2279 1659 dicere
2312 1603 2535 1671 poteris,
2567 1617 2635 1656 ex
2667 1601 2869 1671 quibus
2920 1600 3010 1654 ille
3028 1600 3261 1670 quidem
3281 1597 3572 1669 Dominum

2003 1694 2244 1751 Sabaoth
2268 1696 2550 1752 sedentem
2576 1695 2629 1748 in
2652 1695 2852 1747 throno
2891 1693 3080 1761 gloriae
3136 1691 3294 1756 vidit,
3328 1700 3384 1746 et
3425 1692 3573 1746 hunc
3602 1748 3605 1753 ,

2000 1803 2030 1840 a
2081 1786 2400 1855 Scraphinis
2472 1785 2790 1853 sexaligeris
2834 1786 3115 1853 stipatum,
3171 1783 3472 1846 laudatum,
3521 1790 3578 1835 ct

342 1869 513 1935 magis
542 1882 777 1927 mentem
808 1886 1055 1931 nostrain
1083 1878 1321 1946 erigunt,
1350 1896 1534 1946 nemo,
1578 1891 1633 1935 ut
1679 1883 1894 1951 opinor,
1933 1910 1975 1964 Β
2003 1879 2307 1940 obtectum,
2344 1891 2512 1945 seque
2550 1876 2786 1930 carbone
2838 1875 2981 1945 ignis
3033 1885 3341 1944 purgatum,
3404 1882 3457 1929 et
3507 1874 3574 1928 ad

340 1963 598 2018 cordatus
639 1967 1000 2034 contradicet,
1039 1970 1091 2023 in
1140 1971 1501 2026 nobilioribus
1529 1973 1673 2030 enim
1709 1974 1903 2031 formis

341 2053 658 2121 eﬂingendis
688 2058 946 2113 credibile
982 2069 1065 2115 est
1090 2076 1274 2116 errare
1314 2063 1551 2131 aliquos,
1616 2068 1708 2136 qui
1758 2070 1906 2124 exis-

344 2142 536 2195 timent
565 2159 686 2199 esse
711 2154 933 2203 naturas
962 2150 1211 2206 ctelestes
1240 2155 1425 2223 specie
1447 2156 1686 2225 quadam
1713 2174 1902 2227 aurea,

347 2236 494 2286 viros
525 2236 789 2302 quosdam
819 2240 1109 2306 micantes,
1151 2242 1360 2313 fulgore
1411 2246 1668 2314 decoros,
1702 2251 1902 2306 vestitu

343 2326 650 2392 splendido,
705 2340 758 2384 et
806 2331 1020 2401 igneum
1075 2337 1355 2394 vibrantes
1403 2356 1513 2395 non
1565 2343 1812 2399 hedendo
1856 2356 1910 2401 et

344 2432 689 2489 qttaecttnque
709 2422 827 2476 alia:
855 2426 1122 2494 ejusmodi
1150 2426 1338 2484 forma:
1365 2443 1513 2497 sunt,
1537 2432 1741 2501 quibus
1758 2435 1911 2489 theo-

346 2506 489 2595 logia
526 2511 824 2578 Scriptum
856 2525 1059 2573 sanctae
1092 2521 1345 2578 ctelestes
1378 2533 1588 2578 mentes
1632 2524 1907 2595 ﬁguravit,

346 2593 491 2658 quod
518 2598 737 2665 quidem
767 2616 833 2655 ne
870 2602 940 2658 iis
969 2606 1205 2671 eveniat,
1243 2610 1338 2677 qui
1367 2610 1499 2665 nihil
1527 2593 1710 2674 altius,
1745 2632 1907 2677 quant

352 2684 440 2739 illa
470 2687 699 2756 pulchra
724 2701 774 2744 et
804 2695 1050 2758 speciosa
1082 2714 1205 2765 qua:
1234 2711 1519 2769 apparent.
1551 2715 1730 2759 mente
1756 2721 1909 2760 cont-

351 2774 492 2840 plesi
524 2787 675 2841 sunt,
725 2779 1020 2850 Scriptura:
1059 2798 1262 2842 sanctas
1293 2792 1584 2861 sapientia,
1634 2810 1757 2863 qua:
1789 2810 1912 2850 sur-

346 2880 466 2920 smn
495 2867 724 2925 ducendi
758 2876 863 2927 vim
913 2878 1097 2943 habet,
1127 2880 1196 2936 ad
1232 2881 1710 2942 dissimilitudines
1750 2888 1916 2943 abso-

343 2972 449 3011 nas
491 2971 685 3045 sancte,
713 2978 772 3018 se
806 2965 1018 3035 rlcjicit.
1072 2986 1183 3026 non
1235 2974 1559 3041 permittens
1609 2985 1669 3031 ut
1713 2993 1913 3036 sensus

346 3051 523 3105 nostri
559 3058 808 3123 corporis
842 3059 896 3112 in
950 3058 1058 3119 illis
1104 3062 1386 3122 indecoris
1439 3067 1770 3137 imaginibus
1804 3071 1912 3126 lue-

2007 1968 2349 2038 prophetiam
2390 1966 2763 2028 instructum;
2796 1967 2884 2021 hic
2946 1981 3075 2020 vero
3135 1966 3449 2020 vehiculum
3509 1982 3587 2019 ex.
3644 2022 3649 2028 ,

2006 2060 2330 2115 Clieruhinis
2397 2057 2674 2120 describit,
2738 2068 2790 2111 et
2818 2072 2982 2124 super
3045 2072 3142 2113 eos
3195 2057 3477 2119 thronum,
3512 2066 3577 2109 et

2007 2167 2167 2222 super
2221 2151 2491 2204 thronum.
2533 2149 2973 2214 tlrtnameutum,
2999 2157 3053 2202 et
3075 2147 3322 2217 eumqui
3372 2147 3453 2202 in!
3486 2146 3575 2200 lir-

2008 2247 2283 2295 mamento
2298 2237 2621 2309 apparebat,
2637 2245 2691 2292 et
2713 2252 2871 2293 voces
2893 2237 3184 2308 quasdam,
3226 2244 3281 2291 et
3314 2235 3575 2304 impetus,

2007 2341 2062 2386 et
2098 2331 2366 2393 actiones.
2399 2340 2563 2398 atque
2620 2328 2723 2383 hoc
2778 2328 2997 2398 quidem
3072 2327 3197 2385 sive
3225 2335 3343 2382 erat
3397 2327 3590 2382 visum.

2008 2421 2266 2476 diurnum
2301 2420 2435 2476 solis
2457 2418 2667 2475 sanctis
2707 2416 3078 2488 aspectabile;
3125 2416 3241 2471 sive
3308 2426 3594 2472 nocturna.

2008 2523 2064 2570 et
2094 2530 2219 2568 vera
2250 2513 2419 2578 visio;
2452 2512 2566 2567 sive
2601 2508 2911 2565 informatio
2975 2509 3284 2564 futurorum
3318 2518 3599 2578 tanquam.

2012 2604 2355 2673 praesentium
2386 2605 2437 2657 in
2472 2611 2653 2657 mente
2679 2603 2779 2671 (2),
2815 2601 2928 2655 sive
2958 2602 3064 2655 alia
3112 2599 3325 2669 species
3378 2614 3582 2663 arcana

2013 2693 2330 2762 prophetia,
2371 2708 2481 2748 non
2522 2707 2743 2761 possum
2803 2690 3072 2745 atiirmare
3103 2706 3119 2755 ;
3146 2693 3286 2745 Deus
3348 2690 3583 2758 prophe-

2014 2794 2192 2840 tarum
2230 2784 2400 2846 novit.
2428 2782 2487 2839 ei
2515 2784 2715 2854 quibus
2742 2782 2866 2838 talia
2895 2784 3267 2851 contigerunt.
3317 2782 3382 2836 Et
3444 2782 3581 2835 divi-

2013 2893 2120 2932 nus
2150 2864 2576 2945 Cbrysostomus
2605 2875 2659 2930 in
2695 2874 2916 2929 homilia
2948 2875 3015 2928 de
3050 2872 3333 2943 Eutropio.
3363 2874 3582 2942 quando

2015 2968 2267 3023 inventus
2296 2974 2450 3022 extra
2481 2963 2805 3029 Ecclesium,
2855 2965 3164 3019 abstractus
3214 2970 3269 3017 et
3323 2962 3584 3030 abreptus

2015 3058 2149 3115 fuit:
2181 3057 2350 3114 Nemo
2377 3057 2545 3117 enim,
2570 3055 2768 3123 inquit.
2798 3054 2930 3113 vidit
2959 3054 3010 3109 id
3041 3052 3186 3123 quod
3255 3051 3399 3106 Deus
3454 3059 3585 3117 est;

341 3151 530 3197 rentes
561 3148 915 3215 acquiescant
941 3169 955 3215 ;
985 3153 1115 3223 quin
1149 3155 1336 3224 potius
1368 3172 1489 3213 eam
1536 3167 1747 3228 partem
1788 3165 1908 3217 ani-
1938 3167 1979 3222 C
2014 3164 2124 3204 ηοη
2154 3149 2316 3217 igitur
2341 3162 2464 3200 ειιηι
2505 3145 2647 3200 Deus
2706 3144 2942 3228 νῖάειυῖυ
2998 3150 3224 3212 θιηιειτει
3278 3143 3423 3210 (Ιυοιί
3478 3154 3585 3205 051.

252 3232 265 3239 ”
343 3249 472 3301 tum,
503 3251 623 3304 qua:
665 3241 734 3292 ad
769 3240 877 3295 alta
918 3244 1114 3310 tendit,
1150 3247 1266 3315 ipsa
1301 3247 1649 3306 deformitate
1706 3253 1907 3322 [igura-

343 3343 470 3382 rum
498 3331 699 3386 excitat
725 3341 776 3387 et
806 3335 1068 3397 stimulat.
1096 3351 1269 3407 .tanqu
1291 3357 1377 3395 am
1413 3359 1519 3398 non
1546 3345 1803 3400 videatur
1828 3347 1913 3404 fas

340 3433 471 3471 esse
495 3429 551 3473 et
582 3435 795 3484 verum,
834 3440 901 3478 ne
930 3424 996 3478 iis
1029 3426 1247 3495 quidem
1277 3431 1370 3498 qui
1401 3443 1527 3486 sunt
1560 3436 1797 3490 terrenis
1829 3452 1914 3490 re-

345 3509 456 3561 bus
488 3510 647 3565 valde
679 3513 846 3579 allixi,
881 3526 989 3569 tam
1027 3520 1282 3573 absurdis
1319 3520 1508 3577 formis
1535 3522 1736 3578 similia
1767 3540 1918 3578 reve-

343 3618 402 3655 ra
438 3617 562 3658 esse
587 3604 678 3659 illa
712 3609 1122 3676 supracozlestia
1158 3618 1213 3665 et
1251 3594 1433 3666 divina
1466 3629 1585 3682 qua:
1615 3631 1666 3671 in
1697 3618 1919 3687 symbo-

342 3694 411 3750 lis
445 3709 573 3749 cum
607 3697 973 3755 admiratione
999 3714 1339 3770 spectantur.
1381 3704 1517 3760 llinc
1553 3706 1719 3775 igitur
1752 3725 1915 3779 appa-

343 3794 452 3852 ret,
505 3788 647 3857 quod
706 3790 890 3847 ditina
923 3793 1222 3865 Scriptura:
1282 3806 1486 3854 sanctae
1537 3798 1768 3856 scientia
1803 3817 1912 3855 non

2015 3243 2108 3299 sed
2139 3240 2280 3311 quod
2319 3248 2496 3307 potest
2523 3240 2705 3293 videre
2759 3238 2803 3292 is
2835 3223 2922 3290 cui
2957 3244 3202 3305 apparet,
3238 3250 3344 3288 non
3371 3244 3600 3290 nnitans
3636 3260 3649 3267 η

2017 3333 2373 3389 substantiam
2411 3347 2588 3391 suam,
2620 3330 2731 3386 sed-
2761 3337 3041 3399 aspectum
3064 3328 3232 3398 ﬁgura
3284 3326 3599 3393 informans

2019 3441 2117 3498 pro
2145 3404 2406 3483 varietate
2450 3439 2629 3478 rerum
2684 3422 3074 3490 subjectarum.
3116 3420 3349 3475 Sanctus
3384 3419 3588 3489 Grego-

2020 3521 2136 3575 rius
2178 3520 2455 3589 Nyssenus
2488 3518 2540 3570 in
2571 3532 2634 3569 co
2672 3516 2811 3569 libro
2833 3515 3030 3568 Contra
3065 3513 3407 3575 Eunomitzm,
3431 3514 3588 3583 cujus

2021 3610 2348 3681 principium
2385 3617 2489 3670 est,
2523 3607 2703 3660 Prima
2736 3606 2964 3676 quidem,
2997 3606 3077 3659 sic
3105 3605 3180 3657 ait
3210 3622 3225 3660 :
3290 3604 3498 3658 Etenim
3533 3605 3597 3656 in.

2019 3701 2253 3757 Iordane
2281 3709 2396 3768 post
2435 3699 2688 3752 virtutem
2746 3696 2981 3764 Spiritus
3041 3697 3240 3760 sancti,
3298 3707 3352 3750 et
3400 3711 3589 3751 rursus

2021 3792 2367 3852 audientibus
2399 3789 2619 3853 Jndmis,
2646 3787 2773 3842 etin
2800 3787 3291 3855 trausllguratione.
3344 3801 3444 3841 vos
3493 3801 3591 3845 su-

1617 3978 1866 4044 Schoiia
1896 3984 1958 4044 S.
2003 3979 2294 4042 Maximi.

420 4131 443 4194 (
456 4127 507 4185 Il
539 4129 619 4182 Ad
648 4128 794 4198 quid,
823 4146 982 4184 unum
1022 4142 1069 4186 st
1097 4131 1343 4197 simplex.
1383 4130 1474 4186 Sic
1494 4140 1652 4185 vocat
1682 4148 1912 4185 vacuum

345 4217 377 4255 ει
413 4198 670 4256 materia.
705 4210 762 4270 ut
791 4215 913 4253 cum
946 4200 1226 4270 Scriptura
1255 4200 1442 4255 tribuit
1470 4200 1659 4269 angelo
1685 4200 1913 4256 formam

347 4270 591 4338 edictam
631 4269 846 4336 aquila},
895 4270 1045 4324 verbi
1109 4271 1302 4338 gratia,
1348 4278 1574 4337 ,oportet
1640 4272 1781 4325 scire
1825 4287 1920 4338 per

348 4340 503 4395 hanc
557 4335 936 4408 formationem
995 4335 1214 4408 aquilae,
1297 4335 1419 4408 quin
1465 4355 1572 4393 non
1655 4335 1922 4407 simplicis

347 4421 608 4479 natum,
632 4406 724 4479 sed
777 4406 1090 4478 composita:
1111 4420 1213 4474 est,
1268 4406 1332 4463 ad
1364 4408 1622 4479 quidnam
1688 4406 1919 4479 simplex

351 4481 409 4535 in
446 4476 655 4547 angelo,
679 4476 1086 4547 intelligendum
1121 4476 1462 4543 revocamur,
1492 4477 1704 4547 scilicet
1761 4476 1920 4532 ravo-

350 4563 561 4617 camur
593 4546 659 4599 ad
722 4546 1127 4617 intelligendum
1195 4561 1314 4617 esse
1370 4548 1424 4601 in
1481 4546 1688 4617 angelis
1751 4549 1919 4603 aciem

2025 4141 2197 4192 sonte.
2223 4130 2284 4185 et
2320 4131 2547 4187 vocibus
2574 4130 2677 4185 sub
2703 4144 2921 4185 sensum
2953 4129 3273 4185 cadentibus
3328 4145 3435 4185 non
3484 4131 3633 4189 fora

2027 4203 2186 4255 matis
2217 4203 2374 4269 pulsu
2406 4202 2567 4263 aeris,
2620 4215 2738 4254 eam
2801 4208 3008 4267 partem
3048 4215 3151 4268 qua
3202 4201 3604 4268 imaginamur,,

2026 4272 2281 4340 operari;
2313 4272 2467 4326 itaut
2494 4285 2619 4324 vere
2684 4271 2871 4324 audiat
2906 4279 2989 4340 et
3016 4271 3216 4334 videat,
3271 4270 3367 4339 qui
3410 4272 3594 4329 divina

2025 4339 2273 4404 ducetur,
2306 4357 2408 4396 nec
2436 4341 2580 4396 enim
2616 4340 2858 4393 creditur
2885 4339 3128 4392 divinum
3187 4354 3334 4400 esse,
3395 4341 3448 4394 in
3480 4358 3603 4405 quo.

2029 4410 2159 4463 nihil
2192 4412 2428 4479 amplius
2457 4419 2560 4472 est,
2609 4422 2771 4476 quam
2836 4407 2980 4476 qttod
3040 4408 3093 4460 in
3149 4414 3361 4462 natura:
3401 4412 3595 4466 ordine

2027 4480 2295 4535 cernitur.
2333 4481 2424 4535 Sic
2449 4479 2594 4532 enim
2646 4492 2769 4539 nos,
2803 4491 2928 4530 cum
2972 4484 3131 4529 nocte
3192 4490 3288 4543 per
3336 4490 3590 4533 somnum

2032 4548 2416 4612 imaginamur,
2481 4562 2624 4615 saepe
2693 4546 3061 4615 videmusnet
3126 4545 3402 4607 audimus,
3465 4563 3589 4604 cum

352 4594 659 4689 assensi
692 4594 1454 4689 satiatatai';paa1;ias'et
1482 4594 1923 4689 ἶῖιῖῆῶῑεᾝξῖῖ
1954 4594 2005 4654 Ι)
2033 4594 2424 4689 ἦξιῖἷᾴἒέἷᾷἱιῖ
2464 4594 3425 4689 ιζῆἶῖᾇιυιέ⁷ὶῖίῐίὲίιιέἐιιᾳῑςζίιῖιςέήἱ)
3469 4594 3594 4672 ἶιῖἕέ

352 4686 666 4755 spicientiae
702 4702 717 4750 ;
750 4697 911 4754 atque
973 4687 1026 4741 id
1088 4688 1304 4755 quidem
1351 4700 1573 4745 necesse
1634 4697 1715 4741 est
1772 4687 1933 4750 scire,

357 4774 426 4811 ne
460 4755 625 4810 nobis
661 4756 1060 4824 cveniat,qnod
1094 4758 1278 4824 vulgo,
1315 4757 1771 4810 utexistimemus
1798 4755 1937 4809 forte

352 4828 569 4881 habere
597 4825 820 4887 angelos
850 4827 1034 4893 pedes,
1070 4825 1260 4891 facies,
1318 4825 1434 4880 alas
1495 4836 1551 4880 et
1598 4826 1849 4881 similiter
1881 4826 1935 4879 in

353 4898 486 4951 aliis
540 4893 731 4947 formis
751 4896 959 4949 edictis.

429 4965 512 5037 (2)
538 4964 710 5033 Atque
730 4968 826 5017 hoc
854 4962 1059 5037 quidem
1075 4965 1181 5019 sire
1210 4974 1322 5018 erat
1354 4966 1518 5020 risum
1538 4962 1934 5037 diurnumsolis

355 5035 566 5091 sanctis
598 5036 963 5103 aspectabile,
1016 5037 1121 5089 sive
1176 5037 1430 5088 unctui-na
1474 5045 1521 5088 et
1573 5052 1693 5089 vera
1757 5035 1932 5103 visio:

356 5108 470 5160 sive
500 5102 811 5174 informatio
839 5107 1145 5172 futurorum
1177 5117 1428 5173 tanquam
1479 5104 1819 5174 pricsentiurn
1854 5102 1934 5174 Δἕιι

357 5169 651 5243 manicis.
700 5169 964 5230 Maximus
1016 5169 1314 5240 explanatis
1363 5169 1509 5227 hunc
1558 5172 1805 5243 Gregorii
1854 5169 1936 5223 lo-

358 5260 492 5299 cum
533 5263 548 5300 :
600 5242 932 5309 Numeravit,
977 5244 1173 5311 inquit,
1227 5246 1325 5296 hoc
1370 5243 1491 5295 loco
1531 5241 1688 5296 nobis
1740 5241 1935 5296 beatus

361 5315 669 5382 Gregorius
698 5315 907 5382 species
938 5310 1250 5381 prophetim,
1279 5326 1380 5382 ego
1409 5326 1535 5365 vero
1554 5312 1684 5382 nihil
1715 5312 1930 5363 interim

357 5380 675 5443 afdriuans,
716 5380 1028 5449 conjectura
1083 5383 1254 5434 ducor
1305 5380 1558 5433 diurnum
1611 5381 1787 5434 visum
1838 5394 1932 5432 vo-

359 5467 532 5504 casse
565 5451 819 5504 visionem
842 5461 893 5505 et
916 5450 1248 5505 auditionem
1284 5463 1465 5503 rerum
1497 5459 1546 5503 et
1594 5463 1930 5513 sermonum,

360 5535 492 5588 qua
532 5520 707 5574 sancti
738 5522 1012 5575 neminem
1044 5519 1297 5579 Videndo,
1325 5527 1381 5572 et
1448 5520 1717 5572 neminem
1773 5519 1934 5571 audi-

358 5588 823 5660 e.ulo,itanquam
884 5605 976 5660 per
1018 5603 1239 5660 sinsqu
1272 5590 1502 5660 ‘spiritu
1569 5588 1825 5642 videbant
1879 5596 1934 5641 et

360 5659 706 5724 audiebant;
746 5675 852 5713 non
886 5658 1028 5711 enim
1063 5659 1144 5713 fas
1174 5658 1485 5723 estdicere,
1516 5665 1765 5726 oportere
1812 5672 1931 5710 om-

365 5728 584 5782 nmoiu
627 5730 829 5783 divinis
892 5730 958 5783 ad
1013 5726 1453 5783 informationem
1527 5726 1931 5792 imaginationis

368 5811 619 5868 presens
669 5812 795 5854 esse
841 5798 897 5853 id
946 5797 1001 5852 in
1058 5797 1205 5867 quod
1253 5795 1401 5849 cadit
1455 5797 1787 5868 imaginatio,
1833 5795 1928 5848 sed

370 5866 793 5936 admirabiliter,
834 5876 891 5924 et
927 5866 1090 5939 supra
1118 5876 1392 5932 naturam,
1448 5880 1511 5921 ac
1573 5866 1721 5920 nullo
1792 5879 1930 5936 prae-

2038 4686 2120 4753 gis
2170 4686 2270 4739 hoc
2321 4683 2551 4740 sanctis
2578 4684 2912 4753 esperreetis
2973 4683 3422 4753 etrvigilantibus
3466 4700 3601 4741 vero

2037 4751 2268 4819 eveniet,
2294 4755 2403 4810 Deo
2425 4751 2682 4818 operante
2704 4753 2755 4807 in
2784 4754 2925 4822 ipsis
2938 4751 3281 4820 vigilantibus
3293 4755 3601 4811 secundum

2037 4823 2263 4888 gratiam
2298 4823 2692 4885 admirabilem,
2735 4822 2877 4891 quod
2911 4825 2963 4876 in
2998 4822 3159 4876 nobis
3215 4823 3333 4891 lege
3389 4833 3594 4878 natura:

2037 4894 2153 4948 lieri
2225 4894 2526 4948 consuevit.
2586 4891 2922 4945 Noeturnam
2967 4902 3022 4945 et
3082 4907 3265 4945 veram
3329 4891 3593 4945 visionem

2034 4963 2288 5017 existimo
2312 4979 2436 5018 eum
2473 4977 2668 5017 vocare
2703 4969 2796 5014 aut
2842 4961 3246 5032 intelligentiam
3298 4960 3599 5028 pet-lectam

2035 5047 2212 5087 rerum
2249 5033 2579 5092 futurarum.
2611 5047 2731 5101 quae
2765 5032 2829 5101 in
2854 5031 3033 5084 anima
3068 5047 3161 5098 per
3217 5045 3485 5101 somnum
3516 5032 3603 5095 lit,

2036 5111 2096 5155 ut
2119 5103 2169 5156 in
2192 5102 2389 5171 Joscpb
2422 5114 2475 5158 et
2506 5098 2759 5166 Danicle;
2791 5098 2886 5155 aut
2912 5103 3177 5155 visionem
3230 5114 3409 5153 rerum
3459 5100 3597 5153 divi-

2004 5185 2229 5234 ,narum
2261 5170 2539 5228 cadentem
2583 5173 2685 5225 sub
2720 5180 3000 5238 aspectum
3047 5170 3331 5247 oculorum
3377 5180 3602 5247 propter.

2034 5255 2303 5296 summam
2343 5244 2609 5309 passionis
2638 5251 2961 5295 vacuitatem
3006 5255 3070 5294 es
3129 5241 3301 5309 tnulta
3361 5242 3598 5305 puritate.

2037 5308 2492 5379 proﬁciscentem.
2550 5311 2990 5364 lnformationem
3066 5323 3194 5363 vero
3281 5308 3600 5362 futurorum

2035 5390 2291 5450 tauquam
2326 5381 2669 5450 prmsentium
2705 5380 2761 5450 in
2813 5387 2995 5432 tuente
3022 5380 3255 5450 arbitror
3308 5394 3432 5432 eum
3474 5379 3599 5435 κατῖ

2036 5397 2291 5450 tanquam
2346 5397 2669 5434 irresenuum
2706 5397 2756 5432 m
2813 5397 2995 5432 tuente
3022 5397 3255 5432 arunror
3308 5397 3432 5432 eum
3474 5397 3597 5433 xor;

2036 5449 2274 5516 ἔμφασιν
2303 5397 2481 5504 dicere
2513 5450 2712 5518 ﬁguras
2740 5446 3044 5501 futurorum
3083 5448 3287 5502 sanctis
3347 5458 3597 5502 ostensus

2035 5521 2265 5587 simplici
2349 5521 2510 5573 modo
2567 5531 2824 5586 tanquam
2883 5518 2934 5570 in
3015 5519 3250 5584 imagine
3295 5522 3603 5577 secundum

2036 5589 2337 5658 simplicem
2360 5599 2414 5642 et
2455 5603 2561 5643 non
2590 5588 3183 5658 dividuatnnotionem
3216 5589 3436 5658 mentis.
3473 5588 3600 5644 ll:ec

2034 5655 2318 5725 eguausus
2346 5674 2492 5721 sinu,
2521 5659 2592 5711 ait
2616 5661 2835 5712 sanetus
2866 5655 3152 5721 Maxtinus,
3189 5673 3253 5710 ex
3279 5655 3598 5725 conjectura

2034 5730 2214 5799 dicere
2241 5726 2444 5781 nullam
2503 5729 2731 5794 gratiam
2795 5727 3113 5799 experiendi
3170 5727 3289 5799 luce
3342 5729 3605 5799 adeptus.

2033 5797 2102 5852 ob
2127 5812 2245 5854 cam
2279 5805 2493 5852 tantum
2521 5810 2765 5864 causam,
2799 5797 2945 5867 quod
2984 5805 3038 5852 tu
3083 5796 3326 5866 iussisti.
