3980 6208
419 373 527 436 ’7ἷ5

418 584 594 637 solum
662 602 782 642 esse
831 588 1227 651 existimarent,
1285 587 1429 656 quod
1481 586 1817 654 apparebat;
1884 589 1978 642 sed

415 679 698 732 crederent
730 695 848 733 esse
880 680 1041 733 etiam
1066 696 1252 735 verum
1309 681 1499 734 Filium
1546 678 1648 737 Dei
1700 681 1979 739 dilectum.

417 769 562 823 Talis
594 784 722 832 vox,
755 783 810 824 ut
831 771 1123 828 audientes
1149 775 1511 843 perciperent,
1561 776 1790 831 formata
1840 785 1921 831 est
1949 789 1977 827 a

419 861 528 913 Deo
553 860 603 914 in
637 878 865 928 corpore
893 855 1072 928 aereo,
1106 874 1165 919 ut
1208 865 1386 920 facere
1427 876 1827 922 consueverunt
1883 867 1976 936 qui

419 952 756 1020 loquuntur;
787 955 864 1008 sic
888 956 1028 1010 Deus
1064 959 1154 1025 qui
1181 975 1354 1012 omnes
1383 961 1616 1012 homines
1655 960 1762 1013 vult
1794 959 1969 1012 salvos

415 1045 552 1112 ﬁeri,
579 1055 625 1098 et
654 1046 723 1098 ad
749 1048 1069 1116 agnitionem
1093 1049 1329 1102 veritatis
1363 1050 1537 1103 venire
1568 1051 1608 1112 ³,
1638 1049 1699 1103 ad
1747 1050 1977 1104 salutem

416 1152 605 1190 eorum
639 1137 730 1206 qui
779 1140 1087 1202 audierunt,
1145 1153 1450 1193 sermonem
1504 1139 1556 1192 in
1614 1154 1739 1194 aere
1777 1140 1981 1194 articu-

415 1227 524 1282 late
553 1228 845 1298 impressit,
889 1230 1031 1284 sicut
1057 1229 1320 1284 Dominus
1347 1230 1480 1284 dixit
1511 1228 1738 1296 Iudaeis,
1766 1231 1858 1299 qui
1885 1247 1981 1296 pu-

417 1320 607 1374 tabant
637 1321 936 1374 tonitruum
960 1335 1080 1374 esse
1104 1320 1326 1380 factum,
1353 1324 1479 1389 quia
1531 1337 1698 1376 sonus
1751 1321 1804 1375 in
1855 1335 1982 1375 aere

417 1406 699 1462 confectus
723 1409 937 1463 fuerat:
973 1409 1092 1463 Non
1134 1419 1345 1479 propter
1373 1427 1450 1464 me
1498 1417 1606 1463 lucc
1662 1426 1762 1464 vox
1817 1413 1980 1474 venit,

337 1574 354 1578 _
418 1499 512 1554 sed
540 1509 750 1568 propter
787 1518 874 1555 vos
902 1499 944 1554 ⁸.
979 1502 1050 1554 Ex
1085 1502 1169 1556 his
1209 1511 1374 1570 patet,
1409 1511 1539 1572 quot
1574 1503 1748 1557 modis
1779 1502 1830 1556 in
1863 1517 1980 1572 pro-

417 1591 594 1658 phetis
624 1591 813 1646 etaliis
838 1593 1009 1646 beatis
1041 1593 1307 1663 theologia
1339 1594 1634 1664 symbolica
1667 1595 1978 1649 declaratur

417 1684 734 1738 nominatim
761 1684 976 1753 quidem
1002 1686 1285 1753 tripliciter
1310 1687 1411 1756 (Ι),
1437 1701 1636 1742 arcane
1667 1699 1794 1741 vero
1811 1693 1866 1741 et
1891 1701 1982 1742 oc-

1571 379 1897 439 JOANNIS
1921 379 2488 448 CYPARISSIOT/E

420 507 586 561 perae
639 493 781 548 edita
833 503 1077 564 est,qu:n
1124 495 1372 550 homines
1437 495 1676 558 doceret,
1733 510 1798 549 ne
1850 495 1981 548 illud
2013 501 2053 556 Α

3509 397 3603 464 756

2087 521 2404 592 llujusmodi
2443 537 2522 579 eat
2558 527 2608 580 in
2645 525 2751 582 Deo
2781 527 3104 583 vocabulum
3159 531 3603 601 processionis(a).

2643 639 2867 696 CAPUT
2908 640 3041 695 VIII.

2046 801 2059 812 ,
2083 751 2240 824 Quod
2269 751 2349 805 lue
2387 753 2604 806 visiones
2635 762 2683 806 et
2736 753 3105 820 Theophanim,
3140 757 3192 809 id
3220 766 3314 819 est,
3341 756 3432 812 Dei
3462 773 3609 824 appa-

2153 821 2385 893 ritionas,
2417 836 2528 893 non
2584 825 2742 877 aliter
2800 841 2959 893 quam
3037 827 3364 880 intermeditu
3418 821 3606 882 virtutes

2151 891 2384 944 caelestes
2408 892 2710 957 informata:
2732 891 2874 947 sunt.

2155 982 2382 1054 Magnus
2417 983 2709 1055 Dionysius
2759 995 2954 1054 quarto
3015 985 3189 1056 capite
3243 979 3466 1040 Caelestis
3514 987 3611 1040 hie-
3651 1011 3657 1026 ι

2081 1073 2308 1126 rare/tia:
2339 1090 2356 1126 :
2387 1071 2450 1126 lli
2489 1074 2671 1145 igitur,
2696 1075 2890 1144 inquit,
2924 1083 3053 1131 sunt
3100 1076 3192 1146 qui
3233 1076 3284 1130 in
3341 1075 3517 1145 primis
3564 1085 3614 1129 et

2083 1164 2454 1229 multipliciter
2471 1165 2746 1219 occultum
2777 1165 2868 1220 Dei
2899 1163 3000 1236 (I‘)
3031 1165 3395 1231 manifestam,
3430 1181 3609 1232 quam-

2083 1258 2269 1311 obrem
2306 1268 2499 1311 caetera
2537 1257 2724 1310 omnia
2755 1258 3020 1312 vocabulo
3058 1259 3364 1325 angelorum
3423 1257 3614 1326 egregie

2082 1348 2276 1415 signati
2310 1357 2454 1412 sunt,
2484 1348 2608 1414 quia
2638 1348 2742 1417 ipsi
2797 1348 3034 1418 primum
3082 1363 3113 1403 a
3171 1349 3276 1402 Deo
3331 1348 3617 1400 illuminan-

2084 1445 2194 1500 tur,
2235 1446 2286 1490 et
2335 1451 2428 1505 per
2459 1437 2607 1507 ipsus
2641 1437 2801 1492 nobis
2849 1446 3049 1492 nostra:
3085 1439 3433 1493 revelationes
3458 1447 3619 1490 trans-

2083 1529 2395 1592 mittuntur,
2432 1528 2512 1583 sic
2573 1529 2737 1598 igitur
2793 1529 2876 1583 lex
2930 1529 3033 1598 (2),
3091 1540 3147 1584 ut
3199 1530 3414 1584 divinus
3453 1543 3617 1582 sermo

2083 1626 2331 1678 testatur,
2356 1633 2448 1686 per
2499 1620 2720 1687 angelos
2747 1618 2904 1673 nobis
2929 1619 3052 1673 data
3076 1629 3156 1674 est
3181 1637 3196 1674 :
3242 1628 3294 1673 et
3350 1619 3464 1673 illos
3491 1619 3620 1671 cele-

2083 1711 2207 1763 bres
2239 1717 2362 1762 ante
2387 1709 2556 1778 legem
2584 1710 2656 1778 ('5)
2692 1718 2745 1762 et
2770 1719 2891 1778 post
2927 1710 3094 1778 legem
3123 1709 3198 1780 (4)
3229 1719 3400 1778 patres
3427 1721 3624 1762 nostros

417 1775 1215 1887 culteetiamallter,etuternis
1234 1779 1978 1887 prophetarumscirepotest.
2012 1828 2056 1887 Β
2087 1801 2258 1869 angeli
2299 1801 2363 1853 ad
2396 1775 2562 1853 mum
2593 1775 2999 1865 adduéebam;
3040 1775 3140 1854 am‘
3182 1775 3332 1871 'q,md
3379 1801 3623 1868 agendum

981 1867 1208 1948 eArp'r
1237 1869 1348 1924 vn.

419 1978 570 2044 Quoa
625 1983 759 2032 hanc
821 1979 1162 2048 symbolicam
1215 1980 1550 2049 theologiam,
1621 1980 1663 2031 ii
1727 1980 1780 2032 in
1855 1997 1981 2050 quos

557 2051 764 2111 cecidit,
797 2051 963 2102 visum
994 2060 1040 2103 et
1076 2051 1322 2104 visionem
1357 2049 1771 2119 appellaverunt.

490 2139 716 2209 Magnus
745 2141 833 2195 ille
884 2149 1156 2209 spectator
1207 2140 1299 2194 Dei
1363 2140 1622 2211 Moyses:
1675 2139 1980 2204 Transiens,

417 2237 613 2306 inquit,
641 2237 818 2290 videbo
840 2238 1003 2290 visum
1026 2237 1120 2290 hoc
1165 2236 1366 2304 ingens,
1397 2252 1561 2305 quare
1589 2234 1750 2289 rubus
1813 2237 1982 2299 ardet,

418 2335 468 2378 et
503 2342 602 2378 non
634 2326 958 2378 comburitur
989 2327 1009 2357 ⁵
1045 2334 1132 2388 ;et
1180 2326 1312 2379 visio
1369 2340 1532 2392 quam
1594 2325 1728 2378 vidit
1767 2324 1934 2377 Isaias
1968 2344 1981 2380 :

331 2473 336 2482 ι
419 2413 492 2467 Ει
534 2432 623 2484 ego
651 2416 870 2468 visiones
911 2416 1354 2483 multiplicavi.‘et
1380 2433 1432 2468 in
1460 2415 1702 2469 manibus
1761 2415 1984 2485 prophe-

419 2516 591 2560 tarum
621 2509 946 2562 assimilatas
980 2525 1096 2560 sum
1120 2511 1175 2576 °;
1211 2519 1289 2574 θ’,
1320 2509 1542 2563 Iuvenes
1578 2509 1736 2562 vestri
1768 2509 1983 2561 visiones

418 2600 663 2653 videbunt
699 2601 838 2653 ἰρι
891 2601 1096 2654 infinita
1166 2601 1269 2653 alia
1321 2601 1628 2667 huiusmodi
1685 2603 1736 2654 in
1806 2611 1986 2656 vetere

421 2691 723 2761 Scriptura.
760 2691 1037 2760 Inprimis
1077 2706 1204 2745 vero
1241 2691 1491 2744 Salvator
1543 2700 1729 2745 noster
1793 2692 1857 2745 de
1886 2707 1982 2746 sua

422 2783 476 2837 in
504 2793 686 2837 monte
711 2782 930 2836 Thabor
964 2783 1314 2850 tchpbania,
1344 2783 1393 2837 id
1447 2791 1547 2848 est,
1585 2784 1677 2838 Dei
1720 2785 1982 2852 appariti-

423 2892 558 2930 one:
597 2875 832 2938 Nemini,
879 2875 1074 2943 inquit,
1133 2876 1371 2929 dixeritis
1399 2877 1648 2929 visionem
1691 2876 1823 2929 hanc
1845 2878 1888 2942 ⁸,
1933 2886 1987 2931 et

422 2970 638 3023 divinus
673 2967 984 3039 Dionysius,
1014 2982 1132 3036 cap.
1173 2969 1259 3032 I3,
1323 2967 1557 3022 leestis
1592 2969 1851 3022 hierarch.
1911 2969 1986 3023 ait

420 3061 680 3115 visionem
719 3059 862 3114 illam
888 3069 1162 3115 ostensam
1197 3075 1316 3113 esse
1373 3059 1525 3114 Isaiae
1588 3061 1837 3129 tbeologo
1886 3075 1985 3130 per

2083 1903 2200 1946 erat
2226 1891 2300 1961 (5)
2333 1901 2688 1960 exponentes,
2723 1901 2776 1947 et
2810 1893 2878 1947 ab
2904 1909 3087 1948 errore
3113 1893 3188 1963 (6)
3251 1903 3302 1948 et
3352 1894 3454 1947 vita
3517 1906 3628 1961 pro-

2085 1985 2207 2039 bana
2242 1986 2306 2038 ad
2343 1992 2545 2038 rectam
2585 1984 2759 2043 _viam
2819 1985 3066 2038 veritatis
3119 1986 3492 2046 traducentes;
3547 1990 3628 2034 aut

2084 2077 2499 2130 manifestantes
2530 2090 2714 2129 sacros
2758 2075 2976 2129 ordines
3007 2076 3106 2145 ('7),
3139 2087 3235 2129 aut
3273 2075 3628 2146 mysteriorum

2084 2181 2201 2234 qua:
2228 2180 2389 2233 supra
2432 2166 2693 2218 mundum
2732 2166 2974 2234 sunt.(8)
3000 2167 3213 2220 abditas
3250 2166 3500 2225 visiones,
3543 2170 3628 2216 ant

2084 2257 2297 2310 divinas
2325 2255 2585 2322 quasdam
2631 2255 3004 2323 praedictiones
3037 2256 3114 2324 (9)
3172 2265 3424 2325 tanquam
3470 2253 3626 2306 nuntii

2085 2357 2138 2402 ct
2169 2348 2406 2402 ministri
2438 2347 2807 2416 explanantes.
2845 2347 2900 2400 Si
2924 2348 3044 2417 quis
3081 2332 3203 2401 vero
3239 2349 3394 2409 dicat,
3425 2345 3628 2414 quibus-

2085 2442 2206 2493 dam
2244 2439 2468 2500 sanctis,
2509 2440 2658 2492 nullo
2694 2440 2976 2509 interiecto
3012 2440 3185 2492 medio
3249 2439 3410 2494 Deum
3467 2455 3526 2492 ex
3579 2453 3630 2491 se

2086 2531 2420 2600 apparuisse,
2459 2530 2630 2584 discat
2664 2531 2824 2582 etiam
2871 2531 2970 2584 hoc
3041 2547 3106 2584 ex
3149 2531 3413 2597 sapientia
3464 2543 3632 2584 sacra-

2090 2640 2205 2676 rum
2245 2622 2652 2690 Scripturarnm
2684 2623 2854 2687 ipsnm
2891 2623 3042 2686 illud,
3069 2624 3211 2690 quod
3249 2622 3339 2676 Dei
3365 2630 3443 2676 est
3460 2620 3630 2674 ochtl-

2089 2725 2200 2768 ttnn
2238 2714 2370 2782 (l0),
2405 2714 2671 2766 nemiuem
2709 2713 2931 2777 vidisse,
2973 2729 3148 2778 neque
3195 2714 3440 2768 visurum
3481 2724 3628 2775 esse;

2086 2807 2520 2874 scdapparuisse
2547 2805 2751 2859 sanctis
2807 2806 2968 2858 Deum
3020 2808 3397 2860 ostendeutcm
3457 2819 3530 2864 se.
3584 2810 3636 2854 ιιι

2086 2913 2206 2953 eum
2239 2897 2485 2953 decebat.
2529 2912 2622 2964 per
2654 2897 2764 2951 tisa
2798 2897 3041 2964 qntcdam
3079 2913 3260 2964 sacra,
3292 2908 3343 2954 et
3368 2900 3429 2952 iis
3470 2896 3551 2964 qui
3578 2909 3630 2948 ea

2086 2988 2362 3049 videbant,
2406 2989 2780 3056 congruentia.
2810 2987 3001 3042 Sermo
3041 3000 3224 3044 autem
3259 2989 3471 3044 divinus
3498 2984 3631 3040 omni

2088 3081 2350 3149 sapientia
2381 3079 2569 3148 plenus
2592 3072 2763 3132 visum
2799 3079 2948 3146 illud,
2996 3080 3143 3149 quod
3193 3080 3433 3135 divinam
3494 3076 3633 3133 simi-

418 3168 587 3206 unttm
627 3152 792 3206 exiis
825 3152 1027 3220 angelis
1077 3153 1306 3216 sanetis,
1355 3153 1447 3222 qui
1513 3153 1669 3206 nobis
1723 3163 1981 3220 prmsunt.

2088 3171 2371 3225 litudincm
2408 3171 2458 3224 in
2498 3170 2585 3224 illo
2613 3169 2730 3239 ipso
2775 3169 2892 3223 viso
2954 3169 3246 3242 figuratam
3310 3168 3636 3229 ostendebat,

421 3244 497 3297 Ex
525 3244 722 3314 quibus
755 3245 813 3297 Iit
854 3242 1229 3303 manifestum,
1258 3244 1399 3313 quod
1443 3259 1779 3313 quaecunque
1827 3261 1980 3300 sacra

418 3341 535 3394 visa
559 3337 758 3392 divinis
780 3336 1038 3402 symbolis
1073 3335 1299 3389 formata
1332 3336 1606 3405 prephette
1636 3350 1798 3391 sensu
1835 3338 1982 3393 visus

419 3435 798 3500 perceperunt,
828 3429 993 3482 verbo
1025 3428 1126 3486 sibi
1161 3437 1391 3494 cognato
1435 3429 1672 3483 visiones
1727 3429 1979 3482 nomina-

419 3531 636 3590 verunt,
671 3521 935 3576 vocabulo
968 3520 1194 3575 visionis
1221 3519 1419 3586 alioqui
1473 3519 1754 3573 communi
1821 3521 1982 3574 rebus

419 3615 553 3685 ipsis
575 3628 710 3685 quas
763 3611 1040 3677 videbant,
1103 3621 1359 3680 tanquam
1433 3610 1648 3680 proprio
1701 3610 1976 3677 imposito.

489 3755 513 3789 ³
539 3756 558 3812 Ι
586 3754 730 3824 Tim,
759 3769 822 3821 ιι,
847 3751 882 3808 4
953 3752 977 3787 ⁸
1004 3751 1162 3814 Joan.
1193 3768 1292 3820 ιιι,
1327 3752 1418 3809 50.
1493 3752 1514 3784 ⁵
1541 3750 1711 3812 Exod.
1736 3768 1798 3818 ιι,
1828 3753 1880 3808 5.

1957 3754 1978 3786 ⁸
2008 3752 2148 3810 Osee
2201 3769 2300 3821 xu,
2336 3755 2422 3811 ιο.

2091 3275 2151 3318 ιιι
2178 3263 2458 3331 figuratur.
2494 3262 2636 3331 quod
2671 3261 2887 3329 figurari
2922 3277 3025 3316 non
3069 3273 3273 3332 potest,
3331 3263 3452 3332 quia
3481 3259 3637 3314 addu-

2089 3356 2162 3410 cit
2197 3370 2290 3408 eos
2313 3355 2402 3423 qui
2425 3355 2627 3414 vident,
2661 3356 2723 3407 ad
2765 3355 2954 3418 Deum,
3001 3355 3192 3409 merito
3216 3354 3348 3410 inde
3375 3353 3642 3422 Theopha-

2091 3448 2329 3511 niam,id
2359 3455 2460 3510 est,
2494 3446 2889 3516 apparitionem
2912 3447 3000 3500 Dei
3063 3456 3249 3512 vocat,
3301 3437 3482 3516 lupo-te
3532 3456 3640 3510 qua:

2089 3541 2324 3594 divinam
2384 3539 2838 3594 illuminationem
2919 3539 3230 3596 videntibus
3293 3539 3562 3600 immittat,
3592 3544 3642 3588 et

2089 3623 2288 3698 aliq‘uid
2321 3628 2385 3682 de
2439 3629 2636 3686 divinis
2675 3642 2768 3683 eos
2820 3642 2974 3684 sacre
3009 3627 3220 3683 doceat.
3311 3627 3407 3688 llis
3453 3624 3638 3682 divinis

2498 3756 2518 3786 '
2545 3753 2684 3812 Joel.
2718 3771 2778 3823 ιι,
2806 3754 2897 3816 28.
2975 3757 2996 3789 ⁸
3024 3757 3218 3814 Matth.
3259 3772 3394 3819 xvn,
3415 3755 3470 3811 9.

1890 3870 2158 3934 Schoba.

489 3979 937 4054 (I)_Tripticiter._
959 3976 1178 4032 Scilicet
1207 3985 1300 4054 aut
1333 3974 1653 4030 formatione
1670 3976 1747 4054 rei
1771 3975 1976 4031 caden-

417 4046 613 4109 tis'sub
643 4046 861 4103 sensum
887 4047 1058 4108 visus,
1091 4054 1183 4099 aut
1207 4048 1308 4100 sub
1333 4059 1551 4099 sensum
1614 4046 1851 4105 aurium,
1884 4055 1978 4100 aut

411 4117 778 4177 translatione
816 4115 968 4169 verbi
1035 4115 1399 4182 significantis
1462 4114 1664 4182 aliquid
1705 4117 1971 4185 spiritale,

416 4201 481 4248 ut
502 4186 736 4244 ebrietas
767 4185 884 4247 Dei,
913 4193 968 4238 et
1015 4199 1269 4246 somnus,
1299 4196 1406 4237 etc.

486 4261 584 4330 (ι’)
618 4255 889 4330 Occulta»:
953 4252 1064 4309 Dei.
1097 4255 1373 4330 Quatenus
1397 4255 1498 4330 hoc
1517 4256 1785 4330 cognosci
1810 4263 1983 4324 potest

417 4323 514 4401 per
544 4346 606 4382 ea
635 4341 753 4394 qme
789 4323 926 4379 facta
955 4336 1104 4401 sunt,
1131 4325 1256 4393 quia
1289 4325 1462 4401 angeli
1516 4326 1569 4379 in
1605 4323 1823 4401 'primis
1867 4341 1978 4401 prae

418 4393 878 4458 δεηιει-ῑεῆηωιιω
954 4395 1120 4450 Deum
1216 4393 1563 4464 participant,
1619 4393 1745 4464 quia
1788 4393 1980 4450 ut’ait

417 4480 641 4528 sanctus
671 4466 955 4529 Maximus,
989 4479 1174 4520 eorum
1209 4463 1522 4519 substantiae
1551 4463 1678 4520 sunt
1726 4465 1849 4526 νοῦς
1870 4464 1978 4529 ζὼν

417 4543 470 4597 id
505 4551 607 4602 est,
639 4552 789 4591 mens
819 4536 1029 4598 vivens,
1055 4535 1256 4589 idcirco
1285 4532 1574 4604 inprimis
1609 4551 1702 4603 per
1726 4549 1785 4588 se
1825 4535 1975 4604 ipsos

2156 3979 2231 4049 (7)
2253 3977 2442 4034 Sacros
2475 3981 2704 4038 ordines.
2745 3980 2811 4034 Ut
2845 3978 3027 4034 Daniel
3062 3993 3119 4049 _c.
3164 3995 3237 4032 vn
3299 3978 3478 4035 decies
3523 3989 3642 4049 cett-

2081 4046 2222 4120 ψη·
2256 4051 2422 4120 millia
2468 4061 2592 4104 ante
2645 4061 2992 4120 conspectum
3060 4047 3164 4120 Dei
3207 4049 3445 4106 astantia
3473 4046 3636 4120 vidit;

2089 4117 2335 4180 Ezechiel
2383 4119 2744 4203 Cherubinos,
2782 4117 2909 4190 'cap.
2971 4117 3234 4181 x;lsaias
3297 4117 3639 4186 Seraphinos,

2088 4201 2208 4256 cap.
2243 4205 2293 4241 vt
2320 4201 2414 4244 aut
2461 4195 2864 4261 mysteriorum.

2093 4328 2102 4330 Α
2160 4259 2236 4330 (8)
2263 4257 2521 4313 Visiones.
2559 4258 2626 4330 Ut
2669 4261 2721 4312 in
2768 4260 2946 4329 Moyse
3001 4269 3055 4314 et
3107 4257 3288 4330 rubo,‘
3319 4265 3373 4311 et
3408 4257 3481 4330 _in
3508 4253 3641 4330 Pau-

2091 4324 2326 4414 linrapto
2365 4344 2537 4411 usque
2567 4329 2633 4384 ad
2669 4324 2884 4383 tertium
2911 4330 3133 4392 cmlum,
3164 4337 3218 4382 et
3276 4327 3333 4382 in
3393 4324 3644 4409 Apocaly-

2088 4399 2172 4470 psi
2207 4398 2464 4454 JOannis.

2158 4469 2232 4533 (9)
2263 4467 2650 4523 Pra'dictiones.
2683 4466 2749 4522 Ut
2781 4468 2833 4521 in
2891 4469 3102 4532 Manoe,
3132 4475 3187 4520 et
3212 4469 3362 4522 aliis.

2156 4539 2268 4610 (IO)
2293 4538 2565 4610 Qccultnm
2611 4547 2685 4590 est
2721 4538 2835 4610 Dei.
2867 4537 3010 4610 Vide
3055 4538 3338 4610 quomodo
3395 4539 3650 4602 interpre-

397 4626 446 4666 -a
477 4599 602 4665 Deo
645 4619 853 4660 creatos
923 4607 1194 4677 occultum
1285 4599 1789 4677 Dei‘maniféstant,
1841 4599 1981 4677 quod
2020 4606 2058 4659 D
2089 4599 2261 4664 tat‘ur'
2292 4607 2586 4677 Dionysius
2651 4608 2795 4673 quod
2861 4609 2936 4660 ait
2985 4599 3262 4662 Joannes:
3329 4609 3495 4660 Deum
3538 4599 3648 4654 ’πιρ-

418 4681 626 4737 scilicet
669 4685 751 4730 est
796 4691 914 4730 ens.
946 4677 1089 4742 quod
1145 4674 1276 4732 vita,
1317 4674 1461 4738 quod
1523 4689 1702 4737 mens,
1762 4675 1978 4727 tametsi

418 4764 582 4820 supra
615 4751 728 4802 Ita-c
771 4753 854 4799 est
907 4744 1036 4820 illud
1091 4744 1361 4820 occultum
1433 4742 1549 4806 Dei,
1599 4759 1765 4813 supra
1805 4744 1968 4797 etiam

417 4814 578 4892 quam
607 4827 672 4892 ιιι
699 4814 1210 4892 compararipossit.

490 4891 566 4957 (Ξ)
598 4887 722 4940 Lex.
748 4884 926 4965 galat.
957 4883 1014 4935 ιιί
1043 4900 1055 4936 :
1092 4884 1496 4965 ALexordinata
1531 4899 1626 4964 per
1668 4884 1976 4965 angelosju

419 4952 584 5014 manu
642 4956 957 5008 mediatoris
991 4969 1004 5015 ;
1051 4963 1103 5006 et
1147 4952 1268 5006 Act.
1299 4967 1408 5007 vn:
1441 4956 1543 5019 Qui
1577 4952 1863 5021 accepistis
1904 4954 1980 5005 Ie-

418 5047 535 5098 gem
565 5028 622 5098 in
679 5022 1049 5098 dispositione
1090 5024 1402 5098 augclqnm.
1439 5063 1453 5077 ο

487 5101 563 5168 (5)
594 5097 724 5149 Ante
770 5087 946 5163 legem.
1011 5091 1077 5146 Ut
1119 5087 1413 5156 Abraham,
1445 5103 1499 5147 et
1529 5092 1738 5154 Manoe,
1769 5102 1820 5146 et
1854 5087 1986 5148 rell:

419 5185 577 5224 (11108.

433 5185 709 5309 pusillam
739 5239 920 5309 legem.
960 5238 1023 5294 Ut
1057 5237 1382 5309 Joseplnaet
1403 5235 1620 5309 Petrum
1644 5233 1858 5309 etalios
1890 5233 1985 5286 de-

422 5304 603 5375 inceps
635 5315 697 5362 ad
743 5304 1096 5370 voluntatem,
1153 5304 1243 5361 Dei
1287 5307 1583 5360 faciendam
1643 5304 1986 5356 adduxerunt

421 5382 619 5436 at'ttzeli.
653 5378 844 5431 Matth.
872 5395 932 5436 ιι,
962 5379 1082 5431 Act.
1111 5393 1168 5430 ιι.

528 5395 619 5435 ett.
656 5395 844 5431 Mattn.
872 5395 932 5436 tt,
962 5395 1082 5431 Act.
1111 5395 1168 5430 ιι.

492 5395 570 5518 {5)
595 5452 745 5516 Quod
773 5449 1029 5518 agendum
1064 5456 1196 5502 erat.
1232 5445 1303 5500 Ut
1329 5448 1380 5499 in
1421 5445 1543 5499 Jcsu
1573 5440 1740 5502 Nave,
1805 5453 1857 5498 et
1888 5445 1990 5498 Gc-

420 5515 580 5586 oesu,
611 5515 664 5572 et
721 5515 859 5572 aliis.

495 5587 570 5656 (ϐ)
611 5588 686 5642 Ab
714 5603 889 5642 errore
924 5587 1253 5658 abducentes.
1279 5585 1346 5640 U‘t
1380 5587 1431 5638 in
1465 5584 1738 5650 Cornelio,
1775 5586 1891 5635 Act.
1923 5599 1982 5648 Il,

2087 4697 2174 4734 mo
2207 4678 2338 4731 vidit
2369 4691 2630 4742 unquam.
2665 4677 2798 4741 Quia
2844 4679 2988 4731 enim
3053 4677 3260 4730 sciebat
3307 4679 3485 4731 visunt
3535 4683 3647 4724 esse

2089 4747 2509 4819 hominibitsAin
2574 4745 2897 4819 Scriptura,
2949 4757 3006 4819 ut
3063 4749 3187 4798 Adae
3255 4749 3310 4800 in
3384 4741 3648 4819 paradiso,

2085 4819 2315 4871 Abrahae
2379 4815 2442 4869 ad
2498 4830 2758 4886 quercum
2829 4816 3105 4882 Mambre,
3158 4825 3215 4886 et
3289 4814 3647 4886 proﬁciscenti

2083 4891 2398 4946 Sodumam,
2463 4895 2515 4938 et
2569 4885 2755 4953 Moysi,
2819 4895 2875 4938 et
2929 4887 3087 4944 aliis.
3139 4883 3463 4938 dicit'nunc
3490 4892 3650 4933 occn-

2083 4961 2212 5010 ltum
2267 4956 2356 5026 Dei
2423 4954 2693 5007 neminem
2741 4955 2960 5026 vidisse,
3019 4969 3194 5021 neque
3237 4956 3486 5026 visurum
3513 4961 3648 5026 esse,

2084 5030 2133 5080 id
2162 5036 2262 5086 est,
2296 5025 2346 5077 id
2381 5026 2524 5093 quod
2552 5033 2633 5079 est
2673 5017 2973 5077 substantia
3005 5017 3138 5092 ejus,
3175 5025 3252 5076 vel
3279 5025 3469 5093 altius.
3519 5017 3645 5086 qui}

2085 5097 2155 5151 sit
2191 5096 2353 5158 Deus,
2393 5091 2553 5146 nemo
2606 5094 3070 5165 comprehendere
3127 5091 3514 5165 intelligentia,
3554 5095 3647 5139 nec

2084 5165 2689 5236 expritnereyunqnam
2733 5163 2954 5236 potuit,
3013 5177 3194 5236 neque
3245 5163 3471 5236 poterit,
3530 5169 3646 5236 cunt

2095 5231 2278 5288 autem
2323 5234 2526 5287 dicitur
2563 5237 2612 5283 in
2657 5233 2938 5299 Scriptura
2971 5234 3313 5301 apparuisse,
3349 5231 3468 5284 sive
3502 5231 3648 5301 visus

2093 5322 2233 5363 esse.
2297 5308 2373 5356 sic
2428 5297 2834 5370 intelligendum
2919 5297 3226 5369 estfquod
3279 5297 3652 5370 IIIIIHQIIISQIIC

2095 5377 2308 5430 illorum
2335 5366 2683 5442 proportione
2715 5371 2834 5424 fidei
2870 5366 3170 5442 habebatur
3215 5371 3411 5436 dignus
3446 5366 3652 5418 visione

2093 5441 2344 5516 quadam,
2381 5457 2502 5516 quae
2553 5441 2629 5516 illi
2689 5442 2853 5516 Deum
2923 5441 3273 5516 ostendebat;
3331 5442 3649 5516 peruquatu

2096 5504 2360 5569 visionem
2402 5504 2893 5563 'illuminationem
2969 5510 3215 5577 capiebat
3279 5504 3648 5577 cegnitionum

2094 5585 2424 5644 divinarum,
2447 5595 2568 5647 quae
2601 5579 2702 5648 ipsi
2746 5580 3128 5634 adveniebant.

488 5789 565 5854 (tt)
613 5787 943 5844 Vocabulum
995 5787 1359 5856 processionis
1415 5787 1615 5856 alioqui
1673 5797 1979 5851 commune,
2026 5782 2223 5840 factum
2251 5792 2426 5837 tamen
2461 5789 2542 5836 est
2572 5780 2847 5850 proprium
2880 5780 3111 5850 Spiritus
3170 5775 3364 5838 sancti.
