  <div class='ocr_page' id='page_1' title='image "/cluster/home/n/w/nwhite01/storage/ocr_20150623/152/hvd.32044073502635/391.png"; bbox 0 0 3980 6208; ppageno 0'>
   <div class='ocr_carea' id='block_1_1' title="bbox 414 371 522 427">
    <p class='ocr_par' dir='ltr' id='par_1_1' title="bbox 414 371 522 427">
     <span class='ocr_line' id='line_1_1' title="bbox 414 371 522 427; baseline 0.009 -1"><span class='ocrx_word' id='word_1_1' title='bbox 414 371 522 427; x_wconf 77' lang='grc'><strong>759</strong></span> 
     </span>
    </p>
   </div>
   <div class='ocr_carea' id='block_1_2' title="bbox 1560 350 2499 432">
    <p class='ocr_par' dir='ltr' id='par_1_2' title="bbox 1560 350 2499 432">
     <span class='ocr_line' id='line_1_2' title="bbox 1560 350 2499 432; baseline 0.001 -3"><span class='ocrx_word' id='word_1_2' title='bbox 1560 371 1882 431; x_wconf 75' lang='lat' dir='ltr'><strong>JOANNIS</strong></span> <span class='ocrx_word' id='word_1_3' title='bbox 1920 350 2499 432; x_wconf 61' lang='lat' dir='ltr'><strong>CYPAPlSSlOWE</strong></span> 
     </span>
    </p>
   </div>
   <div class='ocr_carea' id='block_1_3' title="bbox 3513 375 3603 437">
    <p class='ocr_par' dir='ltr' id='par_1_3' title="bbox 3513 375 3603 437">
     <span class='ocr_line' id='line_1_3' title="bbox 3513 375 3603 437; baseline 0 0"><span class='ocrx_word' id='word_1_4' title='bbox 3513 375 3603 437; x_wconf 65' lang='lat' dir='ltr'><strong>761i</strong></span> 
     </span>
    </p>
   </div>
   <div class='ocr_carea' id='block_1_4' title="bbox 413 468 3606 556">
    <p class='ocr_par' dir='ltr' id='par_1_4' title="bbox 413 468 3606 556">
     <span class='ocr_line' id='line_1_4' title="bbox 413 468 3606 556; baseline 0.002 -23"><span class='ocrx_word' id='word_1_5' title='bbox 413 481 782 550; x_wconf 87' lang='lat' dir='ltr'><strong>integumenta</strong></span> <span class='ocrx_word' id='word_1_6' title='bbox 802 497 924 536; x_wconf 87' lang='lat' dir='ltr'><strong>esse</strong></span> <span class='ocrx_word' id='word_1_7' title='bbox 948 484 1190 537; x_wconf 73' lang='lat' dir='ltr'><strong>scientize</strong></span> <span class='ocrx_word' id='word_1_8' title='bbox 1234 497 1467 548; x_wconf 73' lang='lat' dir='ltr'><strong>arcanae,</strong></span> <span class='ocrx_word' id='word_1_9' title='bbox 1508 493 1562 536; x_wconf 88' lang='lat' dir='ltr'><strong>et</strong></span> <span class='ocrx_word' id='word_1_10' title='bbox 1602 485 1763 552; x_wconf 81' lang='lat' dir='ltr'><strong>vulgo</strong></span> <span class='ocrx_word' id='word_1_11' title='bbox 1795 483 1970 536; x_wconf 77' lang='grc' dir='ltr'><strong>Ιιοιιιὶ-</strong></span> <span class='ocrx_word' id='word_1_12' title='bbox 1999 485 2045 544; x_wconf 74' lang='grc' dir='ltr'><strong>Α</strong></span> <span class='ocrx_word' id='word_1_13' title='bbox 2074 485 2166 538; x_wconf 90' lang='lat' dir='ltr'><strong>sed</strong></span> <span class='ocrx_word' id='word_1_14' title='bbox 2189 486 2370 552; x_wconf 78' lang='lat' dir='ltr'><strong>potius</strong></span> <span class='ocrx_word' id='word_1_15' title='bbox 2411 486 2558 542; x_wconf 90' lang='lat' dir='ltr'><strong>omni</strong></span> <span class='ocrx_word' id='word_1_16' title='bbox 2587 486 2765 540; x_wconf 90' lang='lat' dir='ltr'><strong>studio</strong></span> <span class='ocrx_word' id='word_1_17' title='bbox 2795 488 2862 540; x_wconf 91' lang='lat' dir='ltr'><strong>ad</strong></span> <span class='ocrx_word' id='word_1_18' title='bbox 2891 468 3237 540; x_wconf 82' lang='lat' dir='ltr'><strong>subliuiiores</strong></span> <span class='ocrx_word' id='word_1_19' title='bbox 3279 486 3606 556; x_wconf 79' lang='lat' dir='ltr'><strong>cogitationes</strong></span> 
     </span>
    </p>
   </div>
   <div class='ocr_carea' id='block_1_5' title="bbox 412 573 1972 641">
    <p class='ocr_par' dir='ltr' id='par_1_5' title="bbox 412 573 1972 641">
     <span class='ocr_line' id='line_1_5' title="bbox 412 573 1972 641; baseline 0.003 -18"><span class='ocrx_word' id='word_1_20' title='bbox 412 587 540 624; x_wconf 86' lang='lat' dir='ltr'><strong>num</strong></span> <span class='ocrx_word' id='word_1_21' title='bbox 574 573 820 631; x_wconf 80' lang='lat' dir='ltr'><strong>occultae,</strong></span> <span class='ocrx_word' id='word_1_22' title='bbox 842 582 904 624; x_wconf 92' lang='lat' dir='ltr'><strong>ut</strong></span> <span class='ocrx_word' id='word_1_23' title='bbox 931 588 992 625; x_wconf 92' lang='lat' dir='ltr'><strong>ea</strong></span> <span class='ocrx_word' id='word_1_24' title='bbox 1019 589 1140 641; x_wconf 64' lang='lat' dir='ltr'><strong>quae</strong></span> <span class='ocrx_word' id='word_1_25' title='bbox 1164 573 1511 628; x_wconf 87' lang='lat' dir='ltr'><strong>sanctissima</strong></span> <span class='ocrx_word' id='word_1_26' title='bbox 1544 584 1691 636; x_wconf 88' lang='lat' dir='ltr'><strong>sunt,</strong></span> <span class='ocrx_word' id='word_1_27' title='bbox 1726 589 1831 627; x_wconf 90' lang='lat' dir='ltr'><strong>non</strong></span> <span class='ocrx_word' id='word_1_28' title='bbox 1863 575 1972 629; x_wconf 90' lang='lat' dir='ltr'><strong>sint</strong></span> 
     </span>
    </p>
   </div>
   <div class='ocr_carea' id='block_1_6' title="bbox 412 663 1970 733">
    <p class='ocr_par' dir='ltr' id='par_1_6' title="bbox 412 663 1970 733">
     <span class='ocr_line' id='line_1_6' title="bbox 412 663 1970 733; baseline 0.003 -17"><span class='ocrx_word' id='word_1_29' title='bbox 412 663 653 732; x_wconf 80' lang='lat' dir='ltr'><strong>profanis</strong></span> <span class='ocrx_word' id='word_1_30' title='bbox 683 663 860 718; x_wconf 79' lang='lat' dir='ltr'><strong>facilia</strong></span> <span class='ocrx_word' id='word_1_31' title='bbox 895 664 962 718; x_wconf 88' lang='lat' dir='ltr'><strong>ad</strong></span> <span class='ocrx_word' id='word_1_32' title='bbox 993 666 1404 733; x_wconf 85' lang='lat' dir='ltr'><strong>intelligendum</strong></span> <span class='ocrx_word' id='word_1_33' title='bbox 1429 704 1445 730; x_wconf 95' lang='lat'><strong>,</strong></span> <span class='ocrx_word' id='word_1_34' title='bbox 1477 668 1569 720; x_wconf 88' lang='lat' dir='ltr'><strong>sed</strong></span> <span class='ocrx_word' id='word_1_35' title='bbox 1597 676 1806 720; x_wconf 87' lang='lat' dir='ltr'><strong>tantum</strong></span> <span class='ocrx_word' id='word_1_36' title='bbox 1841 681 1970 721; x_wconf 87' lang='lat' dir='ltr'><strong>vere</strong></span> 
     </span>
    </p>
   </div>
   <div class='ocr_carea' id='block_1_7' title="bbox 327 754 1974 827">
    <p class='ocr_par' dir='ltr' id='par_1_7' title="bbox 327 754 1974 827">
     <span class='ocr_line' id='line_1_7' title="bbox 327 754 1974 827; baseline 0.001 -17"><span class='ocrx_word' id='word_1_37' title='bbox 327 757 340 769; x_wconf 80' lang='lat'><strong><em>‘</em></strong></span> <span class='ocrx_word' id='word_1_38' title='bbox 409 754 667 810; x_wconf 89' lang='lat' dir='ltr'><strong>studiosis</strong></span> <span class='ocrx_word' id='word_1_39' title='bbox 696 756 1002 811; x_wconf 78' lang='lat' dir='ltr'><strong>sanctitatis</strong></span> <span class='ocrx_word' id='word_1_40' title='bbox 1026 758 1361 825; x_wconf 74' lang='lat' dir='ltr'><strong>aperiantur,</strong></span> <span class='ocrx_word' id='word_1_41' title='bbox 1398 767 1584 827; x_wconf 89' lang='lat' dir='ltr'><strong>utpote</strong></span> <span class='ocrx_word' id='word_1_42' title='bbox 1619 758 1974 826; x_wconf 79' lang='lat' dir='ltr'><strong>expeditisab</strong></span> 
     </span>
    </p>
   </div>
   <div class='ocr_carea' id='block_1_8' title="bbox 411 847 1968 920">
    <p class='ocr_par' dir='ltr' id='par_1_8' title="bbox 411 847 1968 920">
     <span class='ocr_line' id='line_1_8' title="bbox 411 847 1968 920; baseline 0.001 -19"><span class='ocrx_word' id='word_1_43' title='bbox 411 849 556 901; x_wconf 89' lang='lat' dir='ltr'><strong>omni</strong></span> <span class='ocrx_word' id='word_1_44' title='bbox 593 847 782 916; x_wconf 86' lang='lat' dir='ltr'><strong>puerili</strong></span> <span class='ocrx_word' id='word_1_45' title='bbox 818 847 1142 916; x_wconf 75' lang='lat' dir='ltr'><strong>cogitatione</strong></span> <span class='ocrx_word' id='word_1_46' title='bbox 1172 849 1224 902; x_wconf 92' lang='lat' dir='ltr'><strong>in</strong></span> <span class='ocrx_word' id='word_1_47' title='bbox 1261 851 1434 905; x_wconf 88' lang='lat' dir='ltr'><strong>sacris</strong></span> <span class='ocrx_word' id='word_1_48' title='bbox 1486 850 1770 920; x_wconf 86' lang='lat' dir='ltr'><strong>symbolis,</strong></span> <span class='ocrx_word' id='word_1_49' title='bbox 1795 861 1846 902; x_wconf 90' lang='lat' dir='ltr'><strong>et</strong></span> <span class='ocrx_word' id='word_1_50' title='bbox 1873 851 1968 919; x_wconf 87' lang='lat' dir='ltr'><strong>qui</strong></span> 
     </span>
    </p>
   </div>
   <div class='ocr_carea' id='block_1_9' title="bbox 407 939 1971 1010">
    <p class='ocr_par' dir='ltr' id='par_1_9' title="bbox 407 939 1971 1010">
     <span class='ocr_line' id='line_1_9' title="bbox 407 939 1971 1010; baseline 0.002 -19"><span class='ocrx_word' id='word_1_51' title='bbox 407 939 527 992; x_wconf 74' lang='lat' dir='ltr'><strong>acie</strong></span> <span class='ocrx_word' id='word_1_52' title='bbox 554 949 767 1002; x_wconf 81' lang='lat' dir='ltr'><strong>mentis,</strong></span> <span class='ocrx_word' id='word_1_53' title='bbox 801 951 856 992; x_wconf 79' lang='lat' dir='ltr'><strong>rt</strong></span> <span class='ocrx_word' id='word_1_54' title='bbox 879 940 1074 1010; x_wconf 83' lang='lat' dir='ltr'><strong>ingenii</strong></span> <span class='ocrx_word' id='word_1_55' title='bbox 1099 939 1382 996; x_wconf 74' lang='lat' dir='ltr'><strong>facultate</strong></span> <span class='ocrx_word' id='word_1_56' title='bbox 1403 943 1971 1009; x_wconf 83' lang='lat' dir='ltr'><strong>ad&#39;contetnplandum</strong></span> 
     </span>
    </p>
   </div>
   <div class='ocr_carea' id='block_1_10' title="bbox 411 1027 1974 1102">
    <p class='ocr_par' dir='ltr' id='par_1_10' title="bbox 411 1027 1974 1102">
     <span class='ocr_line' id='line_1_10' title="bbox 411 1027 1974 1102; baseline 0.007 -26"><span class='ocrx_word' id='word_1_57' title='bbox 411 1027 623 1089; x_wconf 81' lang='lat' dir='ltr'><strong>idonea,</strong></span> <span class='ocrx_word' id='word_1_58' title='bbox 659 1029 935 1081; x_wconf 85' lang='lat' dir='ltr'><strong>veritatem</strong></span> <span class='ocrx_word' id='word_1_59' title='bbox 955 1030 1257 1098; x_wconf 87' lang='lat' dir='ltr'><strong>simplicem</strong></span> <span class='ocrx_word' id='word_1_60' title='bbox 1281 1042 1331 1084; x_wconf 91' lang='lat' dir='ltr'><strong>et</strong></span> <span class='ocrx_word' id='word_1_61' title='bbox 1361 1047 1524 1099; x_wconf 85' lang='lat' dir='ltr'><strong>supra</strong></span> <span class='ocrx_word' id='word_1_62' title='bbox 1551 1043 1798 1085; x_wconf 90' lang='lat' dir='ltr'><strong>naturam</strong></span> <span class='ocrx_word' id='word_1_63' title='bbox 1828 1048 1974 1102; x_wconf 84' lang='lat' dir='ltr'><strong>sym-</strong></span> 
     </span>
    </p>
   </div>
   <div class='ocr_carea' id='block_1_11' title="bbox 411 1120 1974 1192">
    <p class='ocr_par' dir='ltr' id='par_1_11' title="bbox 411 1120 1974 1192">
     <span class='ocr_line' id='line_1_11' title="bbox 411 1120 1974 1192; baseline 0.003 -20"><span class='ocrx_word' id='word_1_64' title='bbox 411 1120 656 1172; x_wconf 87' lang='lat' dir='ltr'><strong>bolorutn</strong></span> <span class='ocrx_word' id='word_1_65' title='bbox 679 1122 1000 1175; x_wconf 83' lang='lat' dir='ltr'><strong>collocatam</strong></span> <span class='ocrx_word' id='word_1_66' title='bbox 1024 1124 1242 1190; x_wconf 83' lang='lat' dir='ltr'><strong>assequi</strong></span> <span class='ocrx_word' id='word_1_67' title='bbox 1283 1125 1512 1192; x_wconf 84' lang='lat' dir='ltr'><strong>possint.</strong></span> <span class='ocrx_word' id='word_1_68' title='bbox 1541 1123 1604 1177; x_wconf 85' lang='lat' dir='ltr'><strong>Et</strong></span> <span class='ocrx_word' id='word_1_69' title='bbox 1625 1141 1811 1178; x_wconf 89' lang='lat' dir='ltr'><strong>rursus</strong></span> <span class='ocrx_word' id='word_1_70' title='bbox 1833 1125 1974 1178; x_wconf 90' lang='lat' dir='ltr'><strong>idem</strong></span> 
     </span>
    </p>
   </div>
   <div class='ocr_carea' id='block_1_12' title="bbox 408 1211 1976 1284">
    <p class='ocr_par' dir='ltr' id='par_1_12' title="bbox 408 1211 1976 1284">
     <span class='ocr_line' id='line_1_12' title="bbox 408 1211 1976 1284; baseline 0.003 -20"><span class='ocrx_word' id='word_1_71' title='bbox 408 1226 530 1276; x_wconf 88' lang='lat' dir='ltr'><strong>cap.</strong></span> <span class='ocrx_word' id='word_1_72' title='bbox 563 1211 598 1264; x_wconf 76' lang='grc'>2</span> <span class='ocrx_word' id='word_1_73' title='bbox 656 1212 726 1264; x_wconf 84' lang='lat' dir='ltr'><strong>De</strong></span> <span class='ocrx_word' id='word_1_74' title='bbox 779 1211 972 1265; x_wconf 77' lang='lat' dir='ltr'><strong>cwlesti</strong></span> <span class='ocrx_word' id='word_1_75' title='bbox 1020 1214 1353 1268; x_wconf 74' lang='lat' dir='ltr'><strong>hieran/tia:</strong></span> <span class='ocrx_word' id='word_1_76' title='bbox 1387 1215 1497 1274; x_wconf 86' lang='lat' dir='ltr'><strong>Sic.</strong></span> <span class='ocrx_word' id='word_1_77' title='bbox 1553 1215 1748 1284; x_wconf 85' lang='lat' dir='ltr'><strong>inquit,</strong></span> <span class='ocrx_word' id='word_1_78' title='bbox 1787 1230 1976 1268; x_wconf 85' lang='lat' dir='ltr'><strong>omnes</strong></span> 
     </span>
    </p>
   </div>
   <div class='ocr_carea' id='block_1_13' title="bbox 397 1303 1979 1376">
    <p class='ocr_par' dir='ltr' id='par_1_13' title="bbox 397 1303 1979 1376">
     <span class='ocr_line' id='line_1_13' title="bbox 397 1303 1979 1376; baseline 0.004 -23"><span class='ocrx_word' id='word_1_79' title='bbox 397 1303 592 1376; x_wconf 71' lang='lat' dir='ltr'><strong>divina</strong></span> <span class='ocrx_word' id='word_1_80' title='bbox 621 1303 885 1368; x_wconf 89' lang='lat' dir='ltr'><strong>sapientia</strong></span> <span class='ocrx_word' id='word_1_81' title='bbox 904 1305 1126 1369; x_wconf 68' lang='lat' dir='ltr'><strong>er-uditi,</strong></span> <span class='ocrx_word' id='word_1_82' title='bbox 1145 1315 1200 1358; x_wconf 90' lang='lat' dir='ltr'><strong>et</strong></span> <span class='ocrx_word' id='word_1_83' title='bbox 1225 1307 1389 1359; x_wconf 85' lang='lat' dir='ltr'><strong>divini</strong></span> <span class='ocrx_word' id='word_1_84' title='bbox 1416 1306 1629 1360; x_wconf 80' lang='lat' dir='ltr'><strong>afﬂatus</strong></span> <span class='ocrx_word' id='word_1_85' title='bbox 1659 1306 1890 1359; x_wconf 79' lang='lat' dir='ltr'><strong>ministri</strong></span> <span class='ocrx_word' id='word_1_86' title='bbox 1926 1314 1979 1359; x_wconf 84' lang='lat' dir='ltr'><strong>et</strong></span> 
     </span>
    </p>
   </div>
   <div class='ocr_carea' id='block_1_14' title="bbox 411 1393 1979 1464">
    <p class='ocr_par' dir='ltr' id='par_1_14' title="bbox 411 1393 1979 1464">
     <span class='ocr_line' id='line_1_14' title="bbox 411 1393 1979 1464; baseline 0.004 -20"><span class='ocrx_word' id='word_1_87' title='bbox 411 1393 737 1461; x_wconf 70' lang='lat' dir='ltr'><strong>interpretes</strong></span> <span class='ocrx_word' id='word_1_88' title='bbox 788 1395 985 1449; x_wconf 85' lang='lat' dir='ltr'><strong>Sancta</strong></span> <span class='ocrx_word' id='word_1_89' title='bbox 1037 1405 1350 1450; x_wconf 89' lang='lat' dir='ltr'><strong>sanctorum</strong></span> <span class='ocrx_word' id='word_1_90' title='bbox 1405 1397 1714 1464; x_wconf 84' lang='lat' dir='ltr'><strong>aprofanis</strong></span> <span class='ocrx_word' id='word_1_91' title='bbox 1740 1398 1886 1451; x_wconf 86' lang='lat' dir='ltr'><strong>etab</strong></span> <span class='ocrx_word' id='word_1_92' title='bbox 1913 1397 1979 1451; x_wconf 89' lang='lat' dir='ltr'><strong>iis</strong></span> 
     </span>
    </p>
   </div>
   <div class='ocr_carea' id='block_1_15' title="bbox 411 1483 1978 1556">
    <p class='ocr_par' dir='ltr' id='par_1_15' title="bbox 411 1483 1978 1556">
     <span class='ocr_line' id='line_1_15' title="bbox 411 1483 1978 1556; baseline 0.003 -20"><span class='ocrx_word' id='word_1_93' title='bbox 411 1483 504 1550; x_wconf 87' lang='lat' dir='ltr'><strong>qui</strong></span> <span class='ocrx_word' id='word_1_94' title='bbox 540 1485 737 1536; x_wconf 82' lang='lat' dir='ltr'><strong>initiati</strong></span> <span class='ocrx_word' id='word_1_95' title='bbox 768 1501 872 1538; x_wconf 88' lang='lat' dir='ltr'><strong>non</strong></span> <span class='ocrx_word' id='word_1_96' title='bbox 911 1495 1058 1550; x_wconf 90' lang='lat' dir='ltr'><strong>sunt,</strong></span> <span class='ocrx_word' id='word_1_97' title='bbox 1086 1503 1221 1554; x_wconf 90' lang='lat' dir='ltr'><strong>pure</strong></span> <span class='ocrx_word' id='word_1_98' title='bbox 1256 1497 1530 1556; x_wconf 85' lang='lat' dir='ltr'><strong>separant,</strong></span> <span class='ocrx_word' id='word_1_99' title='bbox 1559 1499 1610 1540; x_wconf 88' lang='lat' dir='ltr'><strong>et</strong></span> <span class='ocrx_word' id='word_1_100' title='bbox 1640 1488 1840 1541; x_wconf 78' lang='lat' dir='ltr'><strong>formas</strong></span> <span class='ocrx_word' id='word_1_101' title='bbox 1868 1487 1978 1540; x_wconf 79' lang='lat' dir='ltr'><strong>eiii-</strong></span> 
     </span>
    </p>
   </div>
   <div class='ocr_carea' id='block_1_16' title="bbox 411 1574 1977 1646">
    <p class='ocr_par' dir='ltr' id='par_1_16' title="bbox 411 1574 1977 1646">
     <span class='ocr_line' id='line_1_16' title="bbox 411 1574 1977 1646; baseline 0.003 -20"><span class='ocrx_word' id='word_1_102' title='bbox 411 1587 525 1627; x_wconf 83' lang='lat' dir='ltr'><strong>ctas</strong></span> <span class='ocrx_word' id='word_1_103' title='bbox 556 1574 846 1630; x_wconf 78' lang='lat' dir='ltr'><strong>dissimiles</strong></span> <span class='ocrx_word' id='word_1_104' title='bbox 877 1577 1177 1642; x_wconf 83' lang='lat' dir='ltr'><strong>celebrant,</strong></span> <span class='ocrx_word' id='word_1_105' title='bbox 1217 1588 1275 1632; x_wconf 83' lang='grc' dir='ltr'><strong>ιιι</strong></span> <span class='ocrx_word' id='word_1_106' title='bbox 1311 1594 1485 1646; x_wconf 86' lang='lat' dir='ltr'><strong>neque</strong></span> <span class='ocrx_word' id='word_1_107' title='bbox 1520 1577 1700 1632; x_wconf 91' lang='lat' dir='ltr'><strong>divina</strong></span> <span class='ocrx_word' id='word_1_108' title='bbox 1734 1595 1762 1631; x_wconf 88' lang='lat' dir='ltr'><strong>a</strong></span> <span class='ocrx_word' id='word_1_109' title='bbox 1794 1578 1977 1645; x_wconf 87' lang='lat' dir='ltr'><strong>profa-</strong></span> 
     </span>
    </p>
   </div>
   <div class='ocr_carea' id='block_1_17' title="bbox 413 1664 1980 1739">
    <p class='ocr_par' dir='ltr' id='par_1_17' title="bbox 413 1664 1980 1739">
     <span class='ocr_line' id='line_1_17' title="bbox 413 1664 1980 1739; baseline 0.005 -23"><span class='ocrx_word' id='word_1_110' title='bbox 413 1664 500 1718; x_wconf 88' lang='lat' dir='ltr'><strong>nis</strong></span> <span class='ocrx_word' id='word_1_111' title='bbox 530 1665 686 1719; x_wconf 83' lang='lat' dir='ltr'><strong>facile</strong></span> <span class='ocrx_word' id='word_1_112' title='bbox 735 1668 939 1736; x_wconf 80' lang='lat' dir='ltr'><strong>percipi</strong></span> <span class='ocrx_word' id='word_1_113' title='bbox 995 1678 1230 1739; x_wconf 81' lang='lat' dir='ltr'><strong>queant;</strong></span> <span class='ocrx_word' id='word_1_114' title='bbox 1279 1686 1452 1739; x_wconf 89' lang='lat' dir='ltr'><strong>neque</strong></span> <span class='ocrx_word' id='word_1_115' title='bbox 1507 1671 1597 1737; x_wconf 91' lang='lat' dir='ltr'><strong>qui</strong></span> <span class='ocrx_word' id='word_1_116' title='bbox 1647 1671 1831 1724; x_wconf 90' lang='lat' dir='ltr'><strong>studio</strong></span> <span class='ocrx_word' id='word_1_117' title='bbox 1857 1685 1980 1735; x_wconf 84' lang='lat' dir='ltr'><strong>spe-</strong></span> 
     </span>
    </p>
   </div>
   <div class='ocr_carea' id='block_1_18' title="bbox 413 1756 1978 1827">
    <p class='ocr_par' dir='ltr' id='par_1_18' title="bbox 413 1756 1978 1827">
     <span class='ocr_line' id='line_1_18' title="bbox 413 1756 1978 1827; baseline 0.004 -20"><span class='ocrx_word' id='word_1_118' title='bbox 413 1756 600 1807; x_wconf 88' lang='lat' dir='ltr'><strong>ctandi</strong></span> <span class='ocrx_word' id='word_1_119' title='bbox 648 1771 833 1811; x_wconf 87' lang='lat' dir='ltr'><strong>sacras</strong></span> <span class='ocrx_word' id='word_1_120' title='bbox 863 1759 991 1812; x_wconf 89' lang='lat' dir='ltr'><strong>istas</strong></span> <span class='ocrx_word' id='word_1_121' title='bbox 1033 1760 1296 1827; x_wconf 76' lang='lat' dir='ltr'><strong>imagines</strong></span> <span class='ocrx_word' id='word_1_122' title='bbox 1328 1761 1573 1814; x_wconf 86' lang='lat' dir='ltr'><strong>inclusas</strong></span> <span class='ocrx_word' id='word_1_123' title='bbox 1618 1771 1888 1827; x_wconf 89' lang='lat' dir='ltr'><strong>tenetttur,</strong></span> <span class='ocrx_word' id='word_1_124' title='bbox 1925 1763 1978 1814; x_wconf 89' lang='lat' dir='ltr'><strong>in</strong></span> 
     </span>
    </p>
   </div>
   <div class='ocr_carea' id='block_1_19' title="bbox 412 1841 1978 1918">
    <p class='ocr_par' dir='ltr' id='par_1_19' title="bbox 412 1841 1978 1918">
     <span class='ocr_line' id='line_1_19' title="bbox 412 1841 1978 1918; baseline 0.004 -21"><span class='ocrx_word' id='word_1_125' title='bbox 412 1844 524 1900; x_wconf 89' lang='lat' dir='ltr'><strong>illis</strong></span> <span class='ocrx_word' id='word_1_126' title='bbox 559 1841 904 1902; x_wconf 77' lang='lat' dir='ltr'><strong>extrinsecus</strong></span> <span class='ocrx_word' id='word_1_127' title='bbox 934 1849 1122 1916; x_wconf 88' lang='lat' dir='ltr'><strong>tiguris</strong></span> <span class='ocrx_word' id='word_1_128' title='bbox 1157 1861 1208 1904; x_wconf 89' lang='lat' dir='ltr'><strong>et</strong></span> <span class='ocrx_word' id='word_1_129' title='bbox 1241 1851 1411 1918; x_wconf 78' lang='lat' dir='ltr'><strong>signis</strong></span> <span class='ocrx_word' id='word_1_130' title='bbox 1445 1862 1700 1918; x_wconf 87' lang='lat' dir='ltr'><strong>tanquam</strong></span> <span class='ocrx_word' id='word_1_131' title='bbox 1751 1851 1802 1904; x_wconf 92' lang='lat' dir='ltr'><strong>in</strong></span> <span class='ocrx_word' id='word_1_132' title='bbox 1836 1854 1978 1906; x_wconf 89' lang='lat' dir='ltr'><strong>veris</strong></span> 
     </span>
    </p>
   </div>
   <div class='ocr_carea' id='block_1_20' title="bbox 410 1935 1976 2011">
    <p class='ocr_par' dir='ltr' id='par_1_20' title="bbox 410 1935 1976 2011">
     <span class='ocr_line' id='line_1_20' title="bbox 410 1935 1976 2011; baseline 0.005 -24"><span class='ocrx_word' id='word_1_133' title='bbox 410 1936 674 1988; x_wconf 74' lang='lat' dir='ltr'><strong>lu-reant.</strong></span> <span class='ocrx_word' id='word_1_134' title='bbox 712 1935 824 1991; x_wconf 90' lang='lat' dir='ltr'><strong>lmo</strong></span> <span class='ocrx_word' id='word_1_135' title='bbox 857 1948 909 1991; x_wconf 87' lang='lat' dir='ltr'><strong>et</strong></span> <span class='ocrx_word' id='word_1_136' title='bbox 949 1954 1179 2007; x_wconf 80' lang='lat' dir='ltr'><strong>magnus</strong></span> <span class='ocrx_word' id='word_1_137' title='bbox 1222 1939 1482 1996; x_wconf 80' lang='lat' dir='ltr'><strong>Basilius:</strong></span> <span class='ocrx_word' id='word_1_138' title='bbox 1525 1941 1653 2006; x_wconf 82' lang='lat' dir='ltr'><strong>Qui,</strong></span> <span class='ocrx_word' id='word_1_139' title='bbox 1687 1941 1880 2011; x_wconf 86' lang='lat' dir='ltr'><strong>inquit,</strong></span> <span class='ocrx_word' id='word_1_140' title='bbox 1911 1942 1976 1996; x_wconf 84' lang='lat' dir='ltr'><strong>ad</strong></span> 
     </span>
    </p>
   </div>
   <div class='ocr_carea' id='block_1_21' title="bbox 411 2026 1974 2091">
    <p class='ocr_par' dir='ltr' id='par_1_21' title="bbox 411 2026 1974 2091">
     <span class='ocr_line' id='line_1_21' title="bbox 411 2026 1974 2091; baseline 0.003 -11"><span class='ocrx_word' id='word_1_141' title='bbox 411 2026 670 2080; x_wconf 77' lang='lat' dir='ltr'><strong>celsiores</strong></span> <span class='ocrx_word' id='word_1_142' title='bbox 721 2029 972 2084; x_wconf 88' lang='lat' dir='ltr'><strong>notiones</strong></span> <span class='ocrx_word' id='word_1_143' title='bbox 1005 2045 1069 2083; x_wconf 82' lang='lat' dir='ltr'><strong>ex</strong></span> <span class='ocrx_word' id='word_1_144' title='bbox 1111 2031 1290 2084; x_wconf 81' lang='lat' dir='ltr'><strong>verbis</strong></span> <span class='ocrx_word' id='word_1_145' title='bbox 1323 2047 1429 2086; x_wconf 92' lang='lat' dir='ltr'><strong>non</strong></span> <span class='ocrx_word' id='word_1_146' title='bbox 1481 2033 1752 2091; x_wconf 83' lang='lat' dir='ltr'><strong>ascendit.</strong></span> <span class='ocrx_word' id='word_1_147' title='bbox 1787 2032 1881 2087; x_wconf 89' lang='lat' dir='ltr'><strong>sed</strong></span> <span class='ocrx_word' id='word_1_148' title='bbox 1923 2035 1974 2086; x_wconf 89' lang='lat' dir='ltr'><strong>itt</strong></span> 
     </span>
    </p>
   </div>
   <div class='ocr_carea' id='block_1_22' title="bbox 411 2117 1977 2192">
    <p class='ocr_par' dir='ltr' id='par_1_22' title="bbox 411 2117 1977 2192">
     <span class='ocr_line' id='line_1_22' title="bbox 411 2117 1977 2192; baseline 0.004 -22"><span class='ocrx_word' id='word_1_149' title='bbox 411 2117 547 2184; x_wconf 87' lang='lat' dir='ltr'><strong>ipsis</strong></span> <span class='ocrx_word' id='word_1_150' title='bbox 579 2117 1038 2176; x_wconf 84' lang='lat' dir='ltr'><strong>deliucationibus</strong></span> <span class='ocrx_word' id='word_1_151' title='bbox 1066 2136 1353 2190; x_wconf 90' lang='lat' dir='ltr'><strong>corporum</strong></span> <span class='ocrx_word' id='word_1_152' title='bbox 1385 2122 1675 2175; x_wconf 75' lang='lat' dir='ltr'><strong>verborum</strong></span> <span class='ocrx_word' id='word_1_153' title='bbox 1703 2124 1977 2192; x_wconf 81' lang='lat' dir='ltr'><strong>composi-</strong></span> 
     </span>
    </p>
   </div>
   <div class='ocr_carea' id='block_1_23' title="bbox 411 2199 1975 2280">
    <p class='ocr_par' dir='ltr' id='par_1_23' title="bbox 411 2199 1975 2280">
     <span class='ocr_line' id='line_1_23' title="bbox 411 2199 1975 2280; baseline 0.005 -22"><span class='ocrx_word' id='word_1_154' title='bbox 411 2205 559 2260; x_wconf 88' lang='lat' dir='ltr'><strong>tione</strong></span> <span class='ocrx_word' id='word_1_155' title='bbox 593 2206 750 2261; x_wconf 90' lang='lat' dir='ltr'><strong>factis</strong></span> <span class='ocrx_word' id='word_1_156' title='bbox 795 2210 1019 2271; x_wconf 82' lang='lat' dir='ltr'><strong>residet,</strong></span> <span class='ocrx_word' id='word_1_157' title='bbox 1053 2199 1237 2266; x_wconf 88' lang='lat' dir='ltr'><strong>audiet</strong></span> <span class='ocrx_word' id='word_1_158' title='bbox 1271 2225 1335 2264; x_wconf 82' lang='lat' dir='ltr'><strong>ex</strong></span> <span class='ocrx_word' id='word_1_159' title='bbox 1372 2211 1581 2280; x_wconf 81' lang='lat' dir='ltr'><strong>Moyse,</strong></span> <span class='ocrx_word' id='word_1_160' title='bbox 1624 2212 1795 2264; x_wconf 91' lang='lat' dir='ltr'><strong>Deum</strong></span> <span class='ocrx_word' id='word_1_161' title='bbox 1852 2227 1975 2266; x_wconf 90' lang='lat' dir='ltr'><strong>esse</strong></span> 
     </span>
    </p>
   </div>
   <div class='ocr_carea' id='block_1_24' title="bbox 411 2298 1975 2373">
    <p class='ocr_par' dir='ltr' id='par_1_24' title="bbox 411 2298 1975 2373">
     <span class='ocr_line' id='line_1_24' title="bbox 411 2298 1975 2373; baseline 0.005 -21"><span class='ocrx_word' id='word_1_162' title='bbox 411 2298 631 2366; x_wconf 87' lang='lat' dir='ltr'><strong>ignem;</strong></span> <span class='ocrx_word' id='word_1_163' title='bbox 683 2310 736 2353; x_wconf 89' lang='lat' dir='ltr'><strong>et</strong></span> <span class='ocrx_word' id='word_1_164' title='bbox 765 2316 794 2354; x_wconf 89' lang='lat' dir='ltr'><strong>a</strong></span> <span class='ocrx_word' id='word_1_165' title='bbox 835 2301 1050 2356; x_wconf 76' lang='lat' dir='ltr'><strong>Daniele</strong></span> <span class='ocrx_word' id='word_1_166' title='bbox 1101 2303 1347 2372; x_wconf 89' lang='lat' dir='ltr'><strong>sapiente</strong></span> <span class='ocrx_word' id='word_1_167' title='bbox 1399 2305 1465 2356; x_wconf 91' lang='lat' dir='ltr'><strong>ad</strong></span> <span class='ocrx_word' id='word_1_168' title='bbox 1508 2303 1643 2356; x_wconf 87' lang='lat' dir='ltr'><strong>alias</strong></span> <span class='ocrx_word' id='word_1_169' title='bbox 1686 2303 1975 2373; x_wconf 88' lang='lat' dir='ltr'><strong>opiniones</strong></span> 
     </span>
    </p>
   </div>
   <div class='ocr_carea' id='block_1_25' title="bbox 410 2391 1976 2465">
    <p class='ocr_par' dir='ltr' id='par_1_25' title="bbox 410 2391 1976 2465">
     <span class='ocr_line' id='line_1_25' title="bbox 410 2391 1976 2465; baseline 0.002 -20"><span class='ocrx_word' id='word_1_170' title='bbox 410 2391 852 2460; x_wconf 85' lang='lat' dir='ltr'><strong>detorquebitur;</strong></span> <span class='ocrx_word' id='word_1_171' title='bbox 889 2395 962 2448; x_wconf 89' lang='lat' dir='ltr'><strong>ita</strong></span> <span class='ocrx_word' id='word_1_172' title='bbox 1003 2395 1090 2448; x_wconf 76' lang='lat' dir='ltr'><strong>fiet</strong></span> <span class='ocrx_word' id='word_1_173' title='bbox 1113 2403 1170 2448; x_wconf 91' lang='lat' dir='ltr'><strong>ut</strong></span> <span class='ocrx_word' id='word_1_174' title='bbox 1196 2409 1303 2448; x_wconf 91' lang='lat' dir='ltr'><strong>non</strong></span> <span class='ocrx_word' id='word_1_175' title='bbox 1335 2395 1509 2449; x_wconf 89' lang='lat' dir='ltr'><strong>solum</strong></span> <span class='ocrx_word' id='word_1_176' title='bbox 1571 2394 1739 2450; x_wconf 85' lang='lat' dir='ltr'><strong>falsas</strong></span> <span class='ocrx_word' id='word_1_177' title='bbox 1768 2397 1976 2465; x_wconf 83' lang='lat' dir='ltr'><strong>cogita-</strong></span> 
     </span>
    </p>
   </div>
   <div class='ocr_carea' id='block_1_26' title="bbox 411 2484 1978 2555">
    <p class='ocr_par' dir='ltr' id='par_1_26' title="bbox 411 2484 1978 2555">
     <span class='ocr_line' id='line_1_26' title="bbox 411 2484 1978 2555; baseline 0.004 -20"><span class='ocrx_word' id='word_1_178' title='bbox 411 2484 612 2546; x_wconf 82' lang='lat' dir='ltr'><strong>tiones,</strong></span> <span class='ocrx_word' id='word_1_179' title='bbox 668 2486 760 2538; x_wconf 91' lang='lat' dir='ltr'><strong>sed</strong></span> <span class='ocrx_word' id='word_1_180' title='bbox 793 2485 937 2540; x_wconf 89' lang='lat' dir='ltr'><strong>inter</strong></span> <span class='ocrx_word' id='word_1_181' title='bbox 990 2501 1048 2540; x_wconf 90' lang='lat' dir='ltr'><strong>se</strong></span> <span class='ocrx_word' id='word_1_182' title='bbox 1115 2496 1418 2554; x_wconf 81' lang='lat' dir='ltr'><strong>pugnantes</strong></span> <span class='ocrx_word' id='word_1_183' title='bbox 1491 2501 1559 2539; x_wconf 78' lang='lat' dir='ltr'><strong>ex</strong></span> <span class='ocrx_word' id='word_1_184' title='bbox 1614 2487 1748 2555; x_wconf 90' lang='lat' dir='ltr'><strong>ipsis</strong></span> <span class='ocrx_word' id='word_1_185' title='bbox 1815 2489 1978 2542; x_wconf 90' lang='lat' dir='ltr'><strong>rebus</strong></span> 
     </span>
    </p>
   </div>
   <div class='ocr_carea' id='block_1_27' title="bbox 413 2571 1983 2645">
    <p class='ocr_par' dir='ltr' id='par_1_27' title="bbox 413 2571 1983 2645">
     <span class='ocr_line' id='line_1_27' title="bbox 413 2571 1983 2645; baseline 0.003 -21"><span class='ocrx_word' id='word_1_186' title='bbox 413 2573 648 2640; x_wconf 80' lang='lat' dir='ltr'><strong>colligat.</strong></span> <span class='ocrx_word' id='word_1_187' title='bbox 683 2571 756 2625; x_wconf 77' lang='lat' dir='ltr'><strong>Ex</strong></span> <span class='ocrx_word' id='word_1_188' title='bbox 787 2573 870 2628; x_wconf 92' lang='lat' dir='ltr'><strong>bis</strong></span> <span class='ocrx_word' id='word_1_189' title='bbox 905 2584 1046 2643; x_wconf 84' lang='lat' dir='ltr'><strong>patet</strong></span> <span class='ocrx_word' id='word_1_190' title='bbox 1081 2589 1189 2628; x_wconf 88' lang='lat' dir='ltr'><strong>non</strong></span> <span class='ocrx_word' id='word_1_191' title='bbox 1232 2583 1484 2643; x_wconf 86' lang='lat' dir='ltr'><strong>oportere</strong></span> <span class='ocrx_word' id='word_1_192' title='bbox 1518 2575 1726 2629; x_wconf 68' lang='lat' dir='ltr'><strong>haerere</strong></span> <span class='ocrx_word' id='word_1_193' title='bbox 1756 2577 1809 2629; x_wconf 89' lang='lat' dir='ltr'><strong>in</strong></span> <span class='ocrx_word' id='word_1_194' title='bbox 1836 2591 1983 2645; x_wconf 60' lang='lat' dir='ltr'><strong>syuts</strong></span> 
     </span>
    </p>
   </div>
   <div class='ocr_carea' id='block_1_28' title="bbox 413 2662 1971 2732">
    <p class='ocr_par' dir='ltr' id='par_1_28' title="bbox 413 2662 1971 2732">
     <span class='ocr_line' id='line_1_28' title="bbox 413 2662 1971 2732; baseline 0.003 -19"><span class='ocrx_word' id='word_1_195' title='bbox 413 2662 584 2716; x_wconf 90' lang='lat' dir='ltr'><strong>bolice</strong></span> <span class='ocrx_word' id='word_1_196' title='bbox 613 2663 803 2718; x_wconf 79' lang='lat' dir='ltr'><strong>eﬂietis</strong></span> <span class='ocrx_word' id='word_1_197' title='bbox 830 2663 1039 2727; x_wconf 78' lang='lat' dir='ltr'><strong>formis,</strong></span> <span class='ocrx_word' id='word_1_198' title='bbox 1067 2666 1562 2732; x_wconf 86' lang='lat' dir='ltr'><strong>quomodocunque</strong></span> <span class='ocrx_word' id='word_1_199' title='bbox 1617 2665 1971 2732; x_wconf 86' lang='lat' dir='ltr'><strong>eftingautur,</strong></span> 
     </span>
    </p>
   </div>
   <div class='ocr_carea' id='block_1_29' title="bbox 414 2752 1977 2820">
    <p class='ocr_par' dir='ltr' id='par_1_29' title="bbox 414 2752 1977 2820">
     <span class='ocr_line' id='line_1_29' title="bbox 414 2752 1977 2820; baseline 0.004 -17"><span class='ocrx_word' id='word_1_200' title='bbox 414 2752 528 2805; x_wconf 82' lang='lat' dir='ltr'><strong>sive</strong></span> <span class='ocrx_word' id='word_1_201' title='bbox 560 2752 611 2804; x_wconf 91' lang='lat' dir='ltr'><strong>in</strong></span> <span class='ocrx_word' id='word_1_202' title='bbox 639 2753 822 2820; x_wconf 85' lang='lat' dir='ltr'><strong>specie</strong></span> <span class='ocrx_word' id='word_1_203' title='bbox 861 2755 963 2807; x_wconf 89' lang='lat' dir='ltr'><strong>sub</strong></span> <span class='ocrx_word' id='word_1_204' title='bbox 993 2769 1210 2807; x_wconf 87' lang='lat' dir='ltr'><strong>sensum</strong></span> <span class='ocrx_word' id='word_1_205' title='bbox 1244 2754 1491 2817; x_wconf 88' lang='lat' dir='ltr'><strong>cadente,</strong></span> <span class='ocrx_word' id='word_1_206' title='bbox 1517 2755 1633 2809; x_wconf 85' lang='lat' dir='ltr'><strong>sive</strong></span> <span class='ocrx_word' id='word_1_207' title='bbox 1658 2756 1709 2808; x_wconf 88' lang='lat' dir='ltr'><strong>itt</strong></span> <span class='ocrx_word' id='word_1_208' title='bbox 1745 2756 1977 2810; x_wconf 88' lang='lat' dir='ltr'><strong>vocabu-</strong></span> 
     </span>
    </p>
   </div>
   <div class='ocr_carea' id='block_1_30' title="bbox 415 2841 1979 2913">
    <p class='ocr_par' dir='ltr' id='par_1_30' title="bbox 415 2841 1979 2913">
     <span class='ocr_line' id='line_1_30' title="bbox 415 2841 1979 2913; baseline 0.003 -20"><span class='ocrx_word' id='word_1_209' title='bbox 415 2841 480 2895; x_wconf 94' lang='lat' dir='ltr'><strong>lis</strong></span> <span class='ocrx_word' id='word_1_210' title='bbox 501 2855 622 2909; x_wconf 65' lang='lat' dir='ltr'><strong>quin</strong></span> <span class='ocrx_word' id='word_1_211' title='bbox 655 2842 905 2897; x_wconf 90' lang='lat' dir='ltr'><strong>videntur</strong></span> <span class='ocrx_word' id='word_1_212' title='bbox 937 2842 1135 2898; x_wconf 83' lang='lat' dir='ltr'><strong>habere</strong></span> <span class='ocrx_word' id='word_1_213' title='bbox 1166 2842 1391 2897; x_wconf 89' lang='lat' dir='ltr'><strong>ntultum</strong></span> <span class='ocrx_word' id='word_1_214' title='bbox 1418 2843 1610 2900; x_wconf 90' lang='lat' dir='ltr'><strong>absoni</strong></span> <span class='ocrx_word' id='word_1_215' title='bbox 1644 2853 1698 2900; x_wconf 91' lang='lat' dir='ltr'><strong>et</strong></span> <span class='ocrx_word' id='word_1_216' title='bbox 1733 2844 1979 2913; x_wconf 88' lang='lat' dir='ltr'><strong>absurdi;</strong></span> 
     </span>
    </p>
   </div>
   <div class='ocr_carea' id='block_1_31' title="bbox 1947 2997 2054 3024">
    <p class='ocr_par' dir='ltr' id='par_1_31' title="bbox 1947 2997 2054 3024">
     <span class='ocr_line' id='line_1_31' title="bbox 1947 2997 2054 3024; baseline 0.019 -2"><span class='ocrx_word' id='word_1_217' title='bbox 1947 2997 1956 3006; x_wconf 75' lang='grc'><strong>’</strong></span> <span class='ocrx_word' id='word_1_218' title='bbox 1985 3010 2054 3024; x_wconf 83' lang='grc'><strong><em>-</em></strong></span> 
     </span>
    </p>
   </div>
   <div class='ocr_carea' id='block_1_32' title="bbox 2079 574 3610 645">
    <p class='ocr_par' dir='ltr' id='par_1_32' title="bbox 2079 574 3610 645">
     <span class='ocr_line' id='line_1_32' title="bbox 2079 574 3610 645; baseline 0.004 -19"><span class='ocrx_word' id='word_1_219' title='bbox 2079 588 2381 628; x_wconf 82' lang='lat' dir='ltr'><strong>recurrere.</strong></span> <span class='ocrx_word' id='word_1_220' title='bbox 2415 575 2482 630; x_wconf 90' lang='lat' dir='ltr'><strong>Ut</strong></span> <span class='ocrx_word' id='word_1_221' title='bbox 2517 575 2684 645; x_wconf 85' lang='lat' dir='ltr'><strong>igitur</strong></span> <span class='ocrx_word' id='word_1_222' title='bbox 2705 574 2935 644; x_wconf 87' lang='lat' dir='ltr'><strong>simplici</strong></span> <span class='ocrx_word' id='word_1_223' title='bbox 2969 585 3021 629; x_wconf 91' lang='lat' dir='ltr'><strong>et</strong></span> <span class='ocrx_word' id='word_1_224' title='bbox 3045 575 3293 629; x_wconf 87' lang='lat' dir='ltr'><strong>distincta</strong></span> <span class='ocrx_word' id='word_1_225' title='bbox 3322 577 3610 643; x_wconf 83' lang='lat' dir='ltr'><strong>repetitione</strong></span> 
     </span>
    </p>
   </div>
   <div class='ocr_carea' id='block_1_33' title="bbox 2076 668 3615 736">
    <p class='ocr_par' dir='ltr' id='par_1_33' title="bbox 2076 668 3615 736">
     <span class='ocr_line' id='line_1_33' title="bbox 2076 668 3615 736; baseline 0.001 -16"><span class='ocrx_word' id='word_1_226' title='bbox 2076 681 2343 734; x_wconf 74' lang='lat' dir='ltr'><strong>exponam</strong></span> <span class='ocrx_word' id='word_1_227' title='bbox 2373 668 2551 735; x_wconf 81' lang='lat' dir='ltr'><strong>Capita</strong></span> <span class='ocrx_word' id='word_1_228' title='bbox 2576 683 2696 736; x_wconf 76' lang='lat' dir='ltr'><strong>qua:</strong></span> <span class='ocrx_word' id='word_1_229' title='bbox 2717 669 2966 730; x_wconf 83' lang='lat' dir='ltr'><strong>tractavi,</strong></span> <span class='ocrx_word' id='word_1_230' title='bbox 2987 675 3263 721; x_wconf 88' lang='lat' dir='ltr'><strong>ostensum</strong></span> <span class='ocrx_word' id='word_1_231' title='bbox 3286 675 3362 720; x_wconf 87' lang='lat' dir='ltr'><strong>est</strong></span> <span class='ocrx_word' id='word_1_232' title='bbox 3389 668 3437 718; x_wconf 91' lang='lat' dir='ltr'><strong>in</strong></span> <span class='ocrx_word' id='word_1_233' title='bbox 3461 669 3615 733; x_wconf 86' lang='lat' dir='ltr'><strong>primo</strong></span> 
     </span>
    </p>
   </div>
   <div class='ocr_carea' id='block_1_34' title="bbox 2077 744 3618 828">
    <p class='ocr_par' dir='ltr' id='par_1_34' title="bbox 2077 744 3618 828">
     <span class='ocr_line' id='line_1_34' title="bbox 2077 744 3618 828; baseline 0 -18"><span class='ocrx_word' id='word_1_234' title='bbox 2077 744 2272 825; x_wconf 65' lang='lat' dir='ltr'><strong>capite,</strong></span> <span class='ocrx_word' id='word_1_235' title='bbox 2332 769 2588 826; x_wconf 86' lang='lat' dir='ltr'><strong>tanquam</strong></span> <span class='ocrx_word' id='word_1_236' title='bbox 2657 761 2709 812; x_wconf 90' lang='lat' dir='ltr'><strong>in</strong></span> <span class='ocrx_word' id='word_1_237' title='bbox 2773 774 2972 828; x_wconf 78' lang='lat' dir='ltr'><strong>genere</strong></span> <span class='ocrx_word' id='word_1_238' title='bbox 3010 759 3268 827; x_wconf 90' lang='lat' dir='ltr'><strong>quodam,</strong></span> <span class='ocrx_word' id='word_1_239' title='bbox 3327 759 3618 827; x_wconf 81' lang='lat' dir='ltr'><strong>simpliciter</strong></span> 
     </span>
    </p>
   </div>
   <div class='ocr_carea' id='block_1_35' title="bbox 2076 844 3616 917">
    <p class='ocr_par' dir='ltr' id='par_1_35' title="bbox 2076 844 3616 917">
     <span class='ocr_line' id='line_1_35' title="bbox 2076 844 3616 917; baseline 0 -16"><span class='ocrx_word' id='word_1_240' title='bbox 2076 847 2405 917; x_wconf 79' lang='lat' dir='ltr'><strong>theologiam</strong></span> <span class='ocrx_word' id='word_1_241' title='bbox 2433 849 2486 902; x_wconf 89' lang='lat' dir='ltr'><strong>in</strong></span> <span class='ocrx_word' id='word_1_242' title='bbox 2541 849 2678 903; x_wconf 87' lang='lat' dir='ltr'><strong>duas</strong></span> <span class='ocrx_word' id='word_1_243' title='bbox 2729 851 2942 916; x_wconf 82' lang='lat' dir='ltr'><strong>species</strong></span> <span class='ocrx_word' id='word_1_244' title='bbox 3000 844 3346 903; x_wconf 85' lang='lat' dir='ltr'><strong>distributam</strong></span> <span class='ocrx_word' id='word_1_245' title='bbox 3403 863 3534 910; x_wconf 86' lang='lat' dir='ltr'><strong>esse,</strong></span> <span class='ocrx_word' id='word_1_246' title='bbox 3569 849 3616 901; x_wconf 92' lang='lat' dir='ltr'><strong>in</strong></span> 
     </span>
    </p>
   </div>
   <div class='ocr_carea' id='block_1_36' title="bbox 2080 939 3620 1009">
    <p class='ocr_par' dir='ltr' id='par_1_36' title="bbox 2080 939 3620 1009">
     <span class='ocr_line' id='line_1_36' title="bbox 2080 939 3620 1009; baseline 0.001 -19"><span class='ocrx_word' id='word_1_247' title='bbox 2080 954 2312 1007; x_wconf 88' lang='lat' dir='ltr'><strong>quarum</strong></span> <span class='ocrx_word' id='word_1_248' title='bbox 2342 939 2537 1001; x_wconf 89' lang='lat' dir='ltr'><strong>altera,</strong></span> <span class='ocrx_word' id='word_1_249' title='bbox 2573 956 2695 1008; x_wconf 64' lang='lat' dir='ltr'><strong>quae</strong></span> <span class='ocrx_word' id='word_1_250' title='bbox 2721 947 2806 994; x_wconf 89' lang='lat' dir='ltr'><strong>est</strong></span> <span class='ocrx_word' id='word_1_251' title='bbox 2837 939 3124 1009; x_wconf 64' lang='lat' dir='ltr'><strong>theologia:</strong></span> <span class='ocrx_word' id='word_1_252' title='bbox 3167 939 3486 1009; x_wconf 68' lang='lat' dir='ltr'><strong>symbolicm,</strong></span> <span class='ocrx_word' id='word_1_253' title='bbox 3511 955 3620 1008; x_wconf 89' lang='lat' dir='ltr'><strong>pro-</strong></span> 
     </span>
    </p>
   </div>
   <div class='ocr_carea' id='block_1_37' title="bbox 2082 1032 3624 1102">
    <p class='ocr_par' dir='ltr' id='par_1_37' title="bbox 2082 1032 3624 1102">
     <span class='ocr_line' id='line_1_37' title="bbox 2082 1032 3624 1102; baseline 0.001 -19"><span class='ocrx_word' id='word_1_254' title='bbox 2082 1032 2224 1085; x_wconf 79' lang='lat' dir='ltr'><strong>xime</strong></span> <span class='ocrx_word' id='word_1_255' title='bbox 2254 1032 2586 1101; x_wconf 81' lang='lat' dir='ltr'><strong>explicatum</strong></span> <span class='ocrx_word' id='word_1_256' title='bbox 2656 1033 2967 1088; x_wconf 82' lang='lat' dir='ltr'><strong>necessario</strong></span> <span class='ocrx_word' id='word_1_257' title='bbox 2993 1042 3098 1095; x_wconf 88' lang='lat' dir='ltr'><strong>est,</strong></span> <span class='ocrx_word' id='word_1_258' title='bbox 3127 1048 3246 1102; x_wconf 67' lang='lat' dir='ltr'><strong>qua:</strong></span> <span class='ocrx_word' id='word_1_259' title='bbox 3287 1042 3339 1086; x_wconf 88' lang='lat' dir='ltr'><strong>et</strong></span> <span class='ocrx_word' id='word_1_260' title='bbox 3367 1042 3488 1100; x_wconf 91' lang='lat' dir='ltr'><strong>quot</strong></span> <span class='ocrx_word' id='word_1_261' title='bbox 3524 1033 3624 1084; x_wconf 83' lang='lat' dir='ltr'><strong>sint</strong></span> 
     </span>
    </p>
   </div>
   <div class='ocr_carea' id='block_1_38' title="bbox 2079 1123 3622 1192">
    <p class='ocr_par' dir='ltr' id='par_1_38' title="bbox 2079 1123 3622 1192">
     <span class='ocr_line' id='line_1_38' title="bbox 2079 1123 3622 1192; baseline 0.001 -19"><span class='ocrx_word' id='word_1_262' title='bbox 2079 1137 2200 1190; x_wconf 67' lang='lat' dir='ltr'><strong>quae</strong></span> <span class='ocrx_word' id='word_1_263' title='bbox 2232 1123 2285 1174; x_wconf 90' lang='lat' dir='ltr'><strong>in</strong></span> <span class='ocrx_word' id='word_1_264' title='bbox 2313 1138 2378 1176; x_wconf 86' lang='lat' dir='ltr'><strong>ea</strong></span> <span class='ocrx_word' id='word_1_265' title='bbox 2406 1123 2730 1192; x_wconf 81' lang='lat' dir='ltr'><strong>aperiuntur</strong></span> <span class='ocrx_word' id='word_1_266' title='bbox 2759 1135 2812 1176; x_wconf 90' lang='lat' dir='ltr'><strong>et</strong></span> <span class='ocrx_word' id='word_1_267' title='bbox 2835 1124 3206 1183; x_wconf 82' lang='lat' dir='ltr'><strong>declarantur.</strong></span> <span class='ocrx_word' id='word_1_268' title='bbox 3243 1123 3431 1177; x_wconf 89' lang='lat' dir='ltr'><strong>deinde</strong></span> <span class='ocrx_word' id='word_1_269' title='bbox 3447 1139 3622 1189; x_wconf 80' lang='lat' dir='ltr'><strong>seque-</strong></span> 
     </span>
    </p>
   </div>
   <div class='ocr_carea' id='block_1_39' title="bbox 2080 1212 3622 1282">
    <p class='ocr_par' dir='ltr' id='par_1_39' title="bbox 2080 1212 3622 1282">
     <span class='ocr_line' id='line_1_39' title="bbox 2080 1212 3622 1282; baseline -0.001 -16"><span class='ocrx_word' id='word_1_270' title='bbox 2080 1212 2241 1266; x_wconf 87' lang='lat' dir='ltr'><strong>batur</strong></span> <span class='ocrx_word' id='word_1_271' title='bbox 2278 1213 2482 1277; x_wconf 89' lang='lat' dir='ltr'><strong>statim,</strong></span> <span class='ocrx_word' id='word_1_272' title='bbox 2536 1222 2592 1266; x_wconf 91' lang='lat' dir='ltr'><strong>ut</strong></span> <span class='ocrx_word' id='word_1_273' title='bbox 2621 1214 2804 1282; x_wconf 83' lang='lat' dir='ltr'><strong>qualia</strong></span> <span class='ocrx_word' id='word_1_274' title='bbox 2862 1214 2965 1268; x_wconf 90' lang='lat' dir='ltr'><strong>ista</strong></span> <span class='ocrx_word' id='word_1_275' title='bbox 3006 1223 3215 1279; x_wconf 90' lang='lat' dir='ltr'><strong>essent,</strong></span> <span class='ocrx_word' id='word_1_276' title='bbox 3275 1213 3622 1281; x_wconf 82' lang='lat' dir='ltr'><strong>expediretur,</strong></span> 
     </span>
    </p>
   </div>
   <div class='ocr_carea' id='block_1_40' title="bbox 2080 1304 3622 1374">
    <p class='ocr_par' dir='ltr' id='par_1_40' title="bbox 2080 1304 3622 1374">
     <span class='ocr_line' id='line_1_40' title="bbox 2080 1304 3622 1374; baseline 0.002 -19"><span class='ocrx_word' id='word_1_277' title='bbox 2080 1317 2277 1372; x_wconf 88' lang='lat' dir='ltr'><strong>nempe</strong></span> <span class='ocrx_word' id='word_1_278' title='bbox 2331 1319 2594 1372; x_wconf 90' lang='lat' dir='ltr'><strong>corporea</strong></span> <span class='ocrx_word' id='word_1_279' title='bbox 2623 1312 2678 1357; x_wconf 91' lang='lat' dir='ltr'><strong>et</strong></span> <span class='ocrx_word' id='word_1_280' title='bbox 2729 1304 2832 1358; x_wconf 91' lang='lat' dir='ltr'><strong>sub</strong></span> <span class='ocrx_word' id='word_1_281' title='bbox 2865 1319 3087 1359; x_wconf 91' lang='lat' dir='ltr'><strong>sensum</strong></span> <span class='ocrx_word' id='word_1_282' title='bbox 3117 1305 3385 1370; x_wconf 88' lang='lat' dir='ltr'><strong>cadentia,</strong></span> <span class='ocrx_word' id='word_1_283' title='bbox 3435 1316 3622 1374; x_wconf 89' lang='lat' dir='ltr'><strong>postea,</strong></span> 
     </span>
    </p>
   </div>
   <div class='ocr_carea' id='block_1_41' title="bbox 2080 1393 3622 1464">
    <p class='ocr_par' dir='ltr' id='par_1_41' title="bbox 2080 1393 3622 1464">
     <span class='ocr_line' id='line_1_41' title="bbox 2080 1393 3622 1464; baseline 0.003 -20"><span class='ocrx_word' id='word_1_284' title='bbox 2080 1393 2206 1463; x_wconf 90' lang='lat' dir='ltr'><strong>quid</strong></span> <span class='ocrx_word' id='word_1_285' title='bbox 2237 1393 2429 1446; x_wconf 89' lang='lat' dir='ltr'><strong>horum</strong></span> <span class='ocrx_word' id='word_1_286' title='bbox 2457 1396 2735 1462; x_wconf 85' lang='lat' dir='ltr'><strong>proprium</strong></span> <span class='ocrx_word' id='word_1_287' title='bbox 2766 1401 2858 1457; x_wconf 83' lang='lat' dir='ltr'><strong>Stt,</strong></span> <span class='ocrx_word' id='word_1_288' title='bbox 2894 1395 3148 1459; x_wconf 83' lang='lat' dir='ltr'><strong>deinceps</strong></span> <span class='ocrx_word' id='word_1_289' title='bbox 3177 1410 3284 1448; x_wconf 90' lang='lat' dir='ltr'><strong>non</strong></span> <span class='ocrx_word' id='word_1_290' title='bbox 3316 1395 3487 1450; x_wconf 91' lang='lat' dir='ltr'><strong>solum</strong></span> <span class='ocrx_word' id='word_1_291' title='bbox 3515 1410 3622 1464; x_wconf 61' lang='lat' dir='ltr'><strong>quae</strong></span> 
     </span>
    </p>
   </div>
   <div class='ocr_carea' id='block_1_42' title="bbox 2083 1471 3626 1554">
    <p class='ocr_par' dir='ltr' id='par_1_42' title="bbox 2083 1471 3626 1554">
     <span class='ocr_line' id='line_1_42' title="bbox 2083 1471 3626 1554; baseline 0.003 -18"><span class='ocrx_word' id='word_1_292' title='bbox 2083 1471 2284 1538; x_wconf 55' lang='lat' dir='ltr'><strong>de&#39;Deo</strong></span> <span class='ocrx_word' id='word_1_293' title='bbox 2318 1491 2470 1546; x_wconf 90' lang='lat' dir='ltr'><strong>sunt,</strong></span> <span class='ocrx_word' id='word_1_294' title='bbox 2517 1485 2824 1540; x_wconf 88' lang='lat' dir='ltr'><strong>istiusmodi</strong></span> <span class='ocrx_word' id='word_1_295' title='bbox 2879 1485 3069 1540; x_wconf 90' lang='lat' dir='ltr'><strong>formis</strong></span> <span class='ocrx_word' id='word_1_296' title='bbox 3099 1496 3152 1540; x_wconf 89' lang='lat' dir='ltr'><strong>et</strong></span> <span class='ocrx_word' id='word_1_297' title='bbox 3185 1487 3508 1554; x_wconf 77' lang='lat' dir='ltr'><strong>imaginibus</strong></span> <span class='ocrx_word' id='word_1_298' title='bbox 3552 1487 3626 1540; x_wconf 87' lang='lat' dir='ltr'><strong>iu-</strong></span> 
     </span>
    </p>
   </div>
   <div class='ocr_carea' id='block_1_43' title="bbox 2079 1576 3625 1646">
    <p class='ocr_par' dir='ltr' id='par_1_43' title="bbox 2079 1576 3625 1646">
     <span class='ocr_line' id='line_1_43' title="bbox 2079 1576 3625 1646; baseline 0.001 -17"><span class='ocrx_word' id='word_1_299' title='bbox 2079 1583 2279 1629; x_wconf 84' lang='lat' dir='ltr'><strong>structa</strong></span> <span class='ocrx_word' id='word_1_300' title='bbox 2314 1591 2456 1640; x_wconf 88' lang='lat' dir='ltr'><strong>esse,</strong></span> <span class='ocrx_word' id='word_1_301' title='bbox 2501 1576 2594 1630; x_wconf 89' lang='lat' dir='ltr'><strong>sed</strong></span> <span class='ocrx_word' id='word_1_302' title='bbox 2627 1577 2790 1630; x_wconf 88' lang='lat' dir='ltr'><strong>etiam</strong></span> <span class='ocrx_word' id='word_1_303' title='bbox 2817 1593 2940 1646; x_wconf 73' lang='lat' dir='ltr'><strong>qua:</strong></span> <span class='ocrx_word' id='word_1_304' title='bbox 2961 1578 3028 1632; x_wconf 89' lang='lat' dir='ltr'><strong>de</strong></span> <span class='ocrx_word' id='word_1_305' title='bbox 3060 1578 3307 1646; x_wconf 80' lang='lat' dir='ltr'><strong>angelis:</strong></span> <span class='ocrx_word' id='word_1_306' title='bbox 3342 1578 3625 1645; x_wconf 75' lang='lat' dir='ltr'><strong>proximum</strong></span> 
     </span>
    </p>
   </div>
   <div class='ocr_carea' id='block_1_44' title="bbox 2080 1665 3631 1738">
    <p class='ocr_par' dir='ltr' id='par_1_44' title="bbox 2080 1665 3631 1738">
     <span class='ocr_line' id='line_1_44' title="bbox 2080 1665 3631 1738; baseline 0.001 -20"><span class='ocrx_word' id='word_1_307' title='bbox 2080 1673 2219 1727; x_wconf 89' lang='lat' dir='ltr'><strong>erat,</strong></span> <span class='ocrx_word' id='word_1_308' title='bbox 2263 1673 2395 1733; x_wconf 87' lang='lat' dir='ltr'><strong>quot</strong></span> <span class='ocrx_word' id='word_1_309' title='bbox 2444 1665 2617 1720; x_wconf 90' lang='lat' dir='ltr'><strong>modis</strong></span> <span class='ocrx_word' id='word_1_310' title='bbox 2676 1667 2775 1720; x_wconf 90' lang='lat' dir='ltr'><strong>ista</strong></span> <span class='ocrx_word' id='word_1_311' title='bbox 2838 1668 3139 1738; x_wconf 85' lang='lat' dir='ltr'><strong>symbolica</strong></span> <span class='ocrx_word' id='word_1_312' title='bbox 3196 1669 3556 1736; x_wconf 83' lang='lat' dir='ltr'><strong>percipiuntur</strong></span> <span class='ocrx_word' id='word_1_313' title='bbox 3583 1679 3631 1720; x_wconf 78' lang='lat' dir='ltr'><strong>et</strong></span> 
     </span>
    </p>
   </div>
   <div class='ocr_carea' id='block_1_45' title="bbox 2085 1755 3632 1825">
    <p class='ocr_par' dir='ltr' id='par_1_45' title="bbox 2085 1755 3632 1825">
     <span class='ocr_line' id='line_1_45' title="bbox 2085 1755 3632 1825; baseline 0.003 -17"><span class='ocrx_word' id='word_1_314' title='bbox 2085 1765 2377 1822; x_wconf 86' lang='lat' dir='ltr'><strong>apparent,</strong></span> <span class='ocrx_word' id='word_1_315' title='bbox 2401 1755 2619 1820; x_wconf 87' lang='lat' dir='ltr'><strong>deinde,</strong></span> <span class='ocrx_word' id='word_1_316' title='bbox 2651 1773 2761 1825; x_wconf 91' lang='lat' dir='ltr'><strong>quo</strong></span> <span class='ocrx_word' id='word_1_317' title='bbox 2809 1758 3076 1812; x_wconf 89' lang='lat' dir='ltr'><strong>vocabulo</strong></span> <span class='ocrx_word' id='word_1_318' title='bbox 3119 1759 3222 1812; x_wconf 84' lang='lat' dir='ltr'><strong>ista</strong></span> <span class='ocrx_word' id='word_1_319' title='bbox 3242 1766 3367 1812; x_wconf 88' lang='lat' dir='ltr'><strong>sunt</strong></span> <span class='ocrx_word' id='word_1_320' title='bbox 3414 1767 3561 1822; x_wconf 87' lang='lat' dir='ltr'><strong>tecta,</strong></span> <span class='ocrx_word' id='word_1_321' title='bbox 3587 1769 3632 1812; x_wconf 87' lang='lat' dir='ltr'><strong>et</strong></span> 
     </span>
    </p>
   </div>
   <div class='ocr_carea' id='block_1_46' title="bbox 2084 1849 3630 1927">
    <p class='ocr_par' dir='ltr' id='par_1_46' title="bbox 2084 1849 3630 1927">
     <span class='ocr_line' id='line_1_46' title="bbox 2084 1849 3630 1927; baseline 0.001 -25"><span class='ocrx_word' id='word_1_322' title='bbox 2084 1849 2325 1903; x_wconf 87' lang='lat' dir='ltr'><strong>involute</strong></span> <span class='ocrx_word' id='word_1_323' title='bbox 2357 1850 2644 1916; x_wconf 88' lang='lat' dir='ltr'><strong>appellata,</strong></span> <span class='ocrx_word' id='word_1_324' title='bbox 2676 1853 2742 1904; x_wconf 83' lang='lat' dir='ltr'><strong>ad</strong></span> <span class='ocrx_word' id='word_1_325' title='bbox 2783 1851 2918 1916; x_wconf 67' lang='lat' dir='ltr'><strong>haec,</strong></span> <span class='ocrx_word' id='word_1_326' title='bbox 2953 1853 3149 1919; x_wconf 88' lang='lat' dir='ltr'><strong>quibus</strong></span> <span class='ocrx_word' id='word_1_327' title='bbox 3181 1852 3518 1927; x_wconf 73' lang='lat' dir='ltr'><strong>iutcrurediis</strong></span> <span class='ocrx_word' id='word_1_328' title='bbox 3539 1853 3630 1906; x_wconf 88' lang='lat' dir='ltr'><strong>ista</strong></span> 
     </span>
    </p>
   </div>
   <div class='ocr_carea' id='block_1_47' title="bbox 2082 1939 3631 2011">
    <p class='ocr_par' dir='ltr' id='par_1_47' title="bbox 2082 1939 3631 2011">
     <span class='ocr_line' id='line_1_47' title="bbox 2082 1939 3631 2011; baseline 0.003 -21"><span class='ocrx_word' id='word_1_329' title='bbox 2082 1950 2366 2006; x_wconf 84' lang='lat' dir='ltr'><strong>geruntur,</strong></span> <span class='ocrx_word' id='word_1_330' title='bbox 2407 1939 2604 1995; x_wconf 88' lang='lat' dir='ltr'><strong>deinde</strong></span> <span class='ocrx_word' id='word_1_331' title='bbox 2644 1950 2928 1996; x_wconf 88' lang='lat' dir='ltr'><strong>ostensum</strong></span> <span class='ocrx_word' id='word_1_332' title='bbox 2962 1951 3045 1996; x_wconf 91' lang='lat' dir='ltr'><strong>est</strong></span> <span class='ocrx_word' id='word_1_333' title='bbox 3073 1959 3178 1996; x_wconf 87' lang='lat' dir='ltr'><strong>non</strong></span> <span class='ocrx_word' id='word_1_334' title='bbox 3210 1958 3373 2011; x_wconf 86' lang='lat' dir='ltr'><strong>posse</strong></span> <span class='ocrx_word' id='word_1_335' title='bbox 3408 1943 3513 1995; x_wconf 65' lang='lat' dir='ltr'><strong>haec</strong></span> <span class='ocrx_word' id='word_1_336' title='bbox 3539 1942 3631 1994; x_wconf 86' lang='lat' dir='ltr'><strong>ali-</strong></span> 
     </span>
    </p>
   </div>
   <div class='ocr_carea' id='block_1_48' title="bbox 2082 2031 3631 2104">
    <p class='ocr_par' dir='ltr' id='par_1_48' title="bbox 2082 2031 3631 2104">
     <span class='ocr_line' id='line_1_48' title="bbox 2082 2031 3631 2104; baseline 0 -19"><span class='ocrx_word' id='word_1_337' title='bbox 2082 2041 2164 2086; x_wconf 87' lang='lat' dir='ltr'><strong>ter</strong></span> <span class='ocrx_word' id='word_1_338' title='bbox 2186 2031 2298 2086; x_wconf 81' lang='lat' dir='ltr'><strong>ﬁeri</strong></span> <span class='ocrx_word' id='word_1_339' title='bbox 2338 2033 2440 2086; x_wconf 88' lang='lat' dir='ltr'><strong>nisi</strong></span> <span class='ocrx_word' id='word_1_340' title='bbox 2477 2048 2570 2100; x_wconf 90' lang='lat' dir='ltr'><strong>per</strong></span> <span class='ocrx_word' id='word_1_341' title='bbox 2611 2035 2988 2098; x_wconf 78' lang='lat' dir='ltr'><strong>intermedios,</strong></span> <span class='ocrx_word' id='word_1_342' title='bbox 3022 2050 3116 2104; x_wconf 89' lang='lat' dir='ltr'><strong>per</strong></span> <span class='ocrx_word' id='word_1_343' title='bbox 3149 2036 3372 2103; x_wconf 83' lang='lat' dir='ltr'><strong>angelos</strong></span> <span class='ocrx_word' id='word_1_344' title='bbox 3419 2035 3631 2096; x_wconf 85' lang='lat' dir='ltr'><strong>scilicet,</strong></span> 
     </span>
    </p>
   </div>
   <div class='ocr_carea' id='block_1_49' title="bbox 2080 2123 3629 2194">
    <p class='ocr_par' dir='ltr' id='par_1_49' title="bbox 2080 2123 3629 2194">
     <span class='ocr_line' id='line_1_49' title="bbox 2080 2123 3629 2194; baseline -0.001 -18"><span class='ocrx_word' id='word_1_345' title='bbox 2080 2131 2360 2192; x_wconf 91' lang='lat' dir='ltr'><strong>postremo</strong></span> <span class='ocrx_word' id='word_1_346' title='bbox 2399 2139 2508 2176; x_wconf 89' lang='lat' dir='ltr'><strong>non</strong></span> <span class='ocrx_word' id='word_1_347' title='bbox 2539 2138 2662 2178; x_wconf 84' lang='lat' dir='ltr'><strong>esse</strong></span> <span class='ocrx_word' id='word_1_348' title='bbox 2691 2126 3003 2179; x_wconf 68' lang='lat' dir='ltr'><strong>haerendum</strong></span> <span class='ocrx_word' id='word_1_349' title='bbox 3039 2125 3091 2178; x_wconf 91' lang='lat' dir='ltr'><strong>in</strong></span> <span class='ocrx_word' id='word_1_350' title='bbox 3127 2126 3440 2194; x_wconf 71' lang='lat' dir='ltr'><strong>huiusmodi</strong></span> <span class='ocrx_word' id='word_1_351' title='bbox 3483 2123 3629 2191; x_wconf 76' lang='lat' dir='ltr'><strong>typis,</strong></span> 
     </span>
    </p>
   </div>
   <div class='ocr_carea' id='block_1_50' title="bbox 2081 2213 3633 2280">
    <p class='ocr_par' dir='ltr' id='par_1_50' title="bbox 2081 2213 3633 2280">
     <span class='ocr_line' id='line_1_50' title="bbox 2081 2213 3633 2280; baseline -0.001 -13"><span class='ocrx_word' id='word_1_352' title='bbox 2081 2213 2197 2267; x_wconf 84' lang='lat' dir='ltr'><strong>sive</strong></span> <span class='ocrx_word' id='word_1_353' title='bbox 2231 2215 2282 2266; x_wconf 90' lang='lat' dir='ltr'><strong>in</strong></span> <span class='ocrx_word' id='word_1_354' title='bbox 2335 2215 2467 2270; x_wconf 86' lang='lat' dir='ltr'><strong>solis</strong></span> <span class='ocrx_word' id='word_1_355' title='bbox 2539 2217 2723 2271; x_wconf 89' lang='lat' dir='ltr'><strong>verbis</strong></span> <span class='ocrx_word' id='word_1_356' title='bbox 2757 2217 2866 2270; x_wconf 90' lang='lat' dir='ltr'><strong>sint</strong></span> <span class='ocrx_word' id='word_1_357' title='bbox 2887 2216 3078 2280; x_wconf 86' lang='lat' dir='ltr'><strong>efficti,</strong></span> <span class='ocrx_word' id='word_1_358' title='bbox 3109 2219 3231 2270; x_wconf 82' lang='lat' dir='ltr'><strong>sive</strong></span> <span class='ocrx_word' id='word_1_359' title='bbox 3273 2216 3326 2270; x_wconf 89' lang='lat' dir='ltr'><strong>in</strong></span> <span class='ocrx_word' id='word_1_360' title='bbox 3379 2214 3555 2268; x_wconf 87' lang='lat' dir='ltr'><strong>formis</strong></span> <span class='ocrx_word' id='word_1_361' title='bbox 3583 2224 3633 2266; x_wconf 90' lang='lat' dir='ltr'><strong>et</strong></span> 
     </span>
    </p>
   </div>
   <div class='ocr_carea' id='block_1_51' title="bbox 2080 2305 3626 2376">
    <p class='ocr_par' dir='ltr' id='par_1_51' title="bbox 2080 2305 3626 2376">
     <span class='ocr_line' id='line_1_51' title="bbox 2080 2305 3626 2376; baseline -0.001 -20"><span class='ocrx_word' id='word_1_362' title='bbox 2080 2305 2431 2373; x_wconf 74' lang='lat' dir='ltr'><strong>imaginibus.</strong></span> <span class='ocrx_word' id='word_1_363' title='bbox 2483 2307 2617 2360; x_wconf 89' lang='lat' dir='ltr'><strong>nihil</strong></span> <span class='ocrx_word' id='word_1_364' title='bbox 2656 2308 2939 2376; x_wconf 86' lang='lat' dir='ltr'><strong>igiturhic</strong></span> <span class='ocrx_word' id='word_1_365' title='bbox 2979 2308 3152 2370; x_wconf 86' lang='lat' dir='ltr'><strong>deest,</strong></span> <span class='ocrx_word' id='word_1_366' title='bbox 3203 2308 3336 2376; x_wconf 87' lang='lat' dir='ltr'><strong>qttin</strong></span> <span class='ocrx_word' id='word_1_367' title='bbox 3368 2307 3475 2359; x_wconf 88' lang='lat' dir='ltr'><strong>sint</strong></span> <span class='ocrx_word' id='word_1_368' title='bbox 3526 2305 3626 2356; x_wconf 68' lang='lat' dir='ltr'><strong>haec</strong></span> 
     </span>
    </p>
   </div>
   <div class='ocr_carea' id='block_1_52' title="bbox 2085 2395 3632 2467">
    <p class='ocr_par' dir='ltr' id='par_1_52' title="bbox 2085 2395 3632 2467">
     <span class='ocr_line' id='line_1_52' title="bbox 2085 2395 3632 2467; baseline -0.003 -19"><span class='ocrx_word' id='word_1_369' title='bbox 2085 2396 2348 2450; x_wconf 88' lang='lat' dir='ltr'><strong>absoluta.</strong></span> <span class='ocrx_word' id='word_1_370' title='bbox 2405 2397 2780 2453; x_wconf 81' lang='lat' dir='ltr'><strong>Consentanee</strong></span> <span class='ocrx_word' id='word_1_371' title='bbox 2838 2414 2966 2453; x_wconf 89' lang='lat' dir='ltr'><strong>vero</strong></span> <span class='ocrx_word' id='word_1_372' title='bbox 3012 2397 3331 2467; x_wconf 81' lang='lat' dir='ltr'><strong>ltujusmodi</strong></span> <span class='ocrx_word' id='word_1_373' title='bbox 3391 2395 3632 2462; x_wconf 75' lang='lat' dir='ltr'><strong>theologia</strong></span> 
     </span>
    </p>
   </div>
   <div class='ocr_carea' id='block_1_53' title="bbox 2086 2486 3632 2559">
    <p class='ocr_par' dir='ltr' id='par_1_53' title="bbox 2086 2486 3632 2559">
     <span class='ocr_line' id='line_1_53' title="bbox 2086 2486 3632 2559; baseline -0.003 -19"><span class='ocrx_word' id='word_1_374' title='bbox 2086 2500 2288 2540; x_wconf 88' lang='lat' dir='ltr'><strong>arcana</strong></span> <span class='ocrx_word' id='word_1_375' title='bbox 2321 2487 2478 2541; x_wconf 81' lang='lat' dir='ltr'><strong>nobis</strong></span> <span class='ocrx_word' id='word_1_376' title='bbox 2509 2498 2562 2542; x_wconf 92' lang='lat' dir='ltr'><strong>et</strong></span> <span class='ocrx_word' id='word_1_377' title='bbox 2585 2489 2812 2559; x_wconf 81' lang='lat' dir='ltr'><strong>mystica</strong></span> <span class='ocrx_word' id='word_1_378' title='bbox 2841 2489 3063 2553; x_wconf 75' lang='lat' dir='ltr'><strong>dicitur,</strong></span> <span class='ocrx_word' id='word_1_379' title='bbox 3095 2491 3229 2557; x_wconf 85' lang='lat' dir='ltr'><strong>quia</strong></span> <span class='ocrx_word' id='word_1_380' title='bbox 3259 2503 3363 2541; x_wconf 90' lang='lat' dir='ltr'><strong>non</strong></span> <span class='ocrx_word' id='word_1_381' title='bbox 3395 2486 3519 2541; x_wconf 88' lang='lat' dir='ltr'><strong>sinit</strong></span> <span class='ocrx_word' id='word_1_382' title='bbox 3543 2499 3632 2537; x_wconf 85' lang='lat' dir='ltr'><strong>nos</strong></span> 
     </span>
    </p>
   </div>
   <div class='ocr_carea' id='block_1_54' title="bbox 2089 2572 3627 2649">
    <p class='ocr_par' dir='ltr' id='par_1_54' title="bbox 2089 2572 3627 2649">
     <span class='ocr_line' id='line_1_54' title="bbox 2089 2572 3627 2649; baseline -0.002 -20"><span class='ocrx_word' id='word_1_383' title='bbox 2089 2577 2141 2630; x_wconf 90' lang='lat' dir='ltr'><strong>in</strong></span> <span class='ocrx_word' id='word_1_384' title='bbox 2177 2575 2306 2630; x_wconf 80' lang='lat' dir='ltr'><strong>visis</strong></span> <span class='ocrx_word' id='word_1_385' title='bbox 2347 2577 2564 2642; x_wconf 88' lang='lat' dir='ltr'><strong>sistere,</strong></span> <span class='ocrx_word' id='word_1_386' title='bbox 2596 2579 2687 2632; x_wconf 89' lang='lat' dir='ltr'><strong>sed</strong></span> <span class='ocrx_word' id='word_1_387' title='bbox 2715 2579 2943 2633; x_wconf 89' lang='lat' dir='ltr'><strong>ulterius</strong></span> <span class='ocrx_word' id='word_1_388' title='bbox 2977 2579 3230 2649; x_wconf 73' lang='lat' dir='ltr'><strong>progredi</strong></span> <span class='ocrx_word' id='word_1_389' title='bbox 3268 2579 3411 2645; x_wconf 80' lang='lat' dir='ltr'><strong>cogit</strong></span> <span class='ocrx_word' id='word_1_390' title='bbox 3436 2591 3522 2630; x_wconf 86' lang='lat' dir='ltr'><strong>eos</strong></span> <span class='ocrx_word' id='word_1_391' title='bbox 3543 2572 3627 2642; x_wconf 90' lang='lat' dir='ltr'><strong>qui</strong></span> 
     </span>
    </p>
   </div>
   <div class='ocr_carea' id='block_1_55' title="bbox 2083 2669 3637 2737">
    <p class='ocr_par' dir='ltr' id='par_1_55' title="bbox 2083 2669 3637 2737">
     <span class='ocr_line' id='line_1_55' title="bbox 2083 2669 3637 2737; baseline 0.001 -19"><span class='ocrx_word' id='word_1_392' title='bbox 2083 2680 2312 2735; x_wconf 85' lang='lat' dir='ltr'><strong>pennas,</strong></span> <span class='ocrx_word' id='word_1_393' title='bbox 2341 2669 2542 2737; x_wconf 88' lang='lat' dir='ltr'><strong>quibus</strong></span> <span class='ocrx_word' id='word_1_394' title='bbox 2569 2669 2621 2723; x_wconf 90' lang='lat' dir='ltr'><strong>in</strong></span> <span class='ocrx_word' id='word_1_395' title='bbox 2651 2670 2886 2726; x_wconf 88' lang='lat' dir='ltr'><strong>sublime</strong></span> <span class='ocrx_word' id='word_1_396' title='bbox 2913 2670 3194 2734; x_wconf 81' lang='lat' dir='ltr'><strong>ferantur,</strong></span> <span class='ocrx_word' id='word_1_397' title='bbox 3229 2686 3258 2724; x_wconf 90' lang='lat' dir='ltr'><strong>a</strong></span> <span class='ocrx_word' id='word_1_398' title='bbox 3287 2678 3474 2724; x_wconf 86' lang='lat' dir='ltr'><strong>natura</strong></span> <span class='ocrx_word' id='word_1_399' title='bbox 3497 2679 3637 2722; x_wconf 83' lang='lat' dir='ltr'><strong>acce-</strong></span> 
     </span>
    </p>
   </div>
   <div class='ocr_carea' id='block_1_56' title="bbox 2085 2770 2306 2828">
    <p class='ocr_par' dir='ltr' id='par_1_56' title="bbox 2085 2770 2306 2828">
     <span class='ocr_line' id='line_1_56' title="bbox 2085 2770 2306 2828; baseline 0 -13"><span class='ocrx_word' id='word_1_400' title='bbox 2085 2770 2306 2828; x_wconf 82' lang='lat' dir='ltr'><strong>perunt.</strong></span> 
     </span>
    </p>
   </div>
   <div class='ocr_carea' id='block_1_57' title="bbox 928 3119 3188 3201">
    <p class='ocr_par' dir='ltr' id='par_1_57' title="bbox 928 3119 3188 3201">
     <span class='ocr_line' id='line_1_57' title="bbox 928 3119 3188 3201; baseline 0.007 -21"><span class='ocrx_word' id='word_1_401' title='bbox 928 3119 1274 3181; x_wconf 74' lang='lat' dir='ltr'><strong>SECUNDA</strong></span> <span class='ocrx_word' id='word_1_402' title='bbox 1328 3120 1594 3182; x_wconf 85' lang='lat' dir='ltr'><strong>DECAS.</strong></span> <span class='ocrx_word' id='word_1_403' title='bbox 1622 3154 1692 3164; x_wconf 85' lang='lat'><strong>——</strong></span> <span class='ocrx_word' id='word_1_404' title='bbox 1733 3122 1849 3181; x_wconf 88' lang='lat' dir='ltr'><strong>DE</strong></span> <span class='ocrx_word' id='word_1_405' title='bbox 1899 3125 2380 3195; x_wconf 83' lang='lat' dir='ltr'><strong><em>THEOLOGIA</em></strong></span> <span class='ocrx_word' id='word_1_406' title='bbox 2432 3136 2955 3201; x_wconf 79' lang='lat' dir='ltr'><strong>DEMONSTRA</strong></span> <span class='ocrx_word' id='word_1_407' title='bbox 2974 3137 3188 3197; x_wconf 43' lang='lat' dir='ltr'><strong>TI&#39;VA.</strong></span> 
     </span>
    </p>
   </div>
   <div class='ocr_carea' id='block_1_58' title="bbox 1055 3266 1361 3324">
    <p class='ocr_par' dir='ltr' id='par_1_58' title="bbox 1055 3266 1361 3324">
     <span class='ocr_line' id='line_1_58' title="bbox 1055 3266 1361 3324; baseline 0.007 -2"><span class='ocrx_word' id='word_1_408' title='bbox 1055 3266 1284 3324; x_wconf 86' lang='lat' dir='ltr'><strong>CAPUT</strong></span> <span class='ocrx_word' id='word_1_409' title='bbox 1318 3267 1361 3324; x_wconf 88' lang='grc'><strong>1.</strong></span> 
     </span>
    </p>
   </div>
   <div class='ocr_carea' id='block_1_59' title="bbox 594 3357 1812 3432">
    <p class='ocr_par' dir='ltr' id='par_1_59' title="bbox 594 3357 1812 3432">
     <span class='ocr_line' id='line_1_59' title="bbox 594 3357 1812 3432; baseline 0.007 -21"><span class='ocrx_word' id='word_1_410' title='bbox 594 3357 746 3424; x_wconf 81' lang='lat' dir='ltr'><strong>Quod</strong></span> <span class='ocrx_word' id='word_1_411' title='bbox 777 3357 970 3428; x_wconf 75' lang='lat' dir='ltr'><strong>duplex</strong></span> <span class='ocrx_word' id='word_1_412' title='bbox 993 3359 1062 3413; x_wconf 83' lang='lat' dir='ltr'><strong>sit</strong></span> <span class='ocrx_word' id='word_1_413' title='bbox 1096 3360 1351 3432; x_wconf 76' lang='lat' dir='ltr'><strong>theologia</strong></span> <span class='ocrx_word' id='word_1_414' title='bbox 1371 3361 1812 3419; x_wconf 78' lang='lat' dir='ltr'><strong>demonstrativa.</strong></span> 
     </span>
    </p>
   </div>
   <div class='ocr_carea' id='block_1_60' title="bbox 491 3469 1986 3544">
    <p class='ocr_par' dir='ltr' id='par_1_60' title="bbox 491 3469 1986 3544">
     <span class='ocr_line' id='line_1_60' title="bbox 491 3469 1986 3544; baseline 0.006 -18"><span class='ocrx_word' id='word_1_415' title='bbox 491 3469 715 3542; x_wconf 70' lang='lat' dir='ltr'><strong>Magnus</strong></span> <span class='ocrx_word' id='word_1_416' title='bbox 733 3471 1020 3543; x_wconf 80' lang='lat' dir='ltr'><strong>Dionysius</strong></span> <span class='ocrx_word' id='word_1_417' title='bbox 1041 3474 1280 3529; x_wconf 90' lang='lat' dir='ltr'><strong>secundo</strong></span> <span class='ocrx_word' id='word_1_418' title='bbox 1302 3476 1478 3544; x_wconf 90' lang='lat' dir='ltr'><strong>capite</strong></span> <span class='ocrx_word' id='word_1_419' title='bbox 1503 3476 1742 3532; x_wconf 65' lang='lat' dir='ltr'><strong>Caleni:</strong></span> <span class='ocrx_word' id='word_1_420' title='bbox 1781 3480 1986 3535; x_wconf 80' lang='lat' dir='ltr'><strong>Itierar-</strong></span> 
     </span>
    </p>
   </div>
   <div class='ocr_carea' id='block_1_61' title="bbox 419 3562 1989 3635">
    <p class='ocr_par' dir='ltr' id='par_1_61' title="bbox 419 3562 1989 3635">
     <span class='ocr_line' id='line_1_61' title="bbox 419 3562 1989 3635; baseline 0.006 -18"><span class='ocrx_word' id='word_1_421' title='bbox 419 3565 588 3618; x_wconf 73' lang='lat' dir='ltr'><strong>rliiw:</strong></span> <span class='ocrx_word' id='word_1_422' title='bbox 613 3562 750 3628; x_wconf 89' lang='lat' dir='ltr'><strong>Duo,</strong></span> <span class='ocrx_word' id='word_1_423' title='bbox 769 3564 942 3632; x_wconf 89' lang='lat' dir='ltr'><strong>inquit</strong></span> <span class='ocrx_word' id='word_1_424' title='bbox 961 3565 1062 3635; x_wconf 80' lang='grc'><strong>(1),</strong></span> <span class='ocrx_word' id='word_1_425' title='bbox 1091 3566 1234 3621; x_wconf 91' lang='lat' dir='ltr'><strong>modi</strong></span> <span class='ocrx_word' id='word_1_426' title='bbox 1261 3578 1389 3623; x_wconf 91' lang='lat' dir='ltr'><strong>sunt</strong></span> <span class='ocrx_word' id='word_1_427' title='bbox 1412 3583 1581 3624; x_wconf 66' lang='lat' dir='ltr'><strong>sacra:</strong></span> <span class='ocrx_word' id='word_1_428' title='bbox 1599 3571 1989 3626; x_wconf 88' lang='lat' dir='ltr'><strong>nominationis</strong></span> 
     </span>
    </p>
   </div>
   <div class='ocr_carea' id='block_1_62' title="bbox 391 3653 1986 3733">
    <p class='ocr_par' dir='ltr' id='par_1_62' title="bbox 391 3653 1986 3733">
     <span class='ocr_line' id='line_1_62' title="bbox 391 3653 1986 3733; baseline 0.006 -25"><span class='ocrx_word' id='word_1_429' title='bbox 391 3665 394 3668; x_wconf 87' lang='lat'>&#39;</span> <span class='ocrx_word' id='word_1_430' title='bbox 424 3654 515 3708; x_wconf 87' lang='lat' dir='ltr'><strong>Dei</strong></span> <span class='ocrx_word' id='word_1_431' title='bbox 542 3669 558 3708; x_wconf 87' lang='lat'><strong>:</strong></span> <span class='ocrx_word' id='word_1_432' title='bbox 597 3653 736 3708; x_wconf 83' lang='lat' dir='ltr'><strong>alter</strong></span> <span class='ocrx_word' id='word_1_433' title='bbox 773 3655 1014 3724; x_wconf 88' lang='lat' dir='ltr'><strong>quidem,</strong></span> <span class='ocrx_word' id='word_1_434' title='bbox 1047 3666 1105 3708; x_wconf 92' lang='lat' dir='ltr'><strong>ut</strong></span> <span class='ocrx_word' id='word_1_435' title='bbox 1135 3668 1570 3713; x_wconf 88' lang='lat' dir='ltr'><strong>consentaneum</strong></span> <span class='ocrx_word' id='word_1_436' title='bbox 1614 3672 1860 3730; x_wconf 87' lang='lat' dir='ltr'><strong>apparet,</strong></span> <span class='ocrx_word' id='word_1_437' title='bbox 1890 3679 1986 3733; x_wconf 87' lang='lat' dir='ltr'><strong>per</strong></span> 
     </span>
    </p>
   </div>
   <div class='ocr_carea' id='block_1_63' title="bbox 421 3744 1990 3818">
    <p class='ocr_par' dir='ltr' id='par_1_63' title="bbox 421 3744 1990 3818">
     <span class='ocr_line' id='line_1_63' title="bbox 421 3744 1990 3818; baseline 0.006 -18"><span class='ocrx_word' id='word_1_438' title='bbox 421 3744 623 3800; x_wconf 89' lang='lat' dir='ltr'><strong>similes</strong></span> <span class='ocrx_word' id='word_1_439' title='bbox 651 3747 911 3814; x_wconf 81' lang='lat' dir='ltr'><strong>imagines</strong></span> <span class='ocrx_word' id='word_1_440' title='bbox 935 3761 998 3799; x_wconf 90' lang='lat' dir='ltr'><strong>ac</strong></span> <span class='ocrx_word' id='word_1_441' title='bbox 1014 3747 1166 3816; x_wconf 81' lang='lat' dir='ltr'><strong>signa</strong></span> <span class='ocrx_word' id='word_1_442' title='bbox 1191 3762 1346 3802; x_wconf 87' lang='lat' dir='ltr'><strong>sacra</strong></span> <span class='ocrx_word' id='word_1_443' title='bbox 1415 3751 1643 3805; x_wconf 75' lang='lat' dir='ltr'><strong>tendens</strong></span> <span class='ocrx_word' id='word_1_444' title='bbox 1666 3769 1680 3818; x_wconf 84' lang='lat'><strong>;</strong></span> <span class='ocrx_word' id='word_1_445' title='bbox 1701 3753 1836 3806; x_wconf 88' lang='lat' dir='ltr'><strong>alter</strong></span> <span class='ocrx_word' id='word_1_446' title='bbox 1864 3769 1990 3809; x_wconf 87' lang='lat' dir='ltr'><strong>vero</strong></span> 
     </span>
    </p>
   </div>
   <div class='ocr_carea' id='block_1_64' title="bbox 422 3835 1991 3908">
    <p class='ocr_par' dir='ltr' id='par_1_64' title="bbox 422 3835 1991 3908">
     <span class='ocr_line' id='line_1_64' title="bbox 422 3835 1991 3908; baseline 0.008 -17"><span class='ocrx_word' id='word_1_447' title='bbox 422 3853 517 3904; x_wconf 84' lang='lat' dir='ltr'><strong>per</strong></span> <span class='ocrx_word' id='word_1_448' title='bbox 557 3837 850 3891; x_wconf 79' lang='lat' dir='ltr'><strong>dissimiles</strong></span> <span class='ocrx_word' id='word_1_449' title='bbox 899 3835 1105 3891; x_wconf 90' lang='lat' dir='ltr'><strong>formas</strong></span> <span class='ocrx_word' id='word_1_450' title='bbox 1135 3839 1186 3891; x_wconf 92' lang='lat' dir='ltr'><strong>in</strong></span> <span class='ocrx_word' id='word_1_451' title='bbox 1227 3840 1461 3908; x_wconf 85' lang='lat' dir='ltr'><strong>speciem</strong></span> <span class='ocrx_word' id='word_1_452' title='bbox 1495 3842 1759 3898; x_wconf 90' lang='lat' dir='ltr'><strong>absonam</strong></span> <span class='ocrx_word' id='word_1_453' title='bbox 1790 3855 1848 3899; x_wconf 90' lang='lat' dir='ltr'><strong>et</strong></span> <span class='ocrx_word' id='word_1_454' title='bbox 1873 3847 1991 3902; x_wconf 88' lang='lat' dir='ltr'><strong>dis-</strong></span> 
     </span>
    </p>
   </div>
   <div class='ocr_carea' id='block_1_65' title="bbox 421 3927 1988 4004">
    <p class='ocr_par' dir='ltr' id='par_1_65' title="bbox 421 3927 1988 4004">
     <span class='ocr_line' id='line_1_65' title="bbox 421 3927 1988 4004; baseline 0.007 -23"><span class='ocrx_word' id='word_1_455' title='bbox 421 3938 736 3982; x_wconf 82' lang='lat' dir='ltr'><strong>sentaneam</strong></span> <span class='ocrx_word' id='word_1_456' title='bbox 764 3927 999 3990; x_wconf 88' lang='lat' dir='ltr'><strong>eflictus,</strong></span> <span class='ocrx_word' id='word_1_457' title='bbox 1025 3943 1089 3982; x_wconf 90' lang='lat' dir='ltr'><strong>ac</strong></span> <span class='ocrx_word' id='word_1_458' title='bbox 1117 3929 1441 3985; x_wconf 88' lang='lat' dir='ltr'><strong>traditiones</strong></span> <span class='ocrx_word' id='word_1_459' title='bbox 1490 3934 1708 4002; x_wconf 83' lang='lat' dir='ltr'><strong>quidem</strong></span> <span class='ocrx_word' id='word_1_460' title='bbox 1739 3938 1988 4004; x_wconf 64' lang='lat' dir='ltr'><strong>mystica:</strong></span> 
     </span>
    </p>
   </div>
   <div class='ocr_carea' id='block_1_66' title="bbox 424 4021 1988 4095">
    <p class='ocr_par' dir='ltr' id='par_1_66' title="bbox 424 4021 1988 4095">
     <span class='ocr_line' id='line_1_66' title="bbox 424 4021 1988 4095; baseline 0.006 -21"><span class='ocrx_word' id='word_1_461' title='bbox 424 4021 824 4089; x_wconf 69' lang='lat' dir='ltr'><strong>Seripturaruut</strong></span> <span class='ocrx_word' id='word_1_462' title='bbox 847 4022 1013 4072; x_wconf 87' lang='lat' dir='ltr'><strong>Deutn</strong></span> <span class='ocrx_word' id='word_1_463' title='bbox 1037 4023 1460 4093; x_wconf 74' lang='lat' dir='ltr'><strong>enuntiantium,</strong></span> <span class='ocrx_word' id='word_1_464' title='bbox 1478 4027 1840 4082; x_wconf 86' lang='lat' dir='ltr'><strong>venerandam</strong></span> <span class='ocrx_word' id='word_1_465' title='bbox 1867 4029 1988 4095; x_wconf 79' lang='lat' dir='ltr'><strong>ejus</strong></span> 
     </span>
    </p>
   </div>
   <div class='ocr_carea' id='block_1_67' title="bbox 421 4110 1985 4191">
    <p class='ocr_par' dir='ltr' id='par_1_67' title="bbox 421 4110 1985 4191">
     <span class='ocr_line' id='line_1_67' title="bbox 421 4110 1985 4191; baseline 0.006 -29"><span class='ocrx_word' id='word_1_466' title='bbox 421 4111 516 4174; x_wconf 81' lang='lat' dir='ltr'><strong>qui</strong></span> <span class='ocrx_word' id='word_1_467' title='bbox 570 4125 732 4176; x_wconf 89' lang='lat' dir='ltr'><strong>supra</strong></span> <span class='ocrx_word' id='word_1_468' title='bbox 768 4110 1130 4164; x_wconf 88' lang='lat' dir='ltr'><strong>substantiam</strong></span> <span class='ocrx_word' id='word_1_469' title='bbox 1160 4121 1267 4174; x_wconf 91' lang='lat' dir='ltr'><strong>est,</strong></span> <span class='ocrx_word' id='word_1_470' title='bbox 1303 4122 1357 4166; x_wconf 89' lang='lat' dir='ltr'><strong>et</strong></span> <span class='ocrx_word' id='word_1_471' title='bbox 1391 4112 1623 4184; x_wconf 73' lang='grc' dir='ltr'><strong>Θεαρχία</strong></span> <span class='ocrx_word' id='word_1_472' title='bbox 1657 4116 1760 4191; x_wconf 71' lang='grc'><strong>(2)⁹</strong></span> <span class='ocrx_word' id='word_1_473' title='bbox 1796 4117 1846 4170; x_wconf 89' lang='lat' dir='ltr'><strong>id</strong></span> <span class='ocrx_word' id='word_1_474' title='bbox 1879 4127 1985 4181; x_wconf 90' lang='lat' dir='ltr'><strong>est,</strong></span> 
     </span>
    </p>
   </div>
   <div class='ocr_carea' id='block_1_68' title="bbox 425 4200 1982 4277">
    <p class='ocr_par' dir='ltr' id='par_1_68' title="bbox 425 4200 1982 4277">
     <span class='ocr_line' id='line_1_68' title="bbox 425 4200 1982 4277; baseline 0.004 -22"><span class='ocrx_word' id='word_1_475' title='bbox 425 4202 568 4255; x_wconf 80' lang='lat' dir='ltr'><strong>Deus</strong></span> <span class='ocrx_word' id='word_1_476' title='bbox 621 4200 870 4263; x_wconf 90' lang='lat' dir='ltr'><strong>deorum,</strong></span> <span class='ocrx_word' id='word_1_477' title='bbox 948 4200 1338 4258; x_wconf 86' lang='lat' dir='ltr'><strong>beatitudinem</strong></span> <span class='ocrx_word' id='word_1_478' title='bbox 1382 4203 1665 4260; x_wconf 88' lang='lat' dir='ltr'><strong>interdum</strong></span> <span class='ocrx_word' id='word_1_479' title='bbox 1720 4216 1982 4277; x_wconf 84' lang='lat' dir='ltr'><strong>tanquam</strong></span> 
     </span>
    </p>
   </div>
   <div class='ocr_carea' id='block_1_69' title="bbox 427 4291 1983 4368">
    <p class='ocr_par' dir='ltr' id='par_1_69' title="bbox 427 4291 1983 4368">
     <span class='ocr_line' id='line_1_69' title="bbox 427 4291 1983 4368; baseline 0.004 -20"><span class='ocrx_word' id='word_1_480' title='bbox 427 4305 660 4349; x_wconf 88' lang='lat' dir='ltr'><strong>mentem</strong></span> <span class='ocrx_word' id='word_1_481' title='bbox 682 4306 735 4350; x_wconf 90' lang='lat' dir='ltr'><strong>et</strong></span> <span class='ocrx_word' id='word_1_482' title='bbox 756 4291 989 4350; x_wconf 80' lang='lat' dir='ltr'><strong>Verbum</strong></span> <span class='ocrx_word' id='word_1_483' title='bbox 1019 4303 1074 4352; x_wconf 89' lang='lat' dir='ltr'><strong>et</strong></span> <span class='ocrx_word' id='word_1_484' title='bbox 1096 4295 1454 4352; x_wconf 86' lang='lat' dir='ltr'><strong>substantiam</strong></span> <span class='ocrx_word' id='word_1_485' title='bbox 1480 4297 1558 4368; x_wconf 78' lang='lat'><strong>(3)</strong></span> <span class='ocrx_word' id='word_1_486' title='bbox 1587 4298 1835 4366; x_wconf 87' lang='lat' dir='ltr'><strong>laudant,</strong></span> <span class='ocrx_word' id='word_1_487' title='bbox 1859 4316 1983 4355; x_wconf 89' lang='lat' dir='ltr'><strong>cum</strong></span> 
     </span>
    </p>
   </div>
   <div class='ocr_carea' id='block_1_70' title="bbox 1985 3282 3630 3364">
    <p class='ocr_par' dir='ltr' id='par_1_70' title="bbox 1985 3282 3630 3364">
     <span class='ocr_line' id='line_1_70' title="bbox 1985 3282 3630 3364; baseline -0.001 -23"><span class='ocrx_word' id='word_1_488' title='bbox 1985 3337 1992 3341; x_wconf 92' lang='lat'><em>_</em></span> <span class='ocrx_word' id='word_1_489' title='bbox 2022 3283 2067 3344; x_wconf 90' lang='lat' dir='ltr'><strong>C</strong></span> <span class='ocrx_word' id='word_1_490' title='bbox 2100 3287 2568 3364; x_wconf 63' lang='lat' dir='ltr'><strong>ratiocinationem</strong></span> <span class='ocrx_word' id='word_1_491' title='bbox 2599 3290 2673 3360; x_wconf 74' lang='grc' dir='ltr'><strong>(ι)</strong></span> <span class='ocrx_word' id='word_1_492' title='bbox 2705 3306 2825 3358; x_wconf 76' lang='lat' dir='ltr'><strong>qua:</strong></span> <span class='ocrx_word' id='word_1_493' title='bbox 2850 3289 3016 3344; x_wconf 90' lang='lat' dir='ltr'><strong>Deum</strong></span> <span class='ocrx_word' id='word_1_494' title='bbox 3041 3289 3219 3351; x_wconf 87' lang='lat' dir='ltr'><strong>decet,</strong></span> <span class='ocrx_word' id='word_1_495' title='bbox 3255 3299 3310 3344; x_wconf 88' lang='lat' dir='ltr'><strong>et</strong></span> <span class='ocrx_word' id='word_1_496' title='bbox 3332 3282 3630 3356; x_wconf 79' lang='lat' dir='ltr'><strong>sapientiam</strong></span> 
     </span>
    </p>
   </div>
   <div class='ocr_carea' id='block_1_71' title="bbox 2094 3371 3636 3457">
    <p class='ocr_par' dir='ltr' id='par_1_71' title="bbox 2094 3371 3636 3457">
     <span class='ocr_line' id='line_1_71' title="bbox 2094 3371 3636 3457; baseline -0.002 -25"><span class='ocrx_word' id='word_1_497' title='bbox 2094 3380 2212 3448; x_wconf 86' lang='lat' dir='ltr'><strong>ejus</strong></span> <span class='ocrx_word' id='word_1_498' title='bbox 2250 3379 2548 3441; x_wconf 87' lang='lat' dir='ltr'><strong>declarant.</strong></span> <span class='ocrx_word' id='word_1_499' title='bbox 2604 3389 2659 3435; x_wconf 90' lang='lat' dir='ltr'><strong>et</strong></span> <span class='ocrx_word' id='word_1_500' title='bbox 2696 3382 2858 3436; x_wconf 85' lang='lat' dir='ltr'><strong>taiem</strong></span> <span class='ocrx_word' id='word_1_501' title='bbox 2885 3396 2948 3435; x_wconf 89' lang='lat' dir='ltr'><strong>ac</strong></span> <span class='ocrx_word' id='word_1_502' title='bbox 2975 3389 3184 3434; x_wconf 87' lang='lat' dir='ltr'><strong>tantum</strong></span> <span class='ocrx_word' id='word_1_503' title='bbox 3255 3394 3397 3440; x_wconf 90' lang='lat' dir='ltr'><strong>esse.</strong></span> <span class='ocrx_word' id='word_1_504' title='bbox 3455 3374 3541 3457; x_wconf 79' lang='lat' dir='ltr'><strong>qui</strong></span> <span class='ocrx_word' id='word_1_505' title='bbox 3574 3371 3636 3429; x_wconf 75' lang='lat' dir='ltr'><strong>sit</strong></span> 
     </span>
    </p>
   </div>
   <div class='ocr_carea' id='block_1_72' title="bbox 2094 3467 3638 3536">
    <p class='ocr_par' dir='ltr' id='par_1_72' title="bbox 2094 3467 3638 3536">
     <span class='ocr_line' id='line_1_72' title="bbox 2094 3467 3638 3536; baseline -0.006 -12"><span class='ocrx_word' id='word_1_506' title='bbox 2094 3485 2224 3524; x_wconf 87' lang='lat' dir='ltr'><strong>vera</strong></span> <span class='ocrx_word' id='word_1_507' title='bbox 2261 3484 2423 3524; x_wconf 86' lang='lat' dir='ltr'><strong>causa</strong></span> <span class='ocrx_word' id='word_1_508' title='bbox 2473 3470 2793 3526; x_wconf 72' lang='lat' dir='ltr'><strong>substantiae</strong></span> <span class='ocrx_word' id='word_1_509' title='bbox 2839 3487 3021 3524; x_wconf 90' lang='lat' dir='ltr'><strong>rerum</strong></span> <span class='ocrx_word' id='word_1_510' title='bbox 3051 3487 3066 3536; x_wconf 91' lang='lat'><strong>;</strong></span> <span class='ocrx_word' id='word_1_511' title='bbox 3099 3478 3152 3524; x_wconf 90' lang='lat' dir='ltr'><strong>et</strong></span> <span class='ocrx_word' id='word_1_512' title='bbox 3182 3480 3447 3535; x_wconf 86' lang='lat' dir='ltr'><strong>tanquam</strong></span> <span class='ocrx_word' id='word_1_513' title='bbox 3474 3467 3638 3520; x_wconf 83' lang='lat' dir='ltr'><strong>lumen</strong></span> 
     </span>
    </p>
   </div>
   <div class='ocr_carea' id='block_1_73' title="bbox 2093 3557 3646 3630">
    <p class='ocr_par' dir='ltr' id='par_1_73' title="bbox 2093 3557 3646 3630">
     <span class='ocr_line' id='line_1_73' title="bbox 2093 3557 3646 3630; baseline -0.005 -13"><span class='ocrx_word' id='word_1_514' title='bbox 2093 3576 2214 3617; x_wconf 84' lang='lat' dir='ltr'><strong>eam</strong></span> <span class='ocrx_word' id='word_1_515' title='bbox 2242 3560 2533 3630; x_wconf 80' lang='lat' dir='ltr'><strong>efﬁngunt,</strong></span> <span class='ocrx_word' id='word_1_516' title='bbox 2564 3576 2628 3616; x_wconf 86' lang='lat' dir='ltr'><strong>ac</strong></span> <span class='ocrx_word' id='word_1_517' title='bbox 2647 3563 2810 3615; x_wconf 88' lang='lat' dir='ltr'><strong>vitam</strong></span> <span class='ocrx_word' id='word_1_518' title='bbox 2839 3570 3056 3624; x_wconf 91' lang='lat' dir='ltr'><strong>vocant,</strong></span> <span class='ocrx_word' id='word_1_519' title='bbox 3088 3576 3214 3616; x_wconf 91' lang='lat' dir='ltr'><strong>cum</strong></span> <span class='ocrx_word' id='word_1_520' title='bbox 3246 3559 3448 3630; x_wconf 90' lang='lat' dir='ltr'><strong>alioqui</strong></span> <span class='ocrx_word' id='word_1_521' title='bbox 3473 3557 3646 3622; x_wconf 78' lang='lat' dir='ltr'><strong>hujus-</strong></span> 
     </span>
    </p>
   </div>
   <div class='ocr_carea' id='block_1_74' title="bbox 2095 3648 3646 3720">
    <p class='ocr_par' dir='ltr' id='par_1_74' title="bbox 2095 3648 3646 3720">
     <span class='ocr_line' id='line_1_74' title="bbox 2095 3648 3646 3720; baseline -0.005 -15"><span class='ocrx_word' id='word_1_522' title='bbox 2095 3652 2242 3705; x_wconf 86' lang='lat' dir='ltr'><strong>ntodi</strong></span> <span class='ocrx_word' id='word_1_523' title='bbox 2305 3651 2492 3704; x_wconf 69' lang='lat' dir='ltr'><strong>forma:</strong></span> <span class='ocrx_word' id='word_1_524' title='bbox 2527 3653 2578 3705; x_wconf 90' lang='lat' dir='ltr'><strong>in</strong></span> <span class='ocrx_word' id='word_1_525' title='bbox 2629 3649 2910 3720; x_wconf 84' lang='lat' dir='ltr'><strong>Scriptura</strong></span> <span class='ocrx_word' id='word_1_526' title='bbox 2961 3666 3113 3706; x_wconf 89' lang='lat' dir='ltr'><strong>sacra</strong></span> <span class='ocrx_word' id='word_1_527' title='bbox 3160 3650 3386 3713; x_wconf 66' lang='lat' dir='ltr'><strong>efﬁctae,</strong></span> <span class='ocrx_word' id='word_1_528' title='bbox 3426 3648 3646 3701; x_wconf 72' lang='lat' dir='ltr'><strong>honesta</strong></span> 
     </span>
    </p>
   </div>
   <div class='ocr_carea' id='block_1_75' title="bbox 2094 3742 3648 3814">
    <p class='ocr_par' dir='ltr' id='par_1_75' title="bbox 2094 3742 3648 3814">
     <span class='ocr_line' id='line_1_75' title="bbox 2094 3742 3648 3814; baseline -0.007 -16"><span class='ocrx_word' id='word_1_529' title='bbox 2094 3743 2311 3814; x_wconf 90' lang='lat' dir='ltr'><strong>quidem</strong></span> <span class='ocrx_word' id='word_1_530' title='bbox 2348 3751 2616 3813; x_wconf 79' lang='lat' dir='ltr'><strong>et-graves</strong></span> <span class='ocrx_word' id='word_1_531' title='bbox 2648 3744 2780 3808; x_wconf 91' lang='lat' dir='ltr'><strong>sint,</strong></span> <span class='ocrx_word' id='word_1_532' title='bbox 2805 3754 2860 3797; x_wconf 91' lang='lat' dir='ltr'><strong>et</strong></span> <span class='ocrx_word' id='word_1_533' title='bbox 2893 3757 3014 3810; x_wconf 62' lang='lat' dir='ltr'><strong>qua:</strong></span> <span class='ocrx_word' id='word_1_534' title='bbox 3055 3742 3266 3796; x_wconf 85' lang='lat' dir='ltr'><strong>formas</strong></span> <span class='ocrx_word' id='word_1_535' title='bbox 3296 3753 3534 3796; x_wconf 72' lang='lat' dir='ltr'><strong>terrenas</strong></span> <span class='ocrx_word' id='word_1_536' title='bbox 3562 3748 3648 3788; x_wconf 78' lang='lat' dir='ltr'><strong>cx-</strong></span> 
     </span>
    </p>
   </div>
   <div class='ocr_carea' id='block_1_76' title="bbox 2091 3824 3632 3901">
    <p class='ocr_par' dir='ltr' id='par_1_76' title="bbox 2091 3824 3632 3901">
     <span class='ocr_line' id='line_1_76' title="bbox 2091 3824 3632 3901; baseline -0.008 -12"><span class='ocrx_word' id='word_1_537' title='bbox 2091 3834 2288 3889; x_wconf 84' lang='lat' dir='ltr'><strong>ceilere</strong></span> <span class='ocrx_word' id='word_1_538' title='bbox 2325 3833 2725 3901; x_wconf 89' lang='lat' dir='ltr'><strong>quodammodo</strong></span> <span class='ocrx_word' id='word_1_539' title='bbox 2773 3833 3098 3897; x_wconf 83' lang='lat' dir='ltr'><strong>videantur;</strong></span> <span class='ocrx_word' id='word_1_540' title='bbox 3141 3832 3258 3885; x_wconf 90' lang='lat' dir='ltr'><strong>sint</strong></span> <span class='ocrx_word' id='word_1_541' title='bbox 3286 3840 3464 3886; x_wconf 86' lang='lat' dir='ltr'><strong>tamen</strong></span> <span class='ocrx_word' id='word_1_542' title='bbox 3507 3824 3632 3880; x_wconf 81' lang='lat' dir='ltr'><strong>infra</strong></span> 
     </span>
    </p>
   </div>
   <div class='ocr_carea' id='block_1_77' title="bbox 2095 3924 3646 3995">
    <p class='ocr_par' dir='ltr' id='par_1_77' title="bbox 2095 3924 3646 3995">
     <span class='ocr_line' id='line_1_77' title="bbox 2095 3924 3646 3995; baseline -0.006 -16"><span class='ocrx_word' id='word_1_543' title='bbox 2095 3925 2505 3979; x_wconf 87' lang='lat' dir='ltr'><strong>similitudinem</strong></span> <span class='ocrx_word' id='word_1_544' title='bbox 2526 3925 2618 3979; x_wconf 85' lang='lat' dir='ltr'><strong>Dei</strong></span> <span class='ocrx_word' id='word_1_545' title='bbox 2643 3940 2763 3978; x_wconf 87' lang='lat' dir='ltr'><strong>cum</strong></span> <span class='ocrx_word' id='word_1_546' title='bbox 2791 3924 2905 3995; x_wconf 89' lang='lat' dir='ltr'><strong>ipsa</strong></span> <span class='ocrx_word' id='word_1_547' title='bbox 2931 3927 3156 3978; x_wconf 88' lang='lat' dir='ltr'><strong>veritate</strong></span> <span class='ocrx_word' id='word_1_548' title='bbox 3179 3940 3195 3990; x_wconf 91' lang='lat'><strong>;</strong></span> <span class='ocrx_word' id='word_1_549' title='bbox 3217 3935 3304 3980; x_wconf 89' lang='lat' dir='ltr'><strong>est</strong></span> <span class='ocrx_word' id='word_1_550' title='bbox 3332 3924 3473 3979; x_wconf 89' lang='lat' dir='ltr'><strong>enim</strong></span> <span class='ocrx_word' id='word_1_551' title='bbox 3495 3930 3646 3988; x_wconf 83' lang='lat' dir='ltr'><strong>supra</strong></span> 
     </span>
    </p>
   </div>
   <div class='ocr_carea' id='block_1_78' title="bbox 2094 4010 3640 4082">
    <p class='ocr_par' dir='ltr' id='par_1_78' title="bbox 2094 4010 3640 4082">
     <span class='ocr_line' id='line_1_78' title="bbox 2094 4010 3640 4082; baseline -0.005 -11"><span class='ocrx_word' id='word_1_552' title='bbox 2094 4032 2310 4071; x_wconf 87' lang='lat' dir='ltr'><strong>omnem</strong></span> <span class='ocrx_word' id='word_1_553' title='bbox 2361 4032 2605 4078; x_wconf 77' lang='lat' dir='ltr'><strong>causam,</strong></span> <span class='ocrx_word' id='word_1_554' title='bbox 2640 4025 2688 4071; x_wconf 88' lang='lat' dir='ltr'><strong>ct</strong></span> <span class='ocrx_word' id='word_1_555' title='bbox 2727 4016 2933 4082; x_wconf 84' lang='lat' dir='ltr'><strong>vitam;</strong></span> <span class='ocrx_word' id='word_1_556' title='bbox 2980 4031 3101 4070; x_wconf 91' lang='lat' dir='ltr'><strong>cum</strong></span> <span class='ocrx_word' id='word_1_557' title='bbox 3162 4017 3379 4070; x_wconf 90' lang='lat' dir='ltr'><strong>nullum</strong></span> <span class='ocrx_word' id='word_1_558' title='bbox 3438 4010 3640 4082; x_wconf 81' lang='lat' dir='ltr'><strong>quidem</strong></span> 
     </span>
    </p>
   </div>
   <div class='ocr_carea' id='block_1_79' title="bbox 2095 4098 3645 4177">
    <p class='ocr_par' dir='ltr' id='par_1_79' title="bbox 2095 4098 3645 4177">
     <span class='ocr_line' id='line_1_79' title="bbox 2095 4098 3645 4177; baseline -0.009 -15"><span class='ocrx_word' id='word_1_559' title='bbox 2095 4108 2278 4164; x_wconf 90' lang='lat' dir='ltr'><strong>lumen</strong></span> <span class='ocrx_word' id='word_1_560' title='bbox 2303 4109 2476 4177; x_wconf 87' lang='lat' dir='ltr'><strong>possit</strong></span> <span class='ocrx_word' id='word_1_561' title='bbox 2496 4106 2658 4161; x_wconf 88' lang='lat' dir='ltr'><strong>Deum</strong></span> <span class='ocrx_word' id='word_1_562' title='bbox 2685 4106 3022 4175; x_wconf 80' lang='lat' dir='ltr'><strong>exprimere;</strong></span> <span class='ocrx_word' id='word_1_563' title='bbox 3048 4121 3209 4158; x_wconf 85' lang='lat' dir='ltr'><strong>omne</strong></span> <span class='ocrx_word' id='word_1_564' title='bbox 3233 4115 3416 4159; x_wconf 88' lang='lat' dir='ltr'><strong>autem</strong></span> <span class='ocrx_word' id='word_1_565' title='bbox 3438 4098 3645 4155; x_wconf 75' lang='lat' dir='ltr'><strong>verbum</strong></span> 
     </span>
    </p>
   </div>
   <div class='ocr_carea' id='block_1_80' title="bbox 2094 4188 3648 4267">
    <p class='ocr_par' dir='ltr' id='par_1_80' title="bbox 2094 4188 3648 4267">
     <span class='ocr_line' id='line_1_80' title="bbox 2094 4188 3648 4267; baseline -0.008 -10"><span class='ocrx_word' id='word_1_566' title='bbox 2094 4211 2148 4257; x_wconf 85' lang='lat' dir='ltr'><strong>et</strong></span> <span class='ocrx_word' id='word_1_567' title='bbox 2183 4215 2334 4254; x_wconf 91' lang='lat' dir='ltr'><strong>meus</strong></span> <span class='ocrx_word' id='word_1_568' title='bbox 2366 4200 2432 4252; x_wconf 88' lang='lat' dir='ltr'><strong>ab</strong></span> <span class='ocrx_word' id='word_1_569' title='bbox 2461 4199 2575 4267; x_wconf 89' lang='lat' dir='ltr'><strong>ipsa</strong></span> <span class='ocrx_word' id='word_1_570' title='bbox 2609 4197 2701 4251; x_wconf 88' lang='lat' dir='ltr'><strong>Dei</strong></span> <span class='ocrx_word' id='word_1_571' title='bbox 2727 4197 3088 4253; x_wconf 86' lang='lat' dir='ltr'><strong>similitudine</strong></span> <span class='ocrx_word' id='word_1_572' title='bbox 3122 4196 3342 4250; x_wconf 86' lang='lat' dir='ltr'><strong>infinito</strong></span> <span class='ocrx_word' id='word_1_573' title='bbox 3384 4188 3648 4247; x_wconf 76' lang='lat' dir='ltr'><strong>intervallo</strong></span> 
     </span>
    </p>
   </div>
   <div class='ocr_carea' id='block_1_81' title="bbox 2097 4280 3649 4358">
    <p class='ocr_par' dir='ltr' id='par_1_81' title="bbox 2097 4280 3649 4358">
     <span class='ocr_line' id='line_1_81' title="bbox 2097 4280 3649 4358; baseline -0.01 -12"><span class='ocrx_word' id='word_1_574' title='bbox 2097 4293 2304 4346; x_wconf 90' lang='lat' dir='ltr'><strong>distent</strong></span> <span class='ocrx_word' id='word_1_575' title='bbox 2331 4305 2349 4355; x_wconf 82' lang='lat'><strong>;</strong></span> <span class='ocrx_word' id='word_1_576' title='bbox 2383 4289 2714 4358; x_wconf 88' lang='lat' dir='ltr'><strong>quandoque</strong></span> <span class='ocrx_word' id='word_1_577' title='bbox 2763 4302 2892 4342; x_wconf 87' lang='lat' dir='ltr'><strong>vero</strong></span> <span class='ocrx_word' id='word_1_578' title='bbox 2919 4287 3286 4342; x_wconf 88' lang='lat' dir='ltr'><strong>dissimilibus</strong></span> <span class='ocrx_word' id='word_1_579' title='bbox 3318 4285 3393 4354; x_wconf 84' lang='lat'><strong>(5)</strong></span> <span class='ocrx_word' id='word_1_580' title='bbox 3423 4280 3649 4338; x_wconf 84' lang='lat' dir='ltr'><strong>declara-</strong></span> 
     </span>
    </p>
   </div>
   <div class='ocr_carea' id='block_1_82' title="bbox 1678 4451 2359 4520">
    <p class='ocr_par' dir='ltr' id='par_1_82' title="bbox 1678 4451 2359 4520">
     <span class='ocr_line' id='line_1_82' title="bbox 1678 4451 2359 4520; baseline -0.016 0"><span class='ocrx_word' id='word_1_581' title='bbox 1678 4456 1928 4520; x_wconf 82' lang='lat' dir='ltr'><strong>Scholia</strong></span> <span class='ocrx_word' id='word_1_582' title='bbox 1974 4458 2035 4519; x_wconf 88' lang='lat' dir='ltr'><strong>S.</strong></span> <span class='ocrx_word' id='word_1_583' title='bbox 2073 4451 2359 4516; x_wconf 79' lang='lat' dir='ltr'><strong>Maximi.</strong></span> 
     </span>
    </p>
   </div>
   <div class='ocr_carea' id='block_1_83' title="bbox 426 4579 2059 4650">
    <p class='ocr_par' dir='ltr' id='par_1_83' title="bbox 426 4579 2059 4650">
     <span class='ocr_line' id='line_1_83' title="bbox 426 4579 2059 4650; baseline -0.001 -15"><span class='ocrx_word' id='word_1_584' title='bbox 426 4589 668 4650; x_wconf 76' lang='lat' dir='ltr'><strong>apparet,</strong></span> <span class='ocrx_word' id='word_1_585' title='bbox 701 4594 805 4632; x_wconf 91' lang='lat' dir='ltr'><strong>non</strong></span> <span class='ocrx_word' id='word_1_586' title='bbox 839 4580 982 4632; x_wconf 90' lang='lat' dir='ltr'><strong>enim</strong></span> <span class='ocrx_word' id='word_1_587' title='bbox 1020 4579 1097 4633; x_wconf 88' lang='lat' dir='ltr'><strong>sic</strong></span> <span class='ocrx_word' id='word_1_588' title='bbox 1125 4579 1439 4649; x_wconf 83' lang='lat' dir='ltr'><strong>accipienda</strong></span> <span class='ocrx_word' id='word_1_589' title='bbox 1478 4588 1632 4644; x_wconf 88' lang='lat' dir='ltr'><strong>sunt,</strong></span> <span class='ocrx_word' id='word_1_590' title='bbox 1668 4581 1762 4635; x_wconf 87' lang='lat' dir='ltr'><strong>sed</strong></span> <span class='ocrx_word' id='word_1_591' title='bbox 1797 4581 1981 4648; x_wconf 91' lang='lat' dir='ltr'><strong>potius</strong></span> <span class='ocrx_word' id='word_1_592' title='bbox 2015 4583 2059 4641; x_wconf 74' lang='grc' dir='ltr'><strong>ἰ)</strong></span> 
     </span>
    </p>
   </div>
   <div class='ocr_carea' id='block_1_84' title="bbox 426 4650 1987 4720">
    <p class='ocr_par' dir='ltr' id='par_1_84' title="bbox 426 4650 1987 4720">
     <span class='ocr_line' id='line_1_84' title="bbox 426 4650 1987 4720; baseline -0.001 -14"><span class='ocrx_word' id='word_1_593' title='bbox 426 4650 722 4720; x_wconf 61' lang='lat' dir='ltr'><strong>secundum</strong></span> <span class='ocrx_word' id='word_1_594' title='bbox 769 4662 984 4715; x_wconf 89' lang='lat' dir='ltr'><strong>sensus,</strong></span> <span class='ocrx_word' id='word_1_595' title='bbox 1006 4663 1144 4718; x_wconf 90' lang='lat' dir='ltr'><strong>quos</strong></span> <span class='ocrx_word' id='word_1_596' title='bbox 1185 4651 1431 4720; x_wconf 88' lang='lat' dir='ltr'><strong>symbola</strong></span> <span class='ocrx_word' id='word_1_597' title='bbox 1477 4651 1626 4707; x_wconf 90' lang='lat' dir='ltr'><strong>intus</strong></span> <span class='ocrx_word' id='word_1_598' title='bbox 1653 4651 1858 4706; x_wconf 88' lang='lat' dir='ltr'><strong>habent</strong></span> <span class='ocrx_word' id='word_1_599' title='bbox 1881 4651 1987 4704; x_wconf 83' lang='lat' dir='ltr'><strong>alte</strong></span> 
     </span>
    </p>
   </div>
   <div class='ocr_carea' id='block_1_85' title="bbox 428 4718 754 4775">
    <p class='ocr_par' dir='ltr' id='par_1_85' title="bbox 428 4718 754 4775">
     <span class='ocr_line' id='line_1_85' title="bbox 428 4718 754 4775; baseline -0.015 -1"><span class='ocrx_word' id='word_1_600' title='bbox 428 4718 754 4775; x_wconf 82' lang='lat' dir='ltr'><strong>reconditos.</strong></span> 
     </span>
    </p>
   </div>
   <div class='ocr_carea' id='block_1_86' title="bbox 502 4787 1992 4856">
    <p class='ocr_par' dir='ltr' id='par_1_86' title="bbox 502 4787 1992 4856">
     <span class='ocr_line' id='line_1_86' title="bbox 502 4787 1992 4856; baseline -0.001 -15"><span class='ocrx_word' id='word_1_601' title='bbox 502 4790 578 4856; x_wconf 76' lang='grc' dir='ltr'><strong>(Ι)</strong></span> <span class='ocrx_word' id='word_1_602' title='bbox 624 4787 758 4856; x_wconf 70' lang='grc' dir='ltr'><strong>ρηο,</strong></span> <span class='ocrx_word' id='word_1_603' title='bbox 783 4787 980 4854; x_wconf 86' lang='lat' dir='ltr'><strong>inquit,</strong></span> <span class='ocrx_word' id='word_1_604' title='bbox 1020 4788 1187 4842; x_wconf 83' lang='lat' dir='ltr'><strong>modi.</strong></span> <span class='ocrx_word' id='word_1_605' title='bbox 1231 4787 1384 4851; x_wconf 83' lang='lat' dir='ltr'><strong>Quod</strong></span> <span class='ocrx_word' id='word_1_606' title='bbox 1421 4789 1636 4844; x_wconf 87' lang='lat' dir='ltr'><strong>duobus</strong></span> <span class='ocrx_word' id='word_1_607' title='bbox 1672 4789 1848 4844; x_wconf 82' lang='lat' dir='ltr'><strong>modis</strong></span> <span class='ocrx_word' id='word_1_608' title='bbox 1877 4788 1992 4842; x_wconf 83' lang='lat' dir='ltr'><strong>latt-</strong></span> 
     </span>
    </p>
   </div>
   <div class='ocr_carea' id='block_1_87' title="bbox 429 4855 1989 4922">
    <p class='ocr_par' dir='ltr' id='par_1_87' title="bbox 429 4855 1989 4922">
     <span class='ocr_line' id='line_1_87' title="bbox 429 4855 1989 4922; baseline -0.001 -11"><span class='ocrx_word' id='word_1_609' title='bbox 429 4855 592 4914; x_wconf 86' lang='lat' dir='ltr'><strong>datur</strong></span> <span class='ocrx_word' id='word_1_610' title='bbox 627 4855 786 4917; x_wconf 90' lang='lat' dir='ltr'><strong>Deus,</strong></span> <span class='ocrx_word' id='word_1_611' title='bbox 820 4867 914 4910; x_wconf 91' lang='lat' dir='ltr'><strong>aut</strong></span> <span class='ocrx_word' id='word_1_612' title='bbox 945 4868 1201 4922; x_wconf 81' lang='lat' dir='ltr'><strong>tanquam</strong></span> <span class='ocrx_word' id='word_1_613' title='bbox 1237 4859 1430 4913; x_wconf 89' lang='lat' dir='ltr'><strong>similis</strong></span> <span class='ocrx_word' id='word_1_614' title='bbox 1469 4859 1724 4912; x_wconf 80' lang='lat' dir='ltr'><strong>omnibus</strong></span> <span class='ocrx_word' id='word_1_615' title='bbox 1784 4858 1989 4921; x_wconf 82' lang='lat' dir='ltr'><strong>(omnia</strong></span> 
     </span>
    </p>
   </div>
   <div class='ocr_carea' id='block_1_88' title="bbox 429 4927 1990 4997">
    <p class='ocr_par' dir='ltr' id='par_1_88' title="bbox 429 4927 1990 4997">
     <span class='ocr_line' id='line_1_88' title="bbox 429 4927 1990 4997; baseline -0.002 -14"><span class='ocrx_word' id='word_1_616' title='bbox 429 4930 581 4997; x_wconf 84' lang='lat' dir='ltr'><strong>enim</strong></span> <span class='ocrx_word' id='word_1_617' title='bbox 608 4927 660 4980; x_wconf 90' lang='lat' dir='ltr'><strong>in</strong></span> <span class='ocrx_word' id='word_1_618' title='bbox 699 4930 822 4997; x_wconf 85' lang='lat' dir='ltr'><strong>Ipso</strong></span> <span class='ocrx_word' id='word_1_619' title='bbox 879 4927 1204 4993; x_wconf 84' lang='lat' dir='ltr'><strong>consistunt)</strong></span> <span class='ocrx_word' id='word_1_620' title='bbox 1246 4940 1342 4981; x_wconf 84' lang='lat' dir='ltr'><strong>aut.</strong></span> <span class='ocrx_word' id='word_1_621' title='bbox 1385 4937 1640 4997; x_wconf 86' lang='lat' dir='ltr'><strong>tanquam</strong></span> <span class='ocrx_word' id='word_1_622' title='bbox 1704 4927 1990 4997; x_wconf 81' lang='lat' dir='ltr'><strong>dissimilis</strong></span> 
     </span>
    </p>
   </div>
   <div class='ocr_carea' id='block_1_89' title="bbox 431 4995 1991 5066">
    <p class='ocr_par' dir='ltr' id='par_1_89' title="bbox 431 4995 1991 5066">
     <span class='ocr_line' id='line_1_89' title="bbox 431 4995 1991 5066; baseline 0 -17"><span class='ocrx_word' id='word_1_623' title='bbox 431 4996 586 5066; x_wconf 89' lang='lat' dir='ltr'><strong>(nihil</strong></span> <span class='ocrx_word' id='word_1_624' title='bbox 616 5004 699 5066; x_wconf 88' lang='lat' dir='ltr'><strong>est</strong></span> <span class='ocrx_word' id='word_1_625' title='bbox 740 4995 883 5048; x_wconf 88' lang='lat' dir='ltr'><strong>enim</strong></span> <span class='ocrx_word' id='word_1_626' title='bbox 924 5011 1112 5066; x_wconf 82' lang='lat' dir='ltr'><strong>eorum</strong></span> <span class='ocrx_word' id='word_1_627' title='bbox 1163 5012 1283 5063; x_wconf 70' lang='lat' dir='ltr'><strong>qua:</strong></span> <span class='ocrx_word' id='word_1_628' title='bbox 1331 4995 1509 5066; x_wconf 75' lang='lat' dir='ltr'><strong>sunt),</strong></span> <span class='ocrx_word' id='word_1_629' title='bbox 1542 5001 1766 5063; x_wconf 80' lang='lat' dir='ltr'><strong>exponit</strong></span> <span class='ocrx_word' id='word_1_630' title='bbox 1796 4995 1991 5066; x_wconf 83' lang='lat' dir='ltr'><strong>deinde</strong></span> 
     </span>
    </p>
   </div>
   <div class='ocr_carea' id='block_1_90' title="bbox 433 5064 1992 5135">
    <p class='ocr_par' dir='ltr' id='par_1_90' title="bbox 433 5064 1992 5135">
     <span class='ocr_line' id='line_1_90' title="bbox 433 5064 1992 5135; baseline -0.003 -15"><span class='ocrx_word' id='word_1_631' title='bbox 433 5064 742 5135; x_wconf 74' lang='lat' dir='ltr'><strong>Dionysius,</strong></span> <span class='ocrx_word' id='word_1_632' title='bbox 767 5065 1038 5135; x_wconf 79' lang='lat' dir='ltr'><strong>quomodo</strong></span> <span class='ocrx_word' id='word_1_633' title='bbox 1063 5064 1366 5119; x_wconf 89' lang='lat' dir='ltr'><strong>formantur</strong></span> <span class='ocrx_word' id='word_1_634' title='bbox 1396 5064 1483 5119; x_wconf 85' lang='lat' dir='ltr'><strong>isti</strong></span> <span class='ocrx_word' id='word_1_635' title='bbox 1511 5066 1654 5120; x_wconf 87' lang='lat' dir='ltr'><strong>modi</strong></span> <span class='ocrx_word' id='word_1_636' title='bbox 1677 5065 1992 5119; x_wconf 88' lang='lat' dir='ltr'><strong>nominandi</strong></span> 
     </span>
    </p>
   </div>
   <div class='ocr_carea' id='block_1_91' title="bbox 436 5133 1989 5208">
    <p class='ocr_par' dir='ltr' id='par_1_91' title="bbox 436 5133 1989 5208">
     <span class='ocr_line' id='line_1_91' title="bbox 436 5133 1989 5208; baseline -0.001 -19"><span class='ocrx_word' id='word_1_637' title='bbox 436 5139 476 5208; x_wconf 64' lang='grc' dir='ltr'>ῃ</span> <span class='ocrx_word' id='word_1_638' title='bbox 511 5133 603 5208; x_wconf 75' lang='lat' dir='ltr'><strong>unt</strong></span> <span class='ocrx_word' id='word_1_639' title='bbox 642 5150 736 5202; x_wconf 90' lang='lat' dir='ltr'><strong>per</strong></span> <span class='ocrx_word' id='word_1_640' title='bbox 765 5133 986 5208; x_wconf 62' lang='lat' dir='ltr'><strong>similia,</strong></span> <span class='ocrx_word' id='word_1_641' title='bbox 1021 5137 1436 5208; x_wconf 65' lang='lat' dir='ltr'><strong>utcumdicitur</strong></span> <span class='ocrx_word' id='word_1_642' title='bbox 1461 5135 1599 5189; x_wconf 88' lang='lat' dir='ltr'><strong>Deus</strong></span> <span class='ocrx_word' id='word_1_643' title='bbox 1626 5137 1692 5208; x_wconf 79' lang='lat' dir='ltr'><strong>in</strong></span> <span class='ocrx_word' id='word_1_644' title='bbox 1710 5135 1989 5201; x_wconf 85' lang='lat' dir='ltr'><strong>Scriptura</strong></span> 
     </span>
    </p>
   </div>
   <div class='ocr_carea' id='block_1_92' title="bbox 434 5203 1990 5271">
    <p class='ocr_par' dir='ltr' id='par_1_92' title="bbox 434 5203 1990 5271">
     <span class='ocr_line' id='line_1_92' title="bbox 434 5203 1990 5271; baseline -0.002 -14"><span class='ocrx_word' id='word_1_645' title='bbox 434 5204 696 5270; x_wconf 55' lang='lat' dir='ltr'><strong>V&#39;crb&#39;tttu,</strong></span> <span class='ocrx_word' id='word_1_646' title='bbox 717 5210 770 5256; x_wconf 88' lang='lat' dir='ltr'><strong>et</strong></span> <span class='ocrx_word' id='word_1_647' title='bbox 805 5217 956 5256; x_wconf 90' lang='lat' dir='ltr'><strong>mens</strong></span> <span class='ocrx_word' id='word_1_648' title='bbox 974 5203 995 5265; x_wconf 76' lang='grc' dir='ltr'><strong>’ς</strong></span> <span class='ocrx_word' id='word_1_649' title='bbox 1027 5212 1084 5255; x_wconf 92' lang='lat' dir='ltr'><strong>ut</strong></span> <span class='ocrx_word' id='word_1_650' title='bbox 1114 5203 1274 5257; x_wconf 88' lang='lat' dir='ltr'><strong>illud:</strong></span> <span class='ocrx_word' id='word_1_651' title='bbox 1310 5204 1444 5268; x_wconf 83' lang='lat' dir='ltr'><strong>Quis</strong></span> <span class='ocrx_word' id='word_1_652' title='bbox 1471 5205 1722 5271; x_wconf 79' lang='lat' dir='ltr'><strong>Cognovit</strong></span> <span class='ocrx_word' id='word_1_653' title='bbox 1749 5217 1990 5266; x_wconf 90' lang='lat' dir='ltr'><strong>sensum,</strong></span> 
     </span>
    </p>
   </div>
   <div class='ocr_carea' id='block_1_93' title="bbox 433 5271 1994 5344">
    <p class='ocr_par' dir='ltr' id='par_1_93' title="bbox 433 5271 1994 5344">
     <span class='ocr_line' id='line_1_93' title="bbox 433 5271 1994 5344; baseline 0.003 -22"><span class='ocrx_word' id='word_1_654' title='bbox 433 5271 1035 5344; x_wconf 30' lang='lat' dir='ltr'><strong>sivemententADomini</strong></span> <span class='ocrx_word' id='word_1_655' title='bbox 1060 5273 1082 5324; x_wconf 83' lang='lat'><strong>?</strong></span> <span class='ocrx_word' id='word_1_656' title='bbox 1103 5271 1272 5341; x_wconf 73' lang='lat' dir='ltr'><strong>(liam.</strong></span> <span class='ocrx_word' id='word_1_657' title='bbox 1303 5277 1454 5344; x_wconf 88' lang='lat' dir='ltr'><strong>tt),ct</strong></span> <span class='ocrx_word' id='word_1_658' title='bbox 1477 5273 1617 5344; x_wconf 64' lang='lat' dir='ltr'><strong>istud</strong></span> <span class='ocrx_word' id='word_1_659' title='bbox 1647 5275 1698 5344; x_wconf 86' lang='lat' dir='ltr'><strong>in</strong></span> <span class='ocrx_word' id='word_1_660' title='bbox 1719 5273 1994 5344; x_wconf 83' lang='lat' dir='ltr'><strong>prepltetis</strong></span> 
     </span>
    </p>
   </div>
   <div class='ocr_carea' id='block_1_94' title="bbox 432 5341 1988 5399">
    <p class='ocr_par' dir='ltr' id='par_1_94' title="bbox 432 5341 1988 5399">
     <span class='ocr_line' id='line_1_94' title="bbox 432 5341 1988 5399; baseline -0.003 -1"><span class='ocrx_word' id='word_1_661' title='bbox 432 5343 691 5399; x_wconf 78' lang='lat' dir='ltr'><strong>frequens</strong></span> <span class='ocrx_word' id='word_1_662' title='bbox 723 5357 739 5394; x_wconf 90' lang='lat'><strong>:</strong></span> <span class='ocrx_word' id='word_1_663' title='bbox 774 5341 838 5396; x_wconf 88' lang='lat' dir='ltr'><strong>Et</strong></span> <span class='ocrx_word' id='word_1_664' title='bbox 893 5341 1093 5396; x_wconf 88' lang='lat' dir='ltr'><strong>factum</strong></span> <span class='ocrx_word' id='word_1_665' title='bbox 1131 5347 1236 5396; x_wconf 63' lang='lat' dir='ltr'><strong>‘est</strong></span> <span class='ocrx_word' id='word_1_666' title='bbox 1263 5341 1486 5398; x_wconf 77' lang='lat' dir='ltr'><strong>verbum</strong></span> <span class='ocrx_word' id='word_1_667' title='bbox 1522 5343 1732 5395; x_wconf 89' lang='lat' dir='ltr'><strong>Domini</strong></span> <span class='ocrx_word' id='word_1_668' title='bbox 1774 5342 1839 5394; x_wconf 91' lang='lat' dir='ltr'><strong>ad</strong></span> <span class='ocrx_word' id='word_1_669' title='bbox 1883 5356 1988 5394; x_wconf 87' lang='lat' dir='ltr'><strong>me.</strong></span> 
     </span>
    </p>
   </div>
   <div class='ocr_carea' id='block_1_95' title="bbox 507 5411 1992 5483">
    <p class='ocr_par' dir='ltr' id='par_1_95' title="bbox 507 5411 1992 5483">
     <span class='ocr_line' id='line_1_95' title="bbox 507 5411 1992 5483; baseline -0.001 -18"><span class='ocrx_word' id='word_1_670' title='bbox 507 5411 584 5482; x_wconf 67' lang='grc' dir='ltr'><strong>(Ξ)</strong></span> <span class='ocrx_word' id='word_1_671' title='bbox 611 5413 874 5483; x_wconf 46' lang='lat' dir='ltr'><strong>Georgia.</strong></span> <span class='ocrx_word' id='word_1_672' title='bbox 905 5412 1041 5483; x_wconf 78' lang='lat' dir='ltr'><strong>Cum</strong></span> <span class='ocrx_word' id='word_1_673' title='bbox 1092 5412 1380 5482; x_wconf 77' lang='lat' dir='ltr'><strong>Dionysius</strong></span> <span class='ocrx_word' id='word_1_674' title='bbox 1423 5413 1585 5467; x_wconf 89' lang='lat' dir='ltr'><strong>Deum</strong></span> <span class='ocrx_word' id='word_1_675' title='bbox 1623 5418 1782 5483; x_wconf 85' lang='lat' dir='ltr'><strong>vocat</strong></span> <span class='ocrx_word' id='word_1_676' title='bbox 1828 5411 1992 5483; x_wconf 55' lang='grc' dir='ltr'><strong>θίξρ-</strong></span> 
     </span>
    </p>
   </div>
   <div class='ocr_carea' id='block_1_96' title="bbox 433 5480 1991 5552">
    <p class='ocr_par' dir='ltr' id='par_1_96' title="bbox 433 5480 1991 5552">
     <span class='ocr_line' id='line_1_96' title="bbox 433 5480 1991 5552; baseline -0.001 -18"><span class='ocrx_word' id='word_1_677' title='bbox 433 5480 579 5552; x_wconf 56' lang='grc' dir='ltr'>χίαίνς</span> <span class='ocrx_word' id='word_1_678' title='bbox 611 5482 680 5552; x_wconf 87' lang='lat' dir='ltr'><strong>ab</strong></span> <span class='ocrx_word' id='word_1_679' title='bbox 714 5496 779 5535; x_wconf 91' lang='lat' dir='ltr'><strong>eo</strong></span> <span class='ocrx_word' id='word_1_680' title='bbox 808 5480 1052 5552; x_wconf 84' lang='lat' dir='ltr'><strong>nominat</strong></span> <span class='ocrx_word' id='word_1_681' title='bbox 1085 5480 1345 5548; x_wconf 86' lang='lat' dir='ltr'><strong>quodest</strong></span> <span class='ocrx_word' id='word_1_682' title='bbox 1372 5484 1725 5552; x_wconf 86' lang='lat' dir='ltr'><strong>potissimum</strong></span> <span class='ocrx_word' id='word_1_683' title='bbox 1769 5481 1859 5552; x_wconf 86' lang='lat' dir='ltr'><strong>Dei</strong></span> <span class='ocrx_word' id='word_1_684' title='bbox 1879 5480 1991 5533; x_wconf 23' lang='lat' dir='ltr'><strong>Vdo-</strong></span> 
     </span>
    </p>
   </div>
   <div class='ocr_carea' id='block_1_97' title="bbox 437 5551 1991 5618">
    <p class='ocr_par' dir='ltr' id='par_1_97' title="bbox 437 5551 1991 5618">
     <span class='ocr_line' id='line_1_97' title="bbox 437 5551 1991 5618; baseline -0.001 -15"><span class='ocrx_word' id='word_1_685' title='bbox 437 5551 589 5612; x_wconf 86' lang='lat' dir='ltr'><strong>num,</strong></span> <span class='ocrx_word' id='word_1_686' title='bbox 628 5551 807 5604; x_wconf 87' lang='lat' dir='ltr'><strong>facere</strong></span> <span class='ocrx_word' id='word_1_687' title='bbox 873 5551 1083 5603; x_wconf 86' lang='lat' dir='ltr'><strong>scilicet</strong></span> <span class='ocrx_word' id='word_1_688' title='bbox 1120 5552 1338 5618; x_wconf 80' lang='lat' dir='ltr'><strong>angelos</strong></span> <span class='ocrx_word' id='word_1_689' title='bbox 1368 5551 1418 5604; x_wconf 84' lang='lat' dir='ltr'><strong>et</strong></span> <span class='ocrx_word' id='word_1_690' title='bbox 1440 5560 1660 5605; x_wconf 87' lang='lat' dir='ltr'><strong>sanctos</strong></span> <span class='ocrx_word' id='word_1_691' title='bbox 1717 5551 1991 5611; x_wconf 90' lang='lat' dir='ltr'><strong>homines,</strong></span> 
     </span>
    </p>
   </div>
   <div class='ocr_carea' id='block_1_98' title="bbox 435 5619 1993 5689">
    <p class='ocr_par' dir='ltr' id='par_1_98' title="bbox 435 5619 1993 5689">
     <span class='ocr_line' id='line_1_98' title="bbox 435 5619 1993 5689; baseline -0.003 -16"><span class='ocrx_word' id='word_1_692' title='bbox 435 5621 612 5689; x_wconf 84' lang='lat' dir='ltr'><strong>quoad</strong></span> <span class='ocrx_word' id='word_1_693' title='bbox 665 5619 776 5672; x_wconf 83' lang='lat' dir='ltr'><strong>fieri</strong></span> <span class='ocrx_word' id='word_1_694' title='bbox 810 5627 1006 5689; x_wconf 69' lang='lat' dir='ltr'><strong>potest.</strong></span> <span class='ocrx_word' id='word_1_695' title='bbox 1047 5621 1188 5674; x_wconf 78' lang='lat' dir='ltr'><strong>deos</strong></span> <span class='ocrx_word' id='word_1_696' title='bbox 1212 5622 1496 5687; x_wconf 85' lang='lat' dir='ltr'><strong>quosdam,</strong></span> <span class='ocrx_word' id='word_1_697' title='bbox 1549 5621 1693 5672; x_wconf 81' lang='lat' dir='ltr'><strong>sicut</strong></span> <span class='ocrx_word' id='word_1_698' title='bbox 1729 5621 1993 5689; x_wconf 79' lang='lat' dir='ltr'><strong>scriptum</strong></span> 
     </span>
    </p>
   </div>
   <div class='ocr_carea' id='block_1_99' title="bbox 436 5686 2002 5758">
    <p class='ocr_par' dir='ltr' id='par_1_99' title="bbox 436 5686 2002 5758">
     <span class='ocr_line' id='line_1_99' title="bbox 436 5686 2002 5758; baseline -0.001 -15"><span class='ocrx_word' id='word_1_699' title='bbox 436 5686 551 5743; x_wconf 47' lang='lat' dir='ltr'><strong>est:</strong></span> <span class='ocrx_word' id='word_1_700' title='bbox 590 5689 850 5758; x_wconf 69' lang='lat' dir='ltr'><strong>Egodixi,</strong></span> <span class='ocrx_word' id='word_1_701' title='bbox 875 5686 1295 5758; x_wconf 25' lang='lat' dir='ltr'><strong>DiiACstistPsel.</strong></span> <span class='ocrx_word' id='word_1_702' title='bbox 1329 5691 1559 5754; x_wconf 59' lang='lat' dir='ltr'><strong>Latum,</strong></span> <span class='ocrx_word' id='word_1_703' title='bbox 1613 5697 1632 5741; x_wconf 90' lang='grc' dir='ltr'>ι</span> <span class='ocrx_word' id='word_1_704' title='bbox 1669 5689 1836 5743; x_wconf 84' lang='lat' dir='ltr'><strong>illud:</strong></span> <span class='ocrx_word' id='word_1_705' title='bbox 1863 5688 2002 5741; x_wconf 72' lang='grc' dir='ltr'><strong>1).·ιιε</strong></span> 
     </span>
    </p>
   </div>
   <div class='ocr_carea' id='block_1_100' title="bbox 439 5756 2001 5822">
    <p class='ocr_par' dir='ltr' id='par_1_100' title="bbox 439 5756 2001 5822">
     <span class='ocr_line' id='line_1_100' title="bbox 439 5756 2001 5822; baseline -0.004 -7"><span class='ocrx_word' id='word_1_706' title='bbox 439 5756 662 5816; x_wconf 74' lang='lat' dir='ltr'><strong>deorum</strong></span> <span class='ocrx_word' id='word_1_707' title='bbox 697 5760 747 5812; x_wconf 90' lang='lat' dir='ltr'><strong>itt</strong></span> <span class='ocrx_word' id='word_1_708' title='bbox 776 5759 904 5813; x_wconf 69' lang='lat' dir='ltr'><strong>Sion</strong></span> <span class='ocrx_word' id='word_1_709' title='bbox 924 5756 1094 5819; x_wconf 76' lang='lat' dir='ltr'><strong>(l’sul.</strong></span> <span class='ocrx_word' id='word_1_710' title='bbox 1124 5761 1621 5822; x_wconf 63' lang='lat' dir='ltr'><strong>Lxxxtt).0;w:7iav</strong></span> <span class='ocrx_word' id='word_1_711' title='bbox 1645 5761 1825 5816; x_wconf 78' lang='lat' dir='ltr'><strong>itauue</strong></span> <span class='ocrx_word' id='word_1_712' title='bbox 1853 5758 2001 5820; x_wconf 78' lang='lat' dir='ltr'><strong>dicit,</strong></span> 
     </span>
    </p>
   </div>
   <div class='ocr_carea' id='block_1_101' title="bbox 2088 4563 3643 4646">
    <p class='ocr_par' dir='ltr' id='par_1_101' title="bbox 2088 4563 3643 4646">
     <span class='ocr_line' id='line_1_101' title="bbox 2088 4563 3643 4646; baseline -0.011 -17"><span class='ocrx_word' id='word_1_713' title='bbox 2088 4577 2244 4646; x_wconf 87' lang='lat' dir='ltr'><strong>quasi</strong></span> <span class='ocrx_word' id='word_1_714' title='bbox 2272 4573 2420 4646; x_wconf 62' lang='lat' dir='ltr'><strong>(is.ti</strong></span> <span class='ocrx_word' id='word_1_715' title='bbox 2462 4570 2733 4646; x_wconf 69' lang='grc' dir='ltr'><strong>ᾇρχηντας</strong></span> <span class='ocrx_word' id='word_1_716' title='bbox 2787 4570 3031 4622; x_wconf 86' lang='lat' dir='ltr'><strong>dicamus</strong></span> <span class='ocrx_word' id='word_1_717' title='bbox 3064 4581 3162 4620; x_wconf 87' lang='lat' dir='ltr'><strong>nos</strong></span> <span class='ocrx_word' id='word_1_718' title='bbox 3198 4566 3370 4619; x_wconf 89' lang='lat' dir='ltr'><strong>Deum</strong></span> <span class='ocrx_word' id='word_1_719' title='bbox 3407 4563 3643 4622; x_wconf 88' lang='lat' dir='ltr'><strong>deorum,</strong></span> 
     </span>
    </p>
   </div>
   <div class='ocr_carea' id='block_1_102' title="bbox 2094 4641 2521 4700">
    <p class='ocr_par' dir='ltr' id='par_1_102' title="bbox 2094 4641 2521 4700">
     <span class='ocr_line' id='line_1_102' title="bbox 2094 4641 2521 4700; baseline -0.021 0"><span class='ocrx_word' id='word_1_720' title='bbox 2094 4641 2150 4700; x_wconf 79' lang='lat' dir='ltr'><strong>tit</strong></span> <span class='ocrx_word' id='word_1_721' title='bbox 2177 4643 2340 4698; x_wconf 79' lang='lat' dir='ltr'><strong>David</strong></span> <span class='ocrx_word' id='word_1_722' title='bbox 2369 4641 2521 4693; x_wconf 79' lang='lat' dir='ltr'><strong>dicit.</strong></span> 
     </span>
    </p>
   </div>
   <div class='ocr_carea' id='block_1_103' title="bbox 2162 4701 3643 4784">
    <p class='ocr_par' dir='ltr' id='par_1_103' title="bbox 2162 4701 3643 4784">
     <span class='ocr_line' id='line_1_103' title="bbox 2162 4701 3643 4784; baseline -0.011 -18"><span class='ocrx_word' id='word_1_723' title='bbox 2162 4716 2237 4784; x_wconf 57' lang='grc' dir='ltr'><strong>(ᾖ)</strong></span> <span class='ocrx_word' id='word_1_724' title='bbox 2271 4710 2644 4784; x_wconf 75' lang='lat' dir='ltr'><strong>Substantt&#39;ant</strong></span> <span class='ocrx_word' id='word_1_725' title='bbox 2670 4707 2909 4784; x_wconf 48' lang='lat' dir='ltr'><strong>laedant.</strong></span> <span class='ocrx_word' id='word_1_726' title='bbox 2955 4704 3025 4761; x_wconf 89' lang='lat' dir='ltr'><strong>Ut</strong></span> <span class='ocrx_word' id='word_1_727' title='bbox 3053 4721 3176 4784; x_wconf 78' lang='lat' dir='ltr'><strong>cum</strong></span> <span class='ocrx_word' id='word_1_728' title='bbox 3205 4705 3350 4784; x_wconf 82' lang='lat' dir='ltr'><strong>dicit</strong></span> <span class='ocrx_word' id='word_1_729' title='bbox 3374 4701 3643 4784; x_wconf 61' lang='lat' dir='ltr'><strong>Scriptura</strong></span> 
     </span>
    </p>
   </div>
   <div class='ocr_carea' id='block_1_104' title="bbox 2090 4772 3647 4850">
    <p class='ocr_par' dir='ltr' id='par_1_104' title="bbox 2090 4772 3647 4850">
     <span class='ocr_line' id='line_1_104' title="bbox 2090 4772 3647 4850; baseline -0.008 -11"><span class='ocrx_word' id='word_1_730' title='bbox 2090 4784 2143 4839; x_wconf 88' lang='lat' dir='ltr'><strong>in</strong></span> <span class='ocrx_word' id='word_1_731' title='bbox 2167 4772 2362 4836; x_wconf 23' lang='lat' dir='ltr'><strong>‘vaodo</strong></span> <span class='ocrx_word' id='word_1_732' title='bbox 2392 4783 2533 4848; x_wconf 73' lang='lat' dir='ltr'><strong>(cap.</strong></span> <span class='ocrx_word' id='word_1_733' title='bbox 2557 4777 2829 4850; x_wconf 17' lang='grc' dir='ltr'><strong>ΔιιιλεῃΕξξρ</strong></span> <span class='ocrx_word' id='word_1_734' title='bbox 2851 4792 2968 4850; x_wconf 83' lang='lat' dir='ltr'><strong>sum</strong></span> <span class='ocrx_word' id='word_1_735' title='bbox 2993 4778 3084 4842; x_wconf 91' lang='lat' dir='ltr'><strong>qui</strong></span> <span class='ocrx_word' id='word_1_736' title='bbox 3117 4792 3240 4850; x_wconf 79' lang='lat' dir='ltr'><strong>su_ut-</strong></span> <span class='ocrx_word' id='word_1_737' title='bbox 3265 4793 3280 4840; x_wconf 90' lang='lat'><strong>;</strong></span> <span class='ocrx_word' id='word_1_738' title='bbox 3305 4783 3391 4826; x_wconf 88' lang='lat' dir='ltr'><strong>et:</strong></span> <span class='ocrx_word' id='word_1_739' title='bbox 3423 4772 3525 4850; x_wconf 80' lang='lat' dir='ltr'><strong>Qui</strong></span> <span class='ocrx_word' id='word_1_740' title='bbox 3551 4780 3647 4850; x_wconf 68' lang='lat' dir='ltr'><strong>cst.</strong></span> 
     </span>
    </p>
   </div>
   <div class='ocr_carea' id='block_1_105' title="bbox 2089 4838 3702 4914">
    <p class='ocr_par' dir='ltr' id='par_1_105' title="bbox 2089 4838 3702 4914">
     <span class='ocr_line' id='line_1_105' title="bbox 2089 4838 3702 4914; baseline -0.012 -7"><span class='ocrx_word' id='word_1_741' title='bbox 2089 4838 2241 4906; x_wconf 85' lang='lat' dir='ltr'><strong>misit</strong></span> <span class='ocrx_word' id='word_1_742' title='bbox 2279 4838 2406 4914; x_wconf 48' lang='lat' dir='ltr'><strong>tue;‘</strong></span> <span class='ocrx_word' id='word_1_743' title='bbox 2437 4838 2498 4902; x_wconf 70' lang='lat' dir='ltr'><strong>et</strong></span> <span class='ocrx_word' id='word_1_744' title='bbox 2539 4838 2667 4900; x_wconf 85' lang='lat' dir='ltr'><strong>illud</strong></span> <span class='ocrx_word' id='word_1_745' title='bbox 2711 4838 2938 4914; x_wconf 62' lang='lat' dir='ltr'><strong>in:Psal.</strong></span> <span class='ocrx_word' id='word_1_746' title='bbox 2978 4838 3111 4900; x_wconf 83' lang='lat' dir='ltr'><strong>citt:</strong></span> <span class='ocrx_word' id='word_1_747' title='bbox 3156 4843 3234 4896; x_wconf 94' lang='lat' dir='ltr'><strong>Tu</strong></span> <span class='ocrx_word' id='word_1_748' title='bbox 3269 4838 3450 4914; x_wconf 83' lang='lat' dir='ltr'><strong>autem</strong></span> <span class='ocrx_word' id='word_1_749' title='bbox 3491 4838 3643 4914; x_wconf 49' lang='lat' dir='ltr'><strong>idem</strong></span> <span class='ocrx_word' id='word_1_750' title='bbox 3699 4847 3702 4850; x_wconf 87' lang='lat'>&#39;</span> 
     </span>
    </p>
   </div>
   <div class='ocr_carea' id='block_1_106' title="bbox 2088 4907 3646 4992">
    <p class='ocr_par' dir='ltr' id='par_1_106' title="bbox 2088 4907 3646 4992">
     <span class='ocr_line' id='line_1_106' title="bbox 2088 4907 3646 4992; baseline -0.014 -14"><span class='ocrx_word' id='word_1_751' title='bbox 2088 4923 2204 4992; x_wconf 66' lang='lat' dir='ltr'><strong>ipse</strong></span> <span class='ocrx_word' id='word_1_752' title='bbox 2242 4935 2322 4981; x_wconf 89' lang='lat' dir='ltr'><strong>cs,</strong></span> <span class='ocrx_word' id='word_1_753' title='bbox 2349 4907 2453 4970; x_wconf 59' lang='grc' dir='ltr'><strong>δι’πδ</strong></span> <span class='ocrx_word' id='word_1_754' title='bbox 2478 4920 2594 4992; x_wconf 63' lang='grc' dir='ltr'><strong>γὰρΔ</strong></span> <span class='ocrx_word' id='word_1_755' title='bbox 2617 4915 2708 4992; x_wconf 67' lang='lat' dir='ltr'><strong>te&quot;)</strong></span> <span class='ocrx_word' id='word_1_756' title='bbox 2740 4911 2878 4992; x_wconf 56' lang='lat' dir='ltr'><strong>sivgt</strong></span> <span class='ocrx_word' id='word_1_757' title='bbox 2920 4918 3009 4992; x_wconf 45' lang='lat' dir='ltr'><strong>xa‘t</strong></span> <span class='ocrx_word' id='word_1_758' title='bbox 3038 4914 3302 4992; x_wconf 33' lang='grc' dir='ltr'><strong>τοᾷ-ὄντος</strong></span> <span class='ocrx_word' id='word_1_759' title='bbox 3330 4914 3362 4979; x_wconf 77' lang='grc' dir='ltr'>ἡ</span> <span class='ocrx_word' id='word_1_760' title='bbox 3383 4908 3535 4961; x_wconf 70' lang='grc' dir='ltr'><strong>οὐσία</strong></span> <span class='ocrx_word' id='word_1_761' title='bbox 3566 4907 3646 4992; x_wconf 55' lang='lat' dir='ltr'><strong>xei</strong></span> 
     </span>
    </p>
   </div>
   <div class='ocr_carea' id='block_1_107' title="bbox 2090 4983 3646 5057">
    <p class='ocr_par' dir='ltr' id='par_1_107' title="bbox 2090 4983 3646 5057">
     <span class='ocr_line' id='line_1_107' title="bbox 2090 4983 3646 5057; baseline -0.012 -14"><span class='ocrx_word' id='word_1_762' title='bbox 2090 4983 2152 5044; x_wconf 73' lang='grc' dir='ltr'><strong>’ἐὺ</strong></span> <span class='ocrx_word' id='word_1_763' title='bbox 2192 4989 2520 5056; x_wconf 72' lang='grc' dir='ltr'><strong>παράτωγον</strong></span> <span class='ocrx_word' id='word_1_764' title='bbox 2545 4983 2729 5057; x_wconf 60' lang='lat' dir='ltr'><strong>adstat;</strong></span> <span class='ocrx_word' id='word_1_765' title='bbox 2759 4987 2789 5050; x_wconf 83' lang='grc' dir='ltr'>ἡ</span> <span class='ocrx_word' id='word_1_766' title='bbox 2821 4984 3070 5057; x_wconf 51' lang='lat' dir='ltr'><strong>Empire,</strong></span> <span class='ocrx_word' id='word_1_767' title='bbox 3097 4983 3348 5057; x_wconf 82' lang='lat' dir='ltr'><strong>dicamus</strong></span> <span class='ocrx_word' id='word_1_768' title='bbox 3386 4994 3483 5057; x_wconf 82' lang='lat' dir='ltr'><strong>nos</strong></span> <span class='ocrx_word' id='word_1_769' title='bbox 3509 4989 3646 5044; x_wconf 81' lang='lat' dir='ltr'><strong>more</strong></span> 
     </span>
    </p>
   </div>
   <div class='ocr_carea' id='block_1_108' title="bbox 2095 5054 3639 5128">
    <p class='ocr_par' dir='ltr' id='par_1_108' title="bbox 2095 5054 3639 5128">
     <span class='ocr_line' id='line_1_108' title="bbox 2095 5054 3639 5128; baseline -0.014 -13"><span class='ocrx_word' id='word_1_770' title='bbox 2095 5054 2305 5122; x_wconf 85' lang='lat' dir='ltr'><strong>nostro,</strong></span> <span class='ocrx_word' id='word_1_771' title='bbox 2335 5054 2402 5111; x_wconf 86' lang='lat' dir='ltr'><strong>ab</strong></span> <span class='ocrx_word' id='word_1_772' title='bbox 2421 5071 2540 5109; x_wconf 71' lang='lat' dir='ltr'><strong>eSse</strong></span> <span class='ocrx_word' id='word_1_773' title='bbox 2574 5055 2720 5128; x_wconf 84' lang='lat' dir='ltr'><strong>enim</strong></span> <span class='ocrx_word' id='word_1_774' title='bbox 2755 5064 2809 5107; x_wconf 91' lang='lat' dir='ltr'><strong>et</strong></span> <span class='ocrx_word' id='word_1_775' title='bbox 2838 5064 2964 5128; x_wconf 78' lang='lat' dir='ltr'><strong>ettte</strong></span> <span class='ocrx_word' id='word_1_776' title='bbox 2993 5054 3213 5105; x_wconf 87' lang='lat' dir='ltr'><strong>ducitur</strong></span> <span class='ocrx_word' id='word_1_777' title='bbox 3235 5054 3496 5128; x_wconf 65' lang='lat' dir='ltr'><strong>essentia,</strong></span> <span class='ocrx_word' id='word_1_778' title='bbox 3529 5059 3639 5124; x_wconf 65' lang='lat' dir='ltr'><strong>quae</strong></span> 
     </span>
    </p>
   </div>
   <div class='ocr_carea' id='block_1_109' title="bbox 2094 5121 3645 5194">
    <p class='ocr_par' dir='ltr' id='par_1_109' title="bbox 2094 5121 3645 5194">
     <span class='ocr_line' id='line_1_109' title="bbox 2094 5121 3645 5194; baseline -0.013 -9"><span class='ocrx_word' id='word_1_779' title='bbox 2094 5141 2182 5185; x_wconf 88' lang='lat' dir='ltr'><strong>est</strong></span> <span class='ocrx_word' id='word_1_780' title='bbox 2205 5121 2555 5185; x_wconf 68' lang='lat' dir='ltr'><strong>BXSislelilia.</strong></span> <span class='ocrx_word' id='word_1_781' title='bbox 2583 5125 2686 5177; x_wconf 90' lang='lat' dir='ltr'><strong>hoc</strong></span> <span class='ocrx_word' id='word_1_782' title='bbox 2714 5132 2824 5194; x_wconf 77' lang='lat' dir='ltr'><strong>est,</strong></span> <span class='ocrx_word' id='word_1_783' title='bbox 2851 5121 3121 5194; x_wconf 77' lang='lat' dir='ltr'><strong>exsistens</strong></span> <span class='ocrx_word' id='word_1_784' title='bbox 3166 5121 3645 5194; x_wconf 71' lang='lat' dir='ltr'><strong>substantia,_acci-</strong></span> 
     </span>
    </p>
   </div>
   <div class='ocr_carea' id='block_1_110' title="bbox 2092 5186 3640 5258">
    <p class='ocr_par' dir='ltr' id='par_1_110' title="bbox 2092 5186 3640 5258">
     <span class='ocr_line' id='line_1_110' title="bbox 2092 5186 3640 5258; baseline -0.014 -4"><span class='ocrx_word' id='word_1_785' title='bbox 2092 5201 2224 5254; x_wconf 86' lang='lat' dir='ltr'><strong>deus</strong></span> <span class='ocrx_word' id='word_1_786' title='bbox 2256 5197 2400 5250; x_wconf 90' lang='lat' dir='ltr'><strong>enim</strong></span> <span class='ocrx_word' id='word_1_787' title='bbox 2453 5210 2558 5247; x_wconf 89' lang='lat' dir='ltr'><strong>non</strong></span> <span class='ocrx_word' id='word_1_788' title='bbox 2595 5203 2678 5246; x_wconf 88' lang='lat' dir='ltr'><strong>est</strong></span> <span class='ocrx_word' id='word_1_789' title='bbox 2710 5186 2940 5258; x_wconf 64' lang='lat' dir='ltr'><strong>bnapﬁt;</strong></span> <span class='ocrx_word' id='word_1_790' title='bbox 2973 5191 3066 5244; x_wconf 87' lang='lat' dir='ltr'><strong>sed</strong></span> <span class='ocrx_word' id='word_1_791' title='bbox 3102 5186 3430 5256; x_wconf 73' lang='grc' dir='ltr'><strong>ἐνύπαρξιςς</strong></span> <span class='ocrx_word' id='word_1_792' title='bbox 3460 5186 3510 5237; x_wconf 89' lang='lat' dir='ltr'><strong>id</strong></span> <span class='ocrx_word' id='word_1_793' title='bbox 3543 5193 3640 5246; x_wconf 70' lang='grc' dir='ltr'><strong>εει,</strong></span> 
     </span>
    </p>
   </div>
   <div class='ocr_carea' id='block_1_111' title="bbox 2093 5261 3619 5331">
    <p class='ocr_par' dir='ltr' id='par_1_111' title="bbox 2093 5261 3619 5331">
     <span class='ocr_line' id='line_1_111' title="bbox 2093 5261 3619 5331; baseline -0.012 -8"><span class='ocrx_word' id='word_1_794' title='bbox 2093 5285 2201 5322; x_wconf 91' lang='lat' dir='ltr'><strong>non</strong></span> <span class='ocrx_word' id='word_1_795' title='bbox 2239 5276 2322 5320; x_wconf 90' lang='lat' dir='ltr'><strong>est</strong></span> <span class='ocrx_word' id='word_1_796' title='bbox 2347 5263 2686 5326; x_wconf 81' lang='lat' dir='ltr'><strong>exsistentia,</strong></span> <span class='ocrx_word' id='word_1_797' title='bbox 2721 5264 2815 5315; x_wconf 86' lang='lat' dir='ltr'><strong>sed</strong></span> <span class='ocrx_word' id='word_1_798' title='bbox 2845 5263 2895 5331; x_wconf 89' lang='lat' dir='ltr'><strong>in</strong></span> <span class='ocrx_word' id='word_1_799' title='bbox 2918 5261 3254 5314; x_wconf 80' lang='lat' dir='ltr'><strong>exsistentia.</strong></span> <span class='ocrx_word' id='word_1_800' title='bbox 3475 5326 3488 5331; x_wconf 83' lang='lat'>_</span> <span class='ocrx_word' id='word_1_801' title='bbox 3589 5320 3619 5331; x_wconf 51' lang='grc' dir='ltr'><strong><em>η</em></strong></span> 
     </span>
    </p>
   </div>
   <div class='ocr_carea' id='block_1_112' title="bbox 2162 5321 3644 5406">
    <p class='ocr_par' dir='ltr' id='par_1_112' title="bbox 2162 5321 3644 5406">
     <span class='ocr_line' id='line_1_112' title="bbox 2162 5321 3644 5406; baseline -0.011 -18"><span class='ocrx_word' id='word_1_802' title='bbox 2162 5321 2236 5406; x_wconf 58' lang='grc'><strong>(4)</strong></span> <span class='ocrx_word' id='word_1_803' title='bbox 2271 5321 2767 5406; x_wconf 70' lang='lat' dir='ltr'><strong>Ratiocinationém.</strong></span> <span class='ocrx_word' id='word_1_804' title='bbox 2835 5330 2948 5406; x_wconf 72' lang='lat' dir='ltr'><strong>Non</strong></span> <span class='ocrx_word' id='word_1_805' title='bbox 2981 5331 3095 5406; x_wconf 86' lang='lat' dir='ltr'><strong>_sic</strong></span> <span class='ocrx_word' id='word_1_806' title='bbox 3137 5331 3289 5388; x_wconf 90' lang='lat' dir='ltr'><strong>dicit,</strong></span> <span class='ocrx_word' id='word_1_807' title='bbox 3347 5326 3488 5391; x_wconf 90' lang='lat' dir='ltr'><strong>quod</strong></span> <span class='ocrx_word' id='word_1_808' title='bbox 3525 5321 3644 5406; x_wconf 64' lang='lat' dir='ltr'><strong>velit</strong></span> 
     </span>
    </p>
   </div>
   <div class='ocr_carea' id='block_1_113' title="bbox 2092 5399 3637 5476">
    <p class='ocr_par' dir='ltr' id='par_1_113' title="bbox 2092 5399 3637 5476">
     <span class='ocr_line' id='line_1_113' title="bbox 2092 5399 3637 5476; baseline -0.014 -14"><span class='ocrx_word' id='word_1_809' title='bbox 2092 5399 2404 5476; x_wconf 68' lang='lat' dir='ltr'><strong>signiﬁcare</strong></span> <span class='ocrx_word' id='word_1_810' title='bbox 2426 5417 2545 5457; x_wconf 87' lang='lat' dir='ltr'><strong>esse</strong></span> <span class='ocrx_word' id='word_1_811' title='bbox 2570 5403 2733 5476; x_wconf 71' lang='lat' dir='ltr'><strong>Deum</strong></span> <span class='ocrx_word' id='word_1_812' title='bbox 2768 5399 3105 5476; x_wconf 74' lang='lat' dir='ltr'><strong>rationalem,</strong></span> <span class='ocrx_word' id='word_1_813' title='bbox 3142 5409 3399 5464; x_wconf 82' lang='lat' dir='ltr'><strong>tauquam</strong></span> <span class='ocrx_word' id='word_1_814' title='bbox 3425 5399 3637 5476; x_wconf 35' lang='lat' dir='ltr'><strong>partim:</strong></span> 
     </span>
    </p>
   </div>
   <div class='ocr_carea' id='block_1_114' title="bbox 2095 5468 3646 5545">
    <p class='ocr_par' dir='ltr' id='par_1_114' title="bbox 2095 5468 3646 5545">
     <span class='ocr_line' id='line_1_114' title="bbox 2095 5468 3646 5545; baseline -0.011 -17"><span class='ocrx_word' id='word_1_815' title='bbox 2095 5468 2214 5545; x_wconf 63' lang='lat' dir='ltr'><strong>ptiitt</strong></span> <span class='ocrx_word' id='word_1_816' title='bbox 2267 5476 2514 5538; x_wconf 81' lang='lat' dir='ltr'><strong>rationis,</strong></span> <span class='ocrx_word' id='word_1_817' title='bbox 2548 5471 2640 5538; x_wconf 89' lang='lat' dir='ltr'><strong>qui</strong></span> <span class='ocrx_word' id='word_1_818' title='bbox 2672 5482 2755 5524; x_wconf 85' lang='lat' dir='ltr'><strong>est</strong></span> <span class='ocrx_word' id='word_1_819' title='bbox 2803 5477 2949 5523; x_wconf 90' lang='lat' dir='ltr'><strong>totus</strong></span> <span class='ocrx_word' id='word_1_820' title='bbox 2984 5469 3099 5536; x_wconf 80' lang='lat' dir='ltr'><strong>ipsa</strong></span> <span class='ocrx_word' id='word_1_821' title='bbox 3131 5483 3223 5533; x_wconf 88' lang='lat' dir='ltr'><strong>per</strong></span> <span class='ocrx_word' id='word_1_822' title='bbox 3247 5482 3308 5520; x_wconf 89' lang='lat' dir='ltr'><strong>se</strong></span> <span class='ocrx_word' id='word_1_823' title='bbox 3351 5468 3646 5520; x_wconf 75' lang='lat' dir='ltr'><strong>subsistens</strong></span> 
     </span>
    </p>
   </div>
   <div class='ocr_carea' id='block_1_115' title="bbox 2096 5556 3645 5684">
    <p class='ocr_par' dir='ltr' id='par_1_115' title="bbox 2096 5556 3645 5684">
     <span class='ocr_line' id='line_1_115' title="bbox 2096 5556 3645 5684; baseline -0.01 -14"><span class='ocrx_word' id='word_1_824' title='bbox 2096 5556 2257 5684; x_wconf 40' lang='lat' dir='ltr'><strong>mihi).</strong></span> <span class='ocrx_word' id='word_1_825' title='bbox 2273 5612 2594 5681; x_wconf 77' lang='lat' dir='ltr'><strong>Quandoque</strong></span> <span class='ocrx_word' id='word_1_826' title='bbox 2617 5624 2737 5684; x_wconf 77' lang='lat' dir='ltr'><strong>vero</strong></span> <span class='ocrx_word' id='word_1_827' title='bbox 2760 5606 3128 5684; x_wconf 58' lang='lat' dir='ltr'><strong>dissimifibus.</strong></span> <span class='ocrx_word' id='word_1_828' title='bbox 3158 5601 3450 5659; x_wconf 86' lang='lat' dir='ltr'><strong>Dissimilia</strong></span> <span class='ocrx_word' id='word_1_829' title='bbox 3480 5604 3645 5684; x_wconf 57' lang='lat' dir='ltr'><strong>vocali</strong></span> 
     </span>
    </p>
   </div>
   <div class='ocr_carea' id='block_1_116' title="bbox 2105 5670 3648 5755">
    <p class='ocr_par' dir='ltr' id='par_1_116' title="bbox 2105 5670 3648 5755">
     <span class='ocr_line' id='line_1_116' title="bbox 2105 5670 3648 5755; baseline -0.014 -16"><span class='ocrx_word' id='word_1_830' title='bbox 2105 5670 2247 5755; x_wconf 51' lang='lat' dir='ltr'><strong>quia,</strong></span> <span class='ocrx_word' id='word_1_831' title='bbox 2272 5670 2393 5754; x_wconf 62' lang='lat' dir='ltr'><strong>qua:</strong></span> <span class='ocrx_word' id='word_1_832' title='bbox 2421 5670 2682 5755; x_wconf 77' lang='lat' dir='ltr'><strong>neganter</strong></span> <span class='ocrx_word' id='word_1_833' title='bbox 2708 5680 2776 5755; x_wconf 82' lang='lat' dir='ltr'><strong>de</strong></span> <span class='ocrx_word' id='word_1_834' title='bbox 2813 5677 2918 5729; x_wconf 88' lang='lat' dir='ltr'><strong>Deo</strong></span> <span class='ocrx_word' id='word_1_835' title='bbox 2960 5677 3238 5742; x_wconf 82' lang='lat' dir='ltr'><strong>dicuntur,</strong></span> <span class='ocrx_word' id='word_1_836' title='bbox 3274 5689 3386 5727; x_wconf 86' lang='lat' dir='ltr'><strong>non</strong></span> <span class='ocrx_word' id='word_1_837' title='bbox 3413 5670 3542 5740; x_wconf 81' lang='lat' dir='ltr'><strong>quid</strong></span> <span class='ocrx_word' id='word_1_838' title='bbox 3565 5670 3648 5729; x_wconf 76' lang='lat' dir='ltr'><strong>sit,</strong></span> 
     </span>
    </p>
   </div>
   <div class='ocr_carea' id='block_1_117' title="bbox 2107 5750 2954 5816">
    <p class='ocr_par' dir='ltr' id='par_1_117' title="bbox 2107 5750 2954 5816">
     <span class='ocr_line' id='line_1_117' title="bbox 2107 5750 2954 5816; baseline -0.017 -2"><span class='ocrx_word' id='word_1_839' title='bbox 2107 5750 2203 5813; x_wconf 55' lang='lat' dir='ltr'><strong>sld</strong></span> <span class='ocrx_word' id='word_1_840' title='bbox 2235 5750 2365 5816; x_wconf 75' lang='lat' dir='ltr'><strong>quid</strong></span> <span class='ocrx_word' id='word_1_841' title='bbox 2387 5750 2510 5808; x_wconf 18' lang='lat' dir='ltr'><strong>noni</strong></span> <span class='ocrx_word' id='word_1_842' title='bbox 2529 5754 2620 5816; x_wconf 90' lang='lat' dir='ltr'><strong>sit,</strong></span> <span class='ocrx_word' id='word_1_843' title='bbox 2653 5750 2954 5804; x_wconf 83' lang='lat' dir='ltr'><strong>declarant.</strong></span> 
     </span>
    </p>
   </div>
  </div>
