3980 6208
252 367 343 430 761

1001 371 1238 431 DECAS
1270 372 1351 431 Π.
1409 398 1474 409 -
1512 375 1612 434 DE
1632 374 2071 436 THEOLOGIA
2107 374 2780 445 DEMONSTRATIVA.

3382 375 3492 439 76?

251 480 489 536 tionibus
521 479 591 534 ab
630 480 764 549 ipsis
792 479 897 537 illis
924 479 1227 550 Scripturis
1255 482 1462 537 sanctis
1485 483 1670 538 dit-ine
1700 484 1815 538 Iau-
1845 493 1890 547 Α
1920 484 2105 554 nysius
2127 486 2207 551 (α)
2237 483 2353 540 haec
2375 484 2681 539 edisserens
2708 485 2801 548 ait,
2828 499 2922 538 eos
2957 500 3049 555 qut
3075 494 3314 553 apertam
3337 486 3497 538 theo-

249 572 430 629 tlatttr.
461 584 584 624 cum
642 571 1090 641 inaspectabilcm
1126 589 1249 627 cum
1294 584 1516 638 voeant,
1539 585 1593 629 et
1633 575 1813 628 ἰιιιῖιιί⁹

251 672 384 732 tum,
408 672 462 717 et
496 662 587 730 qui
642 662 763 731 capi
808 679 912 727 non
945 665 1155 734 possit;
1201 675 1254 720 et
1285 665 1539 721 similiter
1568 670 1620 719 in
1668 667 1811 731 aliis,

254 756 397 811 unde
431 768 539 807 non
570 755 701 820 quid
730 763 836 821 est,
864 757 958 809 sed
1011 756 1141 822 quid
1173 773 1282 829 non
1319 767 1424 822 est,
1450 757 1813 827 signiﬁcatur.

253 844 326 899 Ex
362 846 450 900 his
482 845 717 901 efﬁcitur
764 847 1038 914 duplicem
1085 864 1208 904 esse
1232 850 1556 918 theologiam
1583 852 1817 905 demou-

252 939 560 1003 stratiram,
597 956 762 994 unam
797 957 918 1010 quae
950 941 1291 999 aflirmanter
1317 954 1372 1000 et
1404 961 1469 999 ex
1500 945 1707 1001 effectis
1730 947 1815 999 in-

250 1032 506 1094 ducitur;
531 1031 754 1086 alteram
781 1047 901 1101 qua:
927 1044 1192 1103 neganter
1222 1044 1277 1090 et
1313 1037 1577 1105 privative
1604 1057 1617 1092 :
1649 1048 1705 1092 et
1726 1038 1817 1093 illa

249 1122 467 1190 quidem
500 1137 565 1177 ex
601 1123 872 1180 similibus
915 1124 1108 1182 formis
1141 1127 1364 1192 efﬁctis,
1398 1130 1514 1183 haec
1558 1144 1622 1184 ex
1654 1129 1824 1184 dissi.

250 1213 505 1280 milibus;
542 1215 643 1269 ltoc
666 1223 847 1270 tamen
882 1216 935 1270 in
955 1217 1282 1272 allirmativa
1313 1220 1584 1289 theologia
1619 1221 1813 1274 cerni-

245 1312 359 1364 tur.
398 1303 572 1371 ipsam
602 1305 763 1357 etiam
795 1320 888 1372 per
906 1304 1112 1360 formas
1159 1305 1312 1362 fictas
1344 1308 1395 1361 in
1419 1307 1703 1378 Scriptura
1737 1324 1826 1364 sa-

241 1409 334 1447 cra
366 1395 643 1464 progredi.
698 1396 985 1471 honestius
1038 1407 1219 1453 tamen
1251 1413 1420 1468 quam
1478 1414 1576 1469 per
1605 1414 1667 1454 ea
1695 1415 1822 1469 quae

247 1486 556 1555 symbolice
595 1487 740 1541 dicta
781 1499 909 1541 sunt
939 1488 992 1542 in
1025 1497 1253 1559 utroque
1283 1505 1484 1560 genere
1515 1490 1825 1559 (iHorma-

248 1581 493 1643 tionum,
522 1593 662 1648 quas
721 1590 901 1650 patres
950 1590 1287 1637 vocaverunt
1346 1582 1674 1650 προπόλους,
1730 1597 1833 1637 nos

244 1689 254 1716 ι
279 1667 502 1723 icamus
521 1678 784 1732 terrenas.
799 1680 1062 1740 quatenus
1075 1673 1175 1726 etsi
1194 1671 1362 1726 altera
1387 1688 1511 1740 pars
1530 1671 1831 1741 theologiae.

249 1760 470 1813 seilicet
489 1761 822 1831 symbolice,
846 1762 900 1817 in
918 1763 1098 1818 verbis
1119 1762 1399 1819 translatis
1418 1772 1469 1818 et
1496 1764 1835 1819 adumbratis

1924 574 2144 640 logiam,
2167 585 2222 628 et
2255 574 2389 630 velis
2431 576 2632 629 nudam
2662 576 2974 640 audierunt,
3007 584 3162 646 typos
3195 576 3498 645 (5)cogita—

1923 667 2125 721 talione
2147 679 2245 720 sua
2273 666 2530 729 formare,
2562 666 2655 735 qtti
2684 668 2748 720 ad
2778 666 3186 736 intelligentiam
3213 669 3494 720 auditores

1924 757 2204 827 adjuvant.
2249 756 2323 811 Ex
2360 758 2443 811 his
2490 758 2653 827 igitur
2687 758 3034 813 manifestum
3073 758 3306 812 eflicitur
3349 756 3497 827 quod

1923 858 2081 903 antea
2105 849 2309 902 dictum
2322 857 2425 913 est.
2440 859 2595 919 typos
2620 864 2742 904 esse
2758 860 2811 903 et
2835 850 3097 919 imagines
3114 864 3175 902 ea
3196 850 3356 903 etiam
3379 864 3500 914 quae

1924 948 2105 1021 aperte
2126 938 2281 993 nobis
2300 947 2353 992 et
2382 938 2501 994 sine
2524 941 2656 995 velis
2682 941 2917 995 obtentis
2940 941 2992 994 in
3010 938 3289 1007 Scriptura
3312 949 3499 992 sancta

1931 1030 2040 1084 Deo
2070 1031 2348 1096 dicuntur,
2379 1032 2633 1100 quamvis
2662 1030 3092 1087 demonstrative
3125 1031 3378 1086 dicantur
3409 1032 3494 1084 af-

1929 1121 2218 1177 firmando.

2557 1210 2787 1268 CAPUT
2812 1212 2904 1269 ill.

1934 1325 2086 1392 Quod
2114 1339 2206 1392 per
2230 1340 2433 1381 omnem
2475 1316 2783 1391 theologiam
2796 1326 2933 1378 ratio
2959 1325 3155 1392 speculi
3183 1334 3231 1379 et
3254 1325 3505 1395 (enigma-

2495 1397 2563 1448 tis
2597 1398 2947 1464 progreditur.

2005 1484 2376 1542 Aelmirantlus
2404 1498 2458 1542 et
2492 1502 2722 1554 magnus
2774 1490 3068 1557 Apostolus
3095 1489 3168 1544 ait
3200 1484 3275 1559 (ι)
3306 1488 3506 1543 fVide-

1938 1594 2061 1632 mus
2082 1566 2228 1634 nunc
2246 1596 2342 1648 per
2365 1581 2648 1648 speculum
2680 1581 2734 1635 in
2758 1581 3065 1650 aenigmate.
3086 1582 3147 1633 Et
3173 1584 3393 1636 rursus‘:
3427 1580 3505 1635 Ex

1936 1680 2091 1740 parte
2123 1672 2533 1743 cognoscimus.
2558 1684 2611 1727 et
2632 1688 2698 1728 ex
2731 1681 2885 1743 parte
2929 1674 3318 1743 propbetantus
3338 1713 3353 1737 ,
3380 1689 3505 1728 cum

1939 1770 2120 1815 autem
2149 1762 2352 1816 venerit
2371 1763 2515 1831 quod
2542 1764 2835 1833 perfectum
2855 1773 2958 1828 est,
2979 1764 3336 1819 evacmbitur
3359 1765 3504 1834 quod

249 1850 446 1920 I-ergit,
488 1852 714 1906 multum
742 1862 923 1908 tamen
976 1855 1168 1910 absoni
1203 1863 1255 1909 et
1278 1855 1617 1911 dissentanei
1659 1857 1712 1909 itt
1742 1856 1824 1910 eis
1861 1857 1899 1910 Β
1929 1869 1991 1908 ex
2029 1861 2181 1923 parte
2205 1864 2310 1908 est.
2342 1853 2407 1908 Et
2435 1855 2663 1910 iterum:
2700 1855 2804 1910 Per
2836 1856 2993 1910 fidem
3048 1856 3420 1916 ambulamus,
3448 1836 3537 1910 et\

248 1953 500 2011 apparet.
529 1943 815 2009 Quomodo
846 1948 990 1999 enim
1027 1948 1311 2015 cogitabit.
1343 1948 1434 2016 qui
1482 1949 1536 2003 in
1570 1947 1676 2003 Deo
1703 1963 1827 2004 cra-

253 2034 439 2101 pnlam
476 2036 688 2099 audiat.
708 2050 761 2091 et
787 2039 1612 2112 pmoitcutiatn,etjuramenta,
1643 2049 1698 2096 et
1728 2039 1832 2095 im-

254 2127 624 2196 precationes,
649 2138 704 2184 et
738 2128 849 2185 alia
883 2130 1201 2200 ejusmodi?

878 2241 1112 2297 CAPUT
1145 2243 1211 2299 ll.

256 2330 417 2409 Quod
446 2333 709 2401 theologi:
733 2337 1167 2397 demonstrativo.
1201 2354 1319 2409 qum
1344 2339 1550 2396 videtur
1573 2358 1687 2396 esse
1719 2343 1832 2399 sine

330 2405 705 2472 integumento,
763 2420 856 2473 per
888 2417 1036 2476 typos
1066 2405 1223 2462 nobis
1249 2409 1460 2477 efﬁctos
1499 2414 1757 2473 procedit.

335 2490 562 2559 Magnus
600 2491 916 2562 Dionysius.
953 2495 1006 2548 in
1045 2494 1218 2563 Epist.
1264 2496 1329 2550 ad
1371 2494 1585 2551 Titum:
1648 2498 1831 2565 Quod.

256 2583 469 2652 inquit,
537 2585 852 2654 huiusmodi
912 2587 1282 2653 integumenta
1335 2599 1563 2656 cognata
1629 2602 1835 2647 natura:

255 2686 467 2729 nostra:
496 2687 645 2743 sunt,
671 2677 947 2734 declarant
964 2682 1124 2735 etiam
1145 2683 1234 2750 qui
1257 2685 1442 2739 audita
1463 2693 1648 2750 aperta
1677 2686 1834 2738 theo-

258 2770 409 2837 lozia
450 2770 529 2840 (2)
586 2772 706 2826 sine
765 2773 1087 2835 involucris.
1148 2775 1412 2846 effingunt
1462 2777 1514 2830 in
1540 2792 1597 2831 se
1648 2788 1833 2847 typum

256 2860 583 2929 quemdam,
606 2863 699 2931 qui
721 2877 815 2917 eos
843 2864 909 2918 ad
942 2864 1355 2933 intelligentiam
1384 2867 1504 2935 ejus
1551 2867 1836 2936 theologia:

253 2965 429 3018 quam
453 2951 589 3017 dixi,
610 2952 870 3019 adducat':
893 2963 948 3009 et
979 2954 1151 3023 ipsius
1180 2971 1400 3027 quoque
1418 2954 1606 3010 mundi
1624 2957 1714 3025 (5)
1742 2954 1837 3024 qui

250 3044 509 3098 cernitur
543 3044 747 3099 fabrica
775 3044 1141 3103 invisibilibus
1176 3046 1268 3102 Dei
1294 3047 1530 3102 obducta
1560 3057 1665 3110 est.
1694 3049 1839 3104 sicut

250 3134 488 3202 Paulus,
519 3144 575 3191 et
601 3137 716 3207 ipsa
741 3134 953 3195 Veritas
973 3138 1050 3208 (4)
1086 3147 1341 3196 testatur.
1372 3139 1524 3194 Alter
1553 3153 1684 3195 vero
1716 3138 1840 3193 Dio-

1938 1960 2047 2000 non
2099 1960 2193 2014 per
2226 1945 2487 2013 speciem.
2528 1945 2643 2001 Hoc
2687 1948 2979 2016 praeclarus
3031 1958 3227 2003 auctor
3277 1947 3508 2004 Basilius

1934 2053 2059 2093 cum
2096 2047 2441 2107 perspectum
2474 2039 2729 2094 haberet:
2750 2038 2913 2105 Illud,
2942 2039 3119 2108 inquit
3149 2038 3246 2107 (ὁ).
3275 2038 3409 2101 faeie.
3440 2040 3509 2094 ad

1937 2129 2154 2192 faciem.
2194 2140 2247 2185 et
2272 2130 2510 2198 perfecte
2557 2145 2887 2202 cognoscere
2906 2132 2960 2186 in
2985 2131 3173 2186 futuro
3195 2131 3395 2187 saeculo
3425 2132 3510 2185 di-

1937 2222 2058 2293 gnis
2099 2223 2430 2278 reddendum
2460 2238 2586 2279 esse
2635 2223 2968 2292 promissum
3016 2233 3129 2290 est;
3182 2239 3327 2280 nunc
3355 2239 3507 2288 vero.

1936 2317 2008 2370 sit
2030 2316 2156 2370 licet
2184 2315 2402 2375 Paulus.
2420 2316 2546 2370 licet
2570 2315 2778 2381 Petrus,
2808 2315 2954 2371 videt
2973 2315 3190 2385 quidem
3224 2331 3351 2370 vere
3385 2331 3512 2383 quae

1940 2407 2107 2473 videt,
2146 2414 2200 2461 et
2235 2422 2344 2461 non
2408 2407 2646 2472 fallitur,
2676 2422 2774 2477 per
2815 2407 3100 2477 speculum
3144 2414 3326 2461 tamen
3365 2406 3412 2460 vi
3436 2407 3512 2462 iet

1921 2484 1993 2556 “et
2021 2500 2072 2552 iu
2096 2503 2397 2567 aenigmate,
2428 2499 2559 2551 illud
2590 2510 2770 2552 autem
2801 2498 2949 2566 quod
2973 2514 3036 2552 ex
3068 2507 3219 2568 parte
3239 2506 3513 2557 est.nunc

1939 2601 2094 2656 grato
2110 2588 2313 2653 animo,
2331 2589 2622 2657 accipiens,
2640 2587 2785 2657 quod
2818 2586 3115 2658 perfectum
3134 2600 3234 2650 est.
3256 2588 3309 2642 in
3332 2587 3515 2641 intum

1943 2672 2224 2751 perspicue
2251 2689 2553 2750 exspectat.
2578 2681 2714 2737 Item
2745 2695 2869 2735 cum
2901 2662 2968 2735 eo
3006 2679 3303 2752 Gregorius
3331 2678 3516 2734 Theo~

1942 2775 2097 2838 lngus
2155 2773 2256 2840 (c):
2293 2771 2586 2837 Quocirca.
2640 2772 2837 2840 inquit,
2875 2786 3091 2825 omnem
3146 2770 3512 2840 cognitionem

1947 2863 2149 2919 l’aulus
2176 2880 2295 2930 quae
2332 2864 2385 2916 in
2424 2872 2569 2917 terra
2602 2864 2670 2917 de
2707 2864 2816 2916 Deo
2845 2864 3103 2929 habetur,
3157 2863 3295 2917 nihil
3352 2878 3517 2932 supra

1943 2972 2107 3027 quam
2139 2955 2358 3025 specula
2382 2964 2434 3009 et
2456 2946 2742 3023 aenigmata
2766 2970 2888 3009 esse
2906 2956 3079 3025 ponit.
3109 2964 3302 3023 utpote
3328 2956 3382 3007 in
3417 2954 3519 3007 mi-

1944 3042 2095 3101 nutls
2118 3044 2447 3115 imaginibus
2470 3046 2716 3099 veritatis
2743 3045 3003 3100 locatam.
3040 3045 3101 3098 Et
3136 3046 3336 3099 iterum
3371 3044 3516 3098 idem

1946 3138 2004 3194 in
2036 3139 2291 3195 oratione
2317 3142 2382 3193 de
2419 3139 2818 3195 constituendis
2848 3139 3153 3209 episcopis:
3184 3137 3381 3206 Ecquis
3408 3145 3515 3195 est.

1729 3270 2004 3335 Scholia.

321 3381 408 3450 ll)
438 3377 513 3434 In
530 3344 749 3448 utroque
764 3392 963 3447 genere.
991 3374 1048 3432 Id
1077 3385 1180 3450 est,
1217 3342 1272 3434 in
1317 3375 1641 3450 formatione
1687 3377 1823 3446 ngu-

1996 3379 2074 3449 (4)
2092 3377 2296 3433 Veritas
2321 3386 2566 3434 testatur.
2592 3377 2872 3449 Christum
2901 3378 3053 3442 dicit,
3076 3376 3166 3447 qui
3196 3378 3251 3435 in
3277 3376 3521 3449 Evange-

247 3446 494 3509 rationis
544 3446 918 3513 sup‘sensttm
971 3448 1235 3517 cadentis.
1294 3449 1432 3503 etin
1494 3446 1833 3504 formatione
1890 3446 2224 3509 .lio'multa.
2277 3464 2398 3517 quae
2457 3449 2524 3503 ad
2564 3447 2893 3516 theologiam
2945 3446 3186 3514 apertam
3212 3446 3516 3506 etdemon-

189 3531 193 3535 ’
249 3518 644 3581 translationis
676 3518 921 3572 cadentis
943 3516 1046 3572 sub
1070 3518 1506 3586 intelligentiam.

323 3594 406 3663 (εξ
437 3588 560 3663 Qui
579 3587 767 3642 audita
810 3597 995 3663 aperta
1043 3586 1325 3657 theologia.
1379 3586 1699 3663 Exemplum
1757 3586 1830 3641 sit

251 3655 404 3727 quod
449 3655 720 3724 scriptum
764 3666 849 3711 est
883 3655 1166 3727 inplerent.
1217 3655 1268 3712 ὸ.
1305 3673 1425 3716 xm.
1487 3655 1561 3713 de
1609 3659 1676 3711 iis
1708 3672 1831 3726 qttze

247 3724 450 3801 aperte
468 3727 901 3801 dixiLDotninns
915 3724 1159 3801 sinc_ull_o
1178 3737 1308 3801 typo
1328 3724 1833 3801 autintogumento,

247 3794 545 3874 quomodo
569 3797 830 3865 populum
882 3794 1212 3874 lsraelsihi
1221 3794 1581 3874 adiunxisset,
1606 3805 1662 3874 et
1696 3794 1833 3874 quo;

251 3865 425 3928 modo
449 3874 675 3939 propter
699 3876 913 3939 peccata
933 3872 1080 3919 esset
1104 3865 1435 3939 puniendus,
1455 3875 1509 3921 et
1532 3868 1598 3939 de
1624 3865 1834 3939 lumba-

248 3945 319 4008 ri,
347 3944 406 3999 in
431 3934 549 4008 quo
569 3950 831 4008 tanquam
852 3936 907 3989 in
924 3945 1050 4008 typo
1082 3936 1258 4008 etlicto
1281 3936 1467 4008 voluit,
1486 3944 1544 3991 ut
1565 3934 1829 4008 Ieremias

250 4003 405 4084 (πὲρ.
451 4003 577 4079 ὶιιι)
607 4003 1028 4084 supplicium'de
1066 4007 1267 4084 populo
1290 4003 1447 4084 Israel
1472 4005 1823 4084 sumendum.

248 4074 304 4137 ιι
335 4074 505 4140 suam
536 4074 690 4135 om
713 4075 809 4130 illo
829 4074 1027 4144 popqu
1076 4074 1513 4142 conjunctionem
1543 4078 1712 4141 magis
1730 4077 1825 4128 ad-

250 4156 366 4210 huc
400 4151 754 4221 intelligeret.
782 4145 1079 4221 meliusque
1100 4145 1221 4221 aliis
1250 4154 1565 4221 exponeret.
1597 4145 1663 4199 Et
1684 4144 1825 4200 dixit

254 4223 537 4277 Dominus
569 4213 638 4273 ὧι
666 4232 786 4270 me:
820 4213 1009 4282 Surge.
1040 4224 1093 4267 et
1124 4213 1256 4267 vade
1285 4215 1351 4267 ad
1406 4213 1733 4281 Euphraten.
1771 4224 1827 4268 et

253 4294 388 4346 tolle
410 4293 549 4345 inde
571 4287 831 4348 lumbare,
856 4283 998 4351 quod
1026 4282 1251 4350 praecepi
1275 4282 1369 4336 tibi
1395 4292 1450 4335 ut
1466 4283 1830 4338 absconderes

252 4362 389 4416 illud
412 4361 522 4414 ibi.
554 4358 620 4414 Et
647 4354 754 4410 abii
781 4353 846 4407 ad
878 4353 1210 4420 Euphraten,
1242 4364 1296 4406 et
1324 4352 1454 4412 fodi.
1484 4362 1536 4405 et
1561 4353 1656 4406 tuli
1690 4353 1829 4406 lunt—

254 4432 388 4485 hare
418 4432 494 4483 de
532 4429 658 4483 loco
686 4424 778 4479 ubi
820 4421 1404 4488 abscottderatmillud;
1432 4431 1488 4477 et
1532 4437 1660 4478 ecce
1688 4438 1839 4476 rom-

250 4506 561 4561 putruerat
602 4496 868 4555 lumbare,
904 4492 977 4545 ita
1031 4500 1088 4544 ιιι
1121 4492 1251 4545 nulli
1295 4493 1418 4547 usui
1445 4502 1630 4562 aptum
1681 4501 1842 4547 esset.

245 4570 319 4624 Et
348 4570 573 4623 factum
621 4576 713 4623 est.
761 4563 984 4616 verbum
1029 4562 1359 4616 Domini-ad
1424 4561 1529 4626 me,
1591 4561 1780 4617 dicens
1831 4578 1845 4616 :

245 4641 387 4693 Haec
421 4637 569 4693 dicit
602 4634 897 4687 Dominus:
932 4630 1023 4683 Sic
1054 4641 1369 4700 putrescere
1422 4630 1616 4686 faciam
1654 4646 1847 4698 super-

239 4709 403 4763 biam
470 4704 639 4766 Juda.
671 4712 728 4757 et
761 4697 1073 4769 superbiam
1129 4697 1434 4755 Jerusalem
1497 4697 1743 4754 multam.
1775 4700 1845 4755 Et

237 4780 425 4846 paulo
459 4785 621 4846 post:
681 4774 746 4826 Et
770 4773 1105 4846 eruutsicnt
1162 4770 1411 4846 lumbare
1474 4770 1639 4846 istud,
1698 4773 1841 4846 quod

235 4840 388 4900 imtli
432 4840 567 4899 usui
600 4853 787 4912 aptum
815 4850 917 4895 est.
944 4840 1098 4912 Sicut
1146 4843 1292 4912 enim
1320 4842 1560 4912 adhaeret
1598 4842 1844 4912 lumbare

229 4917 309 4971 ad
341 4915 582 4969 lumbos
607 4909 735 4974 viri,
754 4913 833 4967 sic
860 4909 1190 4978 agglutinavi
1218 4909 1348 4963 mihi
1374 4926 1591 4963 omnem
1621 4911 1841 4963 domum

239 4986 468 5049 Israel,
517 4994 570 5037 et
596 4997 817 5035 omnem
852 4976 1068 5034 domum
1114 4976 1276 5040 Juda,
1306 4979 1437 5037 dicit
1468 4979 1749 5049 Dominus,
1784 4989 1845 5033 ut

230 5048 457 5109 essent
488 5053 711 5107 tnitti‘in
739 5051 1096 5121 populuttt.et
1124 5049 1176 5101 in
1213 5064 1432 5112 nomen,
1462 5048 1595 5103 etin
1621 5050 1835 5101 laudem

228 5137 289 5178 et
322 5127 389 5178 in
410 5124 692 5192 gloriam,
722 5118 775 5174 et
802 5118 909 5174 non
943 5118 1252 5192 audierunt,
1280 5131 1335 5172 et
1360 5135 1481 5192 qu:e_
1512 5127 1838 5192 sequuntur.

231 5186 608 5262 Frqueutia
660 5201 789 5244 sunt
820 5186 1127 5262 hnjusmodi
1187 5191 1435 5262 exempla
1470 5190 1524 5241 in
1565 5186 1843 5262 prophetis

229 5274 309 5319 de
333 5255 566 5334 aperta?
595 5255 904 5334 theologia,
931 5269 986 5311 et
1030 5259 1099 5312 de
1132 5259 1273 5330 typis
1309 5255 1427 5312 sive
1486 5255 1750 5328 symbolis
1776 5255 1844 5310 ad

227 5332 702 5390 eam-adhibitis.
729 5332 892 5395 ipsius

310 5403 408 5474 (ὅ)
442 5400 644 5454 Hunni
676 5404 766 5469 qui
798 5400 1065 5474 cemitur.
1106 5398 1334 5453 Fabrica
1369 5396 1551 5474 mundi
1577 5396 1845 5464 quodam-

228 5468 424 5531 modo
464 5475 646 5525 vicem
672 5468 1042 5541 syinbolorum
1080 5478 1224 5525 tenet
1247 5507 1263 5535 ,
1292 5483 1352 5522 ut
1374 5468 1582 5521 notavit
1623 5476 1847 5522 sanctus

228 5544 574 5600 Basia-us.

226 5656 239 5667 ⁸
316 5686 413 5755 (a)
482 5679 783 5755 Dionysius
825 5678 1238 5755 Alexandrinus
1287 5678 1496 5737 scholia
1551 5677 1717 5735 etiam
1787 5677 1844 5733 in

228 5750 604 5825 Dionysium
638 5753 1017 5821 Areopagitatn
1047 5750 1289 5821 scripsit.

1928 3528 2190 3576 strantem
2222 3518 2518 3584 pertinent.
2553 3532 2645 3585 per
2672 3518 2912 3588 sytttlmla
2939 3528 2994 3588 et
3018 3517 3304 3588 parabolas
3333 3518 3521 3588 loque—

1931 3591 2114 3652 batur.
2150 3590 2299 3643 unde
2333 3588 2630 3643 Nicodemo
2652 3585 2810 3659 dixit.
2846 3585 3292 3659 utPaehimet-ns
3319 3585 3520 3659 Diony-

1933 3659 1998 3714 sii
2033 3660 2430 3728 paraphrastcs
2468 3657 2823 3728 observavit:
2846 3656 2922 3728 Si
2952 3666 3165 3728 terrena
3200 3656 3310 3711 dixi
3339 3656 3521 3728 vobis,

1940 3737 1994 3782 et
2024 3724 2129 3783 non
2166 3724 2412 3787 creditis.
2445 3724 2720 3795 quomodo
2750 3726 2795 3781 si
2828 3725 3019 3781 dixero
3046 3725 3200 3781 vobis
3254 3724 3522 3792 ctelestia,

1939 3796 2543 3870 credetis?_ut__perinde
2568 3798 2640 3870 sit
2671 3799 2796 3870 hoc,
2833 3807 2896 3870 ιιι
2927 3796 3340 3870 mihquuidem
3374 3797 3534 3870 videt.

1938 3878 2045 3927 tur.
2081 3881 2146 3922 ac
2195 3865 2242 3922 si
2272 3865 2532 3922 dicerct':
2576 3866 2632 3920 Si
2689 3865 2933 3921 ctelestia
2988 3874 3043 3920 et
3060 3865 3241 3920 divina
3288 3866 3399 3921 disi
3426 3882 3525 3921 vo-

1933 3936 2017 3992 bis
2076 3950 2171 4003 per
2244 3936 2486 4005 symbola
2562 3951 2846 4005 corporea,
2903 3942 2959 3990 et
3033 3944 3245 3990 natura:
3333 3948 3526 3991 vestra:

1890 4010 1895 4019 ‘
1933 4004 2598 4075 cognataet’familiaria.
2656 4004 2846 4059 etnon
2892 4004 3153 4075 creditis,
3187 4014 3246 4058 ιιι
3301 4007 3529 4059 creden—

1930 4072 2024 4128 dtf
2063 4074 2416 4145 intelligatis;
2473 4076 2746 4144 quomodo
2804 4076 2850 4130 si
2874 4072 3066 4129 dixero
3137 4074 3291 4131 vobis
3336 4076 3532 4130 coales-

1934 4145 2006 4199 tia
2059 4144 2267 4214 absque
2319 4146 2436 4200 istis
2466 4145 2794 4214 imaginibus
2848 4144 3001 4214 vobis
3057 4146 3223 4208 notis.
3259 4144 3531 4201 credetis?

1942 4212 2209 4289 Docuera't
2287 4216 2458 4289 enim!
2506 4212 2767 4289 Dominus
2846 4212 3202 4289 Nicodemum
3271 4217 3521 4289 exemplo

1936 4286 2080 4339 venti
2119 4285 2188 4338 de
2249 4287 2572 4353 operatione
2604 4285 2820 4338 occulta
2846 4292 2899 4337 et
2925 4284 3195 4352 spirituali
3224 4284 3526 4353 creaturam

1941 4371 2004 4409 ex
2038 4370 2177 4422 aqua
2234 4351 2298 4408 et'
2317 4353 2519 4418 Spiritu
2565 4363 2755 4408 sancto
2806 4351 3525 4422 regenerante,ubivocem

1949 4420 2159 4479 tantum
2188 4425 2473 4477 aurlimns:
2511 4422 2622 4491 Ego
2654 4433 2704 4476 te
2737 4420 2957 4488 baptizo
2983 4421 3037 4474 in
3070 4420 3293 4491 nomine
3322 4420 3526 4485 Patris,

1948 4507 2004 4551 ej.
2037 4492 2182 4552 Filii.
2210 4504 2262 4547 et
2289 4490 2527 4560 Spiritus
2554 4489 2764 4558 sancti;
2791 4493 2883 4546 sed
2943 4489 3221 4559 quomodo
3249 4502 3526 4556 operetur,

1949 4572 2042 4617 aut
2073 4564 2217 4616 unde
2254 4561 2502 4630 incipiat,
2535 4571 2587 4617 et
2622 4561 2710 4614 ubi
2759 4562 2991 4620 desinat,
3034 4561 3341 4630 nescimus;
3372 4568 3432 4611 ut
3464 4560 3516 4630 in

1923 4642 2128 4694 ~veuto,
2176 4634 2267 4699 qui
2301 4628 2401 4689 est,
2436 4640 2486 4682 ut
2532 4632 2607 4684 ait
2646 4631 2786 4683 item
2839 4630 3150 4700 Dionysius,
3212 4628 3263 4680 in
3293 4643 3411 4700 cap.
3444 4628 3512 4700 15

1950 4698 2458 4759 Calestisllierar..
2488 4702 2667 4769 imago
2687 4709 2742 4752 et
2769 4709 2926 4768 typus
2954 4698 3156 4769 divina!
3187 4698 3526 4769 operationis

1948 4780 2165 4845 prepter
2202 4773 2560 4845 proprietates
2603 4766 2748 4823 venti
2765 4766 2938 4845 __quas
2987 4767 3191 4845 ibidem
3234 4766 3524 4845 Dionysius

1947 4834 2176 4905 notavit,
2203 4834 2319 4895 'ubi
2344 4841 2510 4893 etiam
2546 4840 2725 4894 locum
2762 4834 3040 4911 Evangelii
3070 4838 3233 4891 citat:
3289 4834 3528 4905 Spiritus

1951 4913 2040 4966 ubi
2073 4912 2189 4965 vult
2230 4911 2429 4980 spirat.

2022 4982 2100 5051 (5)
2133 4973 2329 5051 Typos.
2383 4978 2452 5036 Ut
2487 4980 2657 5034 Deum
2709 4993 2833 5033 esse
2893 4977 3184 5054 trinumet
3217 4973 3526 5054 unum.-ad

1948 5046 2202 5116 apertam
2253 5061 2307 5105 et
2357 5056 2833 5105 demonstrantem
2887 5046 3218 5115 theologiam
3273 5046 3528 5116 pertinet,

1948 5112 2111 5189 quam
2138 5131 2318 5174 tamen
2346 5133 2403 5175 ut
2427 5121 2638 5174 facilius
2655 5119 2930 5173 auditores
2952 5127 3009 5172 et
3033 5112 3529 5189 lectorescredant,

1948 5182 2003 5244 ἐι
2037 5192 2305 5244 credendo
2344 5190 2663 5261 intelligant.
2718 5204 2785 5243 ex
2842 5187 3083 5261 antiquis
3136 5187 3385 5261 patribus
3435 5182 3525 5261 alii
3624 5235 3635 5246 ,

1964 5269 2121 5327 typos
2156 5272 2208 5330 et
2239 5256 2815 5330 itnagiues'eliiugunt
2843 5258 3009 5330 trium
3040 5256 3435 5330 lampadar‘um,
3477 5259 3535 5307 et

1956 5326 2120 5384 unius
2141 5326 2408 5392 ﬂamma}.
2436 5330 2527 5384 alii
2550 5326 2704 5393 solis,
2730 5330 2865 5383 radii
2894 5337 2949 5382 ct
2976 5328 3198 5381 luminis
3219 5366 3233 5389 ,
3257 5326 3346 5377 alii
3374 5337 3533 5389 roSae,

1952 5398 2125 5464 ﬂoris.
2154 5411 2207 5454 et
2237 5400 2423 5454 odoris
2446 5438 2463 5464 ,
2499 5409 2594 5453 aut
2625 5400 2844 5463 radicis,
2878 5400 3035 5457 rami.
3070 5408 3124 5451 et
3150 5395 3382 5463 fructus,
3433 5402 3529 5448 aut

1954 5470 2131 5538 digiti,
2172 5484 2387 5536 manus,
2418 5480 2473 5524 et
2501 5470 2733 5536 brachii,
2762 5482 2816 5523 et
2845 5468 3138 5523 similium.

2027 5673 2107 5743 (ὑ)
2136 5670 2195 5743 in
2223 5672 2477 5743 oratione
2496 5671 2572 5743 de
2596 5670 2940 5743 confessione
2968 5667 3114 5743 fidei.

2030 5739 2100 5812 (ε)
2122 5742 2420 5812 Gregorius
2466 5740 2562 5796 lib.
2593 5740 2651 5808 2,
2688 5744 2756 5798 de
2799 5739 3095 5807 theologia.
