3980 6208
478 414 588 478 765i
1597 452 1604 458 -
1635 414 1961 476 JOANNIS
1988 417 2556 493 CYPARISSlOT/E
3614 426 3719 489 76!.

488 534 686 599 inquit,
721 534 813 601 qui
852 532 904 586 in
940 543 1046 587 tam
1072 533 1303 588 sublime
1333 544 1509 601 potest
1545 538 1695 601 ferri,
1722 549 1780 594 ut
1818 542 2043 596 Paulum
2078 542 2120 597 A
2154 551 2311 595 tanee
2341 540 2505 612 igitur
2535 544 2713 599 omnis
2743 545 3043 617 theologica
3068 548 3306 619 cognitio
3338 551 3499 620 hujus
3535 558 3736 612 utrius-

492 624 705 693 atquet?
729 632 783 677 et
806 634 983 677 tamen
1005 625 1189 679 videre
1215 641 1272 679 se
1306 628 1431 681 dicit
1456 645 1550 698 per
1576 632 1829 695 :enigma,
1862 646 1913 689 et
1938 637 2053 690 fore
2158 651 2264 703 que
2288 639 2461 703 partis
2482 653 2589 691 non
2622 642 2819 695 transit
2839 645 3057 711 specula
3079 654 3132 698 et
3163 647 3469 715 :enigmata,
3498 649 3600 703 hoc
3627 666 3726 704 au-

492 725 706 784 tempus
737 732 859 769 cum
905 714 1042 770 facie
1077 719 1144 771 ad
1178 717 1369 779 faciem
1412 722 1635 775 videbit.
1671 724 1734 777 Et
1774 741 1963 780 rursus
1998 729 2051 781 in
2161 734 2266 779 tem
2294 735 2377 779 est
2403 727 2562 794 hujus
2610 731 2935 799 cognitionis
2962 734 3211 802 partibile
3238 714 3289 788 et
3318 737 3733 804 imperfectum;

492 806 967 860 eadentoratione:
997 807 1521 878 Quomodo,inquit,
1551 827 1747 867 sensus
1770 817 1822 868 in
1852 816 2046 872 eodem
2160 815 2363 869 idcirco
2422 832 2543 871 cum
2581 820 2785 874 venerit
2833 824 2978 889 quod
3012 824 3312 889 perfectum
3343 834 3446 891 est,
3506 828 3558 879 id
3593 831 3735 895 quod

436 938 439 939 ν
493 904 762 961 manet,et
786 895 839 948 id
863 896 1010 965 quod
1036 898 1168 953 foris
1186 908 1289 963 est,
1319 903 1578 955 attrahit?
1602 906 1883 973 quomodo
1904 923 2057 963 mens
2163 905 2290 958 huic
2342 920 2406 959 ex
2441 917 2589 973 parte
2617 920 2719 973 est,
2749 918 2803 964 et
2843 912 2975 965 illud
3005 911 3148 982 quod
3181 923 3259 968 est
3283 916 3333 967 lu
3366 930 3427 968 ea
3458 917 3740 984 partibilc.

494 992 547 1047 in
587 1000 637 1045 te
667 1002 868 1056 manet,
900 1000 950 1046 et
987 992 1039 1045 in
1071 994 1175 1047 alia
1211 1007 1391 1052 mente
1422 1000 1642 1055 verbum
1674 1003 1844 1070 gignit
1871 1004 1894 1055 Ἰ
1922 1018 2059 1075 quo-

2190 997 2521 1051 :vacuabitur
2550 1018 2563 1063 ;
2612 1001 3029 1069 videbimusque
3085 1004 3222 1060 facie
3250 1004 3317 1059 ad
3367 1005 3560 1060 faciem
3593 1009 3663 1069 “,
3696 1009 3744 1062 id

494 1083 657 1136 modo
684 1084 849 1138 verbo
875 1086 1021 1139 notio
1046 1087 1245 1141 datur?
1270 1087 1322 1141 Si
1350 1090 1485 1143 nihil
1524 1092 1718 1145 horum
1752 1094 2058 1163 intelligen-
2164 1096 2268 1145 est.
2296 1088 2652 1158 imparlibilia
2704 1096 3130 1164 impartibiliter.
3162 1107 3216 1153 et
3247 1098 3614 1155 immateriala
3646 1100 3746 1155 im-

493 1173 566 1224 tia
598 1176 1048 1243 conprehensum
1075 1180 1259 1243 habes,
1292 1184 1468 1245 homo,
1506 1188 1932 1253 compreltendes
1959 1205 2060 1242 au-
2166 1179 2473 1235 ηιθίεΐίθιθο

495 1274 601 1341 tem
635 1263 774 1322 forte
803 1269 1125 1338 aliquando,
1157 1287 1279 1326 eum
1312 1275 1541 1341 recipies
1572 1277 1717 1346 quod
1757 1279 2056 1347 perfectum

494 1369 610 1413 est:
641 1359 854 1425 Videbo,
876 1362 1240 1429 inquit,cwlos
1266 1382 1420 1433 opera
1446 1369 1729 1437 digitorum
1751 1381 1960 1426 tuorum
1993 1376 2058 1439 ¹⁶,

498 1460 549 1501 ιιι
580 1454 942 1519 suspicemur,
964 1469 1082 1518 qure
1106 1470 1249 1508 nunc
1286 1456 1564 1522 videntur,
1601 1475 1708 1512 non
1736 1476 1859 1515 esse
1887 1463 2059 1531 ipsam

444 1541 807 1604 »veritatem,
889 1544 983 1598 sed
1070 1546 1359 1601 simulacra
1440 1549 1711 1613 veritatis,
1786 1555 2108 1622 quomodo,

503 1633 691 1696 Deum,
728 1633 779 1687 id
817 1636 958 1702 quod
978 1646 1085 1696 est.
1116 1647 1168 1691 et
1188 1651 1427 1705 quantus
1454 1649 1557 1703 est,
1593 1657 1753 1696 nosse
1782 1654 1830 1697 te
1868 1646 2064 1700 existi-

501 1726 649 1778 mas?
675 1727 751 1780 All
787 1729 919 1792 lucc,
965 1744 1193 1795 magnus
1229 1730 1518 1800 Dionysius
1568 1733 1620 1786 in
1654 1735 1821 1803 Epist.
1867 1738 1933 1788 ad
1966 1736 2057 1790 Ti-

501 1826 614 1869 tum
638 1817 831 1885 :Atqui
853 1834 953 1871 nec
984 1818 1036 1870 in
1064 1821 1429 1877 sanctissimis
1459 1826 1731 1892 mysteriis
1757 1828 1930 1882 sant-ti
1953 1843 2064 1881 ma-

500 1910 653 1973 gistri
690 1909 1025 1979 Evangelicze
1052 1920 1145 1967 aut
1171 1912 1421 1969 Mosaicae
1454 1916 1754 1985 disciplinae
1788 1935 1816 1973 a
1847 1921 2067 1989 symbo-

502 2000 590 2062 lis,
625 2001 900 2070 inquibus
932 2003 1074 2061 Deus
1112 2008 1624 2075 repraesentabatur,
1654 2011 2064 2078 abstinuerunt,

500 2091 629 2160 quin
655 2095 831 2162 potius
857 2095 1102 2152 videmus
1128 2099 1351 2168 angelos
1381 2103 1528 2155 omni
1554 2104 1844 2159 sanctitate
1880 2105 2068 2173 plenos

504 2200 596 2249 per
622 2187 908 2255 aznigmata
944 2204 1030 2242 res
1055 2190 1273 2244 divinas
1301 2192 1527 2262 mystice
1564 2208 1818 2260 promere
1853 2196 1931 2265 (l)
1966 2239 1980 2258 ,
2012 2206 2067 2251 et

503 2274 688 2330 Iesum
750 2280 1029 2347 parabolis
1064 2280 1133 2334 de
1162 2281 1365 2336 divinis
1399 2284 1574 2353 loqui,
1614 2298 1680 2338 ac
1713 2286 1906 2340 deiiiea
1946 2296 2001 2341 et
2036 2302 2067 2342 a

506 2368 616 2422 Deo
644 2368 785 2423 facta
822 2380 1163 2426 sacramenta
1208 2388 1303 2442 per
1338 2382 1495 2444 typos
1529 2376 1686 2445 panis
1724 2386 1779 2431 et
1814 2378 1921 2433 vini
1948 2386 2071 2432 tra-

504 2462 649 2515 dere.
677 2459 783 2515 Par
818 2462 963 2516 enim
1001 2472 1139 2529 erat,
1174 2474 1234 2517 ut
1273 2480 1378 2519 non
1417 2467 1592 2520 solum
1630 2477 1815 2521 sancta
1854 2480 2073 2523 sancto-

508 2569 626 2607 rum
653 2565 867 2607 servata
902 2564 1110 2619 essent,
1143 2572 1210 2611 ne
1235 2572 1298 2611 ea
1327 2558 1523 2630 vulgus
1555 2559 1835 2613 hominum
1866 2560 2075 2630 pollue-

511 2652 631 2707 ret;
659 2644 752 2697 sed
788 2654 844 2697 ut
876 2644 994 2713 ipsa
1032 2647 1139 2699 vita
1173 2647 1431 2713 humana,
1485 2665 1608 2719 qua:
1641 2651 1962 2751 incorpoyaa
1996 2653 2076 2706 si-

484 2732 626 2793 ,tnul
677 2742 733 2786 et
766 2748 1030 2803 corporea
1092 2747 1194 2802 est,
1249 2737 1428 2792 lumen
1490 2740 1687 2794 divina:
1746 2732 2075 2811 cogtiitionis

506 2825 894 2878 convenienter
929 2827 1031 2881 sibi
1072 2837 1287 2897 caperet
1320 2847 1333 2890 ;
1386 2843 1439 2885 et
1464 2846 1582 2885 eam
1620 2844 1824 2901 partem
1858 2834 2074 2901 animae,

507 2929 630 2982 quae
661 2931 688 2966 a
743 2916 982 2981 patiendi
1016 2919 1362 2993 extrinsecus
1412 2926 1735 2977 necessitate
1786 2925 1955 2979 libera
1996 2925 2073 2996 (9)

2726 1318 2954 1375 CAPUT
2988 1320 3076 1377 IV.

2170 1442 2322 1525 Quod
2343 1443 2458 1508 ﬁeri
2478 1461 2579 1498 non
2607 1457 2872 1537 parcenti!
2930 1452 3043 1537 qui.
3068 1464 3283 1537 corpore
3344 1458 3557 1537 prmditi
3603 1467 3750 1520 sunt,

2270 1516 2381 1567 sine
2397 1519 2657 1582 corporeis
2702 1520 2764 1571 de
2808 1518 2915 1572 Deo
2946 1516 2950 1517 ⁷
2987 1516 3355 1593 philosophari
3389 1530 3620 1594 possint.

2234 1629 2525 1698 Gregorius
2543 1632 2842 1703 theologus,
2864 1636 2916 1689 in
2938 1637 3178 1693 secondo
3206 1640 3270 1694 de
3288 1640 3547 1711 theologia
3576 1644 3751 1701 libro:

2172 1719 2240 1774 Ut
2266 1730 2369 1786 est,
2403 1722 2599 1790 inquit,
2634 1727 2969 1795 impossibile
2994 1729 3040 1783 ei
3066 1731 3225 1787 ctiam
3277 1736 3368 1803 qui
3415 1738 3566 1791 valde
3598 1741 3756 1792 testi-

2169 1821 2284 1873 nat,
2318 1816 2559 1867 umbram
2587 1830 2737 1869 suam
2771 1819 3003 1874 transire
3039 1821 3271 1889 (tantum
3328 1826 3472 1879 enim
3530 1844 3752 1897 semper

2170 1905 2361 1958 umbra
2395 1907 2679 1983 anticipat,
2708 1918 2971 1977 quantum
3028 1916 3405 1983 antevertitur)
3458 1926 3555 1971 aut
3606 1920 3758 1973 sicut

2174 1994 2289 2049 fieri
2322 2012 2427 2049 non
2452 2007 2650 2065 potesv,
2685 2008 2743 2052 ut
2766 2010 2919 2055 extra
2978 2018 3176 2072 aquam
3239 2005 3402 2073 piscis
3456 2015 3636 2073 natet,
3688 2011 3761 2064 sic

2172 2102 2276 2139 non
2308 2096 2485 2156 potest
2516 2089 2653 2155 fieri,
2687 2099 2744 2144 ut
2777 2093 2867 2160 qui
2902 2092 2953 2146 in
2982 2108 3209 2161 corpore
3227 2105 3375 2160 sunt,
3398 2097 3611 2164 absque
3636 2114 3761 2152 cor-

2172 2178 2518 2245 poreis,cnm
2568 2179 2633 2234 iis
2693 2196 2813 2250 quae
2877 2183 3226 2253 intelligentia
3290 2189 3759 2255 complectuntur,

2172 2268 2392 2319 omnino
2418 2270 2526 2320 sint
2552 2288 2565 2322 :
2594 2284 2808 2335 semper
2867 2272 3011 2325 enim
3046 2273 3245 2341 aliquid
3272 2275 3338 2328 de
3368 2276 3571 2328 nostris
3591 2276 3762 2329 rebus

2174 2358 2484 2423 intercidet,
2512 2362 2762 2427 quamvis
2812 2377 2871 2417 se
2890 2379 3042 2419 mens
3069 2365 3136 2419 ab
3164 2365 3229 2419 iis
3256 2381 3375 2434 qua:
3432 2378 3787 2431 cernuntur,

2176 2440 2411 2504 maxime
2439 2460 2650 2517 avocet,
2687 2462 2739 2507 et
2769 2455 2880 2511 sola
2913 2471 3093 2510 secum
3149 2458 3395 2521 collecta,
3422 2470 3667 2526 cognata
3714 2473 3766 2515 et

2175 2540 2581 2610 inaspectabilia
2614 2543 2967 2610 intelligentia
2985 2548 3196 2617 assequi
3218 2548 3441 2603 nitatur.
3462 2548 3610 2603 Idem
3669 2551 3763 2605 ad~

2178 2634 2285 2686 huc
2307 2632 2359 2686 in
2387 2635 2570 2693 eadem
2599 2635 2850 2690 oratione
2884 2651 2898 2693 :
2929 2636 3381 2695 Perorabimusne
3430 2642 3537 2707 hic,
3569 2661 3751 2713 usque

2179 2726 2244 2777 ad
2274 2726 2577 2789 materiam,
2611 2736 2663 2780 et
2683 2743 2744 2781 ea
2783 2744 2902 2797 quae
2930 2731 3033 2784 sub
3057 2742 3337 2799 aspectum
3375 2734 3602 2798 cadunt,
3634 2752 3762 2804 pro~

2179 2817 2342 2871 vecti?
2362 2820 2441 2870 An
2460 2833 2587 2872 vero
2601 2821 2729 2888 quia
2748 2821 2851 2875 scit
2865 2822 3147 2889 Scriptura
3165 2824 3332 2880 fuisse
3345 2827 3766 2884 tabernaculum

2180 2906 2381 2977 Moysis
2399 2910 2684 2979 imaginem
2702 2912 2942 2966 universi
2964 2915 3170 2976 mundi,
3185 2916 3275 2983 qui
3293 2931 3356 2970 ex
3373 2917 3437 2970 iis
3449 2933 3571 2985 quze
3589 2920 3763 2982 cerni,

508 3017 614 3070 est,
640 3007 691 3059 id
726 3019 811 3062 est
844 3020 1101 3075 utentem,
1138 3014 1575 3081 contemplandis
1629 3016 1985 3084 simplicibus,
2024 3024 2075 3070 et

2190 3008 2235 3054 et
2256 3014 2378 3068 qum
2412 3014 2522 3053 non
2557 3002 2708 3056 cerni
2738 3013 2994 3069 possunt,
3022 2995 3255 3068 constat,
3280 3009 3455 3077 primo
3495 3009 3623 3062 velo
3672 3010 3763 3062 de-

510 3097 652 3151 intra
683 3098 943 3169 imagines
974 3101 1140 3154 Deum
1174 3115 1646 3171 repraesentantes,
1678 3109 1877 3163 abditis
1899 3118 1952 3163 et
1977 3111 2075 3166 alte

2190 3096 2380 3154 tracto,
2410 3101 2462 3144 et
2483 3106 2703 3147 sensum
2743 3095 3101 3162 praetervecti,
3134 3097 3187 3150 in
3216 3097 3412 3150 Sancta
3439 3109 3769 3153 sanctorum

514 3190 811 3245 reconditis
857 3186 1154 3248 destinaret
1211 3204 1266 3250 et
1322 3197 1689 3264 attribueret;
1752 3200 1897 3254 illam
1958 3217 2075 3256 verc

2190 3181 2557 3246 introibimus,
2588 3183 2642 3237 id
2670 3194 2771 3249 est,
2800 3187 2865 3239 ad
2893 3196 3137 3240 naturam
3174 3188 3568 3255 intelligibilem
3588 3199 3649 3243 et
3666 3203 3771 3244 etn-

514 3292 725 3350 partem
754 3284 971 3348 animae,
992 3300 1113 3354 quae
1141 3288 1452 3342 necessitati
1485 3290 1723 3357 patiendi
1756 3291 1863 3344 vim
1898 3300 2083 3347 exter-
2190 3274 2403 3329 Ῑθδίυηιῗ
2423 3278 2490 3331 Ai
2514 3292 2613 3333 nec
2652 3278 2790 3332 hanc
2819 3280 3039 3348 ‘lnidcm
3083 3283 3407 3349 ῖιιεοτροτεθ
3432 3282 3622 3337 "idem
3644 3299 3768 3353 POS'

515 3390 638 3427 nam
671 3375 909 3444 subjecta
936 3387 1037 3441 ρει,
1065 3386 1124 3431 ιιι
1149 3386 1355 3433 natura:
1388 3379 1507 3449 ejus
1541 3381 1797 3436 convenit
1837 3392 2075 3452 aptaret,

2190 3381 2402 3427 smnus.
2424 3383 2545 3436 qua:
2574 3384 2695 3422 cum
2731 3370 2932 3439 alioqui
2965 3371 3282 3440 incorporea
3314 3375 3403 3437 sit,
3428 3374 3567 3442 ignis
3589 3382 3770 3427 tamen

517 3466 650 3519 etin
686 3466 1061 3523 divinissimas
1089 3484 1174 3523 res
1208 3484 1303 3539 per
1336 3472 1517 3541 typica
1550 3472 1798 3543 symbola
1831 3463 1909 3528 eis
1944 3477 2082 3530 arti-
2186 3467 2239 3510 εί
2271 3460 2496 3526 spirit-U5
2525 3469 2769 3515 "ocamr-
2805 3462 2871 3516 Εῐ
2898 3464 3057 3532 Ρδυιο
3080 3476 3205 3519 ωηο
3236 3482 3250 3517 ε
3280 3462 3468 3518 Nomm
3516 3467 3771 3533 δρίτίιυεν

518 3558 703 3612 ﬁciosc
734 3559 968 3614 obducta
1003 3563 1372 3629 protendereL
1406 3563 1675 3619 limum.”
1709 3575 1938 3623 sanctus
1975 3568 2086 3621 Ma_
2186 3558 2239 3601 et
2272 3549 2431 3617 ignis,
2462 3560 2517 3604 et
2545 3552 2724 3607 lumen
2760 3557 2978 3608 nomina
3008 3564 3137 3608 sunt
3170 3566 3381 3608 natura:
3397 3555 3629 3610 divinae?
3647 3556 3773 3626 quid

518 3652 698 3707 mnus
733 3652 785 3705 in
838 3654 1158 3724 uleologicis
1192 3656 1304 3724 (α)2
1347 3658 1632 3721 Dominus.
1667 3659 1865 3728 inquit,
1907 3675 2084 3729 quam,
2187 3638 2376 3706 igitur?
2404 3641 2487 3693 An
2522 3642 2772 3710 spiritum
2801 3645 2919 3698 sine
2948 3646 3243 3713 agitatione
3274 3646 3469 3699 etllatu
3520 3646 3653 3700 fuso
3690 3649 3774 3701 in-

513 3745 692 3813 cloquc
722 3747 1124 3815 peregrinatur,
1148 3748 1476 3818 quandoque
1497 3750 1779 3805 nobiscum
1806 3761 2080 3808 versatur:
2188 3729 2419 3799 “mg”?
2448 3747 2513 3783 ³η
2540 3734 2715 3800 ignem
2744 3744 2896 3787 em“
2920 3736 3228 3799 "merum,
3252 3744 3305 3788 et
3334 3751 3439 3788 "0"
3491 3735 3627 3790 ferri
3649 3752 3774 3793 sur'

520 3836 893 3905 peregrinatur
924 3839 977 3890 in
1030 3822 1242 3892 ratione
1277 3841 1680 3908 contemplandi
1736 3840 1877 3895 facie
1904 3846 1968 3895 ad
2003 3845 2085 3898 fa-
2188 3838 2331 3885 5m",
2360 3840 2537 3892 "eque
2568 3826 2851 3894 Proprium
2878 3827 3121 3881 εο¹οτθ¹¹ι
3158 3840 3209 3880 υι
3240 3830 3464 3897 “Suram
3522 3830 3781 3885 habere?

518 3927 695 3989 ciem;
725 3936 973 3980 versatur
1024 3928 1311 3981 nobiscum
1337 3928 1391 3981 in
1424 3917 1639 3982 talione
1678 3931 2075 3998 contemplandi

2190 3927 2252 3966 an
2280 3913 2459 3966 lumen
2494 3930 2600 3968 non
2619 3930 2741 3969 cum
2769 3931 2892 3972 aere
2908 3918 3283 3980 commistum,
3317 3928 3371 3971 et
3420 3919 3668 3972 solutum
3712 3922 3780 3973 ab

518 4034 571 4068 ,η
598 4018 817 4085 speculo
867 4026 922 4071 ει
950 4018 1001 4069 in
1038 4020 1346 4087 mnigmale.
1400 4020 1477 4073 Ac
1505 4020 1649 4074 idem
1712 4032 1974 4089 prmlerea
2032 4025 2083 4077 ίη
2186 4018 2251 4057 eo
2279 4005 2370 4073 qui
2398 4019 2519 4058 cum
2550 4006 2716 4063 veluti
2744 4018 2964 4078 generat
2988 4005 3045 4064 et
3107 4009 3398 4063 illuminat?
3456 4009 3519 4063 Et
3583 4027 3784 4067 rursus

517 4109 764 4162 centuria
817 4109 975 4162 tertia
1032 4110 1098 4163 de
1134 4110 1447 4169 Char-mw:
1500 4111 1602 4166 Per
1635 4113 1833 4179 ﬁdem;
1879 4116 2081 4185 inquit,
2187 4094 2347 4162 paulo
2384 4096 2716 4201 ,ἰωῇ-δείλη,
2760 4098 2965 4199 inquit,
3022 4115 3161 4201 opus
3198 4109 3302 4201 est,
3347 4100 3638 4201 utnosnah.
3661 4102 3785 4156 istis

519 4200 882 4262 ambulamus,
915 4214 1023 4253 non
1060 4216 1154 4268 per
1196 4202 1433 4270 speciem
1470 4221 1485 4267 ;
1519 4212 1573 4257 et
1620 4204 1675 4258 in
1712 4206 1949 4274 speculis
1982 4223 2075 4263 ρο·

2190 4187 2418 4251 avocati,
2443 4189 2623 4258 ipsam
2665 4189 3003 4243 divinitatem
3040 4205 3103 4242 ex
3134 4191 3273 4253 istis,
3314 4190 3491 4259 quoad
3521 4190 3641 4243 fieri
3683 4206 3786 4261 po-

520 4291 817 4359 gnitionem
872 4292 1137 4348 habemus
1200 4302 1363 4363 atque
1419 4295 1474 4349 in
1510 4299 1817 4364 aenigmate,
1876 4299 2083 4355 idcirco
2187 4283 2307 4343 ‘95"
2344 4278 2621 4332 Videamus
2641 4281 3091 4382 Briva'aq?a“am
3134 4281 3457 4382 θθεξξδίίξηθ
3479 4280 3786 4382 fxcfmje‘c‘

523 4358 694 4438 {nullo
726 4384 910 4439 studio
962 4385 1118 4439 nobis
1160 4358 1300 4440 me",
1337 4401 1393 4440 re
1426 4402 1564 4456 opus
1591 4358 1694 4452 ρξε’
1744 4358 2083 4444 ω’(ηυιιηηα
2186 4369 2324 4423 turis
2354 4370 2607 4424 collecta?
2644 4369 2877 4425 Sanctus
2900 4371 3169 4425 Maximus
3204 4372 3311 4441 (b):
3339 4371 3547 4431 Omnis,
3578 4372 3787 4441 inquit,

522 4475 915 4529 exercitatione
965 4484 1019 4528 et
1048 4477 1507 4531 commentatione
1566 4477 1807 4531 habitum
1841 4488 2075 4532 contem-

2190 4461 2371 4516 szeculi
2391 4461 2552 4530 hujus
2569 4462 2831 4532 cognitio,
2850 4463 3013 4517 etiam
3030 4480 3150 4532 qua:
3171 4462 3325 4516 valde
3338 4464 3444 4515 alta
3456 4474 3506 4516 et
3525 4462 3790 4517 sublimis

527 4566 825 4632 νιειίοηηιη
873 4565 1031 4620 valde
1085 4568 1467 4619 conﬁrmatum
1531 4581 1934 4635 comparemus.
2008 4571 2083 4623 Ex
2124 4554 2163 4608 ἰ)
2193 4563 2295 4617 est,
2329 4555 2511 4608 sicum
2531 4556 2842 4624 cognitione
2863 4554 3031 4609 futuri
3053 4554 3233 4607 smculi
3260 4552 3775 4613 conferatur,rudis

2096 1874 2136 1927 Β

529 4658 612 4710 his
648 4658 837 4727 liquet,
885 4659 1029 4724 quod
1078 4658 1259 4710 anima
1291 4668 1474 4711 nostra
1530 4658 1597 4712 de
1630 4659 1779 4712 omni
1810 4661 2083 4730 theologia

527 4747 904 4803 convenienter
937 4758 1139 4802 naturae
1165 4764 1276 4803 sua:
1301 4756 1520 4815 tractat,
1543 4766 1611 4803 ex
1631 4751 1734 4805 sibi
1764 4754 2007 4821 cognatis
2038 4763 2093 4807 et

530 4840 893 4907 partibilibus,
918 4841 968 4893 id
980 4849 1062 4894 est
1083 4843 1374 4910 corporeis,
1393 4854 1544 4912 typos
1558 4850 1610 4897 et
1634 4845 1886 4899 notiones
1909 4846 2091 4914 expri-

531 4945 683 4983 nmis
697 4932 810 4983 sive
826 4931 928 4984 ista
952 4948 1013 4985 ex
1036 4931 1456 4986 formationibus
1473 4934 1775 4987 materiatis
1799 4936 2089 5003 exprimat,

531 5022 643 5073 sive
693 5022 812 5076 sine
846 5023 1218 5089 integumento
1249 5039 1316 5076 ex
1354 5023 1420 5078 iis
1443 5024 1619 5078 solum
1648 5040 1770 5092 qua:
1811 5026 1863 5078 in
1890 5029 2093 5079 mundo

531 5114 633 5166 sita
662 5122 810 5176 sunt,
845 5113 936 5166 ubi
966 5128 1031 5167 ea
1061 5129 1183 5183 qua:
1216 5114 1439 5183 pulchra
1477 5128 1622 5167 nunc
1667 5115 1935 5175 videmus.
1985 5131 2094 5170 non

534 5206 798 5273 suntipsa
826 5205 1054 5268 veritas,
1087 5206 1180 5258 sed
1218 5204 1461 5258 veritatis
1494 5204 1817 5257 simulacra.
1846 5204 2095 5259 Consen-

609 5298 652 5328 ’°
686 5296 831 5353 l’sal.
856 5313 974 5363 vut,
1000 5297 1050 5352 5.
1133 5298 1173 5328 ¹¹
1216 5296 1392 5352 lCor.
1453 5311 1577 5360 xm,
1614 5297 1703 5351 12.

2202 4655 2363 4707 eSt,et
2394 4647 2557 4699 veluti
2586 4646 2771 4716 figura:
2790 4647 3023 4701 viventis
3045 4648 3243 4713 imago,
3264 4660 3384 4711 qua:
3405 4660 3514 4698 non
3534 4644 3637 4697 erit
3657 4660 3792 4711 pos-

2198 4742 2304 4793 tca,
2335 4746 2551 4789 ostensa
2580 4738 2692 4805 jam
2725 4750 2849 4790 vera
2884 4736 3017 4799 vita,
3044 4744 3098 4786 et
3124 4732 3459 4801 cognitione.
3532 4729 3791 4783 Scientia:

2197 4825 2361 4889 enim,
2392 4827 2582 4899 inquit,
2617 4829 2929 4889 cessabunt,
2967 4824 3334 4894 etpmpbetiae
3349 4823 3788 4877 evacuahuntur.

2201 4911 2363 4969 Recte
2393 4917 2558 4985 igitur
2585 4933 2811 4987 magnus
2844 4916 3078 4971 Basilius
3105 4916 3169 4967 de
3209 4913 3317 4965 Deo
3368 4912 3794 4982 philosophatus

2196 5015 2299 5060 est;
2365 5010 2419 5061 Si
2483 5011 2609 5077 qttid
2644 5024 2971 5075 eoruutqna:
3021 5019 3183 5073 supra
3218 5007 3360 5057 hunc
3384 4999 3791 5068 muudum,qui

2206 5107 2467 5169 cernitur,
2492 5110 2640 5164 sunt,
2674 5098 3031 5169 intelligentia
3084 5093 3586 5163 comprehenderis,
3633 5090 3787 5143 inira

2208 5198 2448 5253 diviuttm
2545 5192 2796 5262 spiritum
2848 5198 2950 5244 est.
3003 5187 3112 5241 luto
3168 5197 3415 5241 summus
3473 5180 3791 5250 TlteOIOgus

2001 5406 2278 5469 Schoha.

612 5516 687 5589 (ἰ)
724 5516 792 5571 Ut
823 5517 922 5572 fuit
950 5519 1187 5589 Angelus
1218 5518 1311 5587 qui
1348 5516 1727 5589 Jcsttttt_iiliutn
1783 5509 2105 5589 Josﬂcdecde

541 5580 757 5642 Christo
789 5589 971 5643 docuit
996 5580 1063 5643 inv
1083 5580 1387 5657 aenigmate,
1420 5585 1651 5639 Zachar.
1674 5600 1753 5646 ιιι,
1783 5592 1835 5636 ct
1864 5580 2100 5643 Gabriel,

544 5658 636 5726 qui
658 5657 957 5724 Daniclem,
999 5676 1047 5713 c.
1082 5676 1155 5713 ix.

628 5815 705 5884 (ιι)
741 5814 797 5867 ln
828 5820 1067 5870 secunda
1092 5810 1340 5865 centuria
1365 5807 1670 5879 theologica
1702 5820 1821 5875 cap.
1860 5804 1945 5858 57.

2284 5504 2359 5573 (“2)
2390 5502 2597 5554 Libera.
2637 5497 2752 5552 Non
2777 5494 3147 5575 o_tnniuo,'sed
3176 5503 3448 5575 quatenus
3475 5503 3578 5541 non
3597 5484 3786 5575 Jbabgt

2212 5564 2352 5627 foris
2382 5575 2461 5626 sic
2495 5584 2690 5623 causas
2717 5566 3150 5643 patiendi,_sicut
3184 5565 3625 5643 hahetorganum
3655 5564 3785 5609 tor-

2203 5659 2428 5713 pereunt
2460 5654 2695 5708 quonon
2726 5653 2878 5691 mens
2903 5638 2996 5689 sed
3032 5648 3226 5690 sensus
3264 5638 3453 5686 utitur.

2310 5794 2382 5865 (b)
2418 5792 2678 5849 Ccnturia
2706 5790 2762 5858 2,
2798 5804 2850 5844 c.
2881 5788 2970 5843 47.
