3980 6208
198 418 292 477 765

930 419 1164 479 DECAS
1193 420 1277 480 II.
1304 445 1373 459 -ο
1415 421 1510 482 DE
1547 419 1991 486 TIIEOLOGIA
2034 429 2696 499 DEMONSTR:\TIVA.

3327 441 3434 505 766

196 529 566 600 ltinnysius(a)
612 530 788 597 :Quia
827 533 1023 602 inquit,
1058 549 1162 588 non
1196 545 1372 604 potest
1391 553 1544 593 mens
1578 548 1762 590 nostra
1797 537 1838 594 Α
1869 541 1948 596 ια.
1979 544 2040 607 ³³,
2074 554 2122 598 et
2146 545 2216 615 (c)
2239 547 2546 604 ﬁrmitatem
2573 550 2624 604 in
2650 550 2780 620 ipsis
2811 550 2990 616 lixam,
3012 553 3164 620 quasi
3187 568 3432 617 nonccr-

159 624 254 700 lal
284 621 427 673 illam
459 621 832 691 incorpoream
860 625 1158 679 caelestium
1193 627 1446 681 ordinum
1487 629 1751 682 imitatio-

196 726 308 762 nem
340 726 406 765 ac
437 715 948 782 contemplationem
986 718 1306 783 protendere
1337 721 1510 774 aciem
1569 735 1749 784 suam,

196 801 295 854 nisi
323 817 581 870 corporeo
596 805 1064 868 adminiculogibi
1108 816 1235 875 apto
1259 819 1461 864 utatur.
1483 808 1547 862 Et
1563 825 1752 866 rursus

195 898 326 951 idem
359 897 511 951 :Non
543 905 738 966 potest,
773 899 965 968 inquit,
989 900 1148 962 aliter
1177 902 1312 967 ﬁeri,
1350 914 1410 957 ut
1461 903 1646 960 radius
1664 904 1753 959 di-

191 989 323 1043 vinae
345 989 671 1058 cognitionis
691 989 847 1045 nobis
877 990 1113 1055 illuceat,
1145 991 1251 1046 nisi
1284 993 1453 1048 variis
1479 995 1615 1048 velis
1663 1009 1752 1049 sa-

190 1083 293 1135 cris
318 1082 611 1151 anagogice
634 1082 900 1150 obtectus,
914 1090 967 1134 et
986 1086 1376 1141 convenienter
1396 1093 1601 1140 naturae
1621 1101 1750 1141 uos-

180 1180 282 1225 .trze
307 1172 490 1226 divina
521 1174 856 1241 providentia
888 1174 1201 1231 adornatus.
1236 1175 1356 1242 Quo
1388 1177 1443 1232 in
1507 1176 1620 1230 iOCt.
1677 1175 1754 1230 ait

189 1262 402 1316 dLvinus
429 1261 696 1318 Maximus
730 1281 744 1318 :
779 1263 906 1320 Siue
931 1266 1070 1335 typis
1098 1276 1150 1321 et
1174 1267 1432 1335 symbolis
1474 1282 1581 1321 non
1629 1282 1754 1336 pos-

190 1368 400 1418 sumus,
431 1353 559 1406 dum
593 1355 646 1408 in
675 1369 900 1428 corpore
925 1371 1134 1420 sumus,
1158 1357 1404 1425 aspicere
1435 1359 1750 1428 incorporea

186 1453 230 1494 ct
251 1443 499 1498 materia!
526 1446 785 1511 expertia.
807 1443 940 1500 llinc
962 1445 1307 1516 perspicitur,
1324 1447 1366 1500 si
1391 1462 1542 1500 mens
1568 1457 1749 1502 nostra

189 1548 283 1585 non
319 1541 503 1600 potest
529 1549 626 1602 per
655 1549 711 1588 se
742 1549 809 1588 ne
837 1537 1052 1606 angelos
1075 1537 1291 1606 quidem
1321 1537 1523 1591 imitari
1557 1546 1753 1594 etcen-

188 1625 456 1692 templari,
495 1641 591 1679 nec
610 1627 674 1679 ad
711 1627 810 1681 ista
834 1628 1022 1692 adniti,
1061 1629 1161 1683 nisi
1193 1630 1508 1698 adjumeu'o
1582 1640 1752 1686 mate-

188 1717 317 1769 riato
349 1725 406 1769 et
427 1716 531 1770 sub
549 1731 770 1772 sensum
792 1719 1015 1774 cadente
1029 1720 1132 1775 sibi
1156 1723 1496 1775 eonvenienti
1531 1733 1713 1778 utatur
1732 1766 1748 1791 ,

186 1805 319 1859 nulla
345 1808 561 1861 ratione
602 1817 654 1861 et
682 1809 762 1862 via
791 1810 898 1863 ﬁeri
935 1825 1111 1876 posse,
1147 1819 1204 1864 ut
1233 1812 1636 1881 intelligentiam
1656 1814 1746 1867 Dei

1855 648 1951 688 nas
1974 650 2134 698 nunc,
2157 652 2348 694 cernes
2373 649 2552 694 autem
2577 656 2676 696 suo
2722 650 2984 712 tempore.
3013 643 3073 698 Et
3133 643 3430 713 Gregorius

1853 722 2132 795 Nyssenus
2168 744 2182 782 :
2216 727 2522 802 Quomodo,
2558 732 2750 802 inquit,
2771 736 3096 804 reperiatur,
3148 751 3309 803 quem
3354 737 3435 789 ni-

1854 816 1926 870 hil
1960 833 2149 874 eorum
2195 837 2318 889 quae
2372 833 2684 886 notescuut.
2732 827 3022 880 declarat?
3055 842 3161 880 non
3234 825 3431 887 forma.

1853 924 1960 968 non
2022 910 2193 975 color,
2250 928 2358 967 non
2416 914 2868 982 circumscriptio,
2919 932 3026 971 non
3076 918 3265 987 ﬁgura,
3327 931 3434 970 non

1853 1003 2156 1070 quantitas.
2196 1019 2302 1056 non
2328 1004 2584 1074 qualitas,
2621 1021 2728 1060 non
2760 1007 2932 1072 locus,
2965 1024 3070 1064 non
3097 1010 3432 1076 conjectura,

1853 1105 1959 1142 non
1973 1091 2288 1154 similitudo,
2312 1109 2416 1147 non
2434 1096 2709 1164 proportio
2733 1115 2746 1162 ;
2768 1099 2897 1166 quin
2918 1101 3094 1166 potius
3113 1114 3328 1167 semper
3350 1108 3437 1152 est

1853 1190 2004 1235 extra
2046 1195 2257 1236 omnem
2292 1182 2433 1237 viam
2473 1186 2990 1254 comprehendendi.
3021 1189 3166 1242 Idem
3212 1172 3432 1242 iterum.

1854 1266 1998 1332 Haec,
2033 1268 2230 1339 inquit,
2257 1279 2344 1326 est
2374 1273 2613 1328 notiouis
2641 1274 2760 1342 ejus
2792 1276 3024 1329 maxime
3039 1277 3257 1344 propria
3284 1285 3435 1336 nota.

1855 1368 2102 1415 naturam
2173 1362 2291 1432 ejus
2338 1377 2458 1417 esse
2490 1379 2657 1433 supra
2699 1381 2915 1439 omnem
2960 1375 3140 1420 notam
3196 1369 3438 1422 notiouis

1852 1448 2286 1519 designatricem.
2321 1453 2388 1506 Et
2417 1468 2664 1508 summus
2696 1455 2976 1525 theologus
3000 1454 3283 1528 Dionysius
3321 1458 3394 1526 (ι)
3416 1475 3436 1512 z

1851 1539 2001 1593 illam
2054 1542 2222 1619 igitur
2272 1544 2512 1598 divinam
2602 1561 2764 1615 supra
2849 1551 3045 1616 quam‘
3077 1550 3436 1604 substantiam

1850 1633 2209 1701 quodcunque
2231 1644 2312 1689 est
2339 1635 2425 1688 illa
2452 1650 2618 1706 supra
2646 1652 2809 1706 quam
2861 1641 3097 1694 essentia
3145 1642 3436 1708 bonitatis,

1851 1738 1971 1792 quae
1997 1739 2158 1794 supra
2197 1726 2492 1782 bonitatem
2524 1737 2626 1791 est,
2691 1743 2866 1798 neque
2934 1739 3192 1799 tanquam
3259 1733 3437 1785 ratio-

1855 1831 1974 1869 nem
2023 1829 2115 1872 aut
2149 1820 2442 1887 potentiam
2469 1801 2676 1889 neque,
2715 1830 2972 1889 tanquam
3023 1831 3282 1886 mentem,
3345 1831 3440 1877 aut

186 1897 296 1950 sine
327 1899 559 1952 materia
589 1909 642 1952 et
671 1915 900 1985 corpore
923 1910 1246 1970 assequatur
1277 1919 1290 1966 ;
1318 1903 1524 1957 idcirco
1549 1904 1755 1972 impos-
1784 1892 1824 1944 Β
1860 1909 2240 1973 substantiam,
2263 1920 2356 1964 aut
2377 1912 2539 1966 vitam
2597 1911 2855 1968 laudibus
2920 1913 3193 1968 celebrare
3219 1914 3299 1970 fas
3331 1922 3435 1979 est,

188 1989 334 2042 Siiliie
362 1999 467 2046 cst.
485 2007 578 2046 eos
603 1993 693 2061 qui
727 1995 893 2046 vitam
926 1994 976 2048 in
999 2007 1228 2063 corpore
1246 1995 1468 2064 degunt,
1493 1995 1611 2049 sine
1629 2011 1753 2050 cor-

184 2083 356 2145 poreis
371 2083 438 2135 ad
457 2085 962 2154 contemplationem
984 2086 1073 2140 Dei
1093 2087 1566 2153 ascendere.Q:tod
1590 2089 1632 2142 si
1657 2103 1758 2144 nos

187 2190 275 2241 per
305 2174 472 2229 inane
504 2177 567 2229 ad
591 2192 650 2230 ea
679 2193 797 2244 quae
812 2166 972 2246 supra
998 2179 1254 2233 saeculum
1281 2190 1755 2248 sunt.evagantes,

187 2279 237 2318 ut
273 2268 503 2334 assolet,
527 2269 653 2339 quid
680 2272 891 2325 tandem
917 2273 1076 2326 etiam
1111 2282 1235 2326 ante
1278 2271 1378 2327 ista
1401 2282 1536 2333 erat,
1577 2273 1758 2328 inves-

190 2360 442 2426 tigemus,
475 2376 652 2431 neque
683 2364 761 2418 sic
782 2363 1114 2419 abducemns
1145 2379 1243 2419 nos
1263 2364 1410 2419 abiis
1427 2380 1756 2435 qurecnrpo—

189 2469 265 2504 rra
301 2462 452 2516 sunt,
477 2465 531 2508 et
557 2455 751 2509 anima:
785 2457 962 2510 vicina
992 2466 1045 2511 et
1076 2467 1328 2528 cognata.
1355 2473 1474 2526 que
1529 2457 1747 2525 quidem

189 2541 451 2600 immensa
490 2547 698 2602 ratione
733 2548 992 2604 inferiora
1024 2559 1151 2605 sunt
1180 2565 1343 2621 quam
1377 2550 1602 2620 spiritus
1634 2549 1751 2615 Dei,

185 2638 267 2707 qui
307 2653 472 2708 supra
496 2649 738 2695 naturam
770 2658 983 2696 omnem
1033 2654 1136 2700 est.
1169 2707 1179 2724 ⁸

743 2750 972 2806 CAPUT
1031 2751 1099 2808 ν.

188 2862 348 2936 οτιοᾴ
378 2863 717 2936 aequatolam
750 2876 796 2918 et
827 2868 1084 2936 integram
1110 2869 1172 2921 de
1221 2869 1327 2922 Deo
1374 2871 1744 2936 cogitationem

246 2933 865 3008 haberem—haesit:ch
894 2933 1164 3008 possumus
1193 2979 1209 3003 ,
1237 2949 1329 2991 aut
1379 2933 1470 3008 per
1521 2959 1638 2996 eam
1691 2944 1756 2997 de

252 3003 368 3054 Deo
391 3004 546 3081 plene
566 3003 922 3081 philosophari
948 3023 1154 3081 ,_negtte
1171 3025 1262 3077 per
1283 3003 1448 3063 aliam
1467 3013 1754 3081 quamlibet

249 3091 278 3124 α
308 3074 463 3127 nobis
497 3075 842 3142 informatum
877 3074 1162 3133 notionem.

248 3184 553 3253 Gregorius
565 3184 891 3255 Theologus,
912 3185 964 3238 in
984 3187 1220 3241 secunda
1239 3189 1484 3245 oratione
1507 3192 1574 3247 de
1595 3194 1750 3249 theo-
1775 3208 1821 3271 (ι

186 3275 344 3345 logia:
369 3275 728 3341 Justiﬁcatus,
765 3277 960 3347 inquit.
1005 3289 1088 3334 est
1119 3295 1184 3334 ex
1213 3281 1317 3335 ﬁde
1341 3298 1569 3354 magnus
1589 3295 1755 3354 patri—

188 3369 344 3422 archa
373 3369 648 3423 Abraham
685 3380 776 3437 ;et
808 3371 1080 3427 sacriﬁcat
1109 3373 1434 3428 sacrificium
1475 3389 1672 3431 novum
1702 3389 1756 3433 et

189 3461 515 3526 inauditum,
536 3477 601 3516 at:
616 3462 756 3517 illius
777 3467 953 3533 magni
974 3466 1227 3520 sacriﬁcii
1248 3467 1558 3536 imaginem.
1586 3470 1750 3524 Deum

191 3567 309 3607 vero
339 3569 457 3607 non
486 3556 731 3609 ntDeum
763 3556 920 3620 vidit,
953 3557 1051 3610 sed
1092 3557 1166 3611 oei
1231 3555 1488 3625 tauquam
1547 3559 1755 3615 homini
1791 3570 1803 3591 '

186 3646 361 3698 cibum
390 3645 648 3724 apposuit
684 3652 780 3709 ;et
816 3645 1064 3700 laudatus
1096 3656 1200 3711 εει,
1233 3649 1378 3717 quod
1412 3657 1625 3702 tantum
1659 3664 1755 3704 ve-

190 3738 489 3792 nerationis
513 3736 787 3803 adhibuit,
813 3747 1073 3808 quantum
1099 3739 1455 3810 intelligentia
1511 3755 1759 3809 compre-

88 3880 97 3887 .
187 3829 388 3884 hendit.
420 3827 623 3882 Ibidem
655 3843 775 3883 cum
803 3828 871 3884 de
885 3826 1052 3883 Jacob
1077 3831 1414 3885 meminisset
1448 3845 1462 3883 :
1493 3829 1559 3884 Et
1579 3830 1754 3886 lucta-

189 3930 272 3973 tur
297 3959 313 3982 ,
334 3919 544 3990 inquit,
582 3935 702 3974 cum
735 3919 844 3976 Deo
865 3929 1124 3991 tanquam
1152 3935 1274 3976 cum
1308 3921 1548 3985 homine,
1609 3939 1758 3993 quie-

188 4030 394 4084 utnqne
418 4016 527 4070 ista
569 4023 651 4068 est
705 4011 798 4068 Dei
850 4029 974 4069 cum
1023 4011 1245 4066 homine
1293 4012 1454 4075 lucta,
1507 4012 1757 4072 fortassis

193 4104 438 4161 humana:
468 4105 684 4159 virtutis
701 4119 822 4158 cum
853 4105 1032 4158 divina
1067 4104 1424 4172 comparatio.
1458 4104 1670 4162 Rursus
1699 4108 1754 4162 in

191 4195 368 4247 eodem
404 4195 531 4248 loco
564 4211 578 4246 :
613 4193 894 4258 Quomodo
926 4194 1172 4248 Manoem
1201 4193 1441 4261 judicem
1501 4199 1670 4266 prius,
1702 4209 1757 4253 et

195 4284 394 4338 Petrum
436 4285 770 4354 discipulum
807 4294 1014 4354 postea,
1046 4301 1154 4338 non
1196 4300 1257 4339 es
1309 4286 1580 4342 miratus?
1609 4288 1754 4342 illum

197 4381 423 4446 quidem,
462 4381 596 4448 quia
629 4393 727 4432 nec
756 4386 1032 4445 aspectum
1069 4377 1158 4430 Dei
1209 4387 1335 4449 typo
1401 4387 1455 4431 et
1520 4381 1754 4451 imagine

193 4467 462 4525 informari
495 4481 690 4537 passus
718 4475 834 4529 est;
873 4473 1012 4518 unde
1033 4466 1162 4520 iilud
1193 4482 1208 4520 :
1249 4468 1529 4535 Periimus,
1562 4470 1758 4539 inquit,

1864 2000 1976 2062 ulli,
2006 2000 2097 2069 qui
2121 2003 2389 2063 veritatis.
2421 2017 2543 2072 quae
2568 2018 2733 2072 supra
2789 2018 3004 2060 omnem
3045 2005 3326 2058 veritatem
3351 2013 3438 2060 est

1861 2091 1928 2144 sit
1948 2092 2247 2155 studiosus,
2279 2093 2409 2162 quin
2433 2094 2542 2147 imo
2563 2094 2786 2150 laudare
2809 2110 2926 2149 eam
2945 2102 3155 2164 oportet
3180 2106 3437 2164 tanquam

1861 2183 1928 2254 ab
1961 2185 2107 2237 omni
2139 2183 2347 2250 habitu,
2397 2194 2568 2252 motu,
2595 2187 2723 2251 vita,
2754 2187 3164 2253 imaginatime.
3195 2187 3417 2255 opinio-

1861 2285 1950 2332 ne.
2009 2275 2266 2338 nomine,
2309 2290 2584 2340 sermone,
2631 2277 2979 2346 cogitatione,
3039 2277 3432 2346 intelligentia,

1859 2363 2184 2427 substantia,
2241 2373 2405 2424 statu.
2464 2367 2805 2426 laudatione.
2883 2368 3108 2430 unione,
3172 2367 3436 2431 ﬁne.im-

1861 2456 2166 2519 mensitate,
2198 2457 2432 2526 denique
2487 2461 2555 2512 ab
2585 2451 2842 2514 omnibus
2896 2474 3238 2529 quzecunque
3282 2468 3434 2525 sunt,

1864 2548 2133 2616 super-late
2219 2549 2571 2606 abstractam.
2665 2551 2802 2606 Hinc
2863 2550 3102 2609 efﬁcitur
3179 2553 3437 2606 manifes-

1861 2648 1998 2703 tum,
2027 2639 2167 2708 quod
2203 2654 2376 2708 neque
2402 2643 2623 2698 notione
2667 2643 2808 2712 typis
2857 2654 2912 2698 et
2958 2643 3287 2713 imaginibus
3343 2644 3432 2697 in.

1861 2725 2358 2798 forn‘iata,antalia
2403 2730 2644 2799 qualibet
2689 2731 3018 2800 cogitatione
3070 2731 3239 2785 Deum
3277 2745 3435 2786 como

1857 2818 2208 2886 prehendere,
2239 2829 2294 2874 et
2319 2821 2385 2874 de
2414 2835 2480 2875 eo
2506 2821 2873 2891 philosophari
2908 2837 3200 2890 possumus
3233 2839 3248 2886 ;
3302 2822 3434 2890 quin

1858 2910 2036 2977 potius
2060 2917 2209 2962 extra
2243 2909 2357 2964 hate
2394 2908 2574 2963 omnia
2612 2917 2694 2963 est
2726 2909 3018 2978 ;quoniam
3033 2908 3210 2962 omnis
3268 2908 3442 2976 phan-

1858 3002 2016 3063 tasia,
2047 3000 2096 3052 id
2126 3010 2228 3062 est,
2257 3000 2535 3069 cogitatio,
2558 2978 2861 3070 triplicem.
2881 3016 3039 3055 usum
3094 2999 3257 3053 habet
3290 2997 3373 3068 (τι)
3424 3015 3440 3054 :

1857 3107 1962 3146 una
1988 3093 2180 3159 ﬁgurat
2209 3107 2269 3146 ea
2289 3108 2409 3160 quae
2427 3093 2677 3148 sensibus
2694 3093 3086 3162 percipiuntur,
3126 3091 3444 3160 imprimens

1857 3183 2131 3240 memoriae
2181 3198 2517 3253 quaecunque
2561 3198 2627 3238 ex
2669 3184 2922 3238 sensibus
2970 3191 3247 3248 assumpta
3293 3189 3443 3242 sunt,

1860 3292 1979 3347 qtlzt‘:
2004 3277 2242 3346 singulas
2269 3277 2531 3342 imagines
2557 3277 2764 3336 ordine,
2795 3284 2854 3326 ut
2887 3279 2957 3326 ita
2986 3274 3188 3334 dicam,
3250 3283 3304 3326 et
3351 3285 3438 3325 ar-

1867 3369 2080 3424 ticulate
2113 3369 2436 3438 disponitet
2481 3367 2769 3436 distinguit
2830 3385 2845 3431 ;
2896 3381 3057 3435 quam
3106 3372 3304 3419 vocant
3357 3379 3444 3418 sa-

1865 3477 1985 3514 nam
2027 3453 2390 3528 phantasiam,
2417 3467 2470 3512 et
2495 3472 2704 3528 magna:
2736 3466 2943 3509 natura:
2979 3455 3165 3509 fretum
3193 3471 3207 3506 :
3272 3451 3438 3508 altera

1866 3550 2130 3620 imprimit
2156 3551 2385 3604 obscura
2413 3548 2657 3617 qumdam
2691 3547 2930 3616 vestigia,
2989 3559 3111 3615 quae
3165 3558 3270 3597 non
3315 3545 3446 3598 sinit

1870 3643 2104 3710 cogitata
2134 3642 2246 3704 illa,
2265 3642 2370 3696 ulla
2395 3657 2457 3695 ex
2485 3648 2635 3710 parte
2663 3639 3020 3704 manere;sed
3039 3635 3447 3690 conittsasima-

1865 3736 2040 3805 gines,
2071 3742 2126 3789 et
2157 3733 2312 3788 aliter
2339 3733 2446 3786 alio
2481 3740 2722 3800 tempore
2739 3737 3101 3784 eommutatas
3132 3725 3440 3795 promiscue

1863 3825 2074 3895 objicit,
2127 3832 2182 3879 et
2227 3823 2384 3893 prius
2437 3821 2548 3876 fere
2595 3835 2756 3890 quam
2809 3820 3140 3889 cogitatione
3170 3817 3290 3870 ﬁcta
3312 3816 3440 3880 sint,

1865 3919 1931 3975 ab
1962 3918 2068 3973 illis
2095 3917 2230 3986 ipsis
2255 3914 2478 3991 esejdit,
2509 3922 2563 3968 et
2586 3913 2736 3968 omni
2765 3911 2944 3966 fructu
2977 3919 3030 3965 et
3053 3910 3286 3964 utilitate
3349 3922 3442 3974 ca-

1863 4019 1965 4074 ret,
1988 4010 2165 4079 qualis
2186 4019 2268 4063 est
2292 4007 2538 4060 inanium
2562 4006 2903 4060 somniorum
2939 4005 2990 4056 in
3013 4003 3196 4072 quiete
3241 4002 3450 4070 cogita-

1862 4101 1970 4164 tio,
2038 4111 2092 4153 et
2139 4113 2329 4153 eorum
2404 4112 2526 4166 quae
2585 4105 2790 4151 temere
2847 4105 2898 4149 et
2952 4093 3180 4147 fortuito
3244 4094 3450 4162 cogita-

1867 4194 2014 4247 tione
2046 4190 2362 4259 ﬁnguntur;
2402 4189 2556 4242 tertia
2586 4193 2670 4242 est
2703 4187 2756 4241 in
2782 4187 2846 4241 iis
2880 4201 2999 4256 qua:
3023 4184 3229 4255 agenda
3298 4194 3444 4250 sunt,

1865 4285 1982 4340 sine
2016 4293 2160 4337 recta
2181 4281 2389 4335 ratione
2416 4280 2786 4350 progrediens,
2823 4294 2927 4348 qua
2962 4279 3012 4332 id
3037 4277 3179 4347 quod
3209 4290 3318 4330 non
3340 4269 3443 4340 est,

1868 4387 2128 4447 tanquam
2159 4376 2250 4441 sit,
2280 4373 2552 4443 cogitatur
2585 4411 2601 4435 ,
2621 4387 2744 4440 qua:
2787 4371 2998 4423 laetatur
3031 4369 3231 4437 quibus
3249 4367 3444 4450 dolent

1865 4469 1992 4522 dum
2027 4475 2163 4530 erat,
2192 4475 2244 4519 et
2271 4464 2418 4518 dolet
2441 4461 2640 4532 quibus
2669 4459 2958 4512 laetandum
2998 4475 3013 4524 ;
3052 4467 3103 4511 et
3157 4455 3302 4526 quod
3343 4455 3445 4510 sib|

185 4565 385 4624 diutor,
411 4561 644 4615 vidimus
673 4557 834 4609 Deum
861 4557 1204 4626 ",‘laliquam
1224 4573 1330 4612 non
1359 4561 1568 4629 possint
1597 4562 1774 4617 homi-
1805 4559 1848 4616 υ
1877 4559 2226 4628 persuaserit,
2261 4572 2366 4609 non
2399 4553 2598 4624 poterit
2623 4553 2669 4607 ei
2703 4549 3006 4606 dissuaderi
3041 4565 3056 4614 ;
3085 4547 3305 4602 adamat
3339 4556 3441 4600 au-

179 4665 272 4706 nes
299 4653 599 4721 imaginem
646 4647 738 4702 Dei
785 4648 837 4703 in
884 4662 1074 4702 sensus
1097 4651 1318 4703 notione
1344 4651 1572 4706 edictam
1595 4662 1648 4708 et
1671 4654 1758 4708 in-

179 4744 471 4797 formataut
501 4755 716 4810 capere.
748 4741 940 4793 nedum
980 4755 1222 4792 naturam
1257 4741 1404 4808 ejus;
1439 4743 1582 4798 hunc
1605 4759 1756 4810 vero,

193 4835 318 4903 quia
343 4834 630 4889 Christum
671 4844 831 4900 quem
864 4831 1137 4895 cernebat,
1176 4829 1228 4884 in
1289 4833 1591 4887 naviculam
1651 4851 1760 4888 non

175 4927 501 4996 recipiebat,
533 4926 678 4978 etoh
721 4940 839 4977 eam
878 4937 1104 4980 causam.
1131 4937 1254 4976 eum
1303 4925 1625 4981 dimittebat.
1677 4925 1744 4980 Et

177 5034 369 5070 rursus
401 5018 459 5070 in
481 5016 670 5067 eadem
702 5016 979 5067 oratione:
1004 5012 1118 5067 Nec
1145 5013 1212 5066 de
1243 5014 1355 5080 ipsa
1373 5027 1620 5070 creatura
1639 5033 1763 5084 per-

174 5109 309 5162 lecta
331 5107 717 5179 perspicientia
744 5115 848 5168 est,
864 5104 1129 5173 siquidem
1148 5105 1474 5159 credendum
1495 5117 1578 5162 est
1600 5108 1762 5176 hujus

170 5202 335 5254 etiam
363 5199 595 5254 umbras
642 5198 812 5252 solum
870 5208 920 5250 t3
961 5196 1176 5259 habere,
1233 5210 1356 5250 cum
1387 5198 1575 5252 audias
1615 5218 1627 5254 :
1668 5199 1760 5253 Vi-

171 5294 299 5347 debo
326 5290 493 5344 creto:
535 5302 695 5356 opera
732 5287 1018 5352 digitorum
1049 5292 1256 5337 tuorum
1305 5287 1486 5340 lunam
1533 5298 1580 5341 et
1628 5290 1759 5342 stel-

239 5445 288 5476 ⁸²
351 5442 536 5496 Jndie.
583 5455 700 5506 xm,
726 5439 815 5490 93.
895 5438 937 5468 ¹³
972 5437 1114 5492 Psal.
1156 5452 1270 5501 vui,
1311 5439 1366 5490 4.

241 5607 326 5676 (a)
360 5607 424 5656 In
452 5604 698 5676 oratione
725 5601 790 5657 dc
829 5602 1174 5657 confessione
1209 5599 1354 5654 ﬁdei.
1390 5600 1582 5668 CapJ.
1635 5598 1761 5654 σω·-

172 5674 318 5732 (estis
355 5674 696 5728 hieran/tite.

244 5748 324 5814 (ιι)
377 5731 1193 5814 Interpretartio'estverborum
1251 5756 1369 5811 qur
1423 5749 1747 5809 sequuntur;

174 5812 306 5880 Qua:
341 5823 407 5867 tu
449 5812 710 5867 fundasti.

1869 4661 1972 4706 tetu
2001 4647 2415 4716 etamplectitur
2441 4661 2561 4713 qu.e
2595 4643 2927 4714 cogitatione
2957 4639 3222 4709 depingit,
3254 4653 3352 4693 ceu
3369 4639 3448 4692 le-

1866 4757 1958 4812 ges
1985 4737 2244 4809 quasda'n
2275 4737 2536 4791 divinitus
2591 4736 2691 4790 sihi
2738 4733 3078 4795 informatas,
3145 4728 3450 4785 contendit-

1869 4847 1992 4899 que,
2017 4839 2074 4884 ut
2095 4843 2214 4900 quae
2235 4827 2532 4898 clarissima
2565 4834 2618 4880 et
2641 4835 2766 4879 ante
2804 4823 2994 4879 oculos
3029 4821 3202 4890 posita
3220 4829 3365 4879 sunt,
3399 4819 3446 4873 si

1869 4923 1984 4977 ﬁeri
2017 4923 2202 4991 possit,
2233 4922 2297 4974 a-J
2323 4935 2562 4974 errorem
2599 4933 2758 4973 suum
2787 4923 3078 4986 pervertat.
3112 4914 3172 4968 lu
3254 4911 3446 4980 hujus-

1871 5013 2014 5066 modi
2040 5012 2414 5082 cogitationem
2441 5013 2533 5079 qui
2587 5011 2852 5073 incidunt,
2910 5007 3238 5062 insanabiles
3273 5004 3430 5068 ﬁunt;

1872 5107 1963 5176 qui
1994 5109 2035 5159 si
2071 5116 2316 5175 potentes
2338 5106 2468 5171 sint,
2495 5107 2546 5167 in
2581 5105 2871 5174 perniciem
2907 5101 3186 5157 civitatum
3263 5100 3442 5152 immi-

1876 5207 2003 5264 nent
2035 5214 2049 5262 ;
2087 5198 2131 5251 si
2163 5197 2385 5260 inﬁrmi,
2412 5207 2467 5252 et
2495 5213 2599 5251 non
2624 5197 2866 5250 valentes
2887 5195 3082 5264 opibus
3113 5235 3126 5257 ,
3186 5207 3291 5244 non
3342 5191 3412 5245 de

1867 5289 2079 5354 sistent,
2102 5289 2231 5358 quin
2257 5299 2516 5356 quantum
2549 5290 2600 5341 in
2631 5303 2692 5343 se
2727 5288 2848 5353 erit,
2883 5301 2976 5340 eas
2993 5285 3237 5353 perdant.
3261 5282 3335 5338 De
3360 5284 3446 5340 his

1931 5601 1998 5666 (ε)
2028 5600 2163 5666 Cap.
2203 5597 2248 5647 ί.
2281 5597 2344 5650 de
2360 5599 2526 5652 divin.
2561 5616 2698 5652 nom.

1934 5673 2010 5738 (d)
2046 5669 2168 5721 Ilatc
2198 5668 2265 5722 de
2294 5669 2490 5737 triplici
2526 5671 2808 5736 phantasia
2842 5687 2907 5724 cx
2947 5672 3074 5728 Sch.
3105 5672 3164 5726 S.
3216 5669 3434 5727 Maximi

1863 5755 1914 5811 tu
1943 5737 1982 5791 7c
2017 5741 2063 5791 Ι.
2095 5737 2331 5811 Dionysii
2384 5740 2450 5811 de
2479 5739 2672 5811 diuinis
2728 5744 3051 5808 nominibus,
3096 5743 3188 5798 sed
3251 5743 3435 5811 copio-

1869 5809 2007 5871 sius,
2040 5818 2093 5860 ct
2121 5808 2463 5875 carptanatius
2525 5809 2629 5862 hic.
