3980 6208
331 161 382 182 ,τ

217 264 310 324 769

942 261 1179 322 DECAS
1219 261 1298 322 ῘῙ.
1342 283 1406 298 --
1453 260 1775 335 ΒΕδΤΗΕ(

1884 259 1942 319 lG
1956 259 2034 318 IA
2073 255 2745 321 DEMONSTRATlVA.

3344 252 3452 315 7'0

210 375 407 431 nullius
438 378 512 427 rei
545 371 952 426 similitudinem
974 373 1155 433 liabet,
1184 383 1238 425 et
1269 387 1431 425 causa
1455 384 1535 426 est
1570 389 1600 424 ιι
1649 389 1766 424 om-
1799 379 1840 434 Α
1870 374 2061 425 ordine
2097 386 2196 440 pro
2241 372 2450 426 viribus
2498 372 2850 427 ascendimus
2885 367 2940 424 in
2977 367 3253 424 ablatione
3285 371 3363 440 (Ξῖ
3397 377 3455 424 (ει

211 466 290 520 nia
325 466 452 521 sint.
488 463 603 531 ipse
638 477 765 515 vero
801 476 907 514 non
935 471 1040 521 est,
1078 471 1134 514 ut
1163 462 1255 530 qui
1294 463 1367 516 sit
1395 472 1548 516 extra
1577 462 1763 514 omnia

209 574 322 628 qua:
351 567 499 617 sunt,
533 566 587 609 et
610 564 666 608 ut
707 554 821 621 ipse
858 554 924 606 de
961 568 1019 607 se
1043 554 1144 606 sibi
1181 554 1398 622 proprie.
1415 563 1476 607 et
1530 553 1768 608 scienter

209 652 394 708 ellcrre
426 657 621 718 potest.
644 646 722 701 Ex
753 647 837 700 bis
858 645 1049 715 liquet,
1073 647 1215 717 quod
1243 644 1385 700 Deus
1410 660 1508 699 nec
1534 645 1768 699 naturali

211 743 685 810 repraesentatione
716 737 972 806 cognosci
1005 735 1081 790 ab‘
1105 736 1212 788 ullo
1245 751 1487 804 unquam
1532 736 1708 804 possit
1747 751 1761 789 :

213 833 336 902 fugit
370 831 514 886 enim
552 830 808 883 omnibus
847 828 1020 882 modis
1065 829 1460 898 cognitionem,
1515 825 1762 896 quando,

211 933 299 978 aut
327 921 602 992 quomodo
631 920 723 986 sit,
751 935 852 974 nec
874 930 953 974 est
985 933 1174 974 eorum
1209 918 1644 986 quiintelligui.t,
1676 923 1770 967 aut

209 1030 392 1067 eorum
414 1029 537 1079 qua:
563 1013 938 1080 intelliguntur
977 1019 1087 1075 ;est
1121 1012 1264 1063 enim
1290 1008 1622 1064 substantia,
1646 1021 1769 1074 qua:

212 1108 509 1172 subiectum
552 1122 673 1158 esse
695 1104 799 1158 non
827 1115 1002 1172 potest
1029 1120 1044 1164 ;
1075 1113 1156 1157 est
1182 1103 1331 1154 notio
1359 1118 1478 1169 qua:
1511 1101 1655 1153 nulla
1685 1115 1772 1152 ra-

213 1201 355 1252 tione
375 1198 681 1265 subjectum
705 1199 884 1249 liabet.
913 1197 967 1248 lu
990 1209 1099 1264 quo
1118 1195 1351 1263 igiturid
1379 1193 1662 1246 fundatum
1678 1207 1772 1245 co-

211 1295 460 1358 gnoscet,
493 1287 638 1355 quod
677 1302 781 1339 non
821 1293 996 1354 potest
1032 1301 1255 1352 prorsus
1295 1286 1533 1353 recipere
1561 1283 1775 1352 subjec-

212 1389 318 1433 tiim
349 1380 417 1432 ad
461 1378 761 1432 notionem?
791 1379 955 1431 Recte
987 1377 1151 1446 igitur
1173 1387 1254 1430 est
1312 1377 1651 1430 itniiiensitas
1679 1391 1774 1429 su-

212 1488 301 1542 pra
339 1472 728 1536 substantiam,
789 1481 845 1523 et
873 1486 1025 1546 mens
1058 1469 1312 1523 omnibus
1359 1467 1776 1536 cogitatiOiiibus

209 1563 622 1629 iiieogitatiilis';
653 1561 781 1630 quin
829 1563 1004 1631 potius
1038 1575 1190 1614 mens
1249 1575 1357 1614 non
1419 1558 1622 1612 cadens
1675 1556 1777 1611 sub

1871 478 1924 531 in
1977 465 2352 532 superlatione
2397 467 2641 518 omnium
2672 504 2687 526 ,
2727 474 2782 517 et
2831 463 2884 516 in
2938 462 3181 516 omnium
3235 464 3450 518 causa?

1869 555 2162 625 Gregorius
2193 555 2500 626 Theologus
2530 555 2583 609 in
2613 554 2856 610 secunda
2890 553 3140 608 oratione
3163 555 3230 607 de
3257 553 3440 609 Theo-

1869 645 2011 718 logia
2061 666 2077 704 :
2124 648 2237 715 Sic,
2296 649 2497 718 inquit,
2533 649 2623 704 illa
2675 664 2704 703 a
2742 648 2849 704 Deo
2900 647 3138 717 perlecta
3187 649 3351 713 ratio,
3391 659 3448 703 et
3533 637 3536 642 ’

1870 741 2124 796 omnibus
2155 743 2360 806 innata,
2387 757 2450 795 ac
2479 743 2650 811 prima
2682 743 2733 796 in
2763 743 2918 797 nobis
2949 743 3058 806 lex,
3089 749 3143 795 et
3173 756 3295 795 cum
3333 756 3449 795 om-

1873 832 2032 886 nibus
2060 831 2331 899 colligata,
2364 847 2466 885 nos
2491 848 2553 884 ex
2586 833 2652 886 iis
2681 848 2801 901 quin
2831 842 3152 895 cernuntur,
3180 833 3246 887 ad
3275 832 3443 887 Deum

1876 921 2124 974 adduxit.
2160 921 2237 974 Ac
2284 936 2478 976 rursus
2528 921 2667 976 idem
2703 922 2800 990 (a),
2838 922 2996 986 Deus,
3029 923 3227 991 inquit,
3271 933 3448 978 mente

1874 1018 2085 1078 tantum
2122 1009 2505 1071 adumbralur,
2557 1020 2611 1064 et
2647 1025 2708 1064 ea
2748 1012 2963 1077 quidem
3018 1013 3172 1065 valde
3218 1013 3448 1068 obscure

1871 1113 1926 1156 et
1965 1101 2192 1162 minute,
2227 1116 2332 1154 non
2361 1116 2427 1154 ex
2457 1102 2522 1155 iis
2556 1116 2678 1170 qua:
2711 1101 2764 1155 in
2798 1099 3146 1171 natura‘ejus
3179 1113 3329 1169 sunt,
3355 1105 3449 1158 sed

1873 1208 1994 1262 qua:
2033 1208 2156 1246 eum
2189 1193 2571 1254 circumstant,
2607 1194 2714 1246 alia
2743 1209 2809 1246 ex
2842 1195 2948 1247 alio
2979 1196 3326 1264 cogitationis
3370 1197 3448 1248 in-

1878 1284 2208 1339 formatione
2261 1284 2484 1338 collecta
2538 1284 2590 1336 in
2644 1299 2805 1339 unam
2859 1286 3150 1354 quamdam
3203 1288 3448 1341 veritatis

1878 1375 2190 1444 imaginem.
2233 1375 2341 1428 lloc
2389 1384 2566 1428 autem
2615 1376 2704 1428 alii
2758 1385 2880 1444 post
2913 1377 3232 1447 Gregorium
3283 1379 3449 1431 inter-

1877 1469 2092 1536 prvtati,
2128 1468 2289 1532 Deus,
2320 1468 2593 1536 inquiunt,
2627 1483 2735 1522 non
2774 1484 2838 1522 ex
2875 1469 2940 1523 iis
2972 1485 3090 1533 quae
3117 1470 3167 1522 in
3200 1484 3265 1522 eo
3294 1479 3446 1534 sunt,

1879 1559 1932 1612 id
1966 1569 2068 1624 est,
2104 1576 2169 1613 ex
2203 1561 2504 1614 substantia
2535 1562 2653 1630 ejus
2675 1603 2688 1624 ,
2721 1563 2814 1616 sed
2847 1579 2908 1616 ex
2963 1563 3028 1616 iis
3073 1577 3194 1630 quae
3241 1563 3445 1615 circum

199 1656 643 1725 diuelligentiaiu,
667 1666 721 1710 et
745 1658 880 1708 ratio
945 1654 1231 1708 inell‘abilis
1276 1661 1361 1707 est
1419 1647 1602 1714 nobis,
1657 1650 1776 1706 sine
1809 1664 1846 1716 Β
1878 1651 2054 1720 ipsum
2087 1662 2234 1713 sunt,
2269 1652 2318 1705 id
2352 1663 2455 1712 est,
2485 1668 2551 1706 ex
2579 1655 2845 1707 creaturis
2871 1654 3194 1720 percipitur.
3231 1655 3292 1704 Et
3323 1668 3450 1707 sau-

210 1747 440 1809 ratione,
474 1749 591 1800 sine
629 1746 999 1810 intelligentia,
1025 1747 1145 1800 sine
1176 1744 1412 1803 nomine,
1434 1743 1594 1811 idque
1614 1756 1776 1811 prop-

210 1847 284 1893 ter
306 1840 732 1908 superlationem
783 1839 1100 1892 substantiae
1149 1848 1206 1890 et
1232 1834 1645 1902 intelligentiae;
1698 1833 1774 1888 si—

209 1941 297 1985 cut
325 1931 514 1984 lumen
548 1930 816 1985 excellens
846 1933 1014 1984 aciein
1065 1929 1350 1984 oculorum
1402 1927 1635 1982 edicitur
1675 1940 1775 1978 no-

211 2021 288 2076 bis
313 2024 585 2085 tenebrae,
636 2031 690 2076 et
711 2036 878 2077 sonus
913 2021 1042 2076 item
1071 2020 1342 2074 excellens
1371 2032 1590 2074 sensum
1623 2015 1778 2070 audi-

217 2121 325 2179 tus,
361 2113 626 2168 surditas.

820 2199 1049 2255 CAPUT
1083 2198 1194 2256 γυ.

212 2313 361 2370 Unde
384 2314 622 2379 tandem,
653 2323 701 2367 et
746 2326 811 2367 ea:
853 2312 1041 2433 quaom
1071 2312 1139 2366 sit
1179 2313 1242 2364 de
1269 2309 1374 2363 Deo
1401 2305 1778 2382 philosophan-

959 2397 1068 2433 uin.

959 2397 1068 2434 um.

273 2473 511 2545 llagnus
539 2473 828 2544 Dionysius
851 2487 972 2541 cap.
1007 2474 1060 2536 7,
1093 2470 1167 2523 De
1207 2470 1402 2524 divinis
1429 2467 1726 2522 nominibus
1755 2481 1775 2520 :

211 2561 515 2623 Praterea,
565 2563 786 2642 inquit,
825 2563 1175 2632 quareiiduin
1229 2570 1312 2616 est
1361 2562 1636 2630 quomodo
1680 2573 1778 2613 nos

207 2653 383 2709 Deum
433 2657 852 2723 cognoscimus,
887 2655 976 2722 qui
1022 2668 1201 2720 neque
1247 2667 1412 2708 sensu
1459 2650 1777 2720 percipitur,

208 2762 308 2801 nec
346 2746 716 2814 intelligentia,
741 2754 796 2800 et
829 2757 886 2800 ut
918 2745 1169 2800 universe
1199 2746 1395 2808 dicam,
1437 2744 1568 2798 nihil
1603 2752 1682 2797 est
1709 2759 1776 2796 ex

208 2839 271 2894 iis
322 2853 448 2908 qua
494 2847 643 2893 sunt.
690 2841 772 2891 Au
822 2854 928 2891 non
966 2839 1144 2906 potius
1179 2854 1302 2892 vere
1352 2837 1584 2903 dicatur,
1631 2838 1774 2906 quod

209 2929 384 2984 Deum
417 2946 526 2984 non
569 2931 950 2998 cognoscimus
997 2945 1072 2982 ex.
1110 2940 1300 2982 natura
1345 2931 1465 2998 eius
1514 2930 1588 2998 (id
1629 2931 1772 2982 enim

1882 1752 2000 1804 ctus
2031 1741 2299 1796 Maximus
2334 1743 2386 1796 in
2423 1743 2741 1813 Tlinologicis
2768 1761 2785 1797 :
2817 1746 2889 1796 Ex
2925 1745 3092 1810 nulla,
3130 1745 3322 1813 inquit,
3365 1760 3448 1810 re,

1882 1849 2222 1904 quaecunque
2248 1836 2340 1898 sit,
2369 1837 2570 1905 percipi
2608 1847 2786 1904 potest
2808 1836 2908 1905 (5),
2931 1837 3032 1891 lioc
3064 1852 3173 1890 uno
3200 1849 3448 1906 excepto,

1882 1925 2026 1994 quod
2066 1941 2160 1994 per
2198 1927 2356 1980 iidem
2405 1927 2782 1996 cognoscitur,
2830 1929 2996 1999 idque
3031 1945 3097 1982 ex
3131 1928 3197 1982 iis
3227 1945 3349 1999 qua:
3383 1932 3452 1980 an

1882 2017 2001 2086 ipso
2046 2017 2236 2072 effecta
2287 2027 2436 2084 sunt,
2488 2022 2862 2090 cegnoscitur.
2903 2023 3148 2090 inquam,
3183 2024 3326 2090 quod
3360 2023 3452 2086 sit,

1882 2122 1990 2160 non
2020 2107 2150 2176 quid
2192 2108 2282 2162 sit.
2314 2110 2392 2161 Ac
2439 2125 2625 2163 rursus
2675 2111 2815 2165 idem
2848 2113 2901 2166 iii
2949 2114 3104 2167 tertia
3150 2115 3396 2169 centuria
3435 2129 3450 2165 ε

1882 2197 2037 2264 Quod
2071 2202 2290 2269 proprie
2315 2208 2421 2265 est,
2451 2218 2514 2255 ex
2546 2218 2612 2258 eo
2647 2204 2791 2272 quod
2828 2220 2937 2259 non
2967 2213 3054 2259 est
3085 2207 3322 2275 proprie,
3361 2221 3451 2259 co-

1883 2289 2167 2357 gnoscitur
2201 2305 2357 2356 esse;
2393 2295 2765 2362 cognoscitur,
2796 2294 3014 2364 inquam
3043 2336 3057 2358 ,
3093 2312 3197 2349 non
3233 2296 3448 2350 habitu-

1883 2381 2013 2434 dine
2039 2379 2241 2451 aliqua,
2274 2397 2382 2452 qua
2415 2384 2482 2437 ad
2519 2384 2647 2437 illud
2673 2383 2815 2452 quod
2844 2397 3056 2439 nonest
3104 2387 3338 2455 pri-prie,
3371 2404 3453 2441 re-

1885 2472 2111 2539 feratur,
2158 2482 2254 2529 aut
2289 2490 2414 2528 cuin
2450 2489 2515 2528 eo
2551 2484 2919 2543 comparetur.
2967 2475 3257 2540 Quomodo
3307 2479 3451 2530 enim

1883 2565 2027 2632 quod
2060 2565 2278 2633 pr0prie
2305 2576 2408 2628 est,
2433 2575 2486 2620 et
2519 2576 2577 2618 ut
2607 2565 2852 2620 omnium
2877 2581 3042 2620 causa
3077 2582 3239 2634 supra
3269 2567 3456 2622 omnia

1882 2666 1990 2721 est,
2008 2665 2060 2710 et
2090 2672 2194 2710 non
2223 2659 2600 2726 cognoscendo
2630 2657 2784 2720 illud,
2813 2657 2952 2711 sicut
2988 2658 3088 2712 alia
3119 2673 3456 2727 cognosmin-

1885 2743 1992 2810 tur,
2036 2747 2408 2816 cognoscitur,
2461 2763 2585 2802 cuiu
2625 2749 2690 2803 iis
2718 2763 2838 2816 quae
2890 2763 2993 2800 non
3039 2757 3168 2802 sunt
3215 2764 3378 2816 propr
3402 2764 3454 2808 e,

1885 2838 2029 2892 ullus
2063 2854 2296 2906 unquam
2340 2839 2450 2893 ulla
2484 2855 2548 2892 ex
2581 2849 2735 2908 parte
2769 2840 3050 2894 conferet?
3077 2855 3201 2892 cum
3249 2839 3451 2905 alioqui

1885 2945 1990 2983 non
2025 2931 2299 3000 possimus
2327 2947 2428 2986 nos
2461 2929 2512 2984 id
2561 2933 2705 3000 quod
2753 2941 2836 2986 est
2887 2947 3049 2998 supra
3087 2931 3450 2986 substantiam

209 3020 357 3088 quod
388 3030 596 3074 natura:
640 3021 758 3088 ejus
805 3030 905 3084 est,
943 3019 1275 3087 incognitum
1311 3029 1416 3084 est,
1464 3027 1516 3071 et
1561 3034 1778 3072 omnem
1811 3007 1850 3060 (ἶ
1884 3021 2040 3074 aliter
2075 3019 2336 3085 indicare,
2369 3035 2531 3089 quam
2566 3021 2610 3075 si
2643 3035 2706 3075 ex
2742 3020 2809 3074 iis
2837 3036 2956 3086 quae
3001 3031 3126 3073 rtlltl
3151 3062 3164 3076 .
3203 3022 3302 3074 hor
3331 3031 3452 3074 tan-

211 3115 480 3166 rationem
533 3126 597 3165 ac
639 3118 873 3166 mentem
910 3112 1178 3180 supcrat),
1211 3109 1302 3164 sed
1339 3125 1402 3162 ex
1431 3111 1622 3164 ordine
1658 3124 1775 3164 om-

211 3203 365 3258 nium
388 3219 570 3256 rerum
601 3211 854 3270 tanquam
877 3202 945 3255 ab
973 3202 1087 3270 ipso
1110 3201 1412 3271 proposito,
1435 3211 1486 3254 et
1517 3201 1780 3271 imagines

212 3294 482 3363 quasdam
529 3309 595 3347 ac
641 3293 1028 3348 similitudines
1077 3292 1468 3361 exemplarium
1521 3293 1640 3362 ejus
1699 3290 1775 3360 (l)

213 3385 524 3440 divinorum
564 3385 617 3438 in
667 3399 724 3438 se
775 3385 1004 3438 babente
1051 3381 1117 3435 ad
1167 3383 1609 3451 cognoscendum
1639 3381 1772 3434 illud

213 3491 492 3532 summum
529 3476 754 3542 bonum,
782 3485 838 3531 et
866 3475 1111 3529 omnium
1137 3474 1399 3528 bonorum
1427 3473 1586 3526 linem
1620 3473 1701 3525 ria
1731 3482 1786 3528 et

1889 3120 2000 3162 tum
2036 3111 2103 3165 de
2141 3126 2206 3166 eo
2249 3111 2442 3180 exigue
2490 3111 2812 3173 indicemus,
2852 3112 3102 3165 videlicet
3151 3113 3294 3179 quod
3347 3121 3454 3165 est.

1888 3201 1950 3253 Et
1982 3202 2157 3255 adhuc
2204 3202 2345 3254 idem
2399 3201 2452 3254 in
2501 3202 2742 3254 secunda
2793 3203 3038 3255 centuria
3076 3204 3141 3254 de
3183 3202 3453 3255 cliat‘itat:

1885 3293 2058 3360 eap’te
2085 3292 2345 3345 vicesimo
2375 3292 2633 3359 septimo,
2671 3290 2794 3356 Qui,
2827 3291 3019 3358 inquit,
3052 3290 3116 3344 de
3144 3289 3248 3345 Deo
3279 3292 3457 3358 pliilo.

1889 3384 2221 3451 soiiliatiirus
2271 3396 2350 3445 es,
2387 3395 2452 3434 ne
2498 3381 2737 3434 rationes
2785 3379 2852 3433 de
2888 3386 3082 3432 natura
3111 3379 3229 3448 ejus
3275 3380 3453 3434 disse-

1895 3471 2048 3528 rendi
2082 3485 2324 3540 quaeras;
2370 3486 2479 3526 non
2527 3470 2672 3525 enim
2726 3469 2964 3525 liiiinana
3013 3485 3167 3526 mens
3213 3472 3457 3527 invenire

1678 3612 1949 3679 Scholia.

215 3755 328 3804 cap.
362 3741 419 3800 7,
460 3735 536 3788 De
573 3736 762 3791 divinis
808 3738 1059 3791 nominib.
1111 3737 1337 3792 Paulum
1378 3739 1647 3803 imitatus,
1689 3756 1779 3795 sa-

215 3809 475 3882 pientiam
513 3807 602 3882 Dei
633 3807 1163 3882 rationeyacantem,
1190 3819 1241 3862 et
1275 3818 1542 3882 amentem
1577 3819 1622 3863 et
1645 3810 1780 3864 stul-

218 3878 319 3934 izim
348 3878 594 3950 vocavit,
626 3888 685 3931 ut
715 3878 1087 3950 excellentiam
1109 3879 1229 3946 ejus
1252 3880 1600 3946 signiﬁcaret,
1636 3882 1777 3950 qiioil

220 3953 285 4006 ita.
345 3948 646 4004 antecellat
720 3948 987 4001 rationem
1059 3960 1301 4002 nostrain
1331 3987 1345 4012 ,
1384 3957 1444 4000 ut
1477 3953 1527 4000 ‘a
1567 3948 1778 4005 ratione

221 4019 382 4074 aliena
411 4018 711 4081 habeatur;
747 4021 818 4068 ita
848 4027 1108 4080 mentem,
1129 4027 1186 4069 iit
1215 4019 1449 4070 amentia
1480 4027 1532 4070 ρι
1550 4021 1775 4073 stultitia

221 4099 466 4157 putetur;
509 4087 592 4141 sic
628 4088 730 4157 lioc
781 4087 919 4148 loco,
977 4089 1100 4154 quia
1145 4087 1382 4156 cognitio
1412 4087 1516 4157 Dei
1563 4088 1776 4144 inliuilo

224 4156 504 4212 iiitrriallo
554 4156 819 4209 rationein
855 4167 1152 4218 creaturae,
1188 4167 1242 4208 et
1293 4156 1627 4212 intellectum
1656 4196 1671 4216 .
1723 4171 1776 4211 ct

227 4231 428 4297 nomina
465 4241 590 4294 quae
623 4229 690 4297 de
728 4223 835 4276 Deo
857 4227 1396 4297 dicuntumsuperat,
1422 4242 1544 4280 cum
1570 4229 1773 4297 alioqui

231 4295 356 4351 Deus
380 4313 447 4350 ex
491 4294 751 4366 omnibus
782 4298 1049 4348 creaturis
1080 4310 1174 4363 per
1206 4296 1469 4366 rationein
1519 4294 1771 4366 vestigari

228 4370 398 4431 possit,
436 4375 497 4420 et
534 4363 764 4432 intelligi
801 4379 862 4416 ac
896 4366 1198 4425 tttnninari;
1245 4364 1377 4418 dicit
1424 4375 1602 4420 tamen
1655 4363 1777 4420 esse

224 4449 334 4488 eum
362 4437 617 4500 ἀλογίαν,
637 4443 691 4486 et
722 4435 977 4502 ὰνοησίαν
1009 4445 1060 4486 et
1080 4434 1411 4502 ἁνωνυμίαν,
1445 4434 1493 4487 id
1526 4447 1630 4499 est,
1658 4437 1780 4490 im-

223 4521 330 4572 γον,
368 4506 540 4559 ἄνουν
567 4512 623 4556 et
651 4505 953 4571 ἀνώνυμον,
985 4506 1084 4557 hoc
1106 4514 1208 4567 est,
1234 4507 1467 4567 ratione,
1498 4518 1694 4572 incute,
1725 4515 1780 4560 et

215 4582 432 4630 nomine
460 4582 771 4628 vacantem.

283 4709 359 4779 (l)
400 4703 958 4779 Imaginesquasdnm
1002 4713 1049 4757 et
1101 4705 1473 4761 similitudines
1520 4710 1784 4776 exempla-

212 4776 348 4832 rium
396 4782 454 4832 in
508 4776 561 4829 se
595 4777 831 4826 habente.
867 4776 1216 4844 Quaecunque
1254 4788 1398 4841 sunt,
1439 4780 1486 4830 id
1520 4789 1624 4843 est,
1658 4796 1784 4846 5pc-

210 4865 318 4902 cies
338 4859 393 4900 et
414 4850 646 4915 singulzc
674 4860 958 4905 creaturae,
994 4855 1050 4896 ut
1083 4846 1302 4900 ordines
1339 4848 1651 4914 angelorum
1678 4889 1692 4911 ,
1729 4859 1784 4900 et

211 4919 394 4973 omnia
449 4918 674 4971 sensilia
698 4954 712 4977 ,
743 4916 1008 4982 imagines
1038 4924 1164 4966 sunt
1197 4924 1250 4966 et
1285 4917 1669 4971 similitudines
1700 4920 1786 4969 iii-

210 4992 465 5041 vittarum
498 4989 763 5047 iilcarunt,
793 4987 844 5036 id
871 4993 974 5043 est,
1003 4985 1389 5052 exemplarium
1420 5002 1537 5052 quae
1568 4997 1694 5039 sunt
1728 4991 1779 5040 itt

211 5057 346 5119 Deo,
381 5074 507 5125 qua.
539 5057 758 5119 quidem
797 5053 1126 5119 exetiiplaria
1177 5064 1389 5107 acterna:
1435 5055 1526 5107 llei
1581 5059 1780 5108 intelli-

209 5140 408 5196 genitae
460 5138 620 5190 sunt,
669 5137 762 5190 per
791 5137 952 5191 quas,
1000 5133 1054 5175 et
1094 5127 1391 5196 secundum
1410 5141 1560 5196 quas
1596 5140 1777 5178 omnia

209 5193 262 5248 iii
296 5212 421 5263 ipso
457 5207 649 5256 erant,
679 5208 800 5260 qua:
832 5207 936 5244 non
984 5205 1140 5245 erant
1169 5193 1274 5244 alia
1311 5196 1376 5244 ab
1407 5194 1564 5262 ipso;
1599 5205 1650 5246 ct
1685 5212 1770 5262 pet

205 5281 321 5330 eas,
367 5276 427 5319 et
481 5265 781 5318 secundum
799 5276 908 5331 eas
954 5263 1137 5314 omnia
1169 5277 1286 5331 qua:
1325 5268 1598 5330 produxit,
1633 5266 1774 5318 iacta

205 5351 360 5398 sunt,
395 5339 541 5388 sicut
573 5338 763 5385 beatus
791 5330 1026 5384 Joannes
1059 5332 1111 5383 in
1149 5330 1508 5401 Apocalypsi,
1541 5351 1663 5401 cap.
1703 5349 1774 5397 iv,

204 5408 281 5457 ait
312 5407 527 5458 dixisse
555 5404 677 5456 illos
704 5405 889 5468 \i'lglttll
922 5410 1151 5469 quatuor
1180 5404 1426 5454 seniores
1458 5417 1474 5455 :
1504 5405 1696 5456 Omnia
1725 5421 1777 5457 in

203 5477 328 5546 ipso
350 5483 535 5537 erant,
565 5484 622 5526 et
643 5484 824 5526 creata
847 5484 992 5525 sunt.
1024 5473 1094 5524 De
1121 5471 1256 5524 ideis
1278 5470 1479 5525 dictum
1503 5482 1604 5538 est,
1629 5478 1773 5543 quoi

273 5657 358 5730 (ι)
394 5658 460 5712 ln
494 5657 738 5713 oratione
767 5657 832 5713 de
856 5653 1142 5712 Nativitatc
1170 5655 1392 5711 Christi.

1888 3748 2064 3806 erant;
2090 3739 2156 3795 de
2184 3738 2511 3808 imaginibus
2537 3731 2715 3793 autem
2744 3746 2799 3793 et
2819 3737 3276 3793 similitudinibus
3303 3737 3453 3792 idea-

1887 3825 2005 3863 ruin
2041 3809 2212 3874 idest,
2248 3810 2658 3876 exeiiiplai-iuin,
2694 3812 2836 3877 quod
2857 3819 3051 3863 creata:
3083 3819 3232 3863 sunt.

1959 3879 2034 3949 (ἓν.)
2077 3879 2142 3933 In
2180 3881 2444 3932 ablatione
2475 3888 2522 3931 et
2551 3876 2931 3945 superlatione,
2965 3890 3013 3930 et
3047 3894 3225 3931 causa.
3259 3876 3455 3932 Tribus

1888 3949 2070 4003 modis
2135 3949 2484 4004 ascendimus
2534 3950 2598 4002 ad
2661 3949 3097 4016 cognoscendum
3168 3949 3334 4000 Deum
3390 3965 3453 4001 i-x

1884 4021 2179 4080 ci'eaturis,
2201 4034 2308 4072 uno
2337 4018 2495 4071 modo
2521 4017 2818 4071 auferendo
2841 4020 2889 4070 ei
2913 4029 3174 4085 neganter
3197 4026 3452 4085 tauquam

1885 4104 1989 4141 non
2020 4089 2266 4142 decentia
2296 4103 2635 4155 quiet-uirque
2663 4097 2843 4142 creata
2870 4099 3190 4150 cernuntur,
3224 4087 3348 4154 quia
3375 4087 3456 4139 iii-

1884 4158 1957 4210 liil
1988 4167 2174 4210 eurum
2200 4156 2365 4210 Deum
2395 4171 2518 4210 es~e
2547 4158 2802 4217 dicimus,
2835 4158 2926 4210 sed
2951 4172 3131 4210 omnia
3165 4171 3449 4224 negamus,
3537 4165 3546 4169 '

1883 4228 2088 4281 aientes
2116 4243 2130 4281 :
2159 4224 2274 4279 Non
2311 4239 2391 4280 est
2435 4227 2574 4280 Dens
2607 4229 2828 4295 angelus
2856 4265 2874 4288 ι
2903 4242 3079 4294 neque
3120 4227 3322 4288 anima,
3358 4239 3458 4279 nec

1885 4297 2052 4349 iiiluin
2095 4298 2318 4358 animal,
2349 4308 2441 4350 aut
2493 4297 2672 4358 istud,
2730 4305 2824 4349 aut
2878 4295 3005 4348 iluil
3035 4335 3049 4359 ,
3092 4295 3457 4364 quodcunque

1884 4367 1985 4427 sit;
2017 4366 2122 4418 alio
2156 4369 2312 4420 modo
2345 4365 2704 4434 perfectiones
2733 4375 3141 4429 creaturarum,
3181 4376 3236 4434 tit
3271 4364 3454 4434 vitam,

1888 4436 2229 4502 sapientiam,
2272 4433 2468 4488 etialia
2512 4436 2821 4502 littjusnioili
2852 4473 2866 4498 ,
2906 4433 3232 4486 remo-tendo
3263 4448 3290 4483 a
3325 4433 3451 4494 Deo,

1888 4505 2014 4572 quia
2050 4504 2316 4570 sapientia
2351 4505 2440 4556 Dei
2471 4519 2686 4556 omnem
2719 4504 3041 4567 sapientiam
3085 4516 3319 4572 creatam
3363 4514 3457 4551 ex-

1889 4570 2073 4635 cellit,
2119 4582 2177 4625 et
2225 4576 2334 4625 vita
2382 4572 2472 4625 Dei
2523 4587 2738 4625 omnem
2775 4583 2957 4633 Vitam,
2993 4581 3047 4624 et
3089 4570 3452 4638 perfectiones

1895 4643 2116 4711 reliquie
2156 4642 2393 4709 reliquas
2434 4656 2624 4694 omnes
2667 4642 3030 4709 perfectiones
3080 4652 3451 4693 i-reiimrariim

1891 4722 2185 4778 superant;
2225 4711 2383 4764 tertio
2415 4713 2592 4775 modo,
2624 4722 2892 4778 quatenus
2924 4711 3103 4763 omnia
3135 4721 3264 4762 sunt
3291 4724 3318 4760 a
3346 4711 3452 4758 Ui-o

1890 4792 2091 4845 creata,
2127 4796 2464 4850 quaecunque
2493 4784 2546 4833 in
2579 4791 2769 4834 natura
2804 4796 2983 4833 rcrUui
3017 4791 3070 4832 et
3102 4781 3453 4832 universitate

1890 4865 2073 4904 ltiultill
2110 4861 2255 4903 sum.

1961 4923 2035 4989 (ὅ)
2069 4919 2184 4973 Non
2219 4933 2398 4990 negat,
2432 4936 2559 4988 quin
2593 4920 2763 4988 possit
2789 4919 3152 4990 demonstrari
3187 4932 3252 4969 ex
3301 4930 3447 4969 creas

1888 5000 2026 5044 turis
2060 4992 2148 5044 Dei
2192 4991 2357 5044 Dcuni
2391 5006 2532 5054 esse,
2569 4993 2660 5044 sed
2697 4998 2852 5058 negat
2880 4989 3132 5056 cognosci
3175 5001 3334 5052 poSse
3366 5000 3453 5058 sc-

1885 5062 2122 5113 cuiiduin
2161 5061 2450 5114 essentiam
2507 5075 2571 5112 ex
2611 5054 2836 5121 elfei‘tis,
2868 5054 3110 5110 tueininit
3155 5068 3333 5109 autem
3387 5054 3446 5108 S.

1885 5130 2160 5184 Maximus
2193 5135 2258 5183 de
2293 5130 2602 5200 cognitione
2636 5128 2726 5180 Dei
2776 5143 2865 5200 ex,
2892 5131 3016 5188 liile,
3048 5131 3190 5200 quod
3235 5128 3304 5177 sit
3333 5165 3348 5190 ,
3397 5133 3450 5178 et

1885 5215 1990 5251 non
2025 5205 2090 5252 de
2120 5199 2428 5269 cognitione
2457 5200 2685 5251 naturali
2716 5214 2808 5265 per
2836 5199 3354 5269 demonstrationem
3383 5209 3450 5246 cx

1882 5269 2113 5332 elfectis,
2151 5265 2275 5338 quia
2321 5283 2645 5336 cognoscere
2676 5269 2778 5321 lioc
2825 5282 2920 5336 per
2969 5266 3128 5319 fidem
3160 5265 3330 5316 multo
3355 5279 3453 5316 ex-

1881 5340 2168 5392 cellentius
2195 5347 2275 5392 est
2301 5347 2354 5390 et
2380 5340 2650 5392 valentius
2683 5353 2846 5406 quam
2879 5351 3208 5404 cognoscere
3241 5350 3334 5402 per
3364 5349 3451 5385 ra-

1885 5408 2086 5462 tionein
2139 5410 2436 5461 naturalem
2510 5417 2715 5476 quanto
2760 5408 3111 5476 excellentior
3161 5414 3243 5458 est
3275 5414 3452 5474 gratia

1886 5493 2049 5545 quam
2087 5492 2315 5546 natura;
2354 5480 2485 5534 lides
2515 5475 2657 5533 enim
2681 5493 2745 5532 cx
2777 5481 2948 5547 gratia
2983 5475 3074 5528 Dei
3105 5485 3211 5530 est.
