3980 6208
582 284 689 348 ’ΠΙ

1741 283 2072 345 JOANNIS
2122 282 2685 346 CYPARlSSlOTz‘E

3684 291 3770 352 7'12

587 397 805 466 poterit,
837 391 948 450 imo
976 411 1072 450 nec
1098 395 1204 449 ulla
1237 395 1480 450 cmlestis
1509 411 1664 450 mens
1699 408 1818 464 pust
1853 397 2046 462 Deum,
2071 397 2163 451 sed
2197 405 2235 454 Α
2269 398 2394 451 licet
2432 400 2668 468 Moyses,
2699 408 2751 452 et
2786 397 2920 452 deus
2951 397 3250 452 Pharaonis
3286 398 3358 458 ’τε
3397 397 3504 451 licet
3541 413 3688 468 usque
3718 404 3772 455 ari

551 541 555 544 λ
583 491 826 544 rationes
853 487 1157 541 disserendi
1193 487 1259 540 de
1288 488 1354 553 iis
1384 502 1506 555 qua:
1533 503 1650 541 eam
1687 488 2072 552 circumstant,
2103 500 2158 542 ut

581 581 652 635 de
699 584 1081 648 perpetuitate,
1136 580 1202 634 de
1251 581 1618 636 immensitate
1665 591 1719 634 et
1769 582 2060 646 intinitate,
2095 583 2162 636 de

582 672 849 730 bonitate.
884 671 1156 739 potentia,
1203 672 1469 740 sapientia
1515 672 1760 734 creandi,
1797 672 2158 742 providendi,

577 761 891 830 jndicandi;
949 762 1039 815 hic
1091 762 1235 815 enim
1286 773 1368 818 est
1415 778 1648 831 magnus
1701 766 1842 831 apud
1904 763 2154 816 homines

582 854 868 922 theologus
898 893 914 918 ,
943 856 1036 922 qui
1074 855 1312 909 rationes
1352 855 1418 910 de
1449 855 1533 911 his
1563 857 1770 924 aliquas
1801 855 1904 909 etsi
1938 855 2154 908 exiliter

581 946 915 1001 atlimettiat.
944 947 1009 1000 Et
1043 947 1094 999 in
1146 948 1391 1001 centuria
1428 949 1612 1012 tertia,
1661 948 1838 1016 capite
1875 956 2156 1015 septuage-

580 1039 723 1090 simo
760 1038 938 1101 primo
982 1055 995 1092 :
1041 1037 1115 1091 Ex
1142 1038 1207 1092 iis
1255 1054 1377 1106 qua:
1425 1048 1590 1105 sunt,
1643 1053 1864 1092 causam
1915 1037 2158 1090 omnium

582 1129 1003 1198 cognoscimus;
1032 1141 1085 1184 et
1105 1147 1171 1183 ex
1202 1131 1464 1184 varietate
1496 1145 1678 1182 rerum
1709 1129 2030 1197 sapientiam
2062 1142 2160 1196 per

582 1235 641 1274 se
671 1221 1018 1274 exsistantem
1051 1220 1169 1289 ejus
1199 1222 1290 1290 qui
1323 1221 1539 1289 proprie
1565 1231 1667 1282 est,
1697 1220 1980 1283 docentur,
2005 1227 2060 1271 et
2085 1233 2152 1271 ex

581 1313 816 1366 naturali
843 1323 1078 1365 lllOllOlle
1109 1327 1316 1372 rerum,
1348 1312 1512 1365 vitam
1540 1311 1782 1380 ejusdem
1821 1326 1918 1380 per
1936 1296 1993 1364 se
2013 1308 2160 1364 exsi-

581 1411 812 1456 stentem
850 1403 1145 1468 discimus;
1186 1403 1294 1455 vim
1344 1403 1466 1455 diro
1497 1403 1660 1455 vitam
1693 1401 2024 1456 tribuentem
2073 1415 2160 1454 re-

580 1494 708 1558 bus,
741 1485 963 1548 scilicet
995 1495 1254 1562 Spiritum
1290 1503 1558 1548 sanctum.
1611 1493 1688 1546 Ex
1719 1493 1802 1548 his
1833 1493 2010 1546 evadit
2048 1505 2163 1546 ma-

591 1587 853 1641 nifestum
900 1586 1154 1657 cognosci
1188 1585 1356 1639 Deum
1386 1601 1450 1639 ex
1479 1586 1548 1639 iis
1579 1586 1756 1640 solum
1805 1600 1926 1652 qum
1955 1585 2159 1639 circum
2197 1651 2202 1654 _

582 1678 758 1746 ipsum
812 1687 978 1742 sunt,
1031 1691 1151 1747 qua
1185 1687 1312 1732 sunt
1345 1688 1627 1741 creaturae,
1678 1687 1730 1730 et
1778 1676 1904 1730 inde
1949 1676 2015 1730 de
2049 1674 2159 1729 Deo

2265 494 2484 544 tertium
2517 492 2717 544 coelum
2743 532 2756 552 ,
2790 499 2848 544 ut
2901 488 3100 543 Paulus
3147 491 3425 557 pervenias
3450 493 3508 554 ¹⁶,
3536 500 3583 546 et
3614 496 3773 550 audias

2264 596 2462 634 arcana
2494 584 2690 645 verba;
2745 581 2874 633 licet
2903 594 3068 648 supra
3113 579 3234 632 illos
3269 580 3332 631 ad
3366 589 3553 633 statum
3580 593 3625 635 et
3651 585 3775 636 ordi-

2264 686 2386 725 nem
2420 672 2658 740 aliquem
2696 671 3015 740 angelorum
3045 680 3140 723 aut
3168 663 3594 736 at'cb'angelornm
3621 687 3775 726 ascen-

2263 772 2380 815 das.
2413 761 2674 826 Quamvis
2699 761 2843 814 euim
2875 775 3038 813 omne
3067 760 3308 817 caeleste,
3337 768 3388 812 et
3423 759 3609 826 aliquid
3643 775 3772 829 supra

2268 869 2432 923 quam
2465 856 2706 907 'rmleste
2733 892 2747 916 ,
2801 852 2969 905 multo
3015 839 3394 904 excellentiore
3428 861 3604 905 natura
3644 868 3773 920 quam

2264 957 2365 998 nos
2394 944 2466 997 sit
2489 954 2543 997 et
2575 943 2684 996 Deo
2726 941 3116 1011 propinquius;
3162 944 3330 1010 magis
3367 951 3536 996 tamen
3564 943 3716 996 distat
3753 960 3775 996 a

2267 1035 2396 1098 Deo,
2429 1042 2483 1088 et
2515 1048 2543 1086 a
2575 1031 2809 1102 perfecta
2839 1033 2958 1101 ejus
2994 1032 3369 1101 intelligentia,
3399 1048 3550 1100 quam
3578 1043 3776 1087 nostram

2263 1126 2405 1179 hanc
2434 1136 2686 1179 naturam
2713 1127 3075 1192 compositam
3120 1133 3174 1178 et
3205 1126 3457 1179 humilem
3487 1135 3538 1178 et
3569 1127 3777 1179 deorsum

2265 1219 2584 1272 inclinatam
2635 1218 2948 1272 antecellat.
2995 1217 3063 1270 Et
3113 1231 3341 1286 magnus
3380 1217 3679 1271 Athanasius
3721 1219 3778 1283 (ιι)

2265 1313 2414 1367 velut
2446 1296 2852 1382 percunctando
2877 1314 2952 1367 ait
2985 1329 2998 1364 :
3029 1313 3164 1366 Cum
3194 1312 3336 1366 Deus
3365 1313 3433 1366 sit
3457 1312 3778 1379 incorporeus,

2266 1413 2318 1460 et
2355 1406 2524 1472 tlgura
2552 1413 2774 1469 careat,
2812 1403 3170 1470 qum-tandem
3209 1403 3504 1472 posteriora
3544 1403 3647 1471 ejus
3677 1401 3782 1452 vidt

2265 1495 2516 1567 Moyses?
2559 1496 2763 1551 Deinde
2819 1497 3034 1554 solvens
3092 1496 3443 1566 quzestionem
3477 1510 3490 1548 :
3524 1493 3778 1550 Credimus,

2267 1586 2467 1655 inquit,
2511 1597 2634 1642 ante
2683 1588 2881 1642 saecula
2912 1597 2967 1642 et
2997 1597 3122 1642 ante
3154 1595 3381 1641 cunctas
3411 1595 3666 1640 creaturas
3687 1597 3782 1637 esse

2270 1677 2438 1732 Deum
2485 1686 2658 1732 totum
2694 1681 2872 1734 solum
2911 1679 3235 1733 increatum.
3286 1675 3360 1730 Ex
3391 1691 3495 1746 quo
3536 1677 3605 1738 lit,
3636 1682 3684 1727 ut
3709 1689 3782 1742 pr.-

579 1744 1084 1837 phil0sophandum
1139 1782 1281 1832 esse,
1335 1783 1402 1822 ex
1456 1767 1788 1838 imaginibus
1845 1767 2059 1820 scilicet
2109 1775 2164 1820 et
2199 1744 2241 1799 Β
2273 1769 2505 1824 steriora
2542 1769 2635 1823 Dei
2672 1770 2782 1824 sint
2810 1779 3096 1833 creaturae,
3123 1778 3177 1822 et
3211 1744 3784 1830 eamut—rationesque

579 1858 1034 1913 similitmlinibus
1058 1859 1454 1928 exemplarium
1489 1859 1608 1928 ejus
1643 1858 1954 1912 divinorum
1983 1897 1997 1922 ,
2044 1872 2168 1926 qua:

578 1950 833 2017 superius
858 1950 1076 2017 specula
1105 1961 1157 2005 et
1179 1951 1460 2019 aenigmata
1486 1957 1677 2004 vocata
1704 1958 1850 2007 sunt.
1879 1947 1956 2004 Ne
1980 1960 2165 2002 autem

579 2041 704 2110 quis
746 2042 798 2094 in
839 2041 1068 2094 dubium
1105 2043 1306 2105 veniat,
1339 2041 1615 2110 quomodo
1640 2055 1763 2108 qua
1803 2039 2068 2109 imagines
2113 2045 2170 2093 et

578 2131 962 2188 similitudines
995 2144 1146 2197 sunt,
1190 2144 1246 2186 et
1279 2149 1308 2187 a
1337 2133 1565 2187 veritate
1595 2147 1777 2186 rerum
1811 2131 2016 2186 distant
2043 2171 2057 2194 ,
2098 2129 2163 2182 ad

579 2223 1072 2298 philosophandum
1110 2224 1178 2280 de
1210 2223 1319 2279 Deo
1349 2233 1472 2293 apta
1505 2223 1679 2293 magis
1701 2237 1823 2278 esse
1853 2230 2170 2292 possunt,et

580 2316 785 2372 idcirco
811 2317 1072 2385 majorem
1105 2317 1197 2370 Dei
1228 2316 1750 2385 contemplationem
1769 2329 1932 2383 quam
1963 2312 2170 2367 existis

579 2405 1042 2462 similitudinibus
1063 2408 1228 2463 etiam
1257 2407 1310 2461 in
1342 2409 1444 2461 hac
1474 2406 1584 2462 vita
1616 2415 1846 2477 quan-at,
1881 2419 2021 2474 opus
2079 2413 2165 2458 est

579 2498 801 2564 docere,
837 2501 984 2567 quod
1016 2501 1217 2564 summi
1251 2500 1418 2555 etiam
1453 2499 1717 2566 theologi.
1744 2499 1883 2552 ultra
1924 2506 2171 2552 contem-

579 2591 878 2660 plationem
911 2607 980 2647 ex
1017 2593 1288 2655 creaturis
1324 2608 1432 2648 non
1469 2591 1916 2662 progrediuntur.

1167 2701 1583 2784 €APUTpVﬂL

583 2817 736 2882 Quod
794 2819 986 2871 summi
1042 2816 1267 2886 theologi
1320 2816 1383 2870 de
1418 2814 1549 2886 ADeo
1611 2797 2052 2883 philosophantur
2103 2829 2168 2866 ea:

653 2890 953 2951 creaturis;
990 2883 1371 2968 etOposte'riora
1408 2883 1502 2938 Dei
1553 2886 1680 2952 ipsa:
1708 2893 1969 2937 creatura:
2005 2893 2165 2948 sunt,

653 2969 701 3009 et
739 2972 923 3010 eurum
956 2967 1204 3010 rationes.

2273 1877 2398 1916 cum
2424 1862 2650 1917 vidisset
2679 1863 2957 1930 exposuit,
2990 1861 3246 1929 inquiens
3279 1877 3292 1912 :
3327 1860 3391 1913 1η
3415 1858 3648 1928 principio
3669 1871 3783 1908 crea-

2271 1953 2345 2006 vit
2382 1952 2524 2006 Deus
2558 1952 2742 2006 caelum
2771 1962 2818 2004 et
2855 1961 3072 2005 terram.
3128 1949 3261 2004 Item
3310 1950 3519 2002 divinus
3544 1943 3782 2012 Gregorius

2270 2042 2552 2113 Nyssenus
2583 2043 2645 2096 iu-
2690 2042 2828 2096 libro
2860 2041 2937 2096 De
2975 2043 3083 2096 vita
3115 2040 3320 2110 Moysi:
3345 2053 3363 2094 :
3393 2038 3594 2099 Gloria,
3630 2033 3781 2103 inquit.

2273 2135 2540 2196 increata,
2573 2143 2772 2188 natura
2805 2133 3014 2188 scilicet
3051 2132 3237 2186 divina
3279 2131 3497 2184 ontniuo
3529 2136 3606 2181 est
3629 2135 3783 2179 setun-

2271 2228 2399 2282 dum
2435 2244 2493 2283 se
2519 2227 2829 2292 ineﬂabilis,
2858 2237 2909 2280 et
2941 2241 3062 2296 qua:
3095 2225 3480 2294 comprehendi
3508 2238 3602 2276 non
3644 2227 3782 2288 potest

2270 2335 2444 2389 neque
2484 2320 2695 2384 videri;
2731 2320 2866 2373 nihil
2894 2319 3040 2374 enim
3072 2318 3222 2387 quod
3254 2328 3374 2380 est,
3408 2319 3572 2384 ipsum
3604 2315 3690 2382 hoc
3713 2326 3784 2378 per

2275 2429 2337 2470 se
2371 2390 2472 2482 (l),
2507 2414 2711 2466 nudum
2743 2411 2820 2481 (2)
2853 2420 3029 2479 potest
3068 2409 3425 2473 intelligentia
3458 2407 3637 2478 liquide
3672 2418 3786 2460 com-

2274 2501 2561 2574 prehendi,
2599 2511 2694 2556 aut
2728 2499 2905 2554 oculis
2940 2500 3187 2567 corporis
3224 2499 3332 2552 ullo
3362 2497 3514 2550 modo
3541 2497 3697 2558 cerni;
3725 2496 3786 2546 iu-

2271 2606 2516 2651 creatum
2546 2594 2692 2648 enim
2724 2602 2828 2648 est.
2860 2592 3012 2656 Quod
3046 2601 3230 2646 autem
3263 2601 3345 2645 est
3375 2591 3666 2653 inci-catum,
3696 2589 3785 2639 nul-

2273 2687 2358 2740 lus
2392 2689 2567 2755 potest
2600 2684 2775 2738 oculis
2815 2685 3064 2752 c0rporis
3088 2699 3336 2748 cernere,
3360 2682 3594 2752 quamvis
3621 2679 3786 2747 Moyses

2271 2781 2364 2853 sit,
2404 2778 2658 2848 quamvis
2696 2776 2920 2840 Paulus,
2955 2777 3047 2844 qtti
3085 2776 3138 2829 in
3171 2776 3391 2829 tertium
3426 2775 3605 2829 malum
3637 2783 3787 2824 ascen-

2270 2871 2370 2932 dit,
2400 2869 2651 2938 quamvis
2682 2869 2905 2937 angelus
2933 2878 3003 2921 srt
3029 2868 3119 2936 qui
3143 2865 3316 2920 Deum
3338 2867 3499 2920 videt.
3524 2863 3658 2929 Quod
3675 2860 3820 2914 enim-

2268 2977 2396 3017 vere
2425 2973 2531 3030 est,
2566 2975 2693 3015 vera
2725 2961 2830 3015 vita
2860 2971 2962 3025 est,
2997 2962 3098 3014 hoc
3132 2970 3318 3015 autem
3348 2955 3614 3027 ahangelo
3639 2966 3712 3007 aut
3736 2957 3785 3005 at»

651 3046 948 3115 Gregorius
1003 3047 1339 3112 Τιιεοιοὲυεν
1398 3045 1452 3099 in
1507 3044 1744 3100 Secmlda
1795 3044 2044 3100 οτθιίοιὶθ
2094 3045 2162 3100 de
2189 3075 2232 3132 ο
2273 3054 2494 3107 homine
2528 3052 2786 3122 cognosci
2839 3067 2946 3105 non
2984 3060 3180 3121 potest.
3218 3051 3297 3104 Ex
3342 3049 3532 3119 quibus
3563 3047 3683 3101 clare
3711 3058 3784 3094 no-

584 3140 882 3209 thcologia:
905 3140 1204 3195 Currebam
1226 3139 1667 3209 quidem,iuquit
1705 3149 1960 3208 tanquam
1989 3140 2158 3195 Deum

583 3234 899 3302 cognitione
948 3232 1481 3302 comprehensurus;
1511 3241 1673 3299 atque
1727 3232 1798 3285 ita
1849 3233 2071 3288 asceudi
2105 3233 2158 3286 in

586 3335 863 3388 montem,
918 3334 971 3378 et
1023 3325 1181 3379 divisi
1230 3324 1430 3378 nubem
1471 3323 1525 3376 in
1576 3337 1696 3378 eam
1749 3324 2050 3394 ingressus.
2101 3323 2165 3376 Et

586 3417 781 3486 paucis
813 3416 1114 3485 intetjeetis
1144 3432 1159 3470 :
1193 3415 1329 3470 Cum
1359 3415 1602 3484 paulum,
1626 3415 1822 3485 inquit,
1858 3417 2167 3485 prospexis-

585 3524 721 3571 sem,
753 3525 866 3564 non
896 3507 1003 3562 viili
1041 3508 1269 3576 primam
1304 3518 1365 3562 et
1395 3516 1659 3562 aeternam
1707 3519 1959 3560 naturam
1988 3547 2002 3570 ,
2045 3523 2167 3577 qua;

586 3601 714 3666 sibi,
750 3601 801 3654 id
833 3607 938 3664 est,
971 3599 1223 3653 Trinitati
1257 3607 1384 3653 nota
1422 3611 1524 3663 est,
1557 3609 1612 3654 et
1641 3609 1846 3668 quanta
1881 3601 2022 3654 intra
2054 3603 2166 3669 pri-

587 3707 738 3745 mum
775 3675 950 3744 velum
995 3701 1204 3754 manet,
1241 3701 1295 3744 et
1325 3708 1352 3743 a
1381 3691 1713 3746 Cherubinis
1744 3691 2050 3760 contegitur
2077 3692 2122 3722 “
2151 3711 2164 3757 ;

589 3779 684 3831 sed
715 3777 858 3830 illam
882 3792 1004 3846 quae
1033 3787 1275 3832 extrema
1311 3787 1418 3840 est,
1443 3787 1497 3832 et
1523 3779 1589 3832 ad
1625 3793 1724 3833 nos
1759 3779 2024 3848 pervadit,
2050 3797 2170 3850 qua:

591 3878 678 3923 est
717 3870 1003 3938 (quantum
1030 3870 1297 3940 intelligo)
1323 3870 1626 3939 amplitudo
1659 3870 1772 3935 illa,
1805 3871 1888 3925 vel
1915 3881 1973 3926 ut
2000 3873 2168 3928 David

591 3962 671 4014 ait
709 3961 775 4025 “’,
820 3945 1224 4029 magniﬁcentia
1247 4001 1261 4025 ,
1287 3975 1408 4030 quae
1445 3961 1498 4014 in
1529 3962 1826 4024 creaturis,
1855 3975 1909 4017 et
1955 3963 2022 4017 iis
2050 3981 2173 4032 quae

595 4054 666 4106 ab
698 4052 818 4119 ipso
845 4052 1200 4105 effecta-sunt
1227 4062 1276 4105 et
1311 4052 1706 4120 gubernantur,
1736 4054 1980 4108 cernitur
2011 4071 2024 4108 :
2060 4057 2172 4112 lucc

594 4143 740 4195 enim
792 4153 919 4194 sunt
969 4143 1268 4212 posteriora
1303 4140 1398 4196 Dei
1428 4143 1492 4199 ¹⁶.
1539 4158 1656 4212 qua:
1702 4154 1827 4215 post
1873 4162 2000 4200 eum
2049 4160 2176 4202 sunt

592 4235 767 4301 ipsius
817 4235 1054 4300 indicia;
1093 4235 1236 4290 sicut
1271 4235 1405 4290 solis
1459 4236 1664 4290 umbrae
1717 4246 1768 4291 et
1819 4238 2081 4309 imagines
2119 4242 2174 4294 in

593 4329 771 4397 aquis,
817 4343 938 4395 quae
986 4327 1216 4381 inﬁrmis
1263 4327 1437 4380 oculis
1477 4325 1644 4380 solem
1680 4338 1958 4395 utcunque
1994 4339 2168 4384 ostcn«

2263 3145 2466 3210 tcscit,
2526 3145 2935 3198 valentissimos
2998 3142 3163 3196 etiam
3222 3142 3504 3210 theologos
3552 3149 3642 3193 non
3682 3133 3786 3188 uitta

2264 3245 2571 3291 creaturam
2607 3236 2859 3305 progredi
2890 3235 2942 3287 in
2973 3235 3039 3288 iis
3069 3236 3278 3302 quibus
3323 3233 3484 3287 Deum
3515 3231 3700 3289 vident;
3721 3225 3790 3277 sul

2267 3332 2449 3397 potius
2485 3327 2660 3395 ipsam
2719 3335 3052 3390 creaturam,
3101 3337 3155 3379 et
3197 3342 3330 3396 quae
3384 3326 3438 3378 in
3485 3333 3659 3376 natura
3703 3317 3790 3383 ejus

2267 3419 2479 3485 insunt,
2506 3419 2880 3473 considerare.
2911 3418 3067 3483 Quod
3100 3420 3143 3473 si
3191 3419 3257 3472 ad
3323 3419 3462 3472 hunc
3491 3417 3718 3472 modum,
3755 3417 3793 3458 cl

2267 3512 2368 3565 hac
2406 3512 2490 3565 via
2529 3521 2583 3566 et
2618 3511 2833 3565 ratione
2889 3513 2956 3566 de
3003 3512 3112 3564 Deo
3166 3513 3494 3576 disserunt,
3544 3519 3792 3562 nemssnrm

2267 3604 2550 3674 sequitur,
2589 3605 2916 3672 theologiam
2965 3620 3085 3672 quae
3141 3607 3190 3656 in
3239 3607 3530 3675 negatione
3576 3606 3790 3653 versatur»

2271 3693 2429 3762 longe
2458 3694 2891 3762 praestantiorem
2924 3709 3069 3756 esse,
3107 3704 3161 3747 ct
3209 3695 3284 3748 ad
3336 3693 3784 3762 contemplationem

2273 3786 2447 3854 magis
2478 3785 2724 3840 idoneam
2755 3802 2818 3840 ea
2857 3787 3126 3854 theologia
3156 3824 3172 3849 ,
3226 3804 3353 3857 qua:
3401 3790 3450 3843 in
3501 3783 3790 3840 allirntatiom

2272 3881 2540 3932 cernitur.

2885 3992 3114 4051 CAPUT
3150 3993 3246 4049 ιχ.

2278 4106 2432 4173 Quod
2457 4108 2509 4162 in
2547 4107 2822 4178 Tlteotogia
2869 4109 3287 4162 demonstrativa
3341 4109 3501 4178 magis
3541 4100 3722 4170 propria
3759 4104 3794 4146 rt

2345 4179 2610 4247 praecipita
2658 4189 2734 4230 est
2783 4177 3024 4247 illoque,-
3063 4180 3115 4230 in
3163 4177 3520 4245 negotiantes
3568 4180 3794 4247 versatur;

2349 4245 2397 4300 ct
2430 4245 2568 4316 quad
2623 4251 2675 4299 in
2708 4247 2804 4300 hac
2844 4245 3126 4316 Tlteotogia
3174 4250 3540 4318 uﬂirmutiones
3576 4259 3665 4294 non
3700 4245 3793 4290 sunt
3855 4253 3858 4256 ·

2350 4319 2633 4371 contrariw
2678 4319 3062 4386 rtegatt’onibus.
3376 4320 3412 4348 ⁸

595 4420 776 4474 dunt:
805 4414 1072 4489 siquidem
1113 4418 1454 4488 impossibile
1497 4428 1580 4472 est
1614 4420 1781 4473 solem
1837 4421 2037 4476 intueri
2069 4423 2170 4478 ad-
2205 4416 2248 4469 Ι)
2353 4429 2615 4484 Summus
2649 4430 2932 4500 theologus
2971 4432 3262 4500 Dionysius
3287 4471 3303 4496 ,
3356 4431 3525 4500 primo
3561 4425 3715 4494 capite
3743 4419 3796 4473 De

592 4525 848 4572 versum,
877 4511 1034 4580 cujus
1071 4511 1244 4566 radiis
1281 4510 1428 4564 acies
1475 4509 1757 4564 oculorum
1806 4512 2060 4568 vincitur.
2097 4517 2175 4570 Ad

603 4604 749 4658 hunc
791 4603 957 4673 igitur
1000 4603 1225 4658 modum
1281 4603 1348 4657 de
1397 4601 1508 4656 Dco
1555 4601 2048 4672 philosOphaberis,
2097 4611 2175 4663 sis

603 4781 612 4790 ·
680 4761 723 4793 ⁸⁸
754 4751 932 4816 Exod.
967 4775 1176 4817 xxxvtt.
1255 4760 1298 4794 ¹⁸
1320 4759 1463 4815 Psal.
1488 4776 1607 4823 Vill,
1685 4761 1732 4793 ¹⁶
1783 4760 1955 4816 Exod.
1990 4779 2182 4821 xum.

2261 4767 2302 4800 ¹’
2333 4768 2509 4835 Exod,
2555 4789 2650 4828 vtt.

2282 4523 2502 4591 mystica
2529 4521 2789 4592 theologia
2819 4539 2838 4576 :
2873 4521 3118 4591 Oportet,
3153 4525 3329 4593 inquit
3359 4525 3457 4595 (3),
3489 4524 3536 4575 in
3561 4535 3618 4572 ea
3640 4526 3798 4588 ponere

2285 4618 2340 4662 et
2391 4607 2662 4666 allirmare
2714 4629 2906 4668 omnes
2941 4615 3185 4669 omnium
3233 4632 3417 4672 rerum
3469 4612 3797 4670 allirtnatioues

2728 4773 2771 4804 ⁸⁸
2802 4773 2847 4839 ll
2893 4773 3024 4831 Cor.
3070 4791 3208 4832 uti.

2066 4898 2334 4966 Schoha.

672 5007 750 5077 (l)
785 5005 936 5077 Quod
961 5014 1044 5077 est
1070 5005 1248 5072 ipsum
1272 5005 1366 5056 hoc
1396 5017 1484 5068 per
1512 5017 1583 5053 se.
1611 4997 1786 5077 Sulla.
1804 5010 2048 5054 creatura
2084 5013 2168 5077 est

601 5070 699 5146 per
733 5070 792 5132 se
824 5076 875 5128 id
904 5074 1049 5142 quod
1079 5070 1184 5138 est,
1219 5076 1312 5128 sed
1362 5088 1452 5146 per
1485 5070 1979 5146 participationem,
2015 5073 2168 5126 solus

603 5138 746 5202 Deus
781 5155 864 5199 est
896 5138 1071 5213 ipsum
1119 5146 1238 5205 hoc,
1272 5138 1416 5211 quod
1457 5138 1666 5213 estper
1695 5138 1870 5213 se,_id
1919 5149 2022 5201 est,
2073 5156 2171 5194 sua

599 5217 839 5272 essentia
867 5257 882 5279 ,
912 5207 965 5268 et
997 5231 1152 5268 suum
1182 5207 1304 5269 esse
1325 5253 1341 5277 ,
1378 5222 1434 5266 et
1463 5207 1584 5264 non,
1603 5207 1907 5264 secundum
1946 5214 2173 5276 particl-

643 5289 875 5340 atiunetn
886 5326 900 5340 .

603 5303 900 5354 pauonem.

613 5398 618 5403 .
677 5359 754 5424 (Ξ)
785 5354 1026 5408 Nudum.
1057 5354 1110 5408 Id
1144 5362 1248 5416 est,
1288 5350 1585 5424 secundum
1618 5349 1979 5424 substantiam
2007 5362 2172 5424 suam

607 5418 822 5483 tantum
851 5463 865 5488 ,
901 5438 954 5478 et
988 5442 1093 5479 nott
1135 5423 1434 5478 secundum
1484 5436 1547 5474 ea
1582 5436 1704 5488 qua:
1752 5419 1958 5475 circum
2005 5418 2182 5485 ipsum

600 5505 756 5560 sunt,
788 5497 838 5548 id
866 5506 970 5560 est,
1002 5506 1306 5549 creaturas.

678 5656 754 5722 (a)
785 5654 986 5718 Quursl.
1023 5658 1087 5711 atl
1133 5659 1483 5716 Antiochum.

2352 5008 2428 5084 (ξ)
2451 5008 2666 5084 Oportet
2690 5027 2880 5079 ponere
2910 5022 2958 5067 et
2983 5014 3280 5084 afﬁrmare.
3307 5016 3470 5071 Deum
3491 5016 3658 5072 omnia
3684 5021 3795 5066 esse.

2285 5088 2344 5130 ut
2380 5080 2544 5132 Dcuttl
2584 5081 2763 5141 decet.
2801 5080 3151 5150 posttto‘cs-t;
3183 5099 3234 5139 et
3298 5089 3431 5140 nihil
3475 5102 3650 5140 eorum
3683 5095 3794 5134 esse.

2284 5156 2540 5227 utsnpra.
2558 5153 2916 5227 substantiam
2951 5166 3056 5216 est,
3088 5157 3300 5222 negatio
3330 5175 3344 5218 ;
3381 5169 3653 5221 utrumque
3699 5163 3794 5227 ptu‘

2287 5222 2402 5291 prie
2439 5222 2711 5272 diciturin
2753 5224 2840 5276 Dei
2881 5227 3256 5291 amplitudine,
3292 5237 3350 5278 ut
3397 5227 3532 5280 Deus
3577 5231 3653 5277 est
3694 5222 3792 5272 Vlla.

2289 5289 2542 5367 Dcttsest
2569 5289 3026 5367 bonitas,pos‘ttto
3053 5305 3104 5347 et
3135 5296 3426 5349 aitirmat‘to
3448 5305 3547 5358 Cal,
3575 5294 3695 5367 Deus
3715 5299 3794 5367 noti

2288 5365 2371 5408 est
2399 5361 2528 5434 vita,
2555 5367 2674 5412 ‘non
2701 5375 2779 5414 est
2811 5363 3044 5434 bonitas,
3088 5369 3298 5434 negatio
3326 5381 3449 5421 vera
3482 5373 3580 5429 est,
3609 5361 3716 5430 quia
3737 5361 3794 5406 cal

2294 5442 2458 5481 supra
2489 5427 2602 5484 haec
2626 5446 2746 5498 qua:
2777 5447 2877 5487 nos
2902 5427 3273 5502 intelligimus.
