3980 6208
248 224 354 286 ἸἹΊ

1030 232 1266 292 nscas
1309 231 1423 292 tu.
1461 254 1528 267 —-
1566 229 1664 290 DF.
1706 228 2008 293 Dtvms
2052 185 2700 293 EMANA‘Ti‘IONIBUS.

3383 229 3492 299 778

250 349 312 384 ex
348 348 461 401 quo
499 334 855 404 sequebatur,
879 351 974 392 eos
991 340 1081 408 qui
1122 339 1305 394 adhuc
1331 339 1385 393 in
1409 351 1635 408 corpore
1657 346 1807 400 sunt,
1836 337 1886 398 Δ
1914 348 2060 390 nouo
2095 336 2407 390 continetur
2436 337 2790 404 comparatio,
2826 336 2968 406 quid
3027 337 3259 408 amplius
3312 339 3487 394 valeat

246 429 352 478 non
415 437 576 492 posse
619 426 738 480 sine
789 431 1072 497 corporeis
1123 430 1191 484 de
1255 429 1366 484 Deo
1414 429 1814 499 philOSOphat‘i;

245 513 440 578 quinto
508 514 648 578 loco,
707 530 882 584 neque
922 518 1267 586 phantasiam
1298 518 1414 582 Dei,
1443 519 1496 574 id
1521 529 1606 574 est
1631 520 1819 588 cogni-

239 603 450 655 tionem
479 604 597 671 ejus
631 620 730 673 per
761 613 915 676 typos
945 616 999 660 et
1056 610 1319 676 imagines
1362 625 1522 677 posse
1551 625 1651 666 nos
1679 610 1818 664 into-

247 707 402 757 gram
434 705 486 747 et
518 704 683 749 totam
717 699 994 766 suscipere
1045 709 1266 768 propter
1298 716 1588 770 corporum
1621 700 1813 754 ﬂuxio-

237 797 391 847 ncm;
419 784 672 854 deinceps
701 798 856 841 sexto
907 789 1104 857 capite,
1147 792 1191 845 si
1234 806 1334 846 nos
1371 793 1440 844 ita
1485 792 1689 846 inlirtni
1724 805 1819 844 su-

246 889 394 937 mus,
451 892 794 945 nequaquam
866 881 1233 949 cognitionem
1293 881 1414 952 ejus
1465 898 1531 936 cx
1583 881 1816 936 naturali

232 967 728 1034 representatione
767 977 1058 1037 tcntemus,
1103 980 1199 1026 aut
1254 987 1378 1028 esse
1415 973 1593 1042 ipsum
1650 988 1712 1027 ex
1749 971 1818 1027 iis

228 1070 358 1124 quae
392 1055 700 1124 intelligunt
758 1067 852 1111 aut
879 1061 973 1128 qui
999 1061 1398 1132 intelliguntur,
1420 1060 1816 1128 existimemus;

236 1146 480 1211 septimo
512 1147 690 1213 capite
713 1149 1055 1215 continetur,
1111 1152 1158 1206 si
1224 1166 1408 1221 neque
1457 1165 1561 1205 nos
1597 1160 1818 1220 propter

239 1248 446 1300 corpus
483 1233 662 1285 idonei
707 1249 899 1288 sumus
949 1235 1013 1288 ad
1046 1238 1542 1308 philosophandum
1581 1240 1646 1293 de
1683 1237 1815 1304 Deo,

237 1337 420 1391 neque
463 1322 605 1376 Deus
647 1334 864 1392 propter
895 1329 1234 1382 excellentia
1261 1329 1687 1398 superlationem
1723 1344 1820 1398 po-

229 1422 341 1465 test
395 1418 801 1481 emnprchenli,
845 1419 986 1471 unle
1052 1429 1264 1486 oportet
1303 1436 1525 1476 sumere
1580 1421 1650 1476 ad
1679 1422 1806 1491 piti-

232 1501 636 1571 losophandum
693 1506 759 1559 de
818 1508 925 1561 eo?
953 1510 1214 1564 concluso
1241 1521 1444 1576 autem,
1490 1511 1814 1566 sumendum

230 1608 359 1646 esse
379 1606 446 1645 ex
482 1594 550 1646 iis
591 1610 712 1663 quae
743 1607 871 1650 sunt
906 1600 1106 1655 circum
1141 1602 1343 1670 ipsum,
1401 1617 1524 1671 quae
1589 1602 1810 1671 quidem

228 1695 362 1736 sunt
395 1698 684 1750 creaturae,
711 1689 1054 1754 quaerebatur
1084 1692 1290 1755 deinde,
1326 1707 1395 1748 an
1429 1694 1566 1749 forte
1605 1679 1822 1750 summi

229 1775 470 1844 theologi
505 1779 980 1845 praestantioribtts
1004 1797 1169 1850 quam
1207 1783 1629 1847 sintcreaturte,
1687 1783 1808 1853 phi-

227 1863 596 1932 losoilhantur
631 1884 646 1918 :
685 1879 908 1925 ostenso
942 1880 1122 1925 autem
1163 1874 1288 1939 hoc,
1325 1889 1428 1928 non
1459 1875 1680 1930 aliunde
1705 1875 1809 1930 sci-

225 1957 355 2012 licet
379 1973 544 2026 quam
589 1975 654 2013 ex
704 1963 968 2017 creaturis
993 1979 1089 2018 eos
1121 1979 1284 2034 agere
1328 1965 1395 2020 de
1455 1965 1582 2031 Deo,
1635 1967 1810 2036 capite

1921 427 2186 498 theologia
2241 429 2603 498 qum'negat,
2656 443 2820 498 quam
2861 444 2983 498 quae
3041 430 3120 484 alt
3161 448 3176 484 :
3221 431 3484 486 concluso

1920 529 2124 582 autem,
2161 521 2332 588 magis
2367 509 2640 590 propriam
2706 520 3031 590 theologiam
3067 535 3191 575 esse
3221 536 3342 590 qua:
3365 537 3488 575 ver-

1915 618 2068 665 satur
2129 609 2183 662 in
2243 610 2586 678 negantibus,
2629 626 2790 678 quam
2821 626 2940 678 quae
2975 610 3032 667 in
3087 610 3354 665 aientibus
3386 628 3399 676 ;
3435 620 3490 666 et

1918 701 2064 771 quod
2096 701 2184 756 hic
2217 718 2323 754 non
2357 713 2488 757 sunt
2535 704 2676 758 inter
2721 719 2779 759 se
2796 704 3067 758 contraria
3117 703 3365 772 negantia
3433 712 3488 758 et

1917 791 2144 856 aientia,
2177 792 2383 846 exstitit
2411 793 2677 846 decimum
2703 804 2857 860 caput
2890 809 2952 848 ex
2990 792 3181 862 positis
3216 807 3230 844 :
3270 791 3316 846 si
3341 792 3487 846 enim

1919 897 2026 936 non
2064 891 2194 936 sunt
2209 882 2510 941 contraria.
2545 883 2873 951 relinquitur
2903 892 2959 936 ut
2988 896 3146 952 :equo
3206 881 3490 936 intervallo

1917 973 2088 1026 amba:
2117 971 2448 1040 theologiam
2483 973 2591 1026 Deo
2620 974 2834 1037 absint;
2873 974 3050 1041 sitque
3085 976 3301 1028 demum
3349 974 3492 1028 Deus

1918 1075 2083 1130 supra
2139 1075 2354 1116 omnem
2390 1061 2732 1141 negationem
2776 1070 2830 1115 et
2881 1061 3316 1127 aliirmationem,
3368 1076 3490 1128 qua:

1918 1164 2002 1208 est
2027 1153 2264 1223 cognitio
2291 1153 2432 1224 ejus,
2460 1163 2513 1208 et
2539 1153 2836 1220 theologia,
2869 1155 3003 1207 nihil
3039 1154 3293 1209 videlicet
3314 1152 3382 1208 de
3425 1168 3491 1206 eo

1915 1257 2252 1312 cognoscere
2276 1255 2372 1299 aut
2405 1244 2796 1313 philosOphat-i,
2831 1245 2926 1300 sed
2952 1247 3133 1314 potius
3164 1246 3488 1307 nescienter,

1924 1343 1980 1388 et
2009 1333 2126 1387 sine
2153 1333 2302 1388 omni
2349 1333 2700 1404 intelligentia
2743 1349 2929 1390 eorum
2961 1350 3082 1404 qua:
3135 1336 3489 1403 intelligentia

1921 1422 2314 1493 percipiuntur,
2335 1438 2460 1479 cum
2492 1438 2559 1478 eo
2614 1422 2870 1492 conjungi
2901 1433 2957 1478 et
3009 1424 3276 1495 ecpulari.
3317 1425 3494 1479 Abso'.

1920 1513 2031 1568 luta
2063 1516 2223 1581 igitur
2255 1521 2385 1570 sunt
2414 1516 2550 1580 haec,
2567 1515 2641 1569 ita
2673 1524 2731 1570 ut
2759 1515 2892 1569 nihil
2912 1515 3076 1570 desit.
3111 1516 3278 1571 Recte
3303 1526 3486 1570 autem

1923 1605 2188 1673 theologia
2212 1603 2642 1659 demonstrativa
2672 1605 2890 1660 dicatur
2919 1614 3181 1676 tanquam
3231 1620 3296 1661 ex
3344 1607 3487 1660 al'iir-

1916 1695 2252 1750 mationibus
2283 1704 2337 1748 et
2367 1694 2744 1763 negationibus
2767 1694 3094 1759 constituta;
3133 1702 3188 1748 et
3210 1696 3337 1762 quia
3389 1711 3489 1750 su-

1912 1799 2014 1855 pra
2071 1785 2172 1838 has
2227 1782 2296 1837 ad
2337 1783 2482 1837 illam
2539 1781 2970 1851 inexplicabilem
3019 1791 3075 1836 et
3121 1783 3386 1838 occultam
3426 1797 3490 1838 ac

1917 1875 2200 1946 mysticam
2237 1873 2563 1944 theologiam
2594 1911 2610 1941 ,
2643 1888 2777 1945 quae.
2811 1875 3333 1934 demonstrationem
3367 1875 3491 1930 vin-

1916 1967 2011 2031 cit,
2034 1966 2296 2023 occurrit.
2334 2005 2336 2007 μ
3269 1966 3274 1972 ’
3310 1979 3313 1981 ·

903 2239 1186 2302 TERTIA
1238 2242 1493 2304 DECAS.
1553 2267 1623 2279 —
1679 2239 1778 2294 DE
1847 2240 2148 2297 DIVINIS
2209 2234 2819 2296 EMANATIONIBUS.

725 2347 957 2404 CAPUT
1015 2349 1306 2406 PRIMUM.

221 2457 386 2524 Quod
407 2460 606 2526 duplex
630 2468 707 2531 est
735 2461 1024 2531 emunctio,
1052 2478 1158 2514 una
1182 2464 1234 2514 in
1287 2462 1411 2529 Deo,
1433 2467 1606 2519 altera
1627 2475 1798 2531 extra,

621 2530 688 2580 ab
710 2532 822 2596 ipso
849 2529 956 2582 Deo
979 2533 1046 2584 ad
1067 2543 1394 2586 creaturam.

298 2618 544 2687 Magnus
597 2621 906 2689 Dionysius,
958 2625 1139 2691 capite
1203 2625 1444 2678 secundo
1493 2623 1569 2679 De
1609 2625 1802 2682 divinis

223 2711 528 2763 nationibus
562 2725 575 2760 :
608 2709 718 2773 tlte,
776 2711 992 2779 inquit,
1042 2724 1171 2766 sunt
1220 2713 1456 2770 uniones
1507 2725 1554 2768 et
1611 2718 1804 2771 distin-

219 2805 439 2854 ctiones
480 2804 534 2852 in
601 2800 692 2855 illa
734 2802 993 2855 inell'abili
1052 2805 1256 2858 unione
1291 2813 1350 2858 et
1388 2807 1649 2861 essentia.
1710 2805 1806 2861 Est

221 2904 409 2942 :lttl-tn
462 2891 647 2946 divina
681 2893 991 2950 ,distinuio
1045 2897 1320 2950 cmanatio
1381 2895 1548 2952 Deum
1604 2899 1803 2954 decens

219 2986 425 3037 divinae
459 2984 702 3048 unionis,
758 3001 880 3054 qua:
942 3002 1107 3056 supra
1154 3003 1314 3056 quam
1361 2989 1530 3053 unite,
1563 2989 1804 3044 bonitate

1905 2355 1971 2410 ad
2004 2370 2061 2410 se
2120 2355 2294 2424 ipsum
2347 2359 2525 2406 motus
2573 2350 2693 2405 sine
2735 2347 2990 2403 distantia
3042 2345 3368 2402 iulermedia
3419 2363 3486 2403 ex

1915 2446 2216 2500 :cternilate
2245 2445 2299 2497 in
2335 2451 2584 2497 naturain
2621 2441 2786 2496 trium
2843 2452 3203 2509 personarum
3264 2437 3486 2491 desivit.

1913 2535 2036 2590 [hec
2071 2537 2232 2606 igitur
2257 2535 2534 2588 emanatio
2555 2543 2705 2586 mota
2739 2549 2768 2584 a
2800 2531 2992 2585 divina
3029 2542 3264 2599 persona
3316 2529 3370 2582 in
3403 2529 3489 2581 di-

1908 2628 2068 2681 vinas
2126 2640 2410 2695 personas,
2449 2624 2502 2677 in
2539 2621 2834 2685 Trinitate,
2871 2621 2935 2674 ad
2979 2635 3144 2689 quam
3185 2627 3330 2674 mota
3381 2631 3487 2681 est,

1910 2716 2174 2778 substitit,
2205 2725 2260 2770 et
2287 2715 2594 2769 noctionem'
2621 2727 2727 2768 non
2769 2722 3009 2766 creatam
3046 2709 3316 2764 exhibuit.
3357 2707 3490 2762 Om-

1911 2811 1998 2862 nis
2019 2807 2163 2860 enim
2187 2804 2466 2859 emanatio
2529 2804 2591 2856 tit
2619 2817 2804 2857 causa
2817 2815 3002 2856 eorum
3029 2814 3152 2870 qua
3181 2802 3484 2854 ’emananl.

1913 2899 2063 2952 Talis
2093 2897 2258 2968 igitur
2289 2903 2372 2950 est
2402 2894 2698 2959 emauatio,
2737 2892 2921 2963 qualia
2954 2899 3084 2946 sunt
3116 2905 3202 2958 ea,
3253 2890 3322 2946 ad
3363 2906 3489 2959 qua:

1913 2988 2054 3043 facta
2091 2996 2177 3042 est
2195 2985 2494 3042 entanatio.
2528 2983 2586 3038 Si
2615 2985 2728 3038 haec
2762 2998 2869 3038 non
2905 2990 3034 3036 sunt
3055 2991 3264 3042 creata,
3292 2990 3346 3034 et
3401 2981 3486 3032 iu-

222 3074 309 3129 Dei
343 3075 768 3142 multiplicatur.
822 3077 976 3142 Quod
1013 3081 1232 3148 quidem
1275 3081 1588 3137 edisserens
1623 3084 1790 3140 inter-
1825 3093 1868 3152 ο
1904 3079 2254 3149 telligentiam
2307 3076 2550 3137 vincunt,
2582 3074 2779 3128 similis
2804 3083 2858 3127 et
2894 3087 2992 3140 par
3027 3079 3111 3126 est
3151 3070 3233 3125 eis
3265 3083 3490 3123 cmana-v

218 3184 344 3236 pres
385 3186 400 3220 :
443 3169 518 3220 De
571 3169 959 3236 inexplicabili,
1023 3171 1220 3241 inquit,
1251 3171 1539 3229 Trinitatis
1577 3189 1800 3228 emana-

216 3271 370 3313 tione
413 3276 590 3328 usque
613 3260 679 3313 ad
727 3272 836 3315 tres
870 3277 1155 3330 personas,
1186 3264 1602 3333 philosotihatur
1635 3281 1800 3332 nunc,

219 3352 366 3416 quod
397 3349 548 3403 Dl-us
576 3351 802 3405 etl’ater
828 3353 946 3405 sine
977 3363 1239 3422 tempore.
1268 3354 1658 3408 convenienter
1692 3355 1802 3413 Deo

215 3454 270 3490 et
308 3450 571 3493 amanter
612 3449 791 3494 motus
827 3444 1092 3510 processit
1129 3445 1195 3496 ad
1231 3445 1637 3506 distinctionem
1677 3460 1802 3514 per-

217 3543 511 3590 sonarum,
567 3529 773 3598 absque
805 3531 1185 3585 imminutione
1225 3544 1280 3587 et
1335 3535 1628 3603 partitione
1661 3537 1712 3588 itt
1745 3552 1804 3592 se

218 3629 340 3671 toto
396 3635 654 3694 ntapens,
692 3625 910 3690 proprio
940 3623 1059 3690 ejus
1091 3625 1380 3692 splendore
1415 3642 1576 3694 supra
1639 3641 1800 3694 quam

212 3714 394 3774 unite,
422 3722 473 3764 et
507 3728 671 3779 supta
701 3728 861 3780 quam
885 3715 1208 3782 silllplicilt'r
1237 3719 1464 3781 emisso,
1497 3731 1553 3770 ut
1575 3721 1800 3772 exsiste-

214 3811 301 3854 νισι
338 3813 606 3869 tanquam
642 3805 820 3872 imago
859 3805 974 3857 \iva
1005 3821 1019 3869 ;
1057 3817 1110 3860 et
1143 3807 1346 3874 Spiritu
1388 3819 1576 3862 sancto
1604 3822 1667 3861 ex
1705 3807 1805 3861 Pa-

214 3900 297 3942 tre
339 3896 688 3958 vcnerando,
725 3904 780 3946 et
829 3910 992 3963 supra
1046 3912 1207 3964 quant
1258 3901 1566 3965 perenniter
1612 3914 1801 3967 proce-

211 3982 402 4041 dente,
461 3987 606 4037 sicut
656 3986 921 4038 Dominus
954 3988 1112 4040 dooet
1141 3987 1229 4038 '°:
1283 3985 1377 4040 Dei
1421 3997 1601 4040 autem
1640 3988 1796 4041 boni-

213 4081 323 4123 tate
357 4087 528 4125 causa
564 4078 810 4126 omnium
837 4075 884 4124 in
922 4073 1380 4142 tribus'personis
1403 4076 1602 4128 divinis
1655 4075 1796 4128 mul-

215 4163 466 4228 liplicata
511 4174 618 4216 est.
677 4167 806 4216 ltetn
842 4164 1136 4228 Gregorius
1165 4162 1472 4231 Theologus
1508 4164 1796 4232 disputans

215 4266 411 4309 ουισιτει
452 4257 782 4309 Ειιιιοιιιιιιιιι
817 4273 832 4308 :
870 4258 962 4309 list
1027 4272 1154 4310 vero
1210 4244 1397 4319 ctiam,
1457 4256 1648 4324 inquit,
1690 4259 1796 4309 alio

217 4350 377 4398 IIIOtiO
406 4347 696 4399 distinctio
745 4347 952 4408 divina,
1007 4347 1278 4401 ettlattatio
1335 4347 1425 4400 Dei
1468 4349 1536 4400 ob
1570 4347 1790 4400 nimiam

125 4503 138 4518 ν
219 4438 517 4492 bottttatmn
563 4441 629 4491 ad
671 4440 1060 4492 tnultilortncnt
1096 4441 1426 4494 creationem
1485 4439 1792 4507 aspectahi-
1820 4449 1872 4512 D

202 4525 336 4592 lem,
360 4540 417 4580 et
456 4544 565 4582 non
601 4532 1008 4596 aspcctallilent.
1071 4531 1144 4584 Ex
1183 4532 1269 4585 his
1298 4543 1478 4588 autem
1517 4531 1574 4583 lit
1607 4533 1780 4584 mani-

198 4619 432 4680 [ςειυω.
467 4627 614 4690 quod
644 4623 782 4678 Deus
817 4634 868 4677 et
890 4623 1133 4678 Patet-all
1167 4640 1262 4678 sua
1299 4623 1566 4677 manando
1587 4623 1785 4677 Filium

194 4715 840 4781 suprasubstantialem,
902 4727 954 4769 ct
1017 4717 1280 4784 Spiritum
1341 4729 1612 4781 sanctum,
1675 4717 1787 4772 duo

211 4806 368 4859 nius
404 4816 456 4857 et
486 4806 727 4871 ejusdem
755 4809 1060 4862 divinitatis
1087 4809 1291 4862 lumina
1330 4811 1556 4864 univoce
1589 4820 1780 4878 protu-

253 4932 272 4958 ,
316 4897 480 4947 nullo
520 4899 681 4950 modo
716 4913 743 4950 a
777 4917 833 4952 se
860 4917 976 4968 ipso
1002 4909 1115 4953 toto
1145 4916 1417 4964 egres5lts,
1449 4901 1542 4955 sed
1606 4901 1785 4970 potius

256 5062 310 5092 ⁸⁸
368 5061 536 5115 Jnan.
576 5077 662 5116 xv.

1909 3171 2005 3232 tio,
2040 3184 2161 3238 qua:
2187 3169 2250 3221 ad
2286 3182 2348 3222 ea
2382 3167 2498 3236 ipsa
2540 3165 2618 3220 lit.
2654 3165 2720 3218 Et
2767 3173 3023 3234 praeterea
3083 3162 3134 3214 in
3188 3162 3486 3230 suprasub-

1908 3261 2149 3316 stantiali
2182 3258 2450 3312 Trittitate
2501 3256 2606 3310 alia
2655 3256 2887 3310 diversa:
2923 3253 3149 3307 rationis
3178 3251 3479 3314 distinctio,

1905 3364 2026 3420 quae
2057 3352 2122 3403 ad
2150 3359 2426 3404 creaturas
2456 3355 2697 3412 emanat;
2719 3356 2773 3399 et
2804 3345 2908 3399 hac
2937 3343 3282 3398 emanationc
3315 3355 3471 3395 crea-

1904 3452 2058 3498 turas
2097 3443 2226 3495 istas
2272 3437 2743 3494 edicit-Trinitas.
2787 3434 2940 3502 Quod
2999 3435 3044 3489 si
3076 3434 3175 3488 alia
3210 3431 3348 3487 ratio
3387 3433 3486 3488 est

1909 3534 2070 3603 hujus
2093 3529 2481 3594 distinctionis,
2516 3530 2683 3596 liquet
2736 3528 2788 3580 in
2822 3526 2930 3582 illis
2954 3525 3222 3596 ipsiseam
3262 3529 3466 3593 perlici,

1905 3627 1970 3677 atl
2004 3636 2126 3693 quae
2151 3621 2448 3676 emanavit.
2477 3619 2744 3684 Quocirca
2773 3633 2881 3671 non
2916 3626 2998 3671 est
3024 3616 3340 3680 obscurum,
3367 3617 3471 3668 t|u~

1904 3714 2096 3782 plit-et'n
2117 3725 2236 3765 esse
2276 3710 2704 3772 emanationem,
2737 3721 2903 3760 unam
2934 3705 3147 3761 scilicet
3177 3719 3285 3775 qua
3334 3703 3490 3782 Deus:

1866 3779 1956 3873 ,ἐι
1985 3804 2142 3860 Pater
2187 3804 2238 3855 in
2291 3817 2350 3856 se
2382 3801 2612 3855 univoce
2639 3808 2821 3852 motus
2837 3804 2940 3864 est;
2969 3800 3222 3861 alteram,
3256 3811 3362 3867 qua
3393 3779 3487 3852 ad.

1901 3901 2208 3946 creaturam
2259 3892 2554 3959 atquivoce,
2591 3889 2643 3941 id
2681 3897 2789 3952 est,
2824 3888 2917 3942 illa
2967 3887 3308 3952 naturaliter,
3365 3889 3466 3940 hac

1900 3983 2218 4036 voluntarie.
2263 3979 2434 4034 Simul
2476 3979 2910 4032 demonstratum
2943 3985 3054 4041 est,
3094 3987 3310 4029 omnem
3356 3975 3516 4030 (ῦς-⁸

1899 4074 2212 4127 tinetionetn
2250 4070 2410 4140 hujus
2439 4069 2509 4124 ab
2541 4070 2633 4122 illo
2674 4069 2968 4124 motionem
3017 4062 3308 4135 quamdam
3351 4080 3473 4118 esse

1897 4174 1949 4214 et
1977 4160 2410 4214 distinctioiiettt.

2512 4270 2739 4327 CAPUT
2779 4271 2845 4326 ll.

1900 4394 2051 4460 Quod
2087 4395 2258 4446 omnia
2301 4408 2464 4446 causa
2517 4400 2569 4443 et
2622 4377 2796 4444 motus
2846 4400 2897 4444 ct
2947 4391 3285 4460 principium,
3335 4389 3496 4458 quae"

1966 4476 2186 4532 propter
2239 4462 2566 4532 gmerabilio
2617 4463 2832 4532 dicitur,
2907 4463 3176 4529 generatio
3210 4471 3313 4523 est,
3354 4475 3472 4527 qum

1967 4530 2085 4586 runt
2113 4533 2308 4599 effectis
2342 4531 2467 4599 ipsis
2492 4531 2653 4582 simul
2680 4530 2933 4597 efﬁcitur.

1967 4624 2200 4678 Sanctus
2223 4622 2491 4676 Maximus
2518 4622 2570 4674 in
2599 4621 3046 4690 interpretatione.
3072 4621 3222 4678 illius
3253 4632 3472 4678 sentcn-

1899 4715 1985 4769 tiae
2031 4712 2280 4780 Gregorii
2333 4711 2592 4780 Theologi
2641 4710 2717 4781 (a)
2758 4729 2770 4764 :
2808 4710 3036 4779 Propter
3069 4714 3164 4767 hoc
3221 4713 3402 4766 unitas
3439 4732 3469 4763 ιε

1896 4805 2156 4878 principio
2187 4812 2326 4855 mota
2365 4803 2462 4871 (l),
2493 4812 2600 4858 etc.
2635 4819 2651 4856 :
2700 4803 2894 4872 Omne,
2925 4805 3126 4874 ittqttit,
3168 4805 3297 4860 illud
3325 4811 3467 4871 quml

1901 4906 2122 4966 propter
2158 4909 2378 4948 causam
2423 4903 2535 4959 est,
2571 4901 2625 4949 et
2665 4903 2885 4966 propter
2929 4909 3154 4951 causam
3193 4897 3490 4950 movetur.

1646 5150 1950 5213 'Schoﬁa.

245 5284 338 5352 (Ι)
414 5281 637 5347 Ιτςηριεν
686 5285 777 5332 hoc
814 5289 988 5332 unitas
1033 5297 1064 5331 a
1111 5280 1374 5352 principio
1407 5288 1570 5352 mota.
1601 5276 1774 5352 idem

185 5349 266 5404 3·ιέ
291 5369 394 5404 tur
433 5371 658 5403 sant-ms
692 5354 955 5402 illuminas
994 5366 1326 5418 pt'Ost‘tlttells
1367 5351 1564 5402 ilmlent
1598 5349 1775 5400 locum

185 5443 235 5478 ιιτ
271 5425 595 5479 creaturis,
630 5437 751 5487 qua:
796 5437 825 5471 a
857 5424 962 5472 Deo
989 5433 1245 5487 tanquam
1298 5418 1568 5487 principio
1592 5427 1646 5471 et
1676 5418 1782 5469 [ille

242 5585 332 5647 (α.
392 5577 454 5627 In
488 5577 655 5643 prima
683 5575 927 5626 oratione.
956 5577 1020 5627 de
1049 5573 1204 5639 Filio,
1230 5588 1275 5628 el
1307 5592 1341 5627 tt
1376 5577 1440 5628 tle.
1499 5573 1818 5639 Theolog'a.

495 5673 760 5727 l’n‘tloL.
798 5672 910 5724 (in.
967 5669 1140 5725 CLII.

1880 5277 2017 5329 liunt
2046 5285 2099 5328 ct
2131 5286 2441 5341 moventur,
2463 5279 2744 5345 subjungit
2771 5275 3145 5329 concltnletlo
3178 5291 3190 5326 :
3221 5273 3333 5327 Una
3362 5273 3492 5345 ἱςιτς

1892 5355 1980 5398 tur
2005 5355 2088 5397 est
2117 5347 2236 5411 ejus
2265 5349 2411 5414 quod
2441 5357 2543 5407 est,
2567 5344 3072 5414 ’qttotnmlocuuque
3102 5354 3205 5405 cst,
3235 5344 3493 5411 εωυυάι
3525 5390 3534 5396 .

1895 5416 2200 5470 secundum
2233 5426 2484 5468 natutatu
2522 5427 2790 5481 movetur,
2821 5430 2982 5468 causa
3017 5424 3276 5483 tanquam
3313 5429 3462 5481 prin—

2994 5664 3072 5721 25
