3980 6208
476 374 652 445 ⁴“787

547 585 932 655 proficiscitur,
982 586 1180 652 (ἥσει-ι,
1213 588 1353 642 sicut
1387 589 1527 643 ratio
1556 589 1753 656 poscit,
1782 604 1810 641 a
1845 587 2101 642 substan-

546 679 621 730 tia
677 675 792 740 Dei,
833 678 959 741 quia
1012 677 1101 731 illa
1130 676 1363 733 scilicet
1415 680 1661 737 voluntas
1710 675 1803 732 Dei
1840 678 2025 744 ctepit,
2055 684 2108 730 et

543 778 629 822 est
666 778 816 822 extra
861 768 1147 824 iacientem
1176 778 1230 823 et
1258 779 1554 833 crcantem,
1589 772 1702 823 haec
1744 784 1889 830 vero,
1920 770 1969 821 id
2002 776 2105 833 cst,

546 858 851 911 substantia
898 858 987 912 Dei
1038 868 1238 915 aeterna
1281 872 1382 929 est,
1431 870 1485 914 ct
1532 860 1673 914 intra
1712 876 1770 914 se
1803 860 1971 928 ipsam
2006 861 2107 912 iixc

548 958 749 1009 manet,
799 947 886 1000 illa
938 948 1123 1016 incipit
1166 957 1216 1002 et
1264 948 1484 1010 desiuit,
1529 949 1640 1002 hme
1681 948 1817 1001 initii
1875 956 1927 1001 et
1986 946 2108 999 linis

544 1052 737 1105 expers
766 1046 888 1101 est;
931 1037 1016 1090 illa
1073 1038 1262 1107 recipit
1295 1054 1400 1092 non
1442 1054 1585 1100 esse,
1630 1054 1751 1091 cum
1810 1038 1950 1093 Deus
2002 1051 2108 1089 non

549 1126 663 1181 vult
692 1142 834 1193 esse,
873 1128 987 1182 bch
1013 1143 1287 1197 nunquam
1324 1130 1513 1197 recipit
1540 1143 1646 1183 non
1671 1143 1811 1183 esse.

1147 1235 1370 1293 CAPUT
1416 1237 1519 1291 Vll.

554 1323 712 1392 Quod
748 1327 1034 1381 secundum
1064 1334 1197 1381 hanc
1235 1328 1556 1382 voluntatem
1589 1336 1636 1382 et
1666 1326 1981 1380 desiderium
2021 1324 2111 1381 Dei

761 1398 925 1466 ipsius
959 1412 1084 1467 erga
1125 1413 1215 1450 nos
1245 1399 1594 1463 providentia:
1628 1399 1899 1451 dicuntur.

624 1487 981 1554 Athanasius,
1035 1489 1087 1542 in
1142 1490 1301 1543 tertio
1332 1488 1528 1543 Contra
1578 1490 1805 1548 Arianae
1847 1488 2110 1553 :Omnia,

550 1576 751 1649 inquit,
787 1579 937 1634 dedit
989 1576 1147 1633 Pater
1196 1577 1353 1644 Fifio,
1393 1588 1447 1634 et
1492 1581 1675 1635 omnia
1729 1596 1922 1636 rursus
1954 1579 2114 1634 Pater

550 1670 715 1723 habet
752 1671 804 1724 in
839 1670 975 1724 Filio
1007 1688 1021 1724 :
1058 1670 1315 1725 divinitas
1350 1672 1491 1725 enim
1527 1668 1671 1735 Filii,
1704 1672 1963 1727 divinitas
2009 1671 2113 1726 Pa-

554 1762 657 1813 tris
687 1772 791 1824 est,
821 1769 984 1830 atque
1033 1760 1105 1815 ita
1142 1759 1301 1815 Pater
1331 1762 1724 1830 providentiam
1766 1762 2008 1816 omnium
2055 1762 2109 1815 in

552 1845 693 1903 Filio
721 1850 876 1918 gerit.
912 1847 976 1903 Et
1007 1850 1201 1905 iterum
1237 1850 1400 1915 idem,
1453 1852 1651 1906 Contra
1703 1852 1923 1921 gentiles
1954 1866 1972 1905 :
2010 1850 2115 1905 Per

554 1940 1010 2006 incarnationem,
1057 1939 1253 2009 inquit,
1287 1938 1449 1995 Verbi
1499 1941 1832 2009 providentia
1867 1941 2111 1996 omnium

552 2030 748 2097 patuit,
800 2040 853 2085 et
889 2031 1063 2099 ipsum
1094 2029 1330 2085 Verbum
1366 2030 1529 2097 huius
1582 2030 1936 2100 providentiae
1985 2044 2113 2099 sup-

554 2120 822 2189 peditatur
855 2128 910 2172 et
964 2129 1151 2172 auctor
1188 2128 1311 2184 est;
1350 2120 1465 2188 ipse
1509 2119 1653 2172 enim
1688 2116 1859 2172 factus
1887 2125 1970 2170 est
2021 2118 2117 2169 bo-

555 2224 667 2271 mo,
702 2220 759 2263 ut
807 2224 905 2265 nos
947 2210 1349 2272 deiﬁcarcmur,
1381 2224 1439 2263 se
1474 2209 1586 2278 ipse
1622 2224 1718 2277 per
1770 2222 1967 2276 corpus
2002 2220 2117 2259 ma-

556 2298 812 2354 nifestum
843 2299 991 2363 fecit,
1016 2310 1076 2354 ut
1103 2316 1203 2355 nos
1232 2300 1408 2355 Patris
1438 2300 1839 2367 inaspectabiiis
1867 2298 2114 2353 notitiam

555 2407 901 2462 caperemus.
946 2393 1058 2446 imo
1090 2403 1144 2447 et
1182 2409 1409 2462 magnus
1442 2393 1673 2447 Basilius
1712 2395 1764 2447 in
1801 2392 2112 2456 Moralibus,

553 2494 749 2553 quarto
785 2495 839 2539 et
869 2486 1288 2554 quadragesimo
1320 2485 1531 2539 Psalzno
1558 2505 1571 2539 :
1623 2485 1865 2550 Intende,
1915 2485 2112 2553 inquit,

553 2588 798 2644 prospere
844 2578 1082 2645 procede,
1132 2585 1184 2629 et
1237 2592 1394 2645 regna
1422 2578 1491 2641 '°,
1540 2578 1589 2630 id
1639 2588 1742 2639 est,
1779 2577 1870 2645 qui
1928 2592 2114 2631 curam

553 2665 841 2722 ituminum
875 2685 971 2736 per
999 2684 1217 2723 carnem
1258 2670 1453 2723 habere
1482 2669 1715 2737 coepisti,
1742 2668 1825 2723 fac
1847 2675 1902 2721 ut
1931 2684 2115 2721 curam

554 2756 699 2813 hanc
736 2756 1009 2824 intendas,
1043 2761 1346 2825 continues,
1400 2769 1454 2814 et
1508 2762 1657 2816 nullo
1694 2776 1934 2830 unquam
1985 2770 2120 2815 teni-

557 2864 691 2918 pore
727 2850 955 2905 relaxes.
1001 2851 1066 2905 Et
1114 2851 1479 2906 Damascenus
1525 2852 1881 2922 'l'beologus:
1932 2851 2120 2904 Pr0vi-

556 2938 763 3003 dentia,
799 2941 995 3009 inquit,
1045 2949 1129 2996 est
1163 2957 1293 2996 cura
1330 2942 1420 2996 Dei
1453 2942 1519 2996 de
1543 2944 1815 2998 omnibus.
1852 2942 1915 2997 Et
1940 2936 2146 2996 Theo-e

558 3032 727 3085 dorus
756 3043 1116 3100 cognomento
1164 3034 1275 3085 τῶν
1319 3034 1631 3105 γραπτῶν;
1678 3035 1996 3104 Cujusnam,
2034 3035 2122 3089 in-

1716 379 2038 443 JOANNIS
2076 379 2635 445 CYPARISSIOTIE

544 506 705 564 atquo
756 508 879 548 cum
937 494 1373 554 emanationibus
1436 505 1487 551 ct
1540 496 1953 565 operationibus
2009 494 2182 553 DeiA

2986 438 2987 441 χ
3663 358 3773 451 γεεί

2782 497 2821 553 C
2838 497 3007 554 \l‘UT
3048 496 3184 553 Vill.

2211 610 2371 674 Quod
2428 614 2713 677 generatim
2785 630 2960 666 omnes
3011 613 3203 665 divina’
3245 610 3603 664 emanaliones
3643 623 3763 675 pro-

2384 680 2624 735 videntia:
2659 683 2908 736 dicuntur
2941 692 3108 735 mente
3139 680 3587 748 contemplabiles.

2281 770 2506 841 Magnus
2540 771 2829 841 Dionysius
2877 774 3053 840 primo
3090 788 3209 842 cap.
3257 772 3331 824 De
3362 770 3554 823 diuinis
3596 769 3762 821 nomi-

2212 864 2384 928 nibus,
2418 865 2535 919 ait:
2571 862 2687 918 Non
2721 865 2897 919 solum
2931 865 3075 917 enim
3122 874 3202 918 est
3245 878 3406 916 causa
3453 858 3764 915 continendi

2212 955 2416 1013 omnia.
2453 964 2505 1008 et
2536 955 2657 1008 vita:
2700 970 2762 1007 ac
2792 953 3137 1023 perfectionis
3167 968 3333 1006 causa
3358 960 3462 1013 est,
3496 952 3569 1004 ita
3612 958 3670 1001 ut
3702 947 3772 999 alr

2213 1048 2313 1101 bac
2355 1048 2489 1105 sola,
2546 1056 2635 1098 ant
2685 1045 2752 1097 ab
2801 1045 2905 1098 alia
2960 1044 3298 1113 providentia
3360 1041 3595 1101 bonitas,
3650 1054 3771 1104 qua:

2211 1147 2372 1185 omne
2425 1146 2621 1184 nomen
2673 1130 2928 1199 superat,
2981 1132 3310 1190 nominetur,
3367 1129 3461 1184 sed
3517 1128 3771 1181 universa

2213 1225 2534 1293 simpliciter
2577 1236 2625 1279 et
2672 1222 3144 1291 incircumscripte
3176 1223 3227 1275 in
3264 1237 3320 1274 se
3349 1219 3661 1289 anticipavit
3694 1219 3769 1284 (ii

2212 1316 2466 1386 perfectis
2543 1315 2874 1369 bonitatibus
2950 1314 3120 1383 ipsius
3179 1311 3354 1365 unica:
3420 1321 3473 1365 et
3523 1310 3769 1363 omnium

2213 1406 2501 1461 eliectricis
2549 1404 2921 1475 providentire,
2956 1412 3009 1458 et
3059 1403 3127 1456 ab
3168 1400 3421 1456 omnibus
3453 1400 3615 1453 rebus
3647 1407 3775 1464 apte

2212 1497 2464 1553 laudatur
2526 1505 2579 1552 et
2632 1494 2969 1549 nominatur.
3026 1491 3188 1560 Atqui
3257 1505 3363 1544 non
3422 1489 3597 1543 solum
3653 1487 3775 1542 hare

2216 1591 2434 1643 nomina
2471 1587 2652 1641 divina
2709 1585 2944 1654 theologi
3001 1583 3296 1642 celebrant,
3333 1593 3453 1649 qua:
3508 1594 3537 1632 a
3586 1576 3775 1646 provi-

2216 1679 2413 1733 denliis
2465 1676 2843 1745 generalibus,
2894 1685 2987 1729 aut
3035 1688 3064 1727 a
3116 1669 3466 1742 providentiis
3501 1668 3555 1721 in
3598 1675 3773 1736 parte,

2215 1780 2310 1824 aut
2351 1770 2418 1823 ab
2466 1768 2532 1823 iis
2573 1767 2771 1837 quibus
2814 1766 3153 1836 providetur,
3185 1772 3240 1818 et
3269 1760 3562 1829 aliquando
3590 1774 3619 1812 a
3648 1760 3774 1825 qui-

2213 1862 2441 1917 busdam
2499 1859 2697 1914 divinis
2730 1856 2861 1914 visis
2921 1858 3198 1911 dicuntur.
3259 1854 3406 1908 idem
3455 1865 3667 1907 rursus,
3721 1849 3775 1902 in

2218 1952 2454 2019 Epistula
2494 1951 2562 2003 ad
2601 1946 2776 2003 Titunt
2817 1963 2836 2002 :
2884 1946 2939 2001 ln
2979 1944 3355 2016 providentiis,
3399 1942 3598 2007 inquit.
3654 1939 3774 1999 Dei,

2213 2057 2350 2112 quas
2400 2049 2577 2094 mente
2629 2038 3083 2108 contemplamur,
3124 2037 3208 2089 vel
3258 2034 3310 2087 in
3346 2032 3505 2084 donis
3540 2031 3644 2093 (2),
3694 2028 3777 2081 vel

2212 2133 2515 2193 visionibus
2540 2131 2639 2201 (5),
2669 2131 2750 2200 vel
2780 2126 3208 2199 proprietatibus
3238 2123 3338 2194 (4),
3367 2121 3451 2175 vel
3503 2119 3777 2174 facultati-

2213 2226 2316 2280 bus
2368 2223 2466 2292 (5),
2523 2223 2603 2278 vel
2654 2222 2906 2284 statibus,
2969 2219 3049 2272 vel
3098 2214 3473 2269 mansionibus
3532 2210 3632 2279 (6),
3693 2208 3776 2264 vel

2214 2315 2672 2377 emanationibus,
2704 2312 2789 2366 vel
2816 2308 3258 2365 distinctionibus
3289 2304 3389 2373 (7),
3421 2300 3502 2353 vel
3541 2301 3776 2365 conjun-

2214 2408 2485 2461 ctionibus
2532 2405 2628 2474 (8).
2684 2404 2746 2458 Et
2798 2418 2990 2457 rursus
3039 2415 3160 2468 cap.
3213 2411 3406 2467 quarto
3455 2393 3529 2447 De
3585 2392 3781 2447 eadem

2215 2495 2431 2549 hieran:
2450 2488 2679 2556 Cuncta,
2706 2491 3036 2559 inquit,qua:
3055 2499 3200 2553 sunt,
3230 2490 3620 2558 providentiam
3652 2498 3776 2553 par-

2217 2586 2463 2654 ticipant,
2502 2598 2621 2653 quae
2650 2597 2715 2637 ex
2762 2581 3059 2643 divinitate,
3097 2595 3218 2648 qua:
3266 2595 3483 2634 omnem
3526 2586 3776 2632 naturam

2218 2672 2512 2732 antecellit,
2541 2680 2595 2724 et
2643 2670 2883 2723 omnium
2915 2682 3093 2721 rerum
3119 2683 3281 2722 causa
3312 2677 3416 2730 est,
3439 2666 3629 2721 emuit.
3657 2664 3780 2727 Quo

2220 2764 2275 2818 in
2307 2764 2427 2817 loco
2461 2769 2687 2816 sanctus
2739 2759 3009 2814 Maximus
3045 2776 3059 2813 :
3107 2759 3324 2821 Omnia,
3362 2758 3559 2826 inquit,
3611 2766 3775 2823 opera

2219 2851 2509 2907 creationis
2561 2850 2871 2906 summatim
2933 2850 3193 2911 declarat,
3253 2864 3377 2902 eum
3426 2848 3607 2902 dicit:
3650 2844 3781 2910 Qui:

2220 2952 2362 3009 sunt,
2398 2942 2578 2997 omnia
2625 2941 2833 2995 scilicet
2885 2939 3212 2994 intellectilia
3262 2949 3316 2993 et
3354 2937 3625 3000 sensilia;
3660 2937 3781 2988 uni-

2222 3050 2379 3090 versa
2410 3033 2554 3087 enim
2587 3032 2715 3086 fecit
2750 3032 2912 3091 Deus,
2952 3045 3076 3085 cum
3110 3043 3213 3083 non
3240 3038 3447 3084 essent.
3481 3036 3537 3082 et
3559 3027 3632 3081 ob
3660 3041 3778 3080 eam

557 3120 699 3190 quit,
736 3123 809 3175 rei
848 3122 1186 3190 providentia
1221 3128 1346 3187 erit,
1384 3123 1429 3177 si
1482 3139 1587 3176 non
1637 3123 1710 3178 sit
1752 3124 1895 3191 quod
1933 3139 2117 3178 serve.
2148 3125 2191 3184 (Ξ
2226 3139 2446 3179 causam
2475 3122 2676 3185 solum,
2703 3130 2765 3174 ut
2789 3120 3029 3174 bonitate
3055 3117 3571 3189 ipsiusi‘ruerentur,
3595 3116 3781 3168 fruun-

561 3224 649 3268 tur
692 3213 997 3268 iucolume?
1042 3213 1384 3269 Providentia
1439 3217 1583 3269 enim
1633 3230 1698 3269 cx
1755 3216 1822 3271 iis
1868 3228 1951 3270 est
2002 3230 2123 3285 qua:

561 3313 689 3359 sunt
721 3314 941 3374 propter
972 3319 1214 3359 causam.
1266 3306 1445 3370 Quare
1475 3321 1541 3359 ex
1587 3306 1671 3359 bis
1714 3315 1882 3375 patet,
1925 3320 2118 3370 quem-

562 3393 852 3447 admodum
885 3403 1103 3462 propter
1132 3408 1194 3453 ea
1225 3409 1343 3463 quae
1384 3408 1414 3447 a
1463 3408 1521 3447 se
1571 3392 1710 3448 facta
1755 3403 1902 3459 sunt,
1946 3395 2125 3463 provia

561 3482 801 3537 dentiam
851 3482 1009 3536 habet
1042 3483 1203 3547 Deus,
1240 3499 1347 3550 qua
1404 3484 1493 3539 illa
1525 3495 1781 3555 procurat
1822 3495 1878 3540 et
1925 3486 2124 3553 guber-

563 3582 688 3638 nat;
724 3583 778 3628 et
833 3573 949 3642 ipse
990 3583 1072 3629 est
1124 3574 1219 3629 Dei
1267 3573 1524 3641 Verbum,
1558 3576 1717 3644 hujus
1772 3576 2120 3644 providentia

565 3664 944 3734 suppeditator
977 3673 1030 3718 et
1059 3675 1269 3720 auctor.
1298 3664 1451 3731 Quod
1500 3666 1547 3720 si
1590 3674 1808 3735 pr0pter
1840 3667 1941 3720 ista
1979 3668 2120 3721 iacta

567 3766 671 3819 est,
707 3756 983 3827 quomodo
1024 3772 1132 3810 non
1181 3758 1255 3813 sit
1300 3757 1517 3812 condita
1563 3765 1616 3813 et
1668 3767 1851 3812 creata
1881 3769 1933 3813 ct
1972 3761 2023 3812 in
2058 3760 2155 3815 iis

566 3857 871 3912 numerata,
926 3863 1046 3916 (Illiﬁ
1092 3856 1221 3902 sunt
1276 3859 1496 3919 propter
1533 3863 1775 3913 causam,
1825 3852 2120 3903 SCCUI’IdUtll

558 3951 815 3994 naturam
870 3940 1246 4010 operationum
1307 3950 1362 3995 et
1413 3941 1843 4001 emanationnm,
1893 3950 1947 3993 et
1987 3940 2121 3998 alio-

566 4046 688 4083 rum
741 4047 861 4099 qua:
921 4031 987 4085 ad
1050 4030 1422 4087 habitudinem
1478 4031 1749 4101 pertinere
1808 4031 2122 4101 intelligun-

568 4130 658 4175 tur
683 4121 708 4172 7

647 4455 692 4486 "
729 4452 879 4511 Psal.
908 4470 1051 4519 xuv,
1086 4454 1137 4510 5.

2223 3222 2310 3266 tur
2343 3220 2523 3265 autem
2579 3208 2917 3279 providentia
2976 3208 3114 3272 ipsa,
3150 3216 3207 3260 ut
3237 3219 3468 3274 qumque
3521 3219 3612 3257 res
3661 3212 3779 3270 apta

2219 3311 2300 3358 est
2328 3320 2343 3367 ;
2373 3299 2708 3370 providentia
2757 3298 2899 3351 enim
2958 3297 3051 3350 Dei
3084 3296 3409 3365 principium
3444 3303 3530 3347 est
3579 3302 3783 3346 natura:

2218 3393 2486 3462 cujusque
2520 3391 2622 3455 rei,
2662 3399 2825 3458 atque
2869 3387 2995 3441 hinc
3023 3396 3171 3456 patet
3202 3384 3519 3454 Dionysium
3564 3395 3781 3435 omnem

2220 3480 2621 3535 emanationem
2682 3476 2775 3530 Dei
2840 3474 3230 3541 providentiam
3295 3472 3627 3539 appellasse.
3686 3470 3784 3521 boc

2226 3566 2369 3619 enim
2397 3575 2477 3619 est
2508 3563 2636 3617 illud
2690 3563 2830 3630 apud
2864 3561 3182 3630 Dionysium
3222 3576 3237 3612 :
3269 3559 3351 3613 Ab
3389 3559 3490 3612 hac
3536 3558 3681 3620 sola,
3705 3554 3782 3608 vel

2227 3656 2294 3709 ab
2324 3655 2427 3709 alia
2459 3652 2793 3721 providentia
2821 3670 2834 3716 ;
2880 3660 2937 3705 et
2970 3650 3098 3706 illud
3137 3670 3151 3704 :
3197 3649 3238 3702 Α
3271 3638 3617 3719 generalibus
3663 3662 3785 3715 pro-

2227 3742 2508 3805 videntiis,
2538 3741 2621 3794 vel
2669 3739 3021 3807 providentiis
3064 3739 3119 3792 in
3153 3750 3322 3807 parte,
3359 3737 3438 3789 vel
3468 3737 3538 3790 ab
3572 3738 3641 3791 iis
3669 3735 3784 3802 qui-

2229 3833 2331 3887 bus
2366 3832 2718 3901 prmidetur;
2773 3841 2829 3885 et
2877 3831 3008 3884 illud
3058 3845 3252 3884 rursus
3283 3847 3297 3882 :
3332 3829 3385 3882 In
3423 3828 3782 3898 providentiis

2230 3924 2348 3984 Dei.
2381 3938 2517 3991 quas
2559 3930 2739 3975 mente
2775 3920 3245 3988 contemplemur;
3304 3920 3459 3989 plane
3499 3928 3785 3972 contentu:

2231 4016 2335 4070 fuit
2368 4014 2654 4082 DionySius
2696 4028 2792 4081 pro
2836 4011 3274 4065 emanationibus
3306 4009 3673 4078 providentias
3701 4007 3786 4060 di-

2231 4118 2391 4167 cere;
2451 4102 2553 4155 nisi
2589 4103 2710 4170 quis
2759 4100 2897 4155 l‘orte
2934 4101 3101 4164 dicat,
3157 4098 3297 4151 idem
3349 4113 3469 4153 esse
3501 4098 3787 4167 providen-

2232 4194 2391 4258 tiam,
2421 4200 2473 4244 et
2500 4191 2930 4252 emanationem,
2951 4203 3205 4244 emanare
3231 4188 3374 4242 enim
3399 4196 3615 4257 propter
3640 4184 3786 4238 aliud

2224 4282 2374 4353 quid,
2410 4281 2543 4352 quid
2574 4280 2722 4336 aliud
2751 4289 2836 4336 est
2866 4296 3028 4351 quam
3070 4278 3363 4348 providere
3401 4279 3539 4341 suis,
3564 4290 3784 4346 propter

2024 4565 2290 4630 Schoﬂa.

639 4694 713 4761 (1)
754 4691 806 4745 ld
831 4698 945 4753 est,
984 4693 1059 4744 ita
1095 4693 1149 4745 in
1179 4707 1233 4745 se
1259 4692 1432 4745 omnia
1470 4690 1795 4757 anticipavit,
1835 4699 1889 4742 ct
1937 4689 2118 4743 omnia
2152 4691 2196 4751 υ
2228 4704 2352 4741 στον
2399 4688 2586 4753 αὑτοῦ,
2635 4699 2863 4761 ιιῐᾷουιη
2920 4690 3050 4746 dicit
3084 4689 3371 4761 Scriptura
3407 4704 3421 4741 :

565 4775 671 4823 cst,
710 4774 769 4816 ut
797 4775 919 4815 cum
956 4761 1034 4813 cis
1069 4777 1175 4814 non
1206 4762 1275 4815 sit
1305 4768 1738 4824 coagmentatus,
1787 4774 1961 4826 neque
1994 4773 2120 4812 cor-

570 4847 732 4895 rui-ee
763 4832 973 4890 unitus,
1006 4831 1109 4883 hoc
1142 4839 1223 4885 est
1254 4830 1573 4896 simpliciter
1621 4838 1674 4881 et
1704 4829 2119 4882 incircumscri-

566 4914 656 4971 pte
698 4901 879 4971 omnia
911 4914 1031 4971 esse
1054 4900 1105 4951 in
1132 4915 1218 4971 eo.
1245 4908 1298 4953 et
1327 4900 1508 4971 ipsum
1523 4911 1644 4950 esse
1682 4897 1889 4971 omnia.
1918 4896 2122 4951 Contra

568 4966 745 5025 aiebat
780 4967 1110 5022 Mauiclueus
1150 4968 1313 5020 Deum
1345 4966 1597 5019 omnibus
1627 4966 1948 5032 corporibus
1995 4983 2122 5017 συν-

570 5039 950 5105 ουσιασμένον.
978 5038 1029 5088 id
1060 5047 1163 5098 est,
1186 5045 1243 5090 ut
1268 5036 1342 5091 ita
1376 5045 1669 5096 vertamus,
1689 5036 2124 5089 consubstantia-

574 5123 684 5161 tum
724 5106 1082 5173 providentia.

641 5178 715 5245 (‘2)
762 5176 944 5229 Donis.
989 5173 1054 5229 Ut
1096 5176 1147 5227 iu
1195 5174 1286 5227 illo
1326 5173 1548 5239 :Aperis
1609 5181 1664 5223 tu
1714 5189 1927 5225 manum
1974 5180 2123 5225 tuam

570 5244 744 5315 (νέαι.
777 5260 955 5315 sitm,
986 5244 1096 5312 16).
1138 5255 1240 5315 rte.

644 5316 719 5385 (3)
776 5309 1104 5385 rVisionibu's.
1161 5309 1229 5368 Ut
1270 5328 1386 5366 cum
1424 5312 1493 5385 Vin
1543 5310 1740 5385 Veteri
1773 5310 2121 5385 Testamento

572 5380 863 5454 apparebat
898 5386 1043 5454 licus
1080 5385 1256 5449 specie
1291 5383 1526 5454 hominis
1556 5390 1657 5454 :et
1698 5381 1840 5454 sicut
1883 5380 2122 5446 Spiritus

570 5449 793 5508 sanctus
825 5453 1077 5522 apparuit
1104 5451 1372 5521 inspecie
1398 5452 1679 5515 columbae,
1721 5460 1777 5504 et
1807 5449 2113 5517 linguarum

567 5529 870 5577 tenearum.
1864 5549 1879 5559 ο

590 5562 1193 5659 hliii"i"'rli).;)rietzttibus.
1232 5585 1301 5643 Ut
1340 5605 1391 5640 tn
1444 5590 1706 5656 propheta
1752 5591 1936 5646 Amos,
1986 5588 2112 5659 ada-

569 5676 708 5720 tnas,
754 5657 989 5727 providit
1044 5660 1201 5722 Deus,
1254 5669 1312 5711 ttt
1364 5660 1717 5712 similitudine
1772 5664 1825 5709 et
1859 5657 2116 5727 exemplo

567 5725 873 5784 adamantis
925 5730 1232 5787 ostenderet
1269 5728 1425 5784 nobis
1465 5729 1522 5780 τὸ
1550 5727 1756 5790 ἀπαθὲς
1785 5726 1878 5811 atat
1903 5725 2114 5790 ἀδάμα-

3477 4684 3611 4739 Deus
3650 4686 3786 4750 ignis

2228 4774 2535 4829 consumens
2564 4770 2639 4813 est
2668 4759 2845 4829 (Deut.
2882 4776 2953 4824 tv,
3004 4761 3115 4827 Ἡ),
3166 4758 3399 4829 providit
3432 4764 3490 4810 ut
3518 4758 3593 4810 sic
3621 4756 3785 4824 signi-

2228 4826 2550 4898 ﬁcaretjim
2584 4826 2935 4883 consumendi
2966 4826 3161 4898 pravos
3188 4827 3423 4898 habitus.

2298 4897 2379 4961 (5)
2403 4896 2795 4951 Facultatibus.
2823 4898 2888 4952 Ut
2913 4892 3075 4959 oeuli,
3101 4897 3193 4965 qui
3217 4896 3524 4949 facultatem
3550 4892 3781 4965 videndi,

2176 4974 2284 5086 «et
2331 4966 2497 5035 pedes
2528 4966 2839 5021 ambulandi
2874 4963 3202 5037 significant,
3247 4966 3459 5034 species
3499 4963 3784 5033 providen-

2254 5049 2317 5086 1111
2344 5045 2488 5086 511111..

2254 5049 2317 5086 la:
2344 5045 2488 5088 sunt.

2300 5104 2375 5171 (6)
2401 5104 2639 5157 Statibus
2656 5104 2733 5156 vel
2760 5105 3139 5159 mansionibus.
3166 5105 3234 5160 Ut
3262 5119 3384 5158 cum
3410 5105 3624 5162 dicitur,
3649 5099 3781 5165 lapis

2226 5172 2589 5293 lf)t.t'r.tdamenti,
2613 5174 2881 5243 significat
2904 5176 3293 5243 providentiam
3324 5184 3501 5228 status
3529 5174 3778 5226 immuta-

2266 5257 2277 5292 l
2307 5258 2370 5293 IS.

2266 5257 2370 5295 lllS.

2301 5310 2376 5377 (7)
2401 5309 2838 5365 Emanationibus
2877 5311 2954 5364 vel
2972 5312 3413 5365 distinctionibus.
3449 5310 3521 5365 Ut
3548 5323 3661 5364 cum
3693 5306 3777 5358 di-

2224 5381 2383 5443 citur,
2417 5380 2513 5434 llos
2545 5382 2656 5446 agri
2692 5390 2743 5433 et
2775 5380 2946 5434 lilium
2978 5382 3340 5445 convallium;
3387 5382 3616 5435 varietas
3652 5390 3768 5444 prO‘

2222 5449 2849 5515 videntiie‘signiiicatur.

2295 5520 2372 5588 (8)
2416 5516 2909 5585 Conjunctionibus.
2954 5518 3025 5574 Ut
3076 5534 3197 5573 cum
3249 5528 3474 5572 vocatur
3525 5514 3772 5588 lapisAan-

2222 5583 2452 5653 gularis,
2480 5583 2814 5658 signiﬁcatur
2859 5589 3200 5658 providentia
3235 5588 3587 5644 convertendi
3611 5583 3665 5636 ad
3690 5591 3764 5639 δι’,

2222 5668 2274 5711 et
2312 5671 2497 5712 secum
2524 5657 2837 5726 copuiandi.
