3980 6208
268 356 384 421 789

1062 357 1314 434 IDECAS
1352 368 1466 432 III;
1508 398 1575 409 -
1614 374 1715 437 DE
1749 374 2720 446 DIVINISEMANATIONIBUS.

267 488 409 541 quos
453 486 484 527 a
520 471 790 545 principio
812 480 1220 538 ,emauatiouem
1254 484 1403 548 fecit,
1435 495 1489 542 et
1518 487 1697 543 adhuc
1731 499 1829 543 eo-
1856 488 1905 549 Α
1932 506 1996 547 ac
2029 494 2307 551 beneﬂciis
2349 497 2466 565 ejus
2498 512 2624 567 erga
2670 510 2766 551 nos
2805 494 3022 551 nomina
3070 493 3242 564 ipsius
3282 496 3501 562 contini,

266 577 387 616 rum
411 579 600 618 curam
632 567 790 636 gerit,
813 571 957 637 quod
988 573 1159 641 magis
1189 576 1368 631 adhuc
1396 592 1461 632 ex
1494 592 1561 633 eo
1593 588 1829 644 constat,

265 652 414 720 quod
451 656 799 722 providentia
823 660 911 713 Dei
938 662 1263 731 principium
1286 675 1369 720 est
1390 676 1597 723 natura:
1620 684 1829 735 rerum,

261 756 425 795 orline
460 754 640 798 autem
695 747 1019 818 principium
1056 753 1361 820 aliquorum
1402 758 1455 810 in
1492 758 1558 813 iis
1591 775 1714 828 qua:
1761 761 1831 814 ab

260 831 381 896 ipso
414 834 682 902 principio
708 838 999 900 exsistunt,
1028 844 1410 911 concluditur;
1464 848 1634 916 liquet
1666 851 1833 919 igitur

258 935 382 974 esse
416 925 813 990 providentiam
844 945 1008 982 mium
1043 947 1106 985 ex
1157 934 1225 989 iis
1254 952 1376 1004 qua:
1424 953 1453 991 a
1506 939 1614 994 Deo
1641 942 1835 997 volun-

259 1019 370 1067 tate
403 1030 507 1068 sua
541 1015 676 1071 facta
713 1029 859 1073 sunt.
899 1019 1194 1079 Enumerat
1226 1036 1405 1081 autem
1458 1029 1743 1100 Dionysius
1776 1035 1829 1090 in

259 1107 619 1171 providentiis
647 1109 786 1164 dona
842 1122 894 1167 et
922 1114 1161 1170 visiones
1213 1126 1267 1172 et
1307 1120 1438 1185 alia,
1497 1133 1657 1178 utens
1693 1140 1828 1180 voce

257 1195 681 1265 disjunctionis,
754 1204 835 1257 vel
902 1205 967 1258 ad
1032 1207 1469 1276 declarandum,
1535 1227 1644 1267 non
1708 1230 1836 1271 esse

258 1284 707 1355 improbandum,
765 1291 812 1346 si
869 1296 991 1363 quis
1045 1297 1161 1353 haec
1214 1300 1317 1354 hoc
1373 1311 1469 1356 aut
1521 1301 1615 1357 illo
1660 1304 1845 1359 verbo-

256 1386 443 1431 voret.

866 1420 1217 1513 CAPUTlX.

256 1535 417 1617 Quod
451 1544 735 1597 secundum
770 1547 913 1615 ipsas
960 1549 1056 1603 Dei
1104 1552 1463 1617 providentius
1518 1568 1566 1611 et
1612 1575 1834 1616 emana-

328 1610 498 1699 tiones
535 1620 688 1681 atque
712 1610 1034 1699 onerationes
1063 1610 1195 1699 fiunt
1222 1633 1411 1679 nostra:
1439 1610 1830 1699 divimepur't‘i-

234 1756 237 1757 ν
327 1686 641 1743 ciputiones.
670 1695 718 1737 et
744 1686 925 1740 divina
956 1686 1188 1743 nomina.

330 1762 559 1831 Magnus
598 1769 909 1842 Dionysius,
943 1776 1119 1844 capite
1169 1778 1349 1847 primo
1396 1780 1469 1835 De
1501 1783 1694 1838 divinis
1735 1802 1834 1839 no-

252 1856 517 1922 minibus,
549 1859 695 1926 Haec,
748 1863 948 1931 inquit,
979 1881 1042 1919 ex
1075 1867 1374 1938 Scriptnris
1410 1872 1609 1928 divinis
1637 1875 1835 1930 didici-

252 1960 428 2013 mus;
458 1959 512 2001 et
558 1965 777 2006 omnem
827 1954 939 2009 fere
980 1973 1193 2013 sacram
1225 1959 1566 2029 Scripturam
1600 1967 1836 2030 reperies

248 2038 327 2090 ad
382 2038 768 2098 declarandum
825 2048 980 2102 nobis
1031 2042 1199 2113 Deum
1255 2062 1309 2106 et
1370 2053 1435 2107 ad
1501 2056 1835 2112 laudandum

249 2141 431 2192 eum,
481 2130 663 2187 divina
720 2137 937 2191 nomina
994 2137 1234 2196 formare
1283 2145 1581 2199 secundum
1639 2146 1838 2202 divina)

252 2218 527 2276 bonitatis
615 2228 1007 2283 emanationes.
1081 2229 1144 2284 Et
1196 2231 1391 2287 iterum
1476 2235 1532 2288 in
1597 2238 1837 2291 secundo

250 2315 444 2382 crpite
505 2332 523 2369 :
588 2315 845 2372 Absolute
900 2321 976 2389 (l)
1059 2323 1585 2379 communieationes
1677 2327 1834 2395 vitae,

250 2404 572 2471 sapientia,
634 2416 690 2459 et
762 2408 866 2461 alia
924 2408 1065 2465 dona
1124 2410 1322 2465 divinae
1382 2412 1643 2470 bonitatis
1720 2431 1839 2471 om-

251 2494 420 2548 nium
480 2510 665 2550 rerum
717 2497 1026 2565 eﬂ'ectricis,
1084 2500 1155 2555 in-
1198 2502 1402 2570 quibus
1441 2503 1837 2561 donis-divina:

250 2599 554 2653 personas;
604 2602 725 2657 quae
773 2590 893 2644 sine
956 2600 1163 2645 naturae
1236 2608 1379 2647 δυω-
1414 2595 1838 2664 participatione

250 2675 681 2743 participantur.
712 2693 743 2732 a
800 2680 1304 2750 participationibus
1357 2692 1413 2738 et
1462 2686 1837 2754 participanti-

251 2767 371 2822 bus
428 2768 738 2825 laudantur.
768 2773 887 2836 Quo
934 2774 989 2828 in
1034 2776 1153 2830 loco
1183 2775 1239 2830 8.
1276 2776 1588 2834 Maximus:
1631 2779 1838 2835 Secun-

250 2859 402 2914 dum
454 2861 835 2929 substantiam,
867 2864 1077 2934 inquit,
1102 2865 1359 2922 divinitas
1403 2883 1577 2936 neque
1615 2871 1836 2938 partici~

253 2959 467 3021 pstor,
514 2965 615 3005 nec
666 2952 985 3021 intelligitur
1034 2972 1049 3010 :
1094 2957 1486 3027 partieipabilis
1549 2974 1674 3013 vero
1727 2971 1836 3026 est,

251 3050 545 3110 quatenus
572 3042 639 3097 ab
665 3058 729 3097 ea
743 3044 1015 3100 exsistunt
1039 3048 1245 3109 omnia.
1271 3058 1325 3103 et
1346 3048 1416 3103 ab
1445 3064 1509 3103 ea
1548 3052 1834 3105 continen-

1867 1824 1917 1878 B.

1931 598 1995 638 ea
2030 600 2156 639 vero
2194 586 2307 656 ipsa
2340 601 2460 655 qua:
2494 589 2545 641 in
2588 587 2697 641 Deo
2752 590 2901 649 sunt,
2943 587 3249 657 rujusmodi
3282 589 3511 644 demum

1932 674 2040 728 sint
2066 676 2275 729 ratione
2300 678 2383 729 sui
2424 677 2674 746 principii
2704 686 2756 732 et
2796 677 3159 741 fundamenti,
3192 687 3243 731 et
3288 695 3407 747 qua:
3449 681 3509 733 in.

1931 776 1996 816 eo
2044 771 2192 825 sunt.
2270 779 2435 835 supra
2490 781 2706 821 omnem
2762 777 3037 832 mentem,
3095 768 3366 821 notionem
3440 785 3505 824 ac

1933 853 2296 919 cognitionem
2351 857 2656 909 naturalem
2736 856 3035 924 putandum
3101 870 3222 911 esse
3275 848 3504 927 :‘atque

1932 940 2093 994 etiam
2129 942 2203 1013 (id
2248 945 2389 1011 quod
2435 945 2585 1013 prius
2628 943 3123 1013 demonstrabatur)
3152 962 3215 999 ex
3259 949 3554 1043 magnith

1933 1030 2107 1085 eentia
2133 1042 2185 1086 et
2215 1048 2405 1087 rerum
2428 1036 2620 1088 ordine
2651 1034 2817 1089 Deum
2865 1030 3144 1104 cognosci,
3186 1052 3291 1090 non
3327 1048 3504 1093 autem
3540 1030 3554 1043 ”
3595 1036 3600 1041 ’

1932 1136 1996 1175 ex
2034 1124 2335 1178 substantia
2383 1140 2501 1179 sua.
2533 1125 2790 1191 Quamvis
2840 1129 2983 1182 enim
3025 1131 3396 1184 deiii'carioues
3434 1131 3503 1183 ab

1932 1226 2001 1267 eo
2025 1214 2088 1266 ad
2123 1229 2222 1267 nos
2255 1214 2524 1283 proficisci
2551 1216 2861 1280 audiamus,
2908 1229 2996 1272 aut
3041 1219 3326 1273 facultates
3355 1221 3520 1275 deill-'

1932 1314 2026 1354 cas
2080 1302 2159 1354 vel
2220 1302 2557 1364 substantiae,
2597 1305 2678 1357 vel
2736 1307 2878 1370 vitae,
2911 1308 2994 1361 vel
3045 1309 3323 1377 sapientire
3380 1311 3511 1363 eire-

1932 1391 2149 1455 ctrices,
2186 1394 2318 1446 nihil
2346 1393 2489 1447 aliud
2537 1394 2914 1464 intelligimus,
2947 1413 3108 1467 quam
3168 1400 3238 1454 ab
3291 1400 3408 1467 ipso
3443 1401 3509 1453 ad

1934 1494 2032 1535 nos
2066 1481 2474 1549 proficiscentes
2508 1484 2873 1551 habitudines,
2894 1487 3184 1551 motiones,
3212 1491 3515 1542 emanatio-

1935 1586 2030 1625 nes
2071 1581 2123 1625 et
2149 1574 2516 1640 operationcs,
2539 1576 2685 1627 nulla
2712 1585 2891 1630 autem
2917 1593 2981 1631 ex
3012 1577 3131 1633 istis
3156 1580 3512 1647 motionibus,

1934 1660 1981 1714 si
2021 1660 2102 1716 sic
2154 1677 2246 1717 cas
2294 1678 2588 1723 vocemus:
2640 1665 3049 1720 similitudinem
3081 1678 3174 1721 aut
3205 1671 3515 1736 pmportio-

1936 1765 2058 1802 nem
2118 1749 2279 1806 habet
2334 1766 2458 1805 cum
2510 1753 2601 1806 illa
2654 1752 2898 1806 omnium
2963 1769 3139 1807 rerum
3204 1770 3410 1819 causa,
3460 1758 3519 1810 et

1938 1854 2153 1895 omnem
2223 1853 2471 1895 naturam
2549 1851 2875 1910 superante;
2962 1843 3091 1898 haec.
3134 1845 3277 1897 enim
3327 1847 3527 1900 omnia,

1938 1938 2157 1999 propter
2208 1944 2428 1983 causam
2488 1940 2631 1984 mota
2681 1940 2842 1995 διιηι,
2909 1946 3070 1985 omne
3131 1941 3314 1986 autem
3370 1937 3529 2003 (ιιιοςΓ

1938 2026 2159 2087 propter
2214 2033 2438 2073 causam
2479 2030 2586 2083 est,
2638 2029 3013 2088 et‘movetur,
3067 2021 3269 2078 factum
3316 2033 3532 2091 est,ae«

1940 2105 2284 2176 principium
2316 2108 2563 2161 et'tinem
2597 2108 2778 2162 habet.

2565 2240 2796 2297 CAPUT
2828 2241 2899 2296 X.

1940 2350 2093 2416 Quod
2138 2351 2277 2407 Deus
2328 2363 2406 2411 est
2448 2370 2607 2417 unus,
2632 2364 2682 2408 et
2712 2353 3074 2417 impartibilis,
3116 2367 3166 2409 et
3201 2372 3301 2411 non
3337 2360 3533 2413 multa;

2007 2421 2296 2489 plicabilis,
2328 2431 2378 2476 et
2408 2424 2692 2477 immobilis
2721 2439 2740 2476 :
2764 2424 2817 2475 in
2864 2424 2943 2476 his
3015 2435 3187 2478 autem
3223 2432 3519 2484 emanatio-

2010 2491 2160 2567 nibus
2178 2560 2190 2567 _
2218 2493 2425 2567 uidetur
2481 2495 2701 2558 moveri,
2728 2502 2777 2548 et
2803 2493 3020 2561 partiri,
3043 2510 3106 2547 ac
3146 2496 3515 2567 multiplicari,

2007 2567 2065 2611 εις
2081 2559 2268 2614 diuidi.
2494 2626 2497 2627 ν

2009 2668 2237 2739 M'aguus
2276 2671 2605 2744 Dionysius,
2663 2676 2839 2743 capite
2893 2678 3136 2734 secundo
3183 2677 3257 2734 De
3321 2680 3518 2734 divinis

1939 2761 2240 2815 nominibus
2278 2780 2299 2818 :
2344 2763 2483 2828 Quia
2535 2767 2673 2823 Deus
2727 2783 2889 2837 supra
2926 2771 3284 2826 substantiam
3313 2781 3417 2838 est,
3465 2782 3523 2826 et

1937 2852 2195 2907 omnibus
2225 2869 2344 2922 quae
2366 2865 2513 2920 sunt,
2550 2857 2643 2912 dat
2674 2874 2815 2925 esse,
2854 2870 2910 2915 et
2952 2875 3143 2916 omnes
3183 2863 3537 2917 substantias-

1939 2942 2214 3009 producit,
2249 2944 2597 3014 multiplicari
2648 2947 2854 3003 dicitur
2905 2951 3038 3006 illud
3091 2967 3258 3007 unum
3311 2970 3537 3019 eus,eo-
3578 2989 3584 2995 -

1940 3034 2087 3102 quod
2136 3050 2204 3089 ex
2269 3036 2632 3104 productione
2688 3041 2807 3110 ejus
2856 3043 3022 3098 multa
3057 3046 3349 3109 ess-istum,
3396 3061 3520 3101 cum

250 3142 351 3185 tur
406 3140 464 3184 et
511 3142 903 3188 conservantur
939 3144 998 3189 ut
1028 3136 1158 3190 sint.
1189 3136 1268 3191 Ac
1307 3152 1499 3193 rursus
1547 3136 1908 3209 Dionysiusc
1940 3123 2153 3191 alioqui
2181 3125 2542 3181 nihilominus
2576 3141 2793 3186 maneat
2819 3140 2875 3186 et
2905 3149 3073 3188 unum
3107 3134 3161 3188 in
3191 3135 3522 3205 multiplica-

249 3218 308 3273 in
362 3218 568 3273 eodem
602 3234 722 3286 cap.
751 3220 1006 3289 :Omnia,
1036 3223 1234 3294 inquit,
1263 3226 1469 3289 divina,
1499 3228 1664 3283 etiam
1684 3246 1844 3298 qna:-

248 3325 495 3379 cunque
558 3312 718 3367 nobis
783 3313 1055 3369 declarata
1113 3325 1276 3381 sunt,
1343 3317 1847 3387 participationibus

249 3404 451 3457 solum
514 3414 942 3473 cognoscuntur,
997 3406 1110 3475 ipsa
1167 3417 1350 3463 autem
1426 3410 1612 3464 divina
1660 3411 1851 3480 qualia

252 3493 496 3546 tandem
554 3493 663 3547 sint
707 3495 1025 3564 exaproprio
1071 3496 1338 3564 principio
1374 3506 1429 3551 et
1480 3497 1799 3553 fundatione
1827 3518 1863 3563 ιθ

252 3597 454 3653 neque
486 3593 687 3647 mente,
721 3598 900 3654 neque
919 3585 1248 3654 cogitatione
1278 3586 1386 3640 ulla
1413 3596 1510 3642 aut
1530 3589 1845 3657 cognitione

251 3674 495 3742 assequi
554 3673 693 3733 licet.
743 3684 802 3728 ut
848 3676 894 3729 si
943 3676 1177 3729 abditam
1213 3677 1355 3730 illam
1396 3678 1688 3732 essentiam
1732 3679 1870 3746 Dei,

250 3781 387 3833 quae
436 3779 600 3832 supra
639 3780 853 3818 omnem
882 3774 1128 3819 naturam
1159 3775 1262 3831 est,
1296 3766 1487 3835 Deum,
1530 3776 1624 3823 aut
1661 3769 1867 3834 vitam,

251 3865 354 3911 aut
403 3855 798 3919 substantiam,
845 3867 940 3910 aut
984 3855 1189 3921 lumen,
1230 3866 1324 3913 aut.
1373 3860 1639 3932 rationem
1684 3875 1848 3915 voce-

256 3964 414 4012 mus,
478 3947 616 4000 nihil
669 3947 837 4001 aliud
874 3940 1251 4016 intelligimus,
1296 3966 1458 4019 quam
1496 3952 1870 4022 multiplicem

255 4039 591 4093 facultatem
615 4040 683 4091 ab
715 4053 779 4092 eo
816 4040 1134 4108 productam
1176 4050 1229 4094 et
1258 4042 1851 4104 communicatam..vel

257 4130 323 4183 ad
378 4127 794 4191 deiﬂeandum,
840 4128 924 4182 v‘el
964 4129 1029 4182 ad
1080 4128 1406 4198 capiendum
1464 4131 1869 4196 substantiam,

256 4221 341 4273 vel
376 4220 455 4273 ad
502 4220 670 4273 vitam
720 4212 1101 4288 praestandam,
1129 4220 1211 4273 vel
1260 4221 1343 4274 ad
1374 4221 1693 4286 sapientiam
1738 4222 1851 4275 lar-

261 4312 532 4380 giendam
593 4328 609 4365 :
663 4313 728 4365 ad
771 4313 969 4381 ipsum
1011 4327 1139 4366 vero
1206 4312 1369 4365 Deum
1438 4313 1848 4382 intelligendum

263 4417 519 4458 utentem
562 4403 893 4459 intendimus
933 4405 1077 4458 unde
1123 4419 1186 4457 ac
1232 4404 1406 4457 solute
1440 4404 1698 4458 abvomni
1727 4421 1852 4473 ope-

258 4498 513 4558 ratione,
556 4495 755 4547 nullam
784 4504 1067 4549 cernentes
1094 4493 1507 4558 deiﬁcatiouem,
1537 4504 1626 4548 aut
1668 4496 1857 4560 vitam,

249 4598 351 4640 aut
383 4586 784 4649 substantiam,-
812 4600 932 4654 quae
950 4584 1185 4652 perfecte
1218 4585 1413 4639 similis
1444 4583 1514 4638 sit
1552 4584 1629 4637 illi
1660 4601 1861 4670 eausre,

249 4692 385 4747 mue
433 4675 596 4729 omni
642 4690 834 4743 genere
878 4674 1216 4729 excellentiae
1253 4682 1307 4727 et
1348 4675 1672 4742 praestantiae
1706 4685 1862 4730 extra

246 4770 463 4823 omnia
514 4766 709 4834 pusita
754 4776 857 4821 est.
910 4765 1084 4829 Quem
1149 4764 1349 4817 locum
1397 4766 1661 4817 atlnotaus
1717 4765 1859 4819 idem

252 4860 607 4914 Maximus:
643 4857 866 4920 Nomen,
904 4857 1099 4923 inquit,
1128 4856 1219 4910 Dei
1277 4871 1382 4909 non
1424 4856 1693 4923 signiﬁcat
1729 4856 1857 4911 sab-

247 4950 565 5008 Stantiam,
596 4961 772 5014 neque
814 4946 943 5015 quid
984 4954 1067 5001 est
1099 4944 1260 5008 Deus,
1291 4944 1384 4998 sed
1427 4944 1863 4999 beneﬁcentiam-

247 5039 576 5110 qnamdam
604 5050 853 5103 erga-nos
894 5053 905 5087 :
935 5044 990 5089 et
1017 5032 1159 5103 quod
1187 5048 1259 5087 ex
1286 5034 1795 5102 participationibus
1817 5052 1869 5089 a.

252 5132 379 5182 Deo
437 5125 607 5179 nobis
663 5124 1145 5178 donatis-nomina
1192 5122 1283 5175 Dei
1346 5122 1675 5185 formamus,
1722 5125 1849 5192 quid

249 5225 464 5269 autem
513 5220 599 5265 est
638 5210 801 5274 Dens,
829 5210 1081 5264 omnibus
1111 5217 1197 5261 est
1236 5207 1600 5276 ineogitabile.
1631 5208 1855 5278 Exqui-

250 5308 365 5362 bus
404 5300 762 5358 manufestum
804 5300 882 5362 lit,
919 5315 985 5353 ex
1016 5297 1594 5381 emanatiOuibusoDei,
1619 5308 1671 5353 et
1700 5300 1856 5355 donis

1947 3214 2123 3277 tione,
2142 3218 2432 3274 et‘unitum
2468 3220 2519 3274 iu
2551 3223 2920 3279 emanatlone.
2955 3226 3036 3280 Ac
3062 3240 3253 3281 rursus
3294 3228 3437 3281 idem
3466 3228 3521 3281 iu

1947 3303 2154 3359 eisdem
2204 3323 2218 3359 :
2274 3307 2524 3364 Divinam
2573 3311 2984 3376 discretionem,
3022 3314 3219 3383 inquit,
3254 3314 3523 3378 dicimus,

1950 3396 2091 3450 sicut
2127 3395 2330 3451 dictum
2385 3407 2489 3464 est,
2518 3405 2892 3459 emanationes
2927 3402 3042 3469 Dei,
3067 3404 3363 3459 bonitatem
3404 3406 3525 3474 ejus

1951 3484 2205 3541 decentes
2232 3504 2247 3551 ;
2283 3487 2517 3558 largiens
2547 3490 2691 3544 enim
2724 3492 2980 3546 omnibus
3022 3507 3164 3557 essm
3206 3503 3259 3547 et
3295 3493 3527 3549 fundens

1952 3572 2239 3631 affluenter
2272 3579 2513 3633 omnium
2550 3580 2818 3635 bonorum
2850 3583 3315 3652 participatioues,
3344 3585 3530 3639 distri-

1952 3666 2135 3723 buitur
2163 3670 2333 3735 unite,
2361 3681 2415 3727 et
2443 3672 2835 3741 multiplicatur
2861 3675 3238 3746 singulariter,
3267 3677 3530 3731 ellieitnr—

1953 3774 2061 3829 que
2096 3761 2376 3832 multiplex
2419 3778 2530 3818 non
2582 3765 2841 3822 recedens
2874 3767 2943 3820 ab
2977 3782 3105 3821 uno.
3141 3768 3311 3834 Quem
3348 3770 3528 3822 locum

1954 3838 2221 3907 adnotans
2242 3851 2300 3907 S.
2323 3852 2590 3909 Maximus
2615 3871 2628 3909 :
2651 3855 2881 3920 Dicitur,
2910 3858 3108 3926 inquit,
3140 3873 3311 3912 unum
3347 3857 3531 3911 multi-

1952 3943 2077 4012 plex
2120 3942 2256 4005 ﬁeri.
2287 3945 2419 4012 quia
2449 3961 2512 3999 ex
2531 3944 2686 4013 'ipso.
2722 3960 2788 4001 ac
2822 3961 2919 4016 per
2945 3948 3146 4018 ipsum,
3176 3958 3227 4002 et
3266 3950 3318 4002 in
3350 3948 3528 4018 ipsmu

1954 4043 2149 4087 cuncta
2198 4034 2416 4088 condita
2466 4047 2628 4101 sunt;
2678 4044 2731 4089 et
2777 4036 2895 4105 ipse
2933 4048 3015 4093 est
3059 4047 3225 4107 eaput
3283 4039 3531 4092 omnium

1953 4138 2075 4193 quae
2104 4132 2254 4188 sunt,
2272 4134 2324 4179 et
2354 4125 2467 4194 ipse
2483 4141 2685 4181 omnes
2710 4129 3041 4182 substantias
3068 4130 3323 4196 produxit
3347 4147 3359 4183 :
3391 4145 3535 4183 recte

1957 4212 2127 4284 igitur
2158 4225 2378 4285 propter
2403 4232 2465 4271 ea
2502 4233 2623 4285 qua:
2658 4218 2725 4271 ab
2755 4220 2873 4287 ipso
2928 4218 3118 4272 eﬂ'eeta
3169 4229 3322 4284 sunt,
3355 4221 3542 4274 multi-

1957 4305 2145 4373 plicari
2170 4306 2393 4361 dicitur.
2418 4306 2495 4362 Ae
2520 4324 2708 4361 rursus
2730 4309 2869 4362 idem
2894 4306 3207 4378 Dionysius,
3239 4325 3355 4376 eup.
3392 4325 3537 4364 nono

1960 4395 2036 4449 De
2063 4397 2251 4450 divinis
2278 4400 2507 4463 nomin.,
2561 4398 2724 4464 Quid,
2759 4399 2955 4467 inquit,
2993 4414 3114 4452 cum
3148 4414 3344 4452 rursus
3384 4401 3538 4454 theo-

1971 4485 2075 4555 logi
2106 4487 2297 4540 dicunt
2328 4488 2380 4541 in
2415 4498 2610 4541 cuncta
2639 4503 2840 4552 meare,
2858 4498 2911 4541 et
2942 4489 3144 4541 moveri
3179 4488 3541 4550 immobilem.
3588 4542 3591 4543 ν

1972 4593 2151 4631 nonne
2198 4579 2299 4633 hoc
2334 4589 2392 4632 ut
2426 4579 2592 4632 Deum
2623 4581 2797 4640 decet,
2844 4578 3247 4649 intelligemlum
3287 4579 3411 4632 est?
3444 4578 3553 4633 Pici

1967 4667 2111 4721 enim
2174 4668 2473 4737 putandum
2509 4678 2592 4722 est
2620 4669 2826 4724 moveri
2854 4668 3041 4734 Deum,
3073 4683 3176 4725 non
3207 4671 3362 4737 quasi
3391 4668 3541 4723 fera-

1969 4767 2077 4823 tur,
2100 4768 2194 4811 aut
2220 4769 2480 4823 mutetur,
2502 4760 2850 4821 aut'varietnr
2867 4761 3049 4830 aliquo
3070 4760 3250 4823 modo,
3273 4769 3366 4816 aut
3387 4774 3553 4816 motu.

1966 4850 2070 4904 loci
2102 4850 2217 4904 sive
2250 4860 2418 4917 recto,
2449 4851 2565 4905 sive
2597 4850 2857 4914 rutundo,
2886 4853 2998 4906 sive
3019 4867 3097 4906 ex.
3119 4861 3345 4922 utroque
3372 4869 3492 4907 com
3513 4884 3540 4895 -

1954 4940 2152 5010 posito,
2172 4956 2347 5009 neque
2372 4950 2519 4995 motu
2550 4942 2937 5012 intelligentia),
2960 4958 3135 5009 neque
3157 4944 3414 5007 naturali,
3440 4960 3551 4998 nec:

1955 5032 2198 5098 animali,
2219 5034 2313 5088 sed
2344 5024 2612 5102 quatenus
2640 5034 2823 5087 Otnttia
2860 5034 2999 5088 Deus
3028 5035 3278 5101 producit
3306 5043 3362 5088 ut
3399 5035 3535 5087 siut.

1958 5132 2010 5176 et
2040 5124 2220 5177 omnia
2257 5124 2519 5185 continet,
2544 5134 2596 5177 et
2616 5125 2871 5179 omnibus
2904 5125 3049 5177 varie
3082 5123 3531 5193 providet..liuuc

1963 5212 2144 5266 locum
2178 5212 2485 5267 edissereus
2516 5212 2575 5267 8.
2616 5212 2883 5268 Maximus
2924 5231 2939 5267 :
2974 5212 3136 5277 Deus,
3170 5214 3345 5283 inquit
3368 5255 3382 5277 ,
3428 5230 3535 5268 non

1967 5302 2439 5373 movetur-aliquo
2468 5319 2533 5358 ex
2571 5304 2688 5360 istis
2726 5320 2922 5374 genere
2958 5315 3160 5369 motus,
3189 5305 3320 5374 quin
3355 5305 3538 5375 potius

1761 5462 2039 5525 Scholia.

331 5593 424 5662 (1)
491 5587 759 5662 Absolute.
808 5586 883 5662 Es
934 5595 1084 5662 parte
1139 5584 1410 5662 principii,
1444 5584 1559 5639 sive
1604 5585 1863 5641 essentia}

249 5655 505 5719 unum.
530 5657 655 5723 quia
688 5657 920 5709 essentia
947 5655 1125 5708 divina
1153 5656 1450 5710 secundum
1482 5669 1541 5708 se
1571 5668 1675 5706 non
1709 5669 1858 5707 com—

254 5734 608 5791 manicatur
650 5740 776 5781 eum
819 5726 1108 5788 creaturis,
1152 5724 1263 5781 sed
1304 5732 1545 5779 remanet
1587 5723 1766 5779 soluta
1795 5725 1866 5780 ab

1970 5589 2114 5643 omni
2182 5590 2502 5644 habitudine
2560 5586 3031 5659 participatiouis,
3104 5586 3553 5645 communit-atus

1968 5668 2148 5716 tamen
2176 5660 2474 5716 secundum
2501 5660 2937 5743 similitudinem.
