3980 6208
485 289 587 359 791

1636 289 1957 360 IOANNIS
1991 288 2555 350 CYPARISSIOTE

3584 289 3680 349 792

487 408 670 454 motus
726 398 1061 461 immobilis,
1112 406 1164 453 et
1217 398 1406 461 eodem
1462 400 1628 457 modo
1681 416 1739 455 se
1793 401 2118 462 ha‘ientisA
2151 402 2322 453 titndo
2371 401 2679 456 divinarum
2730 398 3137 453 emanationum
3175 406 3431 460 versatur,
3464 404 3682 454 secundo

486 491 738 547 voluntas
784 491 906 558 ejus
953 490 1172 554 dicitur,
1206 506 1335 559 qua
1369 491 1479 549 vult
1508 505 1627 547 esse
1654 506 1719 546 ea
1759 507 1879 561 quze
1901 500 2050 552 sunt,

462 590 542 638 ‘et
578 582 851 638 emanatio
900 582 1253 655 providentiae
1292 583 1358 636 ad
1395 583 1599 647 ornoia.
1643 582 1719 637 Ex
1752 582 1840 636 his
1879 588 2045 650 patet,

492 673 659 725 Deum
710 672 858 727 nulla
910 688 976 725 ex
1033 672 1101 727 iis
1155 672 1524 734 motionibus,
1578 687 1717 741 quas
1766 671 2055 740 Dionysius

489 762 768 833 ingeniose
794 763 1155 826 enumeravit,
1190 764 1417 826 moveri,
1448 764 1538 817 illa
1568 772 1774 816 tantum
1809 770 2051 825 excepta,

488 869 611 927 quae
638 862 859 909 externa
886 862 989 918 est,
1025 861 1080 907 et
1104 868 1209 923 qua
1243 866 1523 908 creaturas
1556 868 1651 920 per
1687 868 1814 908 suas
1841 852 2053 906 divinas

490 946 863 1001 emanationes
912 943 1190 1013 produxit,
1222 943 1614 1012 multiplicatus
1661 952 1715 998 et
1741 941 2055 1010 dispertitus

490 1052 557 1113 ac
584 1035 910 1091 distributus
938 1050 1041 1087 non
1074 1042 1343 1103 quatenus
1385 1036 1499 1101 ipse
1532 1042 1635 1096 est,
1661 1035 1750 1087 sed
1788 1041 2053 1101 quatenus

493 1114 723 1181 manens
777 1126 1071 1202 immobilis
1112 1134 1163 1177 et
1225 1123 1571 1192 impartibilis
1624 1130 1677 1176 et
1731 1121 2055 1189 multiplica-

460 1217 656 1289 rtionis
686 1232 901 1286 expers,
948 1224 1000 1275 et
1050 1216 1238 1267 eodem
1276 1202 1431 1281 prius
1471 1220 1523 1266 et
1578 1220 1765 1281 postea
1830 1221 2051 1273 tenore,

498 1311 610 1366 sola
644 1310 920 1362 voluntate
943 1307 1125 1365 omnia
1162 1307 1435 1375 produxit,
1476 1320 1650 1373 neque
1678 1304 1758 1358 sic
1794 1319 1823 1356 a
1855 1319 1912 1357 se
1938 1304 2055 1371 ipso

422 1392 432 1409 ¹
495 1399 605 1467 ullo
626 1397 786 1451 modo
814 1394 1085 1450 recedens.
1108 1394 1224 1459 Quo
1250 1392 1391 1446 enim
1414 1401 1736 1454 moveretur,
1764 1388 1854 1456 qui
1875 1386 2053 1439 omnia

418 1473 454 1495 ”
495 1489 795 1544 substantia
837 1502 933 1541 sua
985 1486 1188 1554 replet?
1225 1485 1336 1536 lmo
1371 1482 1509 1535 sicut
1567 1482 1612 1534 si
1695 1494 1800 1531 una
1852 1477 2056 1530 faciens

498 1586 735 1640 maneat,
777 1576 932 1640 cujus
985 1574 1158 1628 forma
1194 1572 1341 1624 nulla
1394 1580 1546 1639 parte
1590 1578 1642 1621 ct
1695 1567 1843 1621 nullo
1901 1564 2056 1618 modo

496 1668 761 1728 varietur,
798 1672 852 1718 et
884 1677 1151 1731 ponamus
1173 1661 1370 1715 multas
1413 1660 1619 1713 circum
1657 1656 1819 1710 facies
1849 1670 1914 1708 ex
1951 1653 2057 1707 l'ul-

2159 492 2278 545 lneo
2321 491 2647 558 principium
2695 488 2758 543 ad
2812 498 3114 543 creaturam
3148 497 3199 541 et
3234 496 3435 541 motum
3477 505 3534 543 ac
3565 506 3682 543 cau-

2158 598 2273 638 sam
2318 581 2831 637 demonstrabamns
2878 581 3213 649 generationi
3271 595 3451 633 rerum
3509 595 3687 633 COIWo-

2159 673 2393 727 nicntem
2426 689 2439 725 :
2476 673 2622 727 nulla
2681 684 2859 726 autem
2919 672 3196 738 generatio
3237 672 3353 724 sine
3398 670 3687 727 habitudine

2158 773 2262 827 est,
2297 764 2438 816 unde
2488 764 2649 816 tertio
2686 762 2992 815 necessario
3023 762 3373 829 sequebatur,
3402 761 3562 815 altero
3604 776 3687 815 eo-

2160 871 2278 909 rum
2306 870 2427 923 qua:
2454 854 2823 908 habitudinem
2854 852 3081 915 faciunt,
3107 853 3403 915 deficiente,
3435 870 3537 907 non
3572 868 3689 907 con-

2160 947 2352 1001 sistere
2377 944 2820 1015 generationem;
2854 953 3050 1013 quarto
3085 946 3334 1010 deinceps
3366 944 3501 1007 loco,
3532 947 3691 999 omnis

2160 1037 2390 1098 eii'ectio,
2423 1052 2542 1104 qua:
2578 1037 2644 1088 ad
2667 1035 2853 1088 effecta
2882 1036 3132 1099 rcfcrtur,
3163 1036 3433 1090 emanatio
3456 1049 3533 1089 est
3560 1037 3607 1089 in
3637 1053 3688 1089 ea

2159 1139 2212 1181 et
2246 1130 2488 1194 operatio
2524 1146 2537 1189 ;
2568 1135 2750 1195 postea
2787 1129 3154 1193 qumrehatur,
3185 1142 3303 1193 qute
3356 1136 3495 1181 essct
3520 1127 3689 1178 harant

2159 1216 2563 1269 emanationum
2614 1225 2670 1268 et
2717 1216 3096 1280 operationum
3142 1215 3400 1275 essentia,
3439 1225 3489 1266 et
3522 1231 3580 1266 an
3611 1231 3693 1282 per

2160 1320 2219 1359 se
2248 1307 2590 1368 exsisterent,
2632 1320 2695 1357 ac
2727 1320 2831 1359 non
2876 1307 3053 1373 pctius
3100 1316 3283 1360 essent
3325 1321 3447 1359 cum
3480 1307 3689 1371 liorem;

2162 1395 2265 1448 hoc
2320 1406 2499 1448 autem
2547 1396 2833 1467 evplieato,
2877 1397 2930 1449 in
2986 1406 3196 1450 sextum
3227 1398 3405 1451 locum
3432 1397 3609 1451 incidit
3638 1400 3693 1452 de

2161 1485 2439 1539 Voluntate
2478 1495 2529 1539 et
2563 1487 2890 1553 expetitione
2922 1487 3011 1540 Dei
3043 1488 3336 1549 disserere,
3370 1497 3423 1541 et
3448 1489 3694 1554 quomodo

2162 1574 2299 1628 sicut
2328 1576 2698 1629 emanationes
2727 1577 2819 1630 Dei
2850 1592 3039 1632 eorum
3069 1586 3193 1632 sunt
3223 1594 3347 1645 quae
3378 1594 3406 1631 a
3433 1578 3537 1632 Deo
3569 1595 3695 1631 ema-

2164 1673 2312 1729 nant,
2338 1665 2415 1718 sic
2447 1665 2697 1719 voluntas
2750 1665 2841 1719 Dei
2871 1680 3058 1720 eorum
3102 1679 3182 1721 est
3228 1683 3352 1734 quae
3385 1668 3521 1722 Deus
3558 1668 3693 1730 vult;

496 1770 625 1826 gare
649 1754 796 1808 illius
822 1752 1081 1813 emicare,
1118 1750 1303 1803 videor
1332 1748 1463 1801 mihi
1500 1762 1564 1801 ex
1596 1746 1696 1800 hac
1726 1745 1870 1799 tenui
1920 1744 2054 1798 ima-

2173 1752 2350 1806 lcinde
2406 1756 2820 1819 explanabatur,
2887 1758 3348 1825 quemadmodum
3416 1760 3695 1826 huiusmodi

496 1847 618 1915 giue
666 1858 731 1898 ac
783 1841 1135 1897 similitudine
1186 1838 1555 1907 conjecturam
1584 1836 1650 1890 de
1696 1835 1781 1889 his
1812 1833 1994 1888 iacere
2044 1848 2059 1886 :

498 1937 565 1995 ad
601 1936 747 1990 hunc
783 1934 1002 1986 modum
1053 1939 1197 1984 recte
1250 1920 1375 1997 quis
1425 1928 1602 1991 dicat,
1651 1939 1759 1980 non
1810 1920 2064 1977 distribui

499 2036 598 2081 aut
652 2024 840 2094 partiri
876 2032 972 2076 aut
1020 2019 1370 2090 multiplicari
1406 2018 1596 2081 Deum,
1626 2018 1716 2071 sed
1748 2030 1848 2070 nos
1883 2013 2065 2083 potius

502 2116 573 2169 ab
600 2129 667 2168 eo
705 2123 959 2181 tanquam
998 2107 1385 2167 similitudines
1406 2116 1460 2160 et
1487 2105 1751 2173 imagines
1792 2101 2068 2168 exempla-

503 2207 647 2260 rium
684 2205 801 2274 ejus
831 2203 1114 2257 distinctos
1155 2215 1217 2254 ac
1248 2200 1486 2252 variatos
1512 2211 1671 2259 esse:
1707 2203 1759 2247 et
1802 2191 2067 2259 multipli-

502 2296 770 2350 cationem
798 2300 854 2348 et
883 2290 1228 2360 partitionem
1259 2287 1493 2342 subiisse
1521 2302 1535 2337 :
1572 2279 1887 2351 huiusmodi
1919 2280 2066 2331 enim

501 2384 820 2440 aﬂectiones
878 2376 1331 2433 similitudinibus
1384 2389 1490 2427 non
1544 2371 1654 2426 Deo
1710 2369 2065 2425 conveniunt.

503 2471 597 2526 Sic
645 2485 677 2523 a
729 2468 985 2538 Dionysio
1017 2482 1200 2521 rerum
1231 2465 1538 2519 divinorum
1590 2459 1927 2530 peritissimo
1953 2459 2067 2515 hate

502 2577 625 2632 quae
654 2562 706 2614 in
729 2559 838 2613 Deo
866 2565 1114 2629 apparet,
1135 2555 1390 2610 discretio
1421 2554 1687 2621 appellata
1716 2560 1821 2607 est.
1846 2550 2070 2603 Videtur

505 2651 674 2713 enim,
713 2648 908 2718 inquit,
931 2656 984 2699 et
1014 2644 1212 2699 dicitur
1243 2641 1402 2696 unius
1438 2641 1530 2694 Dei
1562 2639 1819 2695 discretio
1850 2649 1901 2692 et
1933 2637 2070 2689 mid-

506 2742 797 2812 tiplicatio;
828 2747 913 2794 est
958 2749 1138 2793 tamen
1167 2733 1525 2788 nihilominus
1566 2730 1892 2801 principium
1928 2728 2069 2782 divi-

505 2833 692 2888 nitatis
737 2843 903 2898 supra
932 2840 1146 2882 omnem
1191 2833 1439 2878 naturam
1474 2836 1615 2876 unus
1648 2819 1791 2875 Deus
1824 2817 2071 2885 imparti—

504 2923 630 2980 bilis
680 2921 733 2975 in
790 2917 1160 2988 partibilibus,
1186 2924 1241 2971 et
1292 2928 1479 2970 secum
1515 2913 1631 2982 ipse
1684 2911 1991 2980 copulatus.
2021 2918 2073 2963 et

505 3002 879 3084 permistionis
930 3008 1188 3078 plurium,
1230 3021 1293 3060 ac
1348 3003 1814 3071 multiplicationis
1852 3014 2067 3069 expers.

508 3104 618 3161 Sed
648 3112 708 3157 ut
730 3103 841 3171 jam
880 3099 1060 3169 capita
1106 3098 1263 3166 hujus
1296 3096 1515 3150 decadis
1552 3095 1604 3149 in
1632 3107 1900 3149 sununam
1932 3092 2073 3145 redi-

508 3209 719 3265 gamus.
760 3206 1026 3259 exponam
1074 3189 1374 3259 simplicem
1423 3201 1613 3242 eorum
1665 3188 1863 3249 seriem
1905 3192 2073 3237 mateo

509 3285 735 3341 riarum.
786 3281 1223 3341 Demonstratum
1279 3288 1362 3333 est
1415 3276 1687 3347 duplicem
1714 3291 1834 3330 esse
1871 3290 2071 3343 specu-

506 3376 770 3432 lationem
818 3375 1123 3429 divinarum
1155 3364 1559 3429 emanationnm
1606 3386 1620 3423 :
1659 3382 1820 3421 unam
1851 3381 2074 3420 emana-

508 3468 721 3522 tionum
754 3468 808 3521 in
858 3466 969 3521 Deo
1018 3463 1372 3527 naturaliter;
1410 3461 1635 3515 alteram
1668 3459 2070 3513 etnanationunt

510 3571 667 3617 extra
695 3559 861 3613 Deum
902 3555 969 3611 ad
1000 3564 1281 3609 creaturas
1313 3550 1698 3622 pertinentium
1729 3550 2068 3603 voluntarie:

511 3652 889 3725 aggredientes
920 3650 1085 3719 igitur
1134 3646 1272 3700 hanc
1310 3642 1665 3708 exteriorem,
1704 3642 1755 3695 in
1790 3654 1895 3709 qua
1933 3639 2073 3693 mul-

2161 1842 2462 1901 voluntates
2499 1853 2610 1898 tum
2641 1843 3014 1901 etnanationes
3038 1885 3052 1907 ,
3084 1854 3196 1900 tum
3239 1848 3577 1916 providentia:
3622 1850 3696 1901 ou

2163 1933 2435 1998 dicuntur,
2460 1943 2511 1986 et
2545 1948 2722 1987 rerum
2780 1934 3241 2002 gubernationes;
3283 1948 3403 2006 post
3437 1939 3696 2006 septimum

2165 2024 2492 2092 sequebatur
2546 2032 2801 2078 octavum
2830 2035 3012 2094 caput,
3044 2027 3097 2079 in
3122 2043 3234 2095 quo
3272 2029 3594 2083 docebamus
3619 2045 3701 2095 pro

2165 2112 2601 2177 emanationibus
2654 2126 2853 2166 nomen
2901 2113 3211 2171 divinarum
3268 2118 3698 2185 providentiarum

2166 2203 2362 2270 accipi;
2386 2217 2526 2256 nono
2545 2209 2728 2257 autem
2760 2212 2814 2255 et
2828 2203 3038 2257 decimo
3064 2207 3240 2273 capite
3265 2207 3375 2260 duo
3397 2217 3517 2261 sunt
3538 2209 3703 2261 ordine

2168 2291 2423 2344 conclusa
2448 2309 2462 2348 :
2492 2306 2659 2344 unum
2702 2302 2810 2355 est,
2834 2292 3133 2347 secundum
3173 2295 3324 2361 ipsas
3371 2296 3573 2350 divinas
3592 2312 3700 2366 pro-

2168 2380 2435 2435 videntius
2484 2390 2537 2435 et
2583 2383 2957 2436 emanationes
2999 2398 3160 2439 omne
3184 2401 3383 2441 nomen
3409 2388 3633 2442 divinum
3659 2396 3703 2442 et

2169 2472 2262 2525 Dei
2304 2472 2766 2541 participationem
2819 2474 2980 2539 ﬁeri;
3031 2476 3292 2543 alterum,
3341 2493 3462 2532 eum
3510 2482 3594 2549 qui
3634 2488 3703 2535 est

2168 2576 2311 2616 unus
2378 2561 2539 2621 Deus.
2572 2572 2629 2616 et
2682 2562 3051 2631 impartibilis,
3081 2574 3137 2619 et
3186 2567 3504 2635 immobilis,
3533 2580 3583 2625 et
3613 2585 3701 2624 non

2170 2651 2627 2720 multiplicabilis,
2663 2652 2833 2705 videri
2874 2652 2929 2706 in
2960 2654 3096 2725 ipsis
3140 2659 3253 2714 illis
3287 2662 3623 2730 proviticntiis
3658 2670 3704 2713 et

2169 2742 2599 2800 emanationibus
2637 2745 2942 2814 dispertiri,
2988 2750 3192 2803 moveri
3244 2767 3313 2809 ac
3364 2752 3700 2818 multiplicari,

2170 2831 2339 2887 Recte
2367 2834 2527 2904 igitur
2556 2851 2585 2891 a
2627 2838 2893 2909 theologis
2937 2840 3006 2901 de
3050 2843 3254 2899 divinis
3300 2843 3705 2898 emanationibus

2171 2922 2500 2993 explicatum
2528 2934 2646 2993 est,
2677 2937 2732 2982 et
2765 2929 2961 2985 merito
3005 2918 3386 2988 emanationes
3427 2932 3516 2987 Dei
3545 2933 3708 2986 dicun-

2174 3023 2266 3070 ῑυν
2300 3032 2317 3082 ἱ
2354 3014 2658 3074 cantionis
2690 3021 2858 3085 enim,
2896 3023 3009 3078 sive
3059 3025 3380 3089 creationis,
3410 3035 3463 3079 et
3504 3027 3704 3079 aliarum

2176 3109 2582 3163 emanationum
2641 3110 2893 3166 conditor
2940 3122 2994 3167 et
3049 3125 3243 3169 auctor
3298 3129 3351 3171 et
3386 3117 3595 3171 en‘rctor
3636 3123 3705 3167 est

2180 3194 2365 3257 Deus:
2413 3209 2469 3251 et
2502 3198 2683 3253 nullus
2717 3210 2900 3265 motus
2925 3201 2991 3255 ad
3028 3204 3325 3258 terminum
3376 3218 3604 3261 creatum
3641 3218 3711 3257 re-

2180 3286 2372 3353 fertur,
2405 3289 2535 3356 quin
2586 3291 2885 3347 secundum
2940 3295 3233 3349 terminum
3272 3297 3339 3349 ad
3369 3310 3527 3365 quem
3573 3294 3712 3349 refcr-

2184 3387 2303 3442 tur,
2359 3380 2559 3447 ceperit
2616 3391 2895 3447 naturam;
2959 3393 3177 3451 propter
3227 3396 3528 3440 creaturam
3588 3384 3710 3435 enim

2180 3463 2322 3530 cepit
2357 3464 2712 3535 principium,
2755 3479 2809 3523 et
2835 3471 3061 3530 exstitit.
3093 3480 3149 3525 et
3196 3474 3476 3541 perlectus
3516 3482 3610 3535 est,
3638 3470 3711 3523 ubi

2180 3560 2359 3607 autem
2392 3565 2520 3608 sunt
2549 3556 2808 3626 principia
2842 3568 2896 3613 et
2933 3560 3069 3617 lines
3100 3575 3303 3624 rerum,
3339 3564 3497 3618 etiam
3530 3562 3716 3616 univcr-

2178 3658 2299 3697 sum
2338 3645 2390 3699 in
2415 3645 2523 3703 illis
2551 3648 2915 3704 concluditur.

948 3878 1279 3956 omnm
1306 3872 1583 3936 nscas.
1638 3902 1713 3917 -
1766 3870 1879 3931 DE
1914 3870 2295 3934 INFORMA
2316 3875 2578 3939 nam;
2604 3832 2888 3941 15mm
2914 3875 3309 3945 Nomm.

1148 3998 1377 4057 CAPUT
1418 3997 1461 4054 1.

522 4138 677 4206 Quod
707 4149 862 4190 omne
890 4146 1079 4187 nomen
1102 4129 1195 4183 Dei
1232 4139 1311 4181 est
1338 4136 1529 4206 nostra:
1557 4134 1749 4206 utentis
1764 4131 2078 4206 Inventi-tm.

591 4216 641 4260 et
682 4206 745 4258 ob
790 4219 906 4256 eam
957 4215 1169 4254 causam
1209 4198 1376 4250 omnis
1427 4195 1717 4251 nominatio
1755 4194 1848 4247 Dei
1887 4195 2084 4247 dicitur

590 4273 776 4344 νοητὴ,
804 4272 860 4326 id
913 4279 990 4325 est
1037 4265 1376 4331 intellectilis,
1405 4266 1509 4319 sive
1555 4264 1648 4318 sub
1685 4263 2082 4333 intelligentiam

588 4349 804 4399 eadem.

587 4453 888 4524 Gregorius
946 4447 1279 4517 Theologus,
1313 4447 1367 4499 in
1421 4459 1672 4500 sermone
1729 4442 2081 4512 Epiphaniae:

520 4547 657 4602 Cum
725 4542 1033 4611 dupliciter,
1070 4540 1264 4608 inquit,
1312 4537 1583 4592 infinitum
1633 4533 2082 4601 contemplemur,

521 4638 740 4707 quando
769 4649 923 4689 mens
953 4635 1007 4686 in
1037 4631 1166 4686 illud
1203 4629 1531 4699 profundum
1564 4640 1821 4696 superum
1856 4625 2087 4693 aspexit,

522 4728 651 4796 quia
682 4743 788 4783 non
837 4726 1000 4781 habet
1046 4723 1137 4777 ubi
1176 4723 1332 4777 sistat
1361 4731 1417 4776 et
1445 4719 1709 4773 innitatur
1751 4716 1998 4785 cogitans
2023 4715 2091 4769 de

525 4818 678 4886 Deo,
736 4822 837 4876 hoc
887 4834 1104 4876 sursum
1154 4816 1529 4879 inﬁnitum,et
1579 4812 1723 4865 unde
1770 4809 1950 4880 egredi
1984 4823 2091 4861 non

526 4922 724 4982 potest,
756 4912 992 4979 ἄναρχον
1013 4946 1029 4971 ,
1072 4908 1123 4960 id
1158 4916 1259 4968 est,
1292 4920 1486 4959 carens
1534 4901 1800 4970 principio
1833 4902 2044 4953 vocavit
2076 4914 2091 4981 ξ

528 5003 749 5073 quando
781 5010 961 5055 autem
1016 4999 1071 5052 in
1112 4996 1304 5052 iulera.
1342 5003 1396 5049 et
1444 5009 1508 5047 ea
1548 5008 1667 5061 qua:
1718 4990 1906 5045 subter
1944 4971 2093 5053 sunt,

458 5123 493 5192 si
530 5090 652 5148 sine
701 5090 921 5146 interitu
957 5096 1012 5142 et
1055 5086 1413 5140 immortalem
1444 5103 1459 5137 :
1490 5083 1710 5150 quando
1748 5093 1876 5133 vero
1923 5087 2093 5132 totum

697 5182 707 5192 ι
782 5180 833 5192 γε.
1004 5178 1049 5192 ιο
1235 5174 1283 5192 91
1330 5183 1395 5192 κν.
1453 5184 1706 5192 ,-.-______--
1745 5169 1969 5192 --..,.11...
2034 5167 2092 5192 υ.

478 5167 496 5268 ξ
530 5180 928 5250 complectitur,
962 5178 1199 5238 αἰώνιον,
1235 5174 1285 5228 id
1317 5183 1420 5238 est,
1448 5184 1709 5226 :eteruum
1743 5169 1993 5238 appellat.
2032 5167 2098 5220 Et

492 5256 673 5325 yidcm
732 5270 785 5321 in
841 5266 1033 5321 eodem
1092 5278 1344 5320 sermone
1398 5279 1413 5317 :
1459 5260 1655 5327 Mente,
1710 5258 1926 5327 inquit,
1982 5256 2099 5311 sola

535 5361 919 5417 adumbratum
960 5373 1023 5414 ac
1065 5355 1433 5417 delineatum;
1467 5351 1629 5420 idque
1675 5349 1832 5403 valde
1869 5349 2100 5402 obscure

495 5437 505 5451 ’⁷
538 5462 593 5507 et
623 5452 877 5507 tenuiter.
912 5448 1200 5519 Dionysius
1230 5460 1359 5499 vero
1382 5443 1669 5512 theologus
1691 5454 1958 5501 summus,
1977 5452 2100 5505 cap.

536 5545 749 5597 det-imo
799 5540 958 5594 tertio
1014 5539 1084 5592 De
1129 5538 1320 5590 divinis
1369 5534 1686 5597 nominibus,
1726 5530 1868 5595 Haec,
1905 5531 2099 5599 inquit.

532 5653 638 5694 nos
694 5636 874 5688 divina
927 5630 1145 5687 nomina
1203 5644 1321 5699 quae
1373 5626 1708 5695 collegimus,
1740 5639 1838 5692 pro
1899 5621 2103 5675 viribus

2119 3999 2162 4054 D
2190 4000 2599 4070 explicavimus.
2623 4004 2690 4057 Et
2727 4003 2779 4058 in
2816 4014 3060 4060 extremo
3093 4005 3342 4072 ejusdem
3372 4004 3557 4072 capitis
3585 4019 3598 4055 :
3624 3996 3713 4053 Sed

2190 4091 2303 4145 lucc
2353 4092 2595 4160 quidem,
2626 4105 2685 4149 ut
2718 4093 2829 4148 Deo
2887 4098 3079 4164 placet,
3118 4098 3195 4149 sic
3243 4098 3483 4150 habeant
3515 4105 3566 4147 et
3593 4092 3717 4146 dixita

2190 4182 2330 4245 Sim;
2367 4182 2549 4251 sitque
2580 4184 2722 4252 quod
2756 4183 2826 4239 ad
2856 4201 2955 4240 nos
2997 4188 3249 4255 pertinet,
3286 4187 3376 4240 hic
3421 4185 3540 4238 ﬁnis
3563 4179 3718 4235 nomi—

2190 4273 2352 4326 nibus
2383 4273 2494 4339 Dei,
2532 4290 2651 4342 qua:
2700 4289 2853 4329 mens
2896 4278 3245 4345 excogitavit,
3280 4278 3349 4331 ad
3400 4272 3718 4345 symbolicam

2192 4376 2317 4415 vero
2348 4361 2670 4432 theologiam
2706 4364 2812 4420 Deo
2841 4364 2978 4420 duce
3012 4367 3278 4422 transibo.
3311 4366 3488 4419 Multis
3519 4363 3570 4415 in
3606 4358 3722 4413 locis

2187 4468 2311 4505 cum
2360 4454 2428 4507 de
2475 4454 2790 4509 nominibus
2836 4454 2933 4510 Dei
2985 4464 3201 4522 tractat,
3229 4456 3497 4525 reperitur
3552 4460 3724 4503 vocare

2190 4540 2279 4594 illa
2306 4542 2493 4609 νοητὰ,
2526 4541 2578 4595 id
2632 4551 2716 4596 est
2769 4542 2834 4596 ad
2890 4553 3124 4597 mentem
3170 4543 3515 4611 pertinentia.
3555 4537 3621 4592 Ex
3653 4535 3727 4588 his

2191 4633 2355 4700 igitur
2388 4633 2579 4701 liquet,
2628 4648 2789 4689 omne
2825 4649 3031 4689 nomen
3058 4634 3172 4698 Dei,
3218 4641 3273 4687 et
3326 4646 3538 4687 omnem
3581 4623 3725 4682 divini

2195 4721 2433 4775 nominis
2467 4720 2879 4789 appellationem
2914 4722 2979 4774 ad
3012 4722 3287 4789 negotium
3305 4732 3358 4774 et
3381 4717 3726 4773 tractationem

2195 4813 2392 4866 tuentis
2422 4822 2623 4867 nostra:
2657 4812 2942 4881 pertinere,
2985 4822 3146 4880 atque
3182 4811 3307 4865 inde
3330 4812 3526 4880 νοητήν
3546 4802 3724 4868 vocari,

2198 4904 2247 4955 id
2281 4911 2385 4967 est,
2419 4901 2483 4955 ad
2514 4901 2917 4971 intelligentiam
2954 4904 3347 4969 pertinentem,
3382 4914 3504 4953 cum
3544 4894 3727 4950 scilicet

2197 5000 2352 5040 tuens
2383 4993 2473 5039 aut
2514 4988 2579 5039 ad
2622 5002 2683 5040 ea
2728 5002 2849 5055 quae
2878 5003 3037 5057 supra
3083 4999 3229 5053 sunt,
3254 4988 3450 5050 cietur,
3480 4992 3568 5039 aut
3593 4981 3653 5034 ad
3675 4992 3726 5034 ea

2197 5091 2319 5144 quae
2371 5075 2583 5138 subter,
2608 5088 2703 5129 aut
2744 5076 3058 5131 universum
3099 5077 3513 5146 lustrat;atque
3553 5074 3620 5128 ita
3645 5085 3728 5124 nu-

2200 5165 2523 5220 miuationes
2545 5163 2635 5219 Dei
2666 5165 2961 5219 adinvenit.

2800 5274 3032 5330 CAPUT
3085 5277 3150 5331 11.

2202 5365 2354 5433 Quod
2396 5366 2459 5420 ab
2486 5366 2682 5435 e/Iectis
2737 5366 2872 5420 Deus
2922 5367 3197 5428 laudatur,
3241 5380 3292 5422 et
3327 5382 3390 5421 ει
3423 5367 3545 5435 ipsis
3585 5362 3728 5417 nauti-

2891 5446 3068 5489 natur.

2275 5525 2502 5596 “33"“5
2542 5524 2848 5596 θίοιιϊδῖιιε,
2881 5541 3002 5594 cap.
3049 5526 3227 5595 primo
3256 5526 3327 5581 De
3355 5524 3542 5578 divinis
3578 5517 3725 5574 nomi-

2208 5621 2357 5673 nibus
2392 5635 2409 5672 :
2442 5616 2708 5684 Quantian
2761 5631 2893 5674 vero
2939 5618 3105 5684 Deus,
3143 5627 3328 5688 utpote
3358 5618 3468 5688 ipsa
3501 5612 3723 5670 bonitas,
