3980 6208
302 291 402 360 793

1011 298 1250 362 DECAS
1278 298 1380 362 IV.
1418 325 1487 337 --
1512 298 1614 360 DE
1657 295 2082 358 lNFOIlMAT.
2130 292 2381 357 DIVINI
2419 292 2772 355 NOMINIS.

3438 288 3564 354 ’ΠΕ

297 410 507 480 “ipso
536 408 684 480 (ιιιοά
734 418 839 475 est,
873 413 1119 467 omnium
1174 430 1340 471 causa
1375 425 1480 481 est,
1534 413 1867 481 providentia
1900 413 2091 481 Aqua:
2143 412 2195 466 in
2252 410 2607 466 universitate
2657 406 2844 464 mundi
2901 403 3345 474 contempiatur;
3405 413 3559 460 unde

297 499 385 554 Dei
415 515 607 561 eorum
639 500 733 570 qui
760 501 834 555 dii
866 501 1150 570 dicuntur,
1171 505 1459 573 principis,
1480 520 1599 573 qua?
1624 504 1872 558 omnium

294 593 557 647 bonorum
606 593 928 664 principium
964 603 1085 662 est,
1116 597 1184 649 ab
1211 595 1471 650 omnibus
1515 594 1723 651 eﬂ'ectis
1756 596 1876 649 lau-

293 684 469 739 danda
508 695 612 750 est,
663 686 789 755 quia
823 695 877 740 et
907 688 1119 741 circum
1171 687 1351 755 ipsum
1396 697 1525 744 sunt
1567 688 1788 753 omnia,
1821 694 1877 742 et

246 846 251 852 '
291 786 511 847 propter
537 777 751 847 ipsum;
780 786 833 831 et
872 777 987 847 ipse
1022 786 1107 833 est
1149 787 1277 833 ante
1315 780 1522 845 omnia,
1565 789 1620 833 et
1669 780 1723 833 in
1756 779 1877 847 ipso

292 883 473 922 omn-a
527 868 859 931 consistunt,
897 879 953 922 et
987 884 1109 924 esse
1135 885 1263 924 eum
1313 868 1563 940 producit
1594 869 1797 934 omnia,
1823 878 1877 923 et

289 959 419 1015 l‘acit
442 968 498 1015 ut
517 961 796 1016 exsistant.
824 960 935 1016 lioc
960 971 1139 1016 autem
1157 971 1378 1017 sanctus
1396 960 1878 1015 Maximusedisse-

290 1054 361 1103 rit
412 1061 468 1104 et
508 1059 766 1107 retractat
803 1070 817 1105 :
854 1052 930 1106 Ex
981 1053 1089 1118 bis,
1136 1052 1348 1123 inquit.
1403 1052 1691 1105 solvuntur
1718 1049 1877 1104 fatuae

288 1142 574 1208 epiuioues
593 1158 781 1197 eorum
804 1143 896 1210 qui
933 1144 1051 1198 ausi
1081 1153 1210 1198 sunt
1235 1145 1437 1208 dicere,
1469 1144 1684 1196 insitam
1751 1157 1873 1197 esse

291 1224 397 1282 Deo
433 1238 624 1282 natura
670 1234 901 1298 quadam
933 1231 1041 1283 vim
1072 1231 1317 1296 creandi,
1349 1232 1497 1286 sicut
1527 1230 1755 1286 insitum
1787 1238 1877 1285 est

289 1320 563 1374 araneolis
609 1329 789 1375 texere
821 1337 838 1386 ;
868 1321 1207 1376 demonstrat
1248 1323 1392 1377 enim
1438 1331 1661 1393 propter
1704 1321 1875 1375 solam

287 1410 585 1465 bonitatem
652 1413 956 1480 producere
1012 1413 1180 1469 Deum
1236 1412 1445 1467 omnia.
1506 1411 1875 1478 Quamobrem

288 1515 394 1557 non
459 1500 663 1554 audent
720 1501 956 1570 theologi
1007 1501 1235 1557 laudare
1290 1502 1461 1557 Deum
1527 1502 1596 1555 ab
1649 1502 1715 1556 iis
1760 1515 1880 1570 qua:

288 1589 461 1660 ipsius
508 1601 659 1655 sunt,
689 1593 743 1646 id
792 1600 897 1657 est,
927 1607 957 1647 a
1008 1607 1203 1647 natura
1231 1605 1285 1649 et
1315 1593 1554 1649 essentia
1584 1593 1705 1661 ejus
1741 1592 1877 1661 (huic

288 1682 431 1735 enim
486 1683 667 1751 ignota
719 1686 894 1752 sunt),
957 1683 1053 1739 sed
1108 1684 1177 1738 ab
1207 1685 1589 1750 emanatiune,
1622 1698 1744 1754 quae
1795 1690 1879 1736 cst

288 1772 635 1841 providentia
666 1776 788 1847 ejus
830 1774 883 1828 in
924 1788 988 1829 ea
1020 1789 1144 1844 qme
1179 1776 1247 1829 ab
1280 1775 1401 1843 ipso
1432 1785 1655 1831 auctore
1685 1774 1873 1829 ell‘ecta

291 1870 435 1917 'sunt.
488 1862 640 1919 lianc
685 1866 946 1919 divina'u'
976 1865 1373 1934 providentiam
1403 1907 1419 1932 ,
1465 1882 1573 1934 qua
1619 1866 1877 1920 erunibus

294 1954 435 2009 Deus
493 1958 760 2024 providet.
814 1957 1069 2011 laudibus
1127 1959 1426 2013 celebrant.
1472 1956 1687 2013 Rursus
1732 1958 1873 2012 idem

295 2050 580 2120 Dionysius
616 2048 793 2118 capite
852 2050 1092 2103 secundo
1149 2048 1224 2102 De
1273 2048 1820 2102 divinismominibus
1853 2064 1873 2103 .°

295 2140 405 2195 Non
438 2150 519 2194 est
552 2140 789 2209 perfecta
830 2147 883 2194 et
913 2141 1162 2194 absoluta
1195 2141 1504 2195 similitudo
1536 2155 1725 2196 eorum
1754 2157 1876 2210 quae

298 2232 477 2287 dicet...
510 2239 659 2294 sunt,
696 2242 751 2286 et
784 2247 1076 2286 causarum
1104 2250 1118 2296 ;
1149 2233 1280 2301 quin
1316 2234 1498 2302 potius
1527 2231 1727 2287 habent
1757 2233 1879 2302 qui-

300 2320 412 2374 dem
437 2318 629 2372 enecta
655 2334 944 2373 causarum
976 2319 1157 2387 quoad
1191 2319 1306 2374 ileri
1338 2328 1537 2384 potest.
1568 2319 1872 2388 imagines;

227 2405 234 2412 ’
302 2409 421 2477 ipsa:
458 2424 590 2462 vero
632 2424 811 2462 causa:
846 2425 910 2462 ex
950 2408 1160 2464 effectis
1199 2416 1466 2478 exempta}
1497 2418 1660 2472 sunt;
1692 2419 1748 2463 et
1773 2424 1875 2478 pro

304 2501 509 2555 ratione
547 2501 889 2570 principatus
939 2501 1020 2553 sui
1067 2515 1232 2568 supra
1282 2500 1473 2556 locatae
1510 2515 1573 2554 ac
1615 2498 1872 2553 fundatas.

303 2590 468 2656 Quem
530 2590 709 2645 locum
753 2590 948 2644 iterum
978 2591 1247 2643 adnotaus
1289 2598 1513 2644 sanctus
1552 2589 1824 2644 Maximus
1858 2606 1872 2642 :

306 2681 524 2747 Ell’ecta,
572 2681 787 2749 inquit,
819 2689 947 2735 sunt
983 2681 1165 2736 omnia
1202 2690 1390 2735 creata
1448 2680 1566 2735 sive
1611 2679 1664 2734 in
1712 2679 1872 2746 cmlo,

306 2774 418 2830 sive
449 2775 503 2827 in
536 2782 700 2839 terra,
735 2788 915 2828 causa:
950 2788 1080 2827 vero
1122 2772 1424 2828 efficientes
1469 2772 1587 2826 sive
1630 2782 1879 2841 creantes

305 2845 1118 2936 pcrsonm'sanctaé'Trinitatis
1145 2873 1297 2919 sunt.
1337 2862 1682 2919 Manifestum
1717 2864 1881 2933 igitur

303 2968 425 3023 est,
459 2956 665 3011 nullam
720 2969 842 3010 esse
891 2955 1085 3009 horum
1136 2955 1280 3009 inter
1330 2970 1390 3008 se
1439 2955 1873 3023 similitudinem,

1979 500 2290 569 bujusmodi
2337 499 2643 554 divinorum
2678 496 2962 553 nominum
2993 495 3220 552 formam
3258 505 3313 553 et
3355 495 3557 552 distin-

1975 591 2211 647 ctionem
2253 591 2475 663 colligit.

2578 680 2812 738 CAPUT
2868 681 2957 737 IV.

1978 808 2159 875 Quare
2195 805 2258 858 ab
2285 800 2481 871 eiectis
2507 801 2810 855 nominatur
2842 798 3000 879 Deus.
3029 807 3080 852 et
3116 813 3222 851 non
3254 795 3318 850 ab
3347 795 3413 851 iis
3440 810 3562 865 qua!

2504 879 2630 924 sunt
2670 880 2875 923 natura:
2914 884 3047 932 eius.

2048 966 2278 1036 Magnus
2330 963 2563 1018 Basilius
2617 962 2669 1015 in
2727 959 2793 1014 iis
2827 975 2949 1027 quae
2984 970 3173 1014 contra
3229 957 3555 1014 Eunomium

1978 1057 2201 1127 scripsit
2225 1075 2239 1110 :
2265 1056 2319 1112 Si
2347 1055 2612 1115 divinam,
2636 1052 2836 1123 inquit,
2864 1059 3113 1104 naturam
3147 1049 3201 1104 in
3231 1064 3290 1105 se
3315 1057 3561 1105 contem-

1978 1149 2116 1219 plari
2145 1161 2452 1219 possemus,
2480 1152 2534 1198 et
2562 1143 2708 1213 quod
2737 1142 3012 1212 proprium
3044 1141 3165 1210 ejus
3193 1150 3298 1205 est,
3327 1150 3379 1195 et
3412 1137 3559 1209 quod

1979 1241 2245 1313 alienum,
2282 1252 2378 1307 per
2411 1250 2474 1290 ea
2510 1249 2631 1305 quia:
2681 1244 2981 1289 cernuntur
3030 1233 3295 1297 invenire,
3345 1230 3562 1298 penitus

1981 1348 2086 1387 non
2119 1330 2492 1399 indigeremus
2523 1325 2855 1389 rationibus,
2906 1338 3085 1393 neque
3117 1322 3449 1392 conjectum
3492 1322 3560 1377 ad

1980 1418 2560 1492 comprehendendum
2613 1418 2755 1486 quod
2791 1415 3100 1487 quaeritur:
3136 1413 3232 1469 sed
3260 1413 3395 1482 quia
3448 1412 3564 1467 cel-

1981 1516 2097 1571 sior
2129 1522 2212 1569 cst
2238 1524 2408 1581 quam
2438 1518 2499 1563 ut
2523 1506 2754 1577 perspici
2798 1506 2973 1576 possit
3005 1505 3150 1575 quod
3182 1504 3468 1573 qua-ritur,
3497 1516 3567 1556 ex

1984 1606 2320 1674 conjecturis
2353 1610 2534 1659 autem
2563 1598 2934 1674 cognitionem
2972 1609 3164 1650 eorum
3192 1608 3315 1662 qua:
3347 1608 3448 1648 nos
3474 1593 3564 1647 fu.

1911 1733 1951 1788 Β
1984 1671 2161 1766 giunt,
2190 1705 2480 1753 venamur,
2509 1702 2739 1744 necesse
2763 1671 3101 1742 est'omnino
3130 1691 3189 1737 ut
3217 1683 3283 1737 ad
3311 1689 3565 1738 scrutan—

1979 1785 2107 1839 dum
2140 1783 2382 1839 divinam
2408 1792 2662 1837 naturam
2692 1794 2787 1849 per
2820 1775 3170 1848 operationes
3200 1774 3565 1830 deducamur.

1977 1877 2056 1931 Ac
2079 1889 2286 1933 rursus
2317 1873 2466 1929 idetu
2520 1873 2574 1927 in
2617 1870 2792 1942 primo
2839 1879 3028 1925 contra
3070 1866 3323 1923 eumdem
3360 1881 3373 1918 :
3408 1862 3569 1919 Unus

1982 1966 2247 2021 Doruiuus
2283 1981 2408 2020 cum
2439 1965 2532 2029 sit,
2581 1972 2633 2019 et
2684 1977 2803 2018 una
2853 1960 3168 2018 substantia
3204 1957 3441 2028 simplex
3498 1965 3556 2012 et

1978 2073 2176 2127 expers
2197 2055 2636 2126 compositionis,
2659 2053 2797 2108 alias
2820 2052 2983 2107 aliter
3002 2067 3063 2108 se
3080 2051 3347 2115 nominat,
3370 2055 3571 2118 aptans
3614 2062 3631 2079 ο

1981 2150 2082 2204 sibi
2118 2148 2525 2205 nominationes
2556 2160 2679 2215 qua:
2719 2144 2928 2200 nostris
2972 2139 3395 2210 cogitationibus
3420 2138 3571 2195 inter

1981 2256 2042 2297 se
2068 2239 2354 2303 diﬂerunt,
2386 2238 2602 2292 diversa
2632 2234 2780 2290 enim
2828 2233 3052 2288 nomina
3086 2230 3189 2287 sibi
3227 2227 3477 2299 imponit,
3508 2232 3572 2280 ut

1980 2341 2112 2387 sunt
2138 2329 2367 2389 diversae
2386 2326 2735 2397 operationes
2758 2323 3040 2393 subjectae,
3062 2329 3117 2375 et
3135 2319 3349 2375 diversa
3374 2330 3563 2371 earum

1978 2423 2047 2477 ad
2081 2436 2142 2475 ea
2177 2433 2298 2489 qure
2343 2417 2481 2472 liunt
2516 2416 2802 2473 habitudo.
2833 2414 2980 2470 Idem
3012 2410 3179 2468 etiam
3218 2425 3235 2464 :
3267 2407 3381 2463 Nos
3429 2420 3563 2462 vero

1944 2545 1950 2551 -
1978 2523 2043 2564 ex
2074 2505 2485 2576 operationibus
2517 2505 2684 2560 Deum
2713 2513 2965 2560 nostrum
3004 2498 3259 2571 cognosci
3295 2489 3568 2553 dicimus:

1980 2601 2046 2655 ad
2082 2598 2382 2655 essentiam
2413 2605 2596 2653 tamen
2652 2596 2775 2666 ejus
2808 2592 3250 2663 apprOpinquare
3278 2602 3386 2644 non
3441 2601 3573 2655 pro-

1981 2692 2273 2753 mittimus,
2313 2687 2662 2757 operationes
2688 2688 2831 2741 enim
2863 2684 2953 2739 Dei
2976 2684 3315 2739 descendunt
3341 2679 3407 2734 ad
3430 2691 3530 2732 nos
3554 2692 3569 2730 :

1981 2792 2037 2839 at
2065 2783 2301 2838 essentia
2332 2782 2453 2849 ejus
2480 2787 2666 2835 manet
2702 2778 3000 2841 inaccessa.
3030 2774 3107 2829 Ex
3144 2774 3230 2829 bis
3260 2773 3425 2843 igitur
3458 2784 3575 2824 nia-

1985 2875 2248 2930 nil‘estum
2300 2871 2572 2936 eliicitur,
2624 2869 2769 2939 quod
2819 2869 2961 2924 sicut
3012 2882 3079 2923 ex
3122 2867 3190 2922 iis
3216 2880 3339 2936 qua:
3375 2865 3428 2918 in
3462 2863 3575 2917 Deo

1984 2974 2115 3019 sunt
2137 3003 2153 3027 ,
2187 2960 2557 3033 philosophari
2598 2962 2664 3016 de
2698 2960 2807 3015 Deo
2864 2975 2972 3013 non
3008 2972 3326 3028 possumus,
3362 2955 3443 3011 sic
3476 2969 3575 3009 ne~

301 3067 596 3107 causarum
649 3049 861 3105 scilicet
900 3057 950 3103 et
1000 3048 1342 3103 ell'ectorum.
1391 3048 1605 3104 Rursus
1639 3048 1779 3102 idem
1830 3051 1881 3102 in
1913 3055 1958 3118 C
1994 3071 2100 3124 que
2126 3069 2226 3125 per
2257 3069 2321 3109 ca
2352 3052 2521 3106 Deum
2550 3050 2838 3105 nominare
2870 3064 2885 3098 :
2920 3056 2975 3103 at
3001 3064 3063 3101 ex
3096 3046 3426 3116 conjecturis
3455 3043 3575 3113 qui-

298 3142 550 3201 centuria
579 3149 793 3206 octava,
840 3139 1013 3208 capite
1055 3141 1125 3193 2i
1165 3156 1179 3192 :
1213 3139 1643 3204 Advertendum,
1687 3140 1884 3210 inquit,

292 3246 398 3304 est,
434 3233 578 3304 quod
605 3232 795 3288 eﬂ‘ccta
825 3247 1115 3286 causarum
1165 3233 1433 3300 imagines
1488 3232 1709 3298 habent,
1749 3250 1886 3301 qua—

294 3338 465 3384 tenus
536 3326 740 3380 habere
799 3333 1062 3393 possunt,
1136 3338 1261 3379 esse
1328 3331 1478 3390 sunt,
1548 3338 1888 3395 qum-utique

295 3430 487 3477 creata
552 3429 716 3483 sunt;
770 3431 952 3470 causa:
1005 3429 1154 3477 vero,
1208 3430 1330 3483 qum
1385 3416 1477 3489 illa
1537 3414 1785 3469 el‘ticiuut
1835 3424 1888 3469 ct

296 3520 513 3577 creant,
543 3511 717 3565 ~nulla
771 3520 954 3562 autem
1012 3506 1314 3562 similitudo
1368 3515 1454 3563 est
1495 3522 1787 3561 causarum
1837 3517 1890 3562 et

299 3605 599 3660 factorum.
652 3602 732 3656 Ex
808 3600 1011 3668 quibus
1067 3607 1215 3666 patet
1302 3599 1764 3668 quemadmodum
1822 3615 1888 3654 ex

297 3692 537 3754 eil’ectis,
582 3690 634 3744 id
683 3699 787 3753 est,
827 3705 894 3744 ex
949 3689 1217 3744 creaturis
1268 3674 1490 3742 nomina
1538 3688 1655 3750 Dei,
1688 3689 1891 3758 quibus

305 3782 479 3836 Deum
513 3781 798 3835 laudamus
819 3788 873 3832 et
899 3778 1273 3848 implet-amns,
1301 3780 1536 3835 humana
1578 3794 1732 3835 mens
1757 3796 1891 3835 con-

313 3872 607 3928 siderando
634 3871 937 3926 adinvenit.

910 3962 1140 4018 CAPUT
1194 3964 1286 4018 111.

475 4057 609 4124 Qua!
645 4056 754 4110 sint
780 4054 988 4123 eiecta,
1017 4066 1067 4108 et
1093 4071 1212 4124 qua
1241 4071 1421 4110 eorum
1453 4037 1700 4111 materia.

391 4148 682 4219 Gregorius
713 4147 991 4219 Nyasenus
1015 4147 1065 4201 in
1092 4147 1474 4216 explanatione
1506 4147 1715 4205 Cantici
1762 4161 1894 4203 can-

333 4239 543 4295 ticorum
576 4259 593 4295 :
630 4237 848 4301 Omnia,
903 4237 1100 4306 inquit,
1132 4237 1292 4301 mira,
1352 4252 1475 4304 qua:
1529 4238 1582 4292 in
1637 4216 1899 4293 universo

338 4333 767 4402 eontemplamur,
791 4330 1072 4382 materiam
1111 4326 1423 4381 divinorum
1450 4327 1731 4383 nominum
1760 4345 1895 4397 pra:-

335 4421 466 4484 bent,
504 4422 703 4490 quibus
750 4418 919 4472 Deum
964 4416 1290 4485 sapientem,
1327 4425 1627 4486 potentem.
1668 4418 1894 4485 bonum,

328 4523 583 4577 sanctum,
616 4494 854 4574 beatum,
887 4517 1174 4571 aeternum,
1228 4508 1493 4578 judicem.
1549 4508 1895 4571 salvatorem,

326 4615 377 4658 et
437 4606 550 4661 aliis
613 4602 928 4672 huiusmodi
981 4602 1344 4655 celebramus.
1411 4598 1472 4653 Et
1534 4598 1900 4656 Damasceuus

328 4692 622 4765 Ther-lngus
674 4694 779 4761 (α),
835 4692 996 4756 Deus,
1045 4691 1238 4759 inquit,
1296 4699 1519 4760 propter
1574 4690 1897 4745 incliabilem

329 4786 613 4841 bonizatem
663 4785 834 4839 voluit
875 4783 941 4837 de
972 4783 1171 4836 nostris
1206 4781 1389 4846 rebus,
1419 4791 1475 4835 et
1514 4791 1702 4837 nostro
1750 4797 1901 4838 more

329 4878 613 4939 nominari,
649 4893 718 4929 ne
751 4875 927 4929 simus
960 4872 1204 4927 funditus
1247 4868 1461 4925 notitiai
1476 4870 1596 4940 ejus
1625 4882 1898 4940 expertes.

333 4967 408 5021 Ex
454 4967 536 5023 his
576 4963 1255 5036 liquet,quemadmodum
1317 4964 1552 5017 humana
1618 4979 1775 5019 mens
1820 4973 1904 5019 est

333 5072 513 5126 causa,
540 5074 662 5130 qnze
679 5057 975 5117 formamet
1006 5055 1165 5108 veluti
1188 5056 1368 5121 specie
1406 5054 1485 5123 (lj
1519 5054 1687 5109 afﬁcit
1721 5055 1903 5109 divina

336 5151 579 5220 nomina;
613 5145 841 5207 materia
891 5163 1042 5213 vero,
1080 5146 1171 5201 illa
1205 5147 1572 5211 admirabilia,
1601 5157 1656 5202 et
1692 5147 1902 5210 ell‘ecta.

1925 4387 1976 4446 D

1990 3146 2242 3205 busdam.
2274 3158 2396 3214 quae
2431 3150 2565 3197 sunt
2591 3156 2784 3196 eorum
2820 3155 2940 3209 quae
2969 3138 3022 3193 in
3051 3138 3161 3192 Deo
3193 3144 3344 3200 sunt,
3376 3134 3581 3189 similis

1987 3236 2204 3295 tudines
2237 3243 2288 3289 et
2318 3232 2638 3294 simulacra.
2667 3232 2920 3287 notitiam
2957 3228 3049 3283 Dei
3078 3227 3410 3296 colligimus,
3442 3240 3578 3280 con-

1983 3327 2233 3395 jecturas
2268 3333 2326 3378 et
2364 3324 2716 3394 operationes
2750 3321 2890 3376 idem
2925 3335 3046 3375 esse
3080 3318 3465 3389 intelligentes.
3506 3317 3579 3373 ιτι

1968 3419 2131 3473 ’enim
2162 3430 2226 3471 ex
2258 3414 2592 3485 conjectnris
2636 3412 2708 3470 de
2740 3413 2849 3468 Deo
2889 3410 3285 3467 ratiocinamur
3308 3449 3324 3474 ,
3372 3411 3451 3465 sic
3481 3424 3578 3478 per

1989 3509 2337 3578 operationes
2374 3506 2440 3560 ad
2476 3504 2890 3575 intelligendum
2927 3496 3051 3558 eum
3087 3502 3429 3571 adducimur;
3462 3501 3580 3555 sive

1989 3619 2055 3659 ex
2088 3600 2522 3674 operationibus,
2549 3610 2606 3654 et
2634 3615 2697 3654 ex
2739 3598 2807 3652 iis
2837 3596 3183 3652 mirabilibus
3213 3612 3335 3667 qure
3367 3596 3420 3649 in
3452 3595 3579 3649 uni—

1991 3711 2150 3751 verso
2199 3694 2571 3765 speculamur,
2631 3691 2796 3747 Deum
2855 3696 3103 3743 nostrum
3152 3687 3433 3743 declarare
3477 3700 3579 3741 nos

1991 3789 2254 3844 dicimus.
2284 3788 2460 3857 Atque
2491 3786 2621 3841 hinc
2656 3783 2957 3841 secundum
2998 3780 3358 3837 diil‘erentiam
3385 3795 3581 3850 opera—

1992 3879 2203 3932 tionum
2233 3877 2602 3948 subjectarum
2629 3917 2645 3942 ,
2676 3884 2731 3932 et
2776 3884 2836 3930 ut
2872 3889 3102 3943 quaeque
3126 3873 3375 3942 operatio
3407 3874 3472 3926 ad
3511 3886 3578 3924 ea

1992 3984 2113 4039 qua‘
2151 3968 2288 4027 liunt
2331 3968 2587 4033 refertur,
2622 3967 2904 4038 negotium
2937 3965 3252 4021 divinorum
3287 3948 3574 4017 nominum

1992 4059 2342 4127 conﬁcimus,
2377 4074 2486 4114 non
2519 4069 2774 4129 putantes
2802 4057 3192 4127 intempestive
3219 4054 3397 4109 iacere
3433 4052 3583 4123 quod

1994 4152 2110 4209 haec
2130 4152 2348 4208 nomina
2369 4165 2435 4206 ex
2452 4146 3256 4218 conjecturalibusargumentis
3278 4146 3585 4210 colligimus

1995 4254 2052 4299 et
2102 4243 2458 4312 imponimus.
2509 4230 2798 4311 conjicere
2844 4249 3029 4294 autem
3076 4237 3209 4308 quid
3263 4237 3411 4291 aliud
3455 4245 3583 4298 est,

1999 4351 2161 4404 quem
2202 4351 2268 4390 ex
2314 4335 2380 4390 iis
2421 4349 2544 4403 qua:
2576 4333 2630 4388 in
2659 4333 2912 4388 universo
2941 4331 3076 4386 mira
3124 4330 3581 4399 contemplamur,

2002 4438 2057 4483 et
2090 4443 2157 4481 ex
2185 4426 2395 4481 eii'ectis
2438 4425 2581 4495 ipsis
2611 4425 2678 4478 ad
2709 4439 2833 4491 qua;
2873 4420 3251 4476 emanatioues
3279 4430 3334 4476 et
3360 4420 3583 4484 habitu-

1999 4519 2151 4575 dines
2176 4517 2511 4580 referuntur,
2544 4515 2959 4571 similitudinem
2988 4523 3041 4567 et
3070 4512 3303 4567 formam
3331 4511 3532 4565 ducere
3558 4508 3583 4562 ?

2000 4607 2137 4663 Cum
2168 4620 2301 4677 ergo
2334 4605 2572 4661 dicimus
2606 4603 2763 4666 irlud,
2813 4617 2843 4657 a
2891 4616 3003 4672 quo
3044 4611 3100 4654 et
3135 4601 3278 4657 unde
3317 4598 3539 4652 materia
3566 4635 3585 4661 .

2002 4713 2109 4754 non
2143 4695 2647 4766 appropinqnamus
2687 4692 2762 4747 illi
2803 4691 2870 4746 ad
2894 4689 3041 4760 quod
3074 4690 3369 4751 tendimus,
3395 4686 3446 4741 id
3477 4698 3581 4747 est,

2010 4786 2336 4844 substantiae
2366 4785 2510 4856 ejus.
2557 4783 2701 4839 sicut
2737 4796 2862 4836 cum
2909 4781 3167 4851 dicimus,
3198 4779 3340 4832 unde
3386 4790 3584 4831 nomen

2008 4878 2135 4934 οωιί
2193 4886 2469 4946 sumptum
2524 4884 2628 4938 est,
2683 4888 2791 4927 non
2840 4871 3162 4940 attingimus
3222 4868 3582 4924 substantiam

2009 4971 2131 5028 caeli
2160 5020 2176 5043 ,
2217 4966 2594 5040 operationem
2637 4975 2817 5019 tamen
2856 4964 2974 5031 ejus
3007 4964 3265 5023 maxime.
3291 4974 3574 5030 argumen-

2012 5075 2191 5120 tamur
2229 5060 2374 5117 enim
2404 5057 2644 5128 undique
2676 5057 2854 5129 ipsum
2889 5072 2918 5111 a
2954 5057 3114 5111 nobis
3142 5054 3335 5125 aSpii-i.

1811 5290 2089 5354 Scholia.

410 5444 484 5515 (i)
517 5442 693 5515 Specie
717 5442 931 5498 afﬁcere
961 5442 1180 5515 nomina
1210 5447 1293 5494 est
1323 5438 1520 5515 litteris
1562 5455 1625 5515 ac
1674 5443 1900 5515 syllabis

346 5508 705 5580 cainserere;
739 5529 805 5570 ex
835 5512 1232 5582 compositione
1257 5508 1404 5563 enim
1432 5516 1489 5563 et
1523 5512 1661 5567 serie
1692 5508 1904 5567 littera-

419 5702 490 5762 (α)
522 5701 640 5759 Lib.
667 5718 707 5766 t,
745 5701 816 5757 De
847 5702 951 5767 ﬁde
984 5701 1301 5757 orthodoxa.

2017 5463 2134 5501 rum
2166 5462 2229 5500 ac
2260 5446 2592 5515 syllabarum
2626 5450 2845 5501 exsisttt
2871 5443 3082 5510 species
3113 5454 3164 5498 et
3199 5440 3371 5498 forma
3405 5439 3547 5494 uomi
3566 5467 3583 5481 -

2018 5518 2099 5571 nis
2133 5527 2184 5572 et
2219 5516 2488 5572 vocabuli.
