3980 6208
447 344 576 411 τῇ

1061 444 1288 502 CAPUT
1328 443 1390 499 V.

509 541 782 610 Quomodo
815 540 949 594 Deus
980 541 1076 610 ﬁat
1108 559 1137 592 α
1169 540 1312 592 nobis
1347 536 1631 590 multorum
1664 539 1956 593 nominum.

524 634 822 703 Gregorius
844 631 1120 702 Nyssenus
1141 630 1423 697 disputans
1456 641 1645 683 contra
1671 628 2016 686 Eunomium:

455 725 586 796 Ego,
625 723 822 794 inquit,
848 723 989 791 quod
1015 737 1080 776 ex
1109 721 1389 789 Scriptura
1422 729 1608 783 sancta
1639 720 1826 784 didici,
1857 721 2024 774 [iden-

453 823 537 867 ter
584 812 898 889 pronuntio,
941 827 1066 865 eum
1115 812 1206 880 qui
1253 819 1333 864 cst
1369 811 1550 877 supraj
1581 823 1743 864 omne
1798 824 2018 875 nomen,

456 905 574 958 fleri
609 904 766 958 nobis
795 903 1089 958 mnitorum
1127 901 1433 964 nominum,
1465 915 1588 954 cum
1619 916 1716 970 pro
1764 903 2024 958 varietate

457 992 840 1048 beneliciorum
878 992 1024 1044 varie
1054 991 1387 1052 nominatur;
1417 990 1596 1042 lumen
1627 991 1770 1043 enim
1801 990 2036 1055 diciturr

455 1096 579 1138 cum
613 1083 900 1152 caliginem
947 1082 1264 1151 ignorantiae
1292 1080 1702 1147 depellit;'vita,
1750 1095 1875 1134 cum
1925 1080 2026 1133 im-

457 1173 845 1244 mortalitatem
883 1171 1148 1241 largitur:
1185 1171 1288 1236 via,
1317 1185 1438 1224 cum
1473 1171 1540 1224 ab”
1568 1185 1758 1225 errore
1791 1170 1855 1224 ad
1886 1168 2027 1222 veri-

457 1271 621 1317 tatem
669 1248 930 1318 deducit:
981 1262 1062 1316 sic
1115 1262 1289 1316 turris
1333 1261 1688 1325 fortitudinis,
1741 1270 1803 1314 et‘
1835 1260 2026 1314 civitas

457 1350 692 1423 munita,
723 1359 774 1404 et
803 1350 943 1411 l‘ons,
971 1357 1025 1404 et
1073 1357 1220 1418 petra
1246 1388 1261 1410 ,
1295 1359 1348 1402 et
1377 1349 1524 1411 vitis,
1569 1359 1622 1402 et
1663 1349 1931 1410 medicus,
1973 1357 2028 1401 et

462 1441 793 1494 resurrectio
813 1479 830 1506 ,
859 1449 914 1494 et
947 1439 1200 1494 omnibus
1234 1439 1544 1504 Iiujusmndi
1574 1439 1887 1493 nominibus
1928 1453 2028 1506 ap-

463 1531 716 1599 pellatur.
744 1532 958 1587 Rnrsus
982 1532 1123 1586 idem
1155 1547 1169 1583 τ
1198 1531 1342 1586 Deus
1367 1529 1581 1599 quidem
1621 1540 1703 1584 est
1726 1531 2029 1584 secundum

466 1631 527 1670 se
559 1617 612 1670 id
653 1618 796 1680 quod
845 1617 1062 1672 demum
1097 1634 1218 1673 esse
1259 1619 1506 1673 creditur
1538 1634 1551 1670 :
1586 1620 1898 1673 nominatur
1935 1635 2030 1673 au-

465 1716 572 1760 tem
617 1708 796 1762 abiis
829 1709 920 1777 qui
960 1725 1081 1763 eum
1117 1709 1414 1777 appellant,
1450 1725 1556 1763 non
1608 1710 1838 1779 idipsum
1883 1710 2026 1779 quod

463 1805 548 1851 cst
589 1797 718 1865 (non
749 1798 893 1878 enim
943 1798 1208 1867 explicari
1237 1806 1414 1868 potest
1454 1807 1646 1852 natura
1683 1800 1862 1866 ejus),
1892 1816 2024 1868 quin

464 1888 645 1957 potius
688 1905 754 1943 ex
804 1890 876 1944 iis
914 1906 1036 1959 quae
1090 1897 1156 1944 ad
1206 1891 1372 1944 vitam
1415 1899 1657 1945 nostram
1707 1891 2029 1960 pertinentia

465 1982 678 2048 Operari
729 1983 991 2045 creditur,
1044 1982 1422 2053 homonymias
1471 1981 1651 2046 liabet,
1691 1981 1742 2034 id
1781 1991 1889 2044 est,
1938 1997 2034 2034 no-

466 2073 611 2126 mina
658 2087 778 2142 qua:
821 2073 1100 2142 mquivnca
1133 2080 1346 2127 vocant.
1383 2071 1448 2124 Et
1478 2070 1715 2124 Basilius
1750 2069 1982 2138 M‘tgnus
2010 2109 2026 2134 ,

462 2162 744 2228 Naturam,
775 2164 969 2232 inquit,
994 2163 1230 2218 divinam
1260 2171 1528 2232 quatenus
1555 2173 1657 2223 est,
1686 2161 1819 2216 nihil
1843 2176 2042 2215 eorum.

464 2271 586 2325 quae
615 2258 1014 2325 excogitantur,
1045 2255 1308 2310 declarat.
1349 2253 1426 2307 Ex
1477 2254 1559 2308 bis
1608 2253 1773 2322 igitur
1817 2253 1988 2322 liquet
2014 2291 2032 2316 ,

469 2347 586 2400 licri
641 2347 800 2401 nobis
860 2347 1025 2401 Deum
1081 2347 1376 2400 multorum
1420 2345 1724 2405 nominum,
1774 2343 2046 2411 quoniam-

466 2437 654 2493 multis
687 2439 964 2492 beneﬂciis
993 2437 1111 2506 ejus
1137 2437 1202 2491 ad
1231 2435 1644 2491 custodiendam
1682 2434 1849 2487 vitam
1893 2433 2034 2486 indi-

467 2547 689 2604 gemus,
720 2544 924 2600 nosque
950 2545 1136 2584 sumus
1161 2528 1252 2598 qui
1281 2527 1690 2582 dim‘Cultatibus
1721 2526 2035 2594 circumpli-

466 2637 696 2685 camur,
743 2631 797 2675 et
835 2625 887 2676 in
936 2623 1016 2675 eis
1072 2621 1234 2673 Deum
1277 2619 1602 2687 excogitatis
1631 2628 1686 2672 et
1717 2618 2029 2672 adinventis

465 2714 782 2768 nominibus
824 2713 1200 2782 imploramus.
1233 2715 1422 2775 Qua-re
1463 2710 1566 2763 hoc
1599 2711 1759 2763 etiam
1807 2709 2048 2763 edicitur

467 2799 812 2854 manifestum
839 2836 855 2862 ,
898 2800 1039 2869 quod
1073 2799 1198 2852 licet
1227 2799 1366 2852 Dens
1397 2813 1460 2852 ex
1487 2797 1714 2852 inﬁnitis
1747 2799 2022 2866 operatio-

469 2893 632 2948 nibus
675 2892 860 2945 multis
913 2890 1226 2945 nominibus
1273 2888 1580 2955 adiciatur,
1633 2904 1797 2958 quam
1853 2898 2034 2943 tamen

469 2993 718 3038 naturam
762 2983 955 3037 habeat
983 3020 998 3046 ,
1032 2981 1278 3036 funditus
1313 2980 1670 3050 intelligentia
1709 2989 1895 3036 nostra
1928 2985 2044 3036 non“

1595 331 1840 394 IOlNN
1852 332 1864 389 I
1878 333 1931 392 S'-
1954 334 2132 394 CYPA
2142 332 2535 395 Ii’iSSiOTE'
3545 343 3622 390 Α)
3645 356 3650 360 ·

2050 451 2092 507 Α,
2125 447 2436 512 misercndi,
2466 458 2520 500 et
2555 441 2942 499 misericordim
2971 437 3273 496 nomen..Et
3301 439 3477 493 iterum
3505 441 3627 496 idem

2122 537 2174 589 in
2206 539 2470 599 secundo,
2505 534 2745 589 Ut‘enim
2771 573 2788 594 ,
2841 531 3054 601 inquit,
3089 544 3192 584 non
3239 537 3376 583 esset
3423 531 3632 586 medicus

2121 627 2237 679 nisi
2257 636 2473 694 propter
2490 633 2758 707 .a‘grotos,
2799 625 2879 676 sic
2908 635 3102 676 rursus
3125 635 3293 688 neque
3319 621 3596 676 misericors
3619 660 3633 684 .

2122 731 2297 784 neque
2327 717 2630 776 miserator,
2665 729 2762 768 nec
2790 712 2911 767 aliis
2951 711 3218 780 ejusmodi
3251 710 3538 764 nominibus
3557 729 3635 780 ap-

2123 809 2435 876 pellaretur,
2483 806 2588 859 nisi
2637 815 2857 875 propter
2905 819 3029 857 enm
3083 803 3172 871 qui
3227 802 3570 857 misericordia
3595 812 3647 856 et-

2123 899 2472 952 miseratione
2504 897 2710 965 indiget
2740 915 2753 949 :
2790 897 2869 950 sic
2902 896 3067 949 etiam
3107 908 3205 948 nec
3233 894 3549 960 omnipotens
3570 910 3641 945 es-

2124 995 2229 1051 set,
2288 987 2389 1042 nisi
2427 989 2608 1042 omnis
2633 995 2881 1042 creatura
2923 994 2980 1036 nt
3004 983 3072 1037 ab
3101 998 3165 1036 eo
3208 993 3467 1035 tenere-tur
3493 993 3540 1036 et
3565 998 3645 1034 (ους

2125 1079 2440 1142 stodiretur,
2477 1095 2614 1148 opus
2645 1078 2891 1132 haberet.
2919 1075 2983 1130 Et
3011 1076 3204 1129 iterum
3239 1073 3289 1126 in
3321 1074 3483 1142 primo
3508 1073 3644 1125 libro:

2126 1168 2266 1231 Alia,
2311 1169 2492 1254 inquit
2521 1207 2556 1231 ,η
2585 1169 2802 1221 nomina
2843 1167 3150 1237 significant
3181 1163 3308 1218 utile
3337 1163 3398 1217 ad
3429 1163 3606 1232 aliquid
3632 1201 3645 1226 ,

2127 1266 2200 1312 ut
2232 1254 2467 1325 adjutor,
2524 1264 2820 1323 protector,
2871 1254 3182 1314 auxiliator,
3230 1259 3283 1304 et
3325 1260 3648 1317 cseteraqtue

2127 1347 2367 1415 ejusdem
2417 1347 2833 1416 significationis
2865 1345 3249 1414 reperiuntur:
3285 1342 3336 1396 in
3387 1343 3568 1410 quibus
3612 1341 3650 1394 si

2128 1453 2252 1492 eum
2301 1438 2393 1507 qui
2443 1438 2648 1491 auxilio
2677 1436 2919 1504 indiget,
2950 1434 3132 1498 tollas,
3167 1433 3252 1502 vis
3296 1447 3412 1501 quae
3456 1431 3654 1502 inipso

2131 1530 2349 1582 nomine
2379 1529 2641 1590 cernitur,
2673 1541 2843 1581 vacua
2893 1523 3077 1579 fuerit.
3133 1522 3286 1578 unde
3337 1521 3649 1576 manifestum

2129 1619 2379 1683 edicitur,
2424 1619 2725 1687 posteriora
2776 1629 2899 1671 esse
2954 1615 3178 1670 nomina
3232 1615 3350 1683 ipsa
3394 1612 3658 1667 aeternitate

2136 1711 2250 1774 Dei,
2281 1718 2490 1778 etpost
2521 1708 2801 1761 hominem
2831 1715 2886 1762 et
2925 1715 3160 1761 mentem
3197 1704 3429 1760 hominis
3470 1701 3658 1755 inventa

2132 1817 2274 1865 esse,
2330 1800 2682 1869 accidereque
2716 1797 3030 1866 aliquando.
3067 1806 3127 1850 ut
3157 1796 3230 1850 sit
3254 1795 3366 1864 ipsa
3396 1793 3662 1849 nominatio

2133 1907 2465 1963 supervacua
2498 1894 2540 1946 si
2577 1889 2714 1944 forte
2743 1903 2844 1958 ope
2878 1887 3214 1956 indigentem
3253 1884 3425 1940 tollas.
3457 1883 3662 1946 Denique

2135 1998 2230 2047 per
2254 1981 2434 2035 omnia
2465 1981 2894 2035 demonstratum
2925 1988 3027 2042 est,
3061 1975 3504 2046 quemadmodum
3533 1986 3662 2025 mens

2134 2073 2276 2126 sicut
2322 2071 2550 2124 aliarum
2595 2085 2778 2125 rerum
2837 2069 3058 2126 nomina
3108 2065 3406 2130 adinvenit,
3429 2065 3500 2119 sic
3525 2062 3664 2118 etiam

2134 2161 2359 2215 nomina
2397 2160 2513 2226 Dei,
2547 2175 2822 2232 aggressa,
2855 2169 2911 2214 et
2945 2159 3111 2214 veluti
3164 2157 3442 2212 materiam
3492 2154 3663 2216 nacta‘,

2135 2253 2222 2306 illa
2263 2253 2376 2322 ipsa
2424 2253 2615 2308 eﬂ'eeta
2665 2263 2721 2308 et
2771 2251 3149 2317 admirabilia,
3180 2265 3306 2319 qua:
3349 2250 3399 2302 in
3443 2247 3666 2301 universo

2135 2343 2565 2412 contemplatur‘,
2609 2344 2724 2400 haec
2769 2343 2918 2398 enim
2951 2343 3271 2408 insequens.
3300 2349 3353 2394 et
3381 2339 3442 2393 de
3465 2336 3567 2389 Deo
3593 2336 3667 2388 in-

2135 2439 2384 2511 quirens,
2412 2438 2640 2492 nomina
2674 2439 2952 2508 imposuit.
2983 2435 3280 2491 Declarant
3309 2435 3407 2488 hoc
3429 2432 3478 2486 in
3509 2430 3668 2500 primis

2135 2531 2228 2601 qui
2256 2532 2372 2584 haec
2403 2528 2640 2598 primum
2696 2529 3062 2585 invenerunt.
3103 2524 3220 2580 sive
3265 2523 3666 2592 antiquissimum

2135 2623 2422 2693 quemdam
2458 2620 2755 2682 Theuthin,
2798 2618 2913 2674 sive
2957 2617 3122 2672 alium
3175 2615 3480 2686 quempiam
3525 2601 3671 2666 fuisse

2135 2717 2341 2770 dicunt.
2366 2714 2605 2768 Gentiles
2635 2713 2900 2766 hactenus
2921 2709 3160 2772 fuerunt,
3195 2719 3253 2764 et
3281 2710 3335 2762 in
3363 2704 3682 2775 dogmatibus-

2138 2806 2419 2874 geutilium
2455 2804 2548 2858 alti
2577 2813 2630 2858 et
2663 2803 2901 2865 educati,
2927 2801 3021 2871 qui
3057 2809 3416 2870 praeterquam
3446 2798 3495 2852 in
3515 2795 3672 2849 divino

2137 2905 2197 2951 et'
2220 2880 2384 2965 supi'a
2417 2905 2663 2950 naturam
2690 2895 2949 2965 mySIerio
2971 2903 3172 2947 nostrae
3207 2889 3566 2952 humanitatis,
3583 2885 3671 2939 alia

2140 2987 2230 3042 D‘ci
2281 2989 2505 3042 nominat
2533 2988 2876 3054 invenerunt,
2912 2995 2966 3040 et
2992 2985 3395 3047 nominarunt,
3433 2981 3562 3037 sicut
3591 2991 3686 3031 nos

469 3074 799 3144 assequitur.
836 3073 973 3129 Cum
1002 3073 1144 3127 enim
1175 3071 1368 3140 duplex
1406 3070 1474 3124 sit
1499 3071 1750 3140 quzestio;
1774 3071 1917 3140 quod
1950 3082 2030 3128 est
2059 3078 2102 3135 (ζ
2135 3079 2315 3134 hodie.
2375 3079 2478 3133 sed
2532 3079 2656 3147 quia
2713 3093 2874 3133 omne
2926 3093 3132 3132 nomen»
3175 3087 3238 3132 et
3285 3076 3429 3131 notio
3489 3079 3677 3144 propter

471 3167 637 3228 Deus,
669 3177 723 3219 et
756 3165 892 3234 quid
917 3173 1036 3229 est;
1067 3162 1198 3216 illud
1227 3162 1469 3231 quidem,
1510 3161 1574 3215 id'
1603 3174 1708 3226 εει,
1739 3177 1887 3226 esse,
1919 3177 2038 3216 om-

472 3260 602 3312 nt‘no
634 3259 778 3311 inter
807 3270 996 3310 omnes
1031 3254 1285 3312 convenit
1318 3269 1333 3308 :
1372 3252 1513 3322 quid
1545 3269 1670 3305 vero
1701 3253 1814 3317 sit,
1848 3261 1903 3306 et
1933 3267 2038 3321 qua

474 3359 682 3410 natura,
728 3361 837 3400 non
890 3344 1065 3400 solum
1116 3344 1292 3412 nobis,
1346 3343 1440 3398 sed
1485 3341 1690 3411 angelis
1741 3342 1902 3397 etiam
1955 3349 2043 3397 est

480 3439 738 3508 ignotum.

1069 3520 1296 3579 CAPUT
1351 3519 1441 3576 VI.

735 3616 814 3672 An
847 3618 958 3671 sint
980 3630 1044 3672 ea:
1076 3615 1373 3671 wternitale
1406 3611 1619 3667 nomine
1652 3612 1767 3669 Dei.

546 3709 780 3765 Basilius
805 3711 857 3763 in
881 3711 1122 3764 secundo
1150 3708 1288 3761 libro
1309 3705 1843 3761 Cmura'Eunomium
1872 3723 1891 3761 :
1919 3705 2044 3763 Non

473 3804 618 3858 cnim
645 3842 660 3865 ,
688 3801 903 3871 inquit,
943 3810 1140 3854 natura
1169 3815 1346 3852 rerum
1387 3799 1605 3852 nomina
1634 3800 1899 3871 sequitur,
1933 3801 2043 3856 imo

473 3902 599 3965 post
626 3909 713 3963 res
747 3893 892 3962 ipsas
930 3892 1143 3945 inventa
1175 3898 1303 3945 sunt
1329 3891 1546 3944 nomina
1576 3905 1590 3942 :
1617 3891 1817 3968 etenim
1850 3892 1893 3946 si
1929 3893 2031 3947 hoc

473 3992 622 4040 esset
646 3998 970 4042 verum.non
1000 3996 1121 4036 esse
1137 3981 1356 4035 numina
1382 3983 1540 4038 rebus
1565 3983 1882 4050 posteriora,
1906 3998 2042 4052 opus

473 4083 622 4127 esset
658 4081 715 4124 ut
744 4086 976 4140 quorum
1013 4081 1140 4123 sunt
1165 4071 1363 4124 eaedem
1399 4072 1822 4148 nominationes,
1855 4089 1962 4128 una
1989 4084 2044 4130 et

476 4162 665 4216 eadem
696 4161 994 4215 substantia
1022 4171 1165 4215 esset
1191 4177 1205 4214 :
1237 4175 1302 4214 ex
1339 4175 1445 4230 quo
1481 4161 1662 4230 ﬁeret,
1693 4172 1751 4218 ut
1779 4167 1904 4234 quia
1938 4166 2032 4234 qui

479 4267 605 4309 sunt
636 4256 836 4308 virtute
873 4251 1112 4323 perfecti.
1156 4254 1303 4322 digni
1345 4255 1566 4310 nomine
1601 4256 1693 4310 Dei
1745 4257 2039 4325 habentur,

477 4356 532 4399 et
555 4346 626 4400 dii
652 4346 1012 4414 appellantur,
1037 4329 1219 4399 essent
1253 4346 1500 4401 homines
1530 4347 1829 4412 homonoii,
1858 4349 1908 4402 id
1938 4360 2038 4415 est,

475 4439 717 4506 ejusdem
749 4437 1067 4492 substantiae
1092 4453 1196 4506 qua
1230 4437 1404 4502 Deus;
1439 4453 1623 4491 verum
1671 4440 1811 4495 sicut
1859 4441 2043 4495 dicere

477 4530 586 4598 hoc
628 4528 913 4582 manifesta
960 4527 1168 4582 insania
1199 4537 1302 4591 est,
1352 4529 1432 4583 sic
1480 4528 1613 4583 illud
1661 4530 1842 4584 dicere
1888 4548 2044 4602 teque

475 4620 747 4674 dementia
777 4631 879 4675 est.
912 4619 1023 4676 lmo
1053 4629 1104 4673 et
1126 4621 1423 4688 Gregorius
1450 4620 1727 4691 Nyssenus
1750 4623 1893 4679 libro
1925 4642 2041 4690 xm,

475 4712 758 4781 disputans
807 4720 996 4766 contra
1053 4711 1422 4766 Eunomium:
1466 4713 1747 4767 Μίδαν-αῖον
1772 4757 1786 4778 ,
1827 4715 2002 4784 inquit
2029 4756 2042 4780 ,

477 4817 526 4858 et
559 4805 852 4857 misericors
885 4803 1158 4869 Dominus,
1197 4807 1425 4874 patiens.
1461 4814 1508 4858 et
1537 4807 1715 4860 mutue
1745 4808 2044 4860 misericor-

479 4895 583 4949 dice
622 4893 687 4958 ’°,
723 4895 850 4964 quid
885 4895 998 4949 ha‘c
1030 4895 1180 4948 aiunt
1212 4895 1557 4965 significare?
1586 4904 1928 4960 naturamne,
1981 4912 2052 4951 an

479 4986 895 5053 operationem?
927 5000 1089 5039 nemo
1126 5001 1256 5040 sane
1296 4987 1439 5040 aliud
1485 4987 1761 5042 declarare
1814 4988 2049 5051 dixerit,

480 5087 839 5146 prietcrquam
868 5077 1262 5147 operationem.
1295 5077 1527 5142 Quando
1563 5078 1730 5146 igitur
1759 5077 2052 5132 miseratus

480 5183 564 5222 (εει
587 5169 870 5229 Dominus,
907 5179 962 5222 ut
1000 5185 1062 5222 ex
1099 5171 1418 5236 operatione
1447 5170 1814 5224 miserationis
1848 5185 2048 5224 nomen

480 5258 740 5312 duceret?
781 5258 1025 5327 nunan
1079 5267 1208 5312 ante
1260 5258 1426 5312 vitam
1481 5257 1816 5312 humanam?
1860 5259 2048 5327 ecquis

483 5357 610 5402 tunc
638 5348 1006 5404 misericordia
1036 5350 1433 5419 indigebat?At
1467 5357 1596 5403 vero
1619 5357 1737 5417 post
1767 5359 2046 5418 pect'atum

487 5455 708 5507 prorsus
761 5442 1135 5496 misericordia
1187 5458 1322 5511 opus
1373 5442 1495 5504 fuit,
1547 5449 1829 5510 peccatum
1866 5450 2048 5492 autem

487 5536 606 5596 post
640 5529 914 5584 hounnem
949 5533 1195 5596 exstitit;
1239 5541 1358 5598 post
1401 5531 1670 5588 hominem
1715 5529 1880 5599 igitur
1907 5528 2053 5584 actio

564 5707 612 5741 '°
636 5708 777 5766 Psal.
803 5727 990 5778 cxuv,
1010 5712 1064 5766 8.

2141 3186 2300 3224 usum
2335 3170 2554 3236 quidem
2593 3185 2619 3221 a
2656 3169 2924 3238 principio
2957 3169 3272 3223 introducta
3316 3174 3470 3231 sunt,
3510 3163 3570 3217 ad
3596 3161 3680 3215 ali-

2139 3261 2270 3330 quid
2297 3277 2424 3316 vero
2456 3263 2791 3327 referuntur,
2828 3261 2973 3315 unde
3004 3269 3226 3326 sumpta
3259 3259 3366 3314 sint
3396 3256 3565 3311 divina
3594 3267 3690 3306 no-

2141 3353 2308 3415 mina,
2348 3362 2401 3406 et
2427 3351 2564 3422 quid
2595 3353 2714 3421 ipsa
2746 3367 2841 3421 per
2879 3365 2938 3406 se
2969 3350 3306 3420 signiﬁcent,
3349 3349 3542 3404 dictum
3572 3352 3647 3400 est
3664 3359 3694 3406 ;.

2141 3445 2207 3499 ad
2241 3444 2369 3514 quid
2398 3454 2576 3499 autem
2609 3445 2686 3499 rei
2723 3443 2981 3512 subjecta:
3012 3437 3346 3520 referantur,
3366 3449 3418 3495 et
3443 3437 3560 3510 quid
3583 3436 3684 3489 istis
3752 3461 3753 3464 η

2141 3537 2464 3614 nominibus
2485 3536 2566 3593 sic
2602 3536 2962 3607 signiﬁcetur,
3001 3549 3066 3591 ex
3112 3533 3199 3589 his
3233 3549 3355 3604 qua;
3389 3537 3681 3602 sequuntur,

2141 3625 2365 3696 patebit.

2735 3715 2964 3774 CAPUT
3001 3715 3114 3772 νη.

2146 3830 2300 3896 Quod
2329 3832 2462 3884 sicut
2500 3831 2679 3885 divina
2713 3838 2932 3885 nomina
2979 3845 3044 3883 ea:
3085 3828 3289 3896 eiectis
3318 3835 3522 3898 suntpte
3556 3819 3690 3898 diie-

2215 3902 2437 3954 reutiam
2484 3902 2848 3968 operatiouum
2880 3890 3280 3966 repraesentant,
3322 3894 3396 3951 sic
3436 3890 3505 3947 'ad
3550 3890 3688 3944 Deum

2214 3970 2385 4024 relata
2415 3971 2652 4024 diversas
2711 3987 2790 4023 res
2835 3979 3213 4038 reprrrsentare
3249 3984 3352 4021 non
3380 3973 3596 4035 possunt.

2217 4083 2447 4138 Basilius
2472 4083 2718 4152 Magnus,
2744 4083 2797 4137 in
2826 4081 3050 4151 epistola
3079 4082 3145 4134 ad
3172 4080 3512 4136 Eustathium
3540 4072 3688 4128 τοτη-

2146 4186 2263 4233 nes,
2298 4171 2502 4238 inquit,
2521 4171 2767 4225 notiones
2825 4180 2879 4244 et
2911 4171 3130 4224 nomina
3155 4186 3283 4238 qua:
3315 4169 3478 4223 Deum
3499 4167 3689 4220 decent.

2147 4264 2372 4332 mqualis
2414 4263 2553 4317 inter
2592 4278 2650 4317 se
2687 4263 2911 4316 honoris
2947 4271 3108 4324 sunt,
3143 4272 3429 4329 quatenus
3445 4255 3691 4325 signiﬁca-

2151 4354 2294 4408 tione
2344 4354 2421 4407 rei
2475 4353 2734 4420 snbjectm
2784 4352 2927 4406 nihil.
2970 4350 3268 4416 dill‘ernnt;
3317 4367 3422 4403 non
3463 4346 3592 4401 enim
3633 4341 3692 4394 ad

2147 4443 2307 4497 aliam
2345 4459 2456 4496 rem
2491 4442 2792 4510 subiectam
2821 4452 3052 4500 mentem
3077 4441 3231 4494 ducit
3260 4438 3541 4510 appellatio
3563 4433 3690 4494 boni,

2148 4544 2201 4587 et
2246 4534 2325 4601 [ad
2380 4535 2541 4587 aliam
2577 4533 2868 4602 appellatio
2915 4532 3202 4599 sapientis,
3241 4542 3298 4584 et
3347 4528 3606 4599 potentis,
3649 4529 3696 4574 ei

2143 4622 2273 4691 justi
2331 4623 2511 4691 :quin
2558 4623 2740 4690 potius
2802 4634 3141 4688 quaecunque
3201 4620 3434 4672 nomina
3475 4611 3692 4682 dixeris,

2149 4726 2315 4765 unum
2347 4720 2427 4765 cst
2453 4709 2596 4779 quod
2627 4709 2985 4780 signiﬁcatur,
3009 4718 3064 4761 et
3095 4708 3139 4761 si
3169 4707 3339 4761 Deum
3373 4706 3539 4768 dicas,
3562 4714 3696 4754 eum-

2147 4801 2268 4855 dem
2303 4800 2623 4865 ostendisti,
2673 4813 2834 4868 quem
2886 4813 2980 4866 per
3029 4797 3236 4866 reliqua
3275 4797 3494 4850 nomina
3529 4797 3697 4843 mente

2149 4890 2463 4960 concepisti.
2491 4889 2574 4942 Ex
2617 4889 2716 4943 his.
2744 4889 2908 4956 igitur
2940 4885 3286 4940 manifestum
3346 4885 3424 4948 lit,
3454 4879 3590 4950 quod
3620 4890 3698 4928 ca-

2148 4981 2268 5033 dem
2304 4963 2481 5032 divina
2516 4979 2768 5040 nomina,
2790 4987 2842 5033 et
2871 4978 3072 5032 emdem
3125 4977 3377 5030 notiones
3427 4982 3613 5027 nostra:
3642 4965 3698 5017 de

2145 5071 2258 5126 Deo
2289 5071 2564 5134 dicuntur,
2596 5071 2910 5138 nullamque
2937 5068 3235 5122 diﬂercntia
3257 5084 3306 5119 ιιι
3359 5067 3432 5120 rei
3466 5063 3698 5128 subjecta:

2153 5165 2218 5217 ad
2257 5163 2428 5216 Deum
2462 5162 2632 5215 relata
2669 5168 3082 5229 repraesentant,
3115 5167 3169 5212 et
3194 5157 3340 5226 quod
3368 5154 3576 5209 nomina
3617 5147 3696 5199 Dci

2156 5254 2417 5322 triplicem
2456 5253 2655 5306 habent
2685 5266 2928 5314 causam,
2960 5250 3278 5304 ellicicntem
3315 5244 3528 5315 quidem
3563 5253 3698 5294 men-

2157 5355 2262 5398 tem
2296 5345 2466 5413 ipsam
2501 5344 2827 5404 humanam;
2862 5342 3142 5395 materiam
3171 5379 3187 5405 ,
3235 5338 3322 5391 illa
3373 5335 3513 5390 unde
3560 5329 3699 5384 colli-

2155 5444 2375 5500 guntur,
2409 5433 2463 5488 id
2493 5443 2596 5500 cst,
2627 5432 2856 5500 elIecta;
2885 5432 3066 5496 linem,
3113 5430 3300 5491 Deum,
3333 5427 3400 5481 ad
3441 5438 3593 5498 quem
3623 5433 3697 5472 re-

2156 5525 2422 5580 feruntur.
