3980 6208
313 372 417 441 797
444 416 452 424 -

887 493 1112 554 CAPUT
1147 499 1281 556 VIII.

311 602 507 658 Sinon
555 619 771 674 possunt
816 611 996 666 divina
1041 615 1251 668 nomina
1284 615 1513 669 diversas
1561 632 1640 668 res
1686 617 1739 670 in
1772 615 1877 670 Deo

377 690 776 755 repra'sentare,
805 682 1119 755 relinquitur
1140 694 1194 748 ut
1209 686 1375 738 solam
1390 685 1744 739 substantiam
1765 685 1879 755 ejus

377 744 669 812 declarent,
703 763 804 803 non
831 744 961 819 quid.
989 762 1088 816 est,
1111 744 1199 808 sed
1231 757 1368 824 quod
1393 765 1492 809 est.

379 856 606 928 Magnus
636 861 968 920 Athanasius
1001 865 1202 922 docens
1232 867 1308 938 (a)
1352 878 1497 924 recte
1525 870 1878 927 dictumvesse

313 962 340 1001 a
389 947 640 1006 Patribus
707 955 920 1009 concilii
971 956 1174 1011 Nicaeni
1205 959 1524 1014 vocabulum
1572 961 1829 1016 homousii
1857 977 1880 1015 :

310 1040 445 1094 Cum
484 1042 684 1110 inquit,
717 1044 1007 1130 audimus:
1046 1047 1156 1120 Ego
1183 1067 1334 1117 sum,
1372 1053 1463 1121 qui
1486 1067 1601 1107 sum
1629 1094 1643 1118 ,
1677 1062 1731 1108 et
1764 1071 1779 1106 :
1817 1050 1882 1106 In
1928 1097 1932 1100 .

307 1132 569 1201 principio
612 1139 803 1190 creavit
836 1138 976 1193 Deus
1008 1141 1192 1194 caelum
1220 1153 1270 1195 et
1305 1152 1522 1208 terram,
1556 1154 1609 1199 et
1658 1161 1671 1198 :
1715 1147 1881 1212 Audi,

313 1221 504 1289 Israel,
535 1225 791 1281 Dominus
813 1229 950 1284 Deus
979 1241 1098 1284 tuus
1132 1231 1270 1286 Deus
1294 1251 1434 1289 unus
1477 1245 1580 1298 est,
1612 1246 1667 1290 et
1703 1254 1716 1290 :
1753 1235 1883 1290 Iliae

307 1316 438 1368 dicit
464 1316 716 1374 Dominus
741 1321 1066 1387 omnipotens
1086 1320 1150 1386 ⁸¹,
1177 1323 1312 1377 nihil
1339 1325 1483 1379 aliud
1511 1341 1670 1393 quam
1709 1327 1881 1395 ipsam

308 1406 610 1474 simplicem
669 1420 721 1464 et
773 1411 1011 1474 beatam,
1061 1425 1114 1469 et
1167 1429 1284 1484 quas
1336 1416 1723 1484 comprehendi
1774 1432 1883 1472 non

309 1504 514 1562 potest,
551 1500 912 1554 substantiam
947 1502 1066 1572 ejus
1089 1503 1179 1572 qui
1214 1516 1298 1558 est
1313 1503 1692 1576 intelligimus.
1724 1506 1889 1562 Tam-

306 1588 413 1640 etsi
446 1589 617 1656 enim,
647 1592 776 1660 quid
811 1603 915 1657 est,
946 1595 1405 1662 comprehendere
1433 1612 1537 1650 non
1575 1613 1884 1667 possumus,

309 1685 495 1733 tamen
534 1696 658 1735 cum
696 1685 968 1750 audimus,
1012 1685 1187 1752 Pater,
1217 1697 1290 1751 et,
1320 1687 1698 1758 Omnipotens,
1755 1693 1888 1748 nihil

308 1769 460 1822 aliud
494 1778 853 1842 praeterquam
899 1775 1067 1842 ipsam
1101 1778 1458 1831 substantiam
1493 1778 1613 1846 ejus
1647 1780 1739 1845 qui
1781 1790 1885 1842 est,

309 1859 689 1929 intelligimus.
721 1863 786 1917 Et
816 1879 1008 1919 rursus
1047 1865 1187 1920 idem
1236 1867 1287 1920 in
1317 1866 1649 1938 Apologetico
1685 1885 1779 1938 pro
1805 1887 1891 1940 sy-

309 1952 452 2003 nodo
481 1950 700 2008 Nicwna
741 1970 760 2008 :
793 1955 850 2008 Si
888 1955 1030 2009 Deus
1067 1966 1172 2020 est,
1205 1957 1400 2027 inquit,
1435 1960 1580 2014 aliud
1609 1961 1845 2032 simplex
1873 1999 1892 2025 ,

309 2051 370 2093 ut
405 2041 626 2109 quidem
659 2051 763 2106 est,
791 2058 913 2096 cum
953 2043 1190 2101 dicimus
1221 2047 1414 2114 Deum,
1450 2058 1505 2102 et
1545 2051 1891 2104 nominamus

312 2130 562 2198 Patrem,
598 2134 729 2188 nihil
771 2145 1030 2204 tanquam
1063 2137 1206 2191 circa
1237 2155 1385 2202 eum,
1418 2142 1511 2194 sed
1555 2142 1726 2210 ipsam
1756 2144 1889 2196 sub-

312 2225 578 2281 stantiam
611 2227 728 2296 ejus
769 2228 1142 2300 intelligimus.
1198 2231 1262 2286 Et
1303 2231 1605 2302 Gregorius
1658 2233 1894 2294 Theolo-

312 2333 418 2387 gus
440 2318 514 2387 (b)
541 2333 556 2370 :
594 2318 654 2370 '0
684 2318 781 2385 ὣν,
807 2320 859 2373 id
877 2331 980 2382 est,
1021 2322 1113 2390 qui
1138 2331 1244 2387 εει,
1272 2333 1326 2377 ει
1367 2323 1529 2389 Deus,
1556 2325 1728 2395 magis
1757 2341 1894 2394 quo-

312 2413 616 2468 dammodo
644 2420 770 2468 sunt
796 2415 1014 2468 nomina
1039 2415 1353 2470 substantias
1385 2432 1398 2468 :
1431 2429 1482 2470 et
1509 2432 1574 2472 ex
1607 2418 1691 2472 his
1721 2418 1894 2487 magis

312 2505 340 2556 ὁ
367 2504 472 2558 ῶν.
511 2504 575 2559 Ει
603 2520 795 2560 rursus
827 2506 968 2560 idem
999 2522 1013 2559 :
1050 2504 1239 2561 Nonne
1279 2505 1535 2576 Spiritus,
1589 2518 1642 2563 et
1664 2509 1826 2579 Ignis,
1857 2525 1891 2564 o

311 2596 520 2660 amice,
551 2605 603 2650 et
629 2594 1001 2665 Sapientia,et
1033 2595 1272 2662 Iustitia,
1299 2608 1354 2652 et
1378 2599 1614 2661 Mens,et
1630 2599 1888 2668 Verbum,

311 2694 366 2740 et
393 2685 521 2740 alite
551 2685 816 2756 ejusmodi
854 2689 1254 2746 nominationes
1288 2697 1497 2745 naturae
1520 2691 1684 2746 sunt?
1705 2690 1768 2746 Et
1794 2691 1892 2747 ite-

312 2795 443 2836 rum
482 2781 624 2834 idem
674 2789 864 2836 contra
918 2780 1207 2852 Evagrium
1239 2799 1255 2838 :
1287 2781 1390 2837 Sed
1444 2783 1765 2847 nominatio,
1810 2784 1892 2838 in-

309 2874 460 2944 quit,
497 2872 646 2926 utilis
680 2881 783 2936 est,
820 2887 940 2942 quas
982 2888 1082 2928 nos
1118 2882 1340 2944 propter
1390 2860 1768 2928 necessitatem
1822 2873 1888 2927 ad

309 2966 603 3021 notionem
651 2978 839 3018 eorum
875 2979 996 3032 qua
1039 2964 1142 3018 sub
1185 2964 1597 3035 intelligentiam
1645 2965 1886 3028 cadunt,

307 3058 494 3113 ducit.
546 3055 777 3123 Quidam
827 3071 956 3110 vero
1004 3055 1134 3110 dum
1181 3071 1368 3111 crasse
1402 3056 1695 3125 opinantur
1726 3055 1890 3111 simul

1056 385 1296 450 DECAS
1337 389 1435 452 IV.
1470 415 1539 426 -
1577 388 1673 451 DE
1716 390 2128 459 INFORMAT.
2176 397 2333 460 DIVI
2345 337 2426 462 NI
2457 399 2816 466 NOMINIS.

3439 405 3561 470 798

1909 510 1956 565 Δ
1986 517 2236 565 naturam
2270 511 2531 570 indicant.
2569 515 2637 571 Et
2666 513 3032 571 Dainaseenus
3059 513 3370 587 Theologus
3399 534 3415 570 :
3459 517 3563 571 Di-

1979 601 2198 669 vinitas,
2229 604 2424 678 inquit,
2459 617 2710 663 naturam
2737 607 3001 670 declarat,
3030 607 3190 662 Pater
3219 617 3399 662 autem
3423 607 3554 676 "per-

1977 709 2190 750 sonam.
2219 694 2296 749 Ex
2328 697 2528 766 quibus
2557 691 2763 768 pateﬁt,
2793 699 2935 767 quod
2967 713 3091 752 cum
3123 698 3352 766 theologi
3379 696 3557 770 respi-

1979 785 2132 838 ciunt
2169 787 2312 840 unde
2349 789 2564 842 nomina
2597 788 2692 843 Dei
2724 789 2883 844 nobis
2905 789 3135 844 collecta
3171 799 3299 843 sunt
3322 829 3338 852 ,
3375 787 3442 842 ab
3483 787 3554 843 iis

1981 875 2207 940 scilicet,
2250 892 2370 945 qua:
2423 878 2477 931 in
2531 879 2788 934 universo
2820 881 2957 938 mira
2989 879 3368 949 speculamur,
3398 887 3453 932 et
3486 877 3556 932 ab

1981 963 2184 1021 elfectis
2213 965 2346 1034 ipsis
2366 1007 2382 1031 ,
2419 971 2789 1036 operationem
2823 979 2875 1024 et
2899 969 3238 1024 eil’ectionem
3267 968 3362 1022 Dei
3397 968 3554 1020 aiunt

1983 1064 2401 1124 reprazsentare,
2432 1065 2486 1110 et
2524 1072 2630 1110 non
2666 1057 2796 1126 quid
2830 1066 2936 1122 est,
2976 1067 3031 1112 et
3076 1059 3251 1127 ipsam
3296 1057 3558 1110 substan-
3612 1122 3616 1126 _

1983 1145 2151 1212 tiam;
2195 1156 2320 1216 post
2354 1147 2630 1202 hominem
2658 1149 2805 1204 enim
2849 1149 3064 1203 inventa
3112 1159 3239 1204 sunt
3286 1149 3554 1208 nomina;

1986 1237 2096 1292 imo
2134 1253 2284 1293 mens
2329 1239 2567 1294 humana
2614 1240 2680 1293 ad
2724 1253 2881 1294 usum
2933 1253 3091 1294 suum
3129 1231 3259 1293 iluet:
3308 1239 3557 1300 invenit;

1987 1345 2110 1385 cum
2145 1341 2325 1385 autem
2362 1345 2557 1385 rursus
2587 1330 2778 1385 volunt
2819 1345 2914 1399 per
2945 1331 3058 1384 haec
3096 1331 3319 1382 nomina
3363 1328 3562 1382 efferre

1987 1433 2101 1472 rem
2133 1419 2517 1488 signiﬁcatam,
2541 1427 2595 1473 et
2617 1418 2683 1474 ad
2707 1417 2912 1488 aliquid
2946 1416 3256 1480 referimur,
3279 1416 3444 1471 Deum
3469 1429 3564 1484 per

1989 1503 2104 1557 hare
2132 1503 2350 1557 nomina
2378 1503 2726 1568 invocantes,
2757 1519 2866 1559 non
2891 1503 3153 1559 dividitur
3181 1520 3268 1559 res
3294 1504 3561 1579 subjecta,

1989 1601 2049 1647 ut
2087 1593 2400 1648 dividuntur
2429 1595 2680 1650 notiones
2711 1596 2930 1665 (expers
2976 1597 3120 1650 enim
3167 1595 3363 1665 partis,
3395 1603 3448 1648 et
3479 1595 3563 1649 in-

1990 1683 2207 1738 dividua
2223 1696 2305 1738 est
2331 1685 2634 1740 substantia
2666 1686 2781 1754 Dei)
2807 1702 2823 1751 ;
2860 1686 3062 1740 idcirco
3081 1685 3348 1740 alﬁrmant
3379 1701 3437 1740 se
3467 1701 3567 1738 no-

1994 1773 2232 1828 minibus
2260 1774 2381 1830 istis
2426 1776 2565 1831 hanc
2597 1777 2772 1846 ipsam
2807 1776 3170 1830 substantiam
3209 1775 3303 1830 Dei
3349 1775 3563 1842 signiti-

1992 1883 2136 1932 care,
2167 1885 2278 1924 non
2321 1858 2450 1938 quid
2499 1881 2604 1932 εει,
2635 1870 2728 1926 sed
2762 1869 2908 1939 quod
2936 1879 3020 1925 est
3050 1870 3242 1925 solum-
3263 1883 3564 1938 repriesen-

1993 1968 2169 2014 tantes
2190 1999 2205 2023 ,
2235 1959 2378 2014 sicut
2406 1961 2458 2014 in
2493 1961 2615 2016 aliis
2650 1961 2966 2016 nominibus
2997 1961 3217 2018 evenire
3249 1959 3562 2014 consuevit.

1989 2051 2126 2107 Cum
2162 2052 2306 2105 enim
2339 2051 2477 2107 forte
2505 2053 2819 2122 qurerimus,
2850 2052 2992 2106 unde
3033 2068 3229 2107 nomen
3267 2038 3558 2121 ἀνθρώπὸυ

1993 2143 2294 2198 derivatum
2331 2143 2422 2207 sit,
2449 2153 2511 2200 .et
2539 2145 2670 2214 quid
2706 2160 2802 2213 per
2828 2161 2887 2200 se
2915 2145 3205 2212 signiﬁcet,
3230 2143 3568 2197 al'ﬁrmamus

1992 2246 2379 2305 repraesentare
2405 2237 2509 2290 vim
2533 2236 2624 2290 τοῦ
2649 2236 2762 2290 ἄνω
2791 2235 3001 2306 ἀθρεῖν,
3044 2235 3103 2290 id
3124 2245 3227 2299 est,
3253 2234 3566 2290 facultatem

1992 2325 2046 2380 in
2083 2311 2314 2381 sublime
2346 2327 2670 2396 aspiciendi,
2702 2327 2816 2382 sive
2844 2327 3100 2397 ἀναθρεῖν
3145 2326 3181 2380 δι
3221 2327 3468 2388 δπωπεν,
3515 2323 3568 2378 id

1991 2422 2096 2480 est,
2128 2414 2438 2470 facultatem
2471 2414 2806 2485 recogitandi
2833 2430 2953 2484 qua:
2979 2414 3211 2483 aspexit,
3247 2415 3468 2467 nomine
3496 2427 3564 2466 ex

1990 2505 2226 2574 quadam
2264 2506 2590 2576 etymologia
2629 2514 2683 2560 et
2720 2505 2934 2561 actione
2987 2505 3136 2560 circa
3180 2519 3292 2557 rem
3344 2503 3412 2556 ab
3469 2502 3574 2556 bu-

1991 2609 2152 2650 ntana
2199 2603 2380 2650 mente
2428 2597 2756 2667 excogitato.
2787 2597 2923 2652 Cum
2955 2607 3137 2652 autem
3170 2595 3250 2652 sic
3296 2611 3410 2650 rem
3464 2597 3569 2650 ali—

1991 2701 2152 2755 quam
2204 2687 2540 2742 nominatam
2603 2688 3015 2758 signiﬁcaverit,
3067 2688 3134 2741 ad
3187 2687 3560 2742 deﬁnitionem

1990 2779 2134 2848 ejus,
2165 2788 2222 2834 et
2251 2779 2384 2850 quid
2421 2790 2528 2845 est,
2560 2781 2905 2836 revertimur.
2937 2781 3095 2834 Aliud
3125 2779 3291 2851 igitur
3327 2787 3411 2836 est
3441 2779 3576 2850 quid

1991 2871 2091 2924 hoc
2121 2886 2317 2924 nomen
2354 2871 2628 2937 declaret,
2663 2881 2717 2926 et
2745 2872 2892 2927 aliud
2926 2887 3121 2928 rursus
3151 2873 3217 2927 ad
3245 2871 3374 2941 quid
3409 2871 3577 2941 perti-s

1989 2971 2114 3016 neat
2145 2977 2233 3016 res
2262 2976 2291 3017 a
2326 2962 2482 3018 nobis
2514 2964 2596 3018 sic
2625 2963 2900 3018 nominata
2935 2980 2949 3016 :
2989 2980 3054 3020 ac
3089 2965 3309 3019 nomina
3335 2945 3556 3033 quidem

1991 3066 2057 3106 ex
2094 3063 2368 3107 convento
2413 3053 2490 3122 (2)
2541 3057 2760 3108 inventa
2797 3064 2933 3110 sunt
2967 3055 3354 3123 aﬁ‘eetionibus
3382 3054 3580 3108 animm

309 3167 441 3208 cum
481 3149 799 3204 nominibus
834 3149 1192 3204 substantiam
1235 3147 1404 3204 dividi
1431 3187 1446 3213 ,
1487 3149 1780 3218 opinantur
1824 3149 1908 3203 in-
1934 3163 1976 3221 ο
2006 3143 2274 3205 ducibus;
2312 3160 2398 3200 res
2434 3159 2561 3198 vero
2610 3145 2744 3201 foris
2775 3155 3049 3216 quatenus
3081 3159 3422 3215 unaquaeque
3475 3154 3559 3198 est

307 3241 642 3313 telligentiis
677 3243 816 3308 suis,
843 3257 982 3311 quas
1013 3240 1346 3310 concipiunt,
1381 3233 1504 3311 qua:
1533 3250 1660 3295 sunt
1687 3242 1900 3306 penitus

307 3333 543 3404 indigna
573 3333 797 3386 divinis.
831 3331 1270 3386 Consentaneum
1318 3345 1447 3385 vero
1496 3330 1654 3385 nobis
1687 3341 1806 3393 est,
1843 3339 1902 3384 ut

305 3426 403 3493 qui
460 3424 717 3478 veritatis
767 3423 998 3479 studiosi
1046 3438 1258 3484 sumus,
1307 3425 1548 3477 sciamus
1575 3421 1816 3476 divinam
1845 3430 1898 3476 et

309 3515 644 3585 simplicem
683 3513 773 3567 Dei
824 3513 1189 3568 substantiam
1227 3528 1347 3567 esse
1390 3512 1770 3580 impartibilem
1796 3553 1810 3577 ,
1845 3524 1898 3566 et

305 3607 486 3660 unius
518 3603 728 3658 formae.
761 3602 891 3658 Item
924 3602 1226 3674 Gregorius
1253 3603 1530 3673 Nyssenus
1554 3619 1570 3658 :
1597 3601 1676 3662 Si,
1704 3601 1900 3671 inquit,

307 3713 524 3752 nomen
559 3695 654 3751 D'i
687 3695 763 3767 (1)
796 3710 1084 3766 personam
1137 3695 1400 3759 declarat,
1429 3710 1551 3749 cum
1584 3703 1692 3750 tres
1720 3709 1906 3764 perso-

304 3807 411 3846 nas
455 3790 727 3853 dicimus,
763 3801 874 3844 tres
909 3789 1042 3845 deos
1077 3788 1395 3844 necessario
1425 3788 1660 3844 dicimus
1700 3803 1715 3841 :
1760 3796 1815 3842 at
1860 3788 1903 3842 si

307 3896 525 3936 nomen
560 3880 656 3934 Dei
689 3879 1055 3935 substantiam
1088 3880 1405 3949 signiﬁcat,
1429 3895 1552 3934 cum
1583 3879 1907 3934 conﬁtemur

304 3990 476 4028 unam
527 3972 1126 4027 substantiam‘saneta:
1154 3971 1464 4037 Trinitatis,
1513 3985 1682 4025 unum
1731 3969 1900 4026 Deum

303 4071 700 4119 consentance
723 4072 976 4131 putamus
1010 4078 1024 4113 :
1065 4062 1336 4130 siquidem
1367 4075 1560 4115 nomen
1598 4060 1710 4125 Dei,
1745 4059 1908 4116 unius

301 4153 653 4210 substantia
693 4167 888 4206 nomen
919 4159 1023 4206 est.
1055 4150 1134 4204 Ac
1162 4164 1391 4219 magnus
1423 4149 1585 4204 etiam
1625 4149 1860 4204 Basilius
1889 4167 1906 4203 :

302 4246 357 4300 Si
389 4262 559 4311 vero,
596 4243 797 4311 inquit,
831 4243 1191 4297 substantiam
1228 4241 1317 4295 Dei
1354 4240 1534 4295 lumen
1568 4256 1690 4296 esse
1716 4242 1908 4295 statui-

305 4353 458 4404 mus,
503 4345 610 4392 aut
639 4335 830 4398 vitam,
875 4343 969 4387 aut
999 4333 1201 4387 bonum
1232 4341 1430 4398 totum,
1461 4332 1513 4386 id
1547 4343 1652 4398 est,
1679 4349 1801 4388 cum
1838 4331 1910 4388 sit

305 4429 439 4491 vita,
475 4438 668 4483 totum
701 4427 881 4481 lumen
914 4433 1018 4490 est,
1045 4434 1098 4478 et
1134 4433 1302 4479 totum
1336 4427 1561 4490 bonum,
1594 4429 1702 4478 vita
1725 4437 1906 4479 autem

2004 3236 2355 3294 exstiterunt.
2402 3236 2793 3295 Consentanee
2841 3239 3010 3306 igitur
3061 3238 3114 3292 in
3165 3237 3314 3292 omni
3361 3235 3580 3290 nomine

2003 3329 2327 3398 quaerimus,
2362 3329 2488 3397 quis
2519 3329 2728 3396 primus
2759 3331 3002 3396 invenit,
3035 3338 3090 3384 et
3119 3329 3261 3383 unde
3301 3343 3452 3382 utens
3481 3327 3581 3382 ho-

2005 3420 2172 3476 minis
2201 3420 2332 3474 illud
2359 3422 2568 3490 accepit
2608 3439 2623 3475 :
2656 3430 2711 3476 et
2739 3422 2806 3477 ad
2842 3437 3009 3492 quam
3060 3438 3172 3478 rem
3221 3435 3410 3476 earum
3459 3433 3580 3490 quae

2004 3512 2338 3578 extra‘sunt,
2367 3527 2462 3582 per
2491 3511 2710 3567 nomina
2737 3514 3080 3570 adducimur.

2599 3646 2825 3705 CAPUT
2857 3647 2946 3703 IX.

2009 3762 2164 3828 Quod
2193 3759 2625 3817 nomina'divina
2688 3763 2757 3814 ad
2823 3778 2931 3816 rem
2974 3763 3167 3832 ipsum,
3225 3761 3323 3815 Dei
3380 3759 3586 3814 scilicet

2078 3833 2438 3902 substantiam
2473 3833 2661 3897 relata,
2694 3835 2904 3901 proprie
2943 3833 3113 3901 ipsam
3142 3832 3468 3902 signiﬁcant,
3527 3837 3583 3883 et

2078 3919 2179 3956 non
2208 3917 2297 3967 per
2333 3901 2636 3955 abusionem
2668 3917 2687 3954 :
2745 3900 2800 3955 et
2845 3903 2981 3970 quod
3034 3917 3128 3970 per
3179 3900 3623 3970 unumquodque'

2078 3973 2263 4025 horum
2296 3972 2561 4042 nominum
2594 3968 2938 4042 Trinitatem,
2962 3968 3077 4042 qua:
3099 3987 3260 4040 supra
3281 3985 3440 4041 quam
3465 3968 3590 4024 sub-

2083 4043 2282 4095 stantia
2327 4050 2428 4106 est,
2493 4040 2850 4095 declaramus.

2081 4151 2315 4208 Sanctus
2345 4151 2581 4224 Cyrillus
2621 4152 2674 4207 in
2715 4151 2996 4209 Tliesauris
3050 4151 3122 4224 (ε)
3175 4153 3297 4210 ait:
3353 4150 3591 4222 Oporte-

2011 4245 2102 4300 bat
2127 4254 2327 4309 tacere,
2362 4253 2418 4299 et
2446 4243 2583 4298 nihil
2606 4249 2674 4298 ad
2732 4245 2958 4299 istorum
3025 4245 3096 4299 ita
3156 4243 3362 4298 fatuam
3418 4257 3589 4312 argu.

2011 4337 2400 4390 mentationem
2435 4334 2784 4404 respondere.
2825 4336 2888 4389 Et
2921 4334 3082 4403 paulo
3129 4345 3249 4404 post
3285 4352 3300 4390 :
3334 4333 3515 4401 Quare
3540 4333 3588 4388 si

2013 4427 2136 4497 quis
2164 4427 2436 4481 hominem
2480 4425 2802 4488 nominavit,
2825 4426 2951 4493 quia
2994 4426 3157 4477 homo
3185 4440 3292 4477 non
3344 4434 3428 4479 est
3485 4427 3589 4478 hoc

299 4533 680 4590 consequens
728 4518 893 4573 habet
939 4516 1242 4586 ingenitum
1295 4535 1310 4571 :
1357 4517 1630 4585 quomodo
1683 4533 1790 4571 non
1829 4492 2237 4573 estnomnino
2269 4529 2488 4579 nomen,
2525 4513 2669 4584 quod
2729 4515 3002 4570 hominem
3053 4513 3343 4582 signiﬁcat,
3400 4524 3458 4568 ut
3499 4513 3591 4567 isti

297 4625 520 4678 expers
551 4604 999 4674 compositionis,
1044 4604 1138 4672 qui
1175 4614 1257 4658 est
1307 4604 1608 4658 secundum
1658 4605 1914 4660 substan-

298 4703 442 4755 tiam
508 4697 790 4768 simplex?
837 4697 983 4752 Idetn
1037 4695 1204 4750 etiam
1238 4709 1251 4747 :
1287 4692 1516 4750 Nomina
1567 4697 1745 4767 magni
1783 4697 1911 4757 Dei,

373 4843 420 4875 ⁸¹
458 4839 652 4895 Exod.
680 4853 762 4903 tu;
796 4836 933 4894 Gen.
967 4851 1016 4902 ις
1068 4835 1222 4890 Deut.
1247 4850 1322 4890 vt.

2019 4616 2491 4678 argumentantur,
2519 4607 2780 4677 intelligat
2823 4607 2986 4675 igitur
3016 4605 3161 4659 aliud
3200 4605 3353 4676 quid,
3388 4616 3439 4659 et
3481 4620 3591 4658 non

2027 4701 2130 4754 hoc
2162 4700 2399 4768 penitus,
2434 4697 2578 4768 quod
2615 4714 2811 4754 nomen
2860 4696 3171 4769 Signiﬁcat:
3202 4707 3258 4753 at
3286 4699 3331 4754 si
3381 4698 3484 4754 hoc
3507 4699 3592 4752 iu-

1622 4951 1868 5014 Scholia
1903 4953 1965 5014 S.
1998 4953 2278 5014 Thomas.

353 5061 468 5135 ’(1)
508 5059 787 5135 [Iaec'vox
811 5105 826 5127 ,
862 5063 1024 5128 Deus,
1057 5065 1196 5135 sicut
1229 5064 1471 5118 continet
1502 5077 1786 5135 personas,
1810 5061 1904 5135 sic

297 5130 488 5189 etiam
553 5132 827 5197 signiﬁcat
864 5145 928 5193 ,ει
969 5130 1208 5188 declarat
1259 5130 1539 5201 personas,
1588 5141 1642 5184 et
1685 5133 1754 5185 de
1808 5132 1914 5184 illis

299 5203 712 5272 praedicatur:
747 5203 838 5255 sed
887 5204 1015 5271 quia
1071 5221 1175 5257 non
1228 5206 1404 5255 solum
1446 5203 1687 5255 declarat
1719 5216 1911 5270 perso-

299 5271 471 5336 nam,
536 5271 641 5324 sed
689 5272 850 5323 etiam
895 5289 1056 5325 uuam
1103 5283 1350 5325 naturam
1401 5286 1749 5324 communem
1808 5285 1911 5324 non

301 5341 677 5412 cogitatione
710 5342 855 5412 sola,
886 5344 978 5412 sed
1013 5357 1089 5404 re,
1121 5343 1320 5394 ideirco
1349 5342 1442 5409 qui
1486 5340 1616 5412 dicit
1648 5352 1758 5412 tres
1791 5355 1913 5412 per-

299 5409 518 5474 sonas,
543 5424 660 5463 neu
682 5411 956 5464 dicitdicit
987 5419 1094 5463 tres
1124 5412 1435 5476 ileos(sicut
1467 5409 1559 5478 qui
1589 5419 1700 5463 tres
1735 5410 1911 5462 horni-

302 5481 440 5547 nes)
471 5480 589 5535 scd
627 5495 791 5532 ttnmn
819 5496 831 5530 :
863 5480 1032 5533 deitas
1070 5494 1194 5532 vero
1225 5481 1326 5531 etsi
1354 5479 1594 5533 euntiuet
1625 5494 1906 5545 personas,

299 5562 361 5604 et
410 5552 488 5610 de
547 5548 664 5600 illis
691 5549 1016 5616 praedicatur
1058 5549 1359 5603 secundum
1406 5566 1545 5608 rein,
1579 5558 1756 5602 tamen
1782 5552 1907 5618 quia

382 5693 475 5759 (a)
509 5687 580 5759 In
620 5686 776 5755 epist.
806 5688 868 5741 de
895 5692 1110 5758 synmlis
1138 5689 1363 5744 Arimini
1393 5698 1448 5741 et
1473 5688 1752 5744 Seleuciae.

382 5758 476 5830 (b)
512 5758 581 5811 lu
619 5759 855 5813 secunda
888 5761 1129 5815 oratione
1166 5765 1228 5814 de
1255 5759 1571 5828 Theologia.

2018 5062 2316 5115 secundum
2372 5059 2586 5111 modum
2629 5072 2971 5112 communem
3014 5056 3374 5126 signiﬁcandi,
3434 5065 3594 5109 natu-

2021 5145 2136 5184 ram
2166 5129 2285 5181 sine
2313 5129 2734 5198 proprietatibus
2764 5127 3119 5198 hypostaticis
3151 5127 3446 5198 signiﬁcat,
3472 5141 3591 5198 non

2017 5195 2342 5268 praedicatur
2382 5195 2597 5265 proprie
2647 5198 2713 5250 de
2760 5195 3029 5268 personis.
3065 5195 3222 5249 Pater
3256 5196 3399 5248 enim
3436 5195 3593 5268 idivi-

2018 5265 2191 5322 nitate
2242 5276 2296 5321 et
2327 5268 2652 5336 pateruitate
2682 5265 2940 5336 tauquam
2974 5265 3144 5319 forma
3178 5278 3231 5320 et
3265 5267 3594 5336 proprietate

2016 5335 2364 5407 hypostatic’a
2417 5335 2574 5389 Pater
2607 5347 2688 5390 est
2715 5335 2815 5402 ;'et
2847 5337 3097 5390 similiter
3133 5337 3185 5389 in
3221 5335 3465 5407 reliquis.

2088 5403 2164 5477 (‘2)
2199 5405 2311 5460 Hoc
2343 5407 2495 5470 dicit,
2529 5407 2653 5474 quia
2690 5407 2911 5460 nomina
2943 5421 3008 5461 ex
3041 5403 3354 5461 constituto
3377 5403 3592 5477 signiﬁ-
3674 5404 3676 5406 ’

2012 5473 2182 5529 cant:
2214 5485 2267 5528 et
2308 5490 2370 5557 ea
2403 5492 2523 5555 qua:
2550 5473 2686 5530 sunt
2716 5477 2769 5529 in
2800 5492 2952 5543 voce,
2992 5478 3148 5547 signa
3181 5484 3311 5533 sunt
3341 5473 3591 5530 allectio-

2013 5561 2141 5600 IIUIII
2173 5561 2292 5614 qua:
2324 5561 2375 5598 111
2412 5561 2593 5600 anima
2635 5557 2785 5602 SUlll.

2098 5689 2168 5740 lci
2197 5688 2319 5745 Lib.
2347 5703 2440 5745 vn.
2474 5703 2591 5758 cap.
2623 5687 2680 5742 2.
