  <div class='ocr_page' id='page_1' title='image "/cluster/home/n/w/nwhite01/storage/ocr_20150623/152/hvd.32044073502635/413.png"; bbox 0 0 3980 6208; ppageno 0'>
   <div class='ocr_carea' id='block_1_1' title="bbox 446 207 562 272">
    <p class='ocr_par' dir='ltr' id='par_1_1' title="bbox 446 207 562 272">
     <span class='ocr_line' id='line_1_1' title="bbox 446 207 562 272; baseline 0.009 -1"><span class='ocrx_word' id='word_1_1' title='bbox 446 207 562 272; x_wconf 74' lang='lat'><strong>803</strong></span> 
     </span>
    </p>
   </div>
   <div class='ocr_carea' id='block_1_2' title="bbox 1594 191 2550 265">
    <p class='ocr_par' dir='ltr' id='par_1_2' title="bbox 1594 191 2550 265">
     <span class='ocr_line' id='line_1_2' title="bbox 1594 191 2550 265; baseline -0.017 0"><span class='ocrx_word' id='word_1_2' title='bbox 1594 204 1919 265; x_wconf 76' lang='lat' dir='ltr'><strong>JOANNIS</strong></span> <span class='ocrx_word' id='word_1_3' title='bbox 1947 202 2129 259; x_wconf 73' lang='lat' dir='ltr'><strong>CYPA</strong></span> <span class='ocrx_word' id='word_1_4' title='bbox 2143 191 2510 255; x_wconf 60' lang='lat' dir='ltr'><strong>RlSSIOTIE</strong></span> <span class='ocrx_word' id='word_1_5' title='bbox 2546 246 2550 249; x_wconf 80' lang='lat'><strong>.</strong></span> 
     </span>
    </p>
   </div>
   <div class='ocr_carea' id='block_1_3' title="bbox 3548 200 3637 263">
    <p class='ocr_par' dir='ltr' id='par_1_3' title="bbox 3548 200 3637 263">
     <span class='ocr_line' id='line_1_3' title="bbox 3548 200 3637 263; baseline 0.034 -3"><span class='ocrx_word' id='word_1_6' title='bbox 3548 200 3637 263; x_wconf 62' lang='lat'><strong>801</strong></span> 
     </span>
    </p>
   </div>
   <div class='ocr_carea' id='block_1_4' title="bbox 466 294 3640 391">
    <p class='ocr_par' dir='ltr' id='par_1_4' title="bbox 466 294 3640 391">
     <span class='ocr_line' id='line_1_4' title="bbox 466 294 3640 391; baseline -0.004 -12"><span class='ocrx_word' id='word_1_7' title='bbox 466 337 518 379; x_wconf 90' lang='lat' dir='ltr'><strong>et</strong></span> <span class='ocrx_word' id='word_1_8' title='bbox 550 325 1052 390; x_wconf 89' lang='lat' dir='ltr'><strong>immutabilem,‘ut</strong></span> <span class='ocrx_word' id='word_1_9' title='bbox 1086 322 1334 389; x_wconf 82' lang='lat' dir='ltr'><strong>salutem,</strong></span> <span class='ocrx_word' id='word_1_10' title='bbox 1366 331 1425 378; x_wconf 92' lang='lat' dir='ltr'><strong>ut</strong></span> <span class='ocrx_word' id='word_1_11' title='bbox 1458 322 1749 391; x_wconf 73' lang='lat' dir='ltr'><strong>justitiam,</strong></span> <span class='ocrx_word' id='word_1_12' title='bbox 1801 332 1860 376; x_wconf 93' lang='lat' dir='ltr'><strong>ut</strong></span> <span class='ocrx_word' id='word_1_13' title='bbox 1909 335 2034 376; x_wconf 89' lang='lat' dir='ltr'><strong>san-</strong></span> <span class='ocrx_word' id='word_1_14' title='bbox 2062 320 2111 380; x_wconf 81' lang='grc' dir='ltr'><strong>Α</strong></span> <span class='ocrx_word' id='word_1_15' title='bbox 2136 325 2313 370; x_wconf 90' lang='lat' dir='ltr'><strong>torum</strong></span> <span class='ocrx_word' id='word_1_16' title='bbox 2351 313 2632 367; x_wconf 88' lang='lat' dir='ltr'><strong>nominum</strong></span> <span class='ocrx_word' id='word_1_17' title='bbox 2671 309 2901 366; x_wconf 84' lang='lat' dir='ltr'><strong>eilieitur</strong></span> <span class='ocrx_word' id='word_1_18' title='bbox 2932 307 3110 373; x_wconf 88' lang='lat' dir='ltr'><strong>nobis,</strong></span> <span class='ocrx_word' id='word_1_19' title='bbox 3141 316 3193 363; x_wconf 89' lang='lat' dir='ltr'><strong>et</strong></span> <span class='ocrx_word' id='word_1_20' title='bbox 3224 324 3337 363; x_wconf 86' lang='lat' dir='ltr'><strong>eum</strong></span> <span class='ocrx_word' id='word_1_21' title='bbox 3356 324 3452 365; x_wconf 89' lang='lat' dir='ltr'><strong>non</strong></span> <span class='ocrx_word' id='word_1_22' title='bbox 3484 326 3640 380; x_wconf 75' lang='lat' dir='ltr'><strong>paucis</strong></span> 
     </span>
    </p>
   </div>
   <div class='ocr_carea' id='block_1_5' title="bbox 461 412 2027 483">
    <p class='ocr_par' dir='ltr' id='par_1_5' title="bbox 461 412 2027 483">
     <span class='ocr_line' id='line_1_5' title="bbox 461 412 2027 483; baseline -0.003 -13"><span class='ocrx_word' id='word_1_23' title='bbox 461 415 869 482; x_wconf 85' lang='lat' dir='ltr'><strong>ctiticationem,</strong></span> <span class='ocrx_word' id='word_1_24' title='bbox 916 425 975 471; x_wconf 87' lang='lat' dir='ltr'><strong>ut</strong></span> <span class='ocrx_word' id='word_1_25' title='bbox 1020 414 1471 483; x_wconf 89' lang='lat' dir='ltr'><strong>redemptionem,</strong></span> <span class='ocrx_word' id='word_1_26' title='bbox 1550 423 1608 468; x_wconf 85' lang='grc' dir='ltr'><strong>ιιι</strong></span> <span class='ocrx_word' id='word_1_27' title='bbox 1658 412 2027 483; x_wconf 74' lang='lat' dir='ltr'><strong>magnitudine</strong></span> 
     </span>
    </p>
   </div>
   <div class='ocr_carea' id='block_1_6' title="bbox 465 500 2025 576">
    <p class='ocr_par' dir='ltr' id='par_1_6' title="bbox 465 500 2025 576">
     <span class='ocr_line' id='line_1_6' title="bbox 465 500 2025 576; baseline -0.003 -18"><span class='ocrx_word' id='word_1_28' title='bbox 465 506 649 558; x_wconf 85' lang='lat' dir='ltr'><strong>omnia</strong></span> <span class='ocrx_word' id='word_1_29' title='bbox 680 513 1026 574; x_wconf 92' lang='lat' dir='ltr'><strong>superantem</strong></span> <span class='ocrx_word' id='word_1_30' title='bbox 1052 522 1066 568; x_wconf 90' lang='lat'><strong>;</strong></span> <span class='ocrx_word' id='word_1_31' title='bbox 1095 512 1232 576; x_wconf 77' lang='lat' dir='ltr'><strong>etut</strong></span> <span class='ocrx_word' id='word_1_32' title='bbox 1260 504 1313 555; x_wconf 92' lang='lat' dir='ltr'><strong>in</strong></span> <span class='ocrx_word' id='word_1_33' title='bbox 1345 518 1476 556; x_wconf 85' lang='lat' dir='ltr'><strong>aura</strong></span> <span class='ocrx_word' id='word_1_34' title='bbox 1504 501 1858 571; x_wconf 84' lang='lat' dir='ltr'><strong>tenui.Atqui</strong></span> <span class='ocrx_word' id='word_1_35' title='bbox 1889 511 1941 554; x_wconf 89' lang='lat' dir='ltr'><strong>et</strong></span> <span class='ocrx_word' id='word_1_36' title='bbox 1970 500 2025 553; x_wconf 92' lang='lat' dir='ltr'><strong>in</strong></span> 
     </span>
    </p>
   </div>
   <div class='ocr_carea' id='block_1_7' title="bbox 462 594 2018 661">
    <p class='ocr_par' dir='ltr' id='par_1_7' title="bbox 462 594 2018 661">
     <span class='ocr_line' id='line_1_7' title="bbox 462 594 2018 661; baseline -0.001 -15"><span class='ocrx_word' id='word_1_37' title='bbox 462 594 737 648; x_wconf 78' lang='lat' dir='ltr'><strong>mentibus</strong></span> <span class='ocrx_word' id='word_1_38' title='bbox 769 609 890 647; x_wconf 91' lang='lat' dir='ltr'><strong>eum</strong></span> <span class='ocrx_word' id='word_1_39' title='bbox 922 608 1041 648; x_wconf 89' lang='lat' dir='ltr'><strong>esse</strong></span> <span class='ocrx_word' id='word_1_40' title='bbox 1071 595 1276 655; x_wconf 90' lang='lat' dir='ltr'><strong>dicunt,</strong></span> <span class='ocrx_word' id='word_1_41' title='bbox 1303 609 1359 647; x_wconf 89' lang='lat' dir='ltr'><strong>et</strong></span> <span class='ocrx_word' id='word_1_42' title='bbox 1395 595 1448 646; x_wconf 93' lang='lat' dir='ltr'><strong>in</strong></span> <span class='ocrx_word' id='word_1_43' title='bbox 1479 594 1722 660; x_wconf 89' lang='lat' dir='ltr'><strong>animis;</strong></span> <span class='ocrx_word' id='word_1_44' title='bbox 1750 603 1802 647; x_wconf 92' lang='lat' dir='ltr'><strong>et</strong></span> <span class='ocrx_word' id='word_1_45' title='bbox 1826 606 2018 661; x_wconf 87' lang='lat' dir='ltr'><strong>corpo-</strong></span> 
     </span>
    </p>
   </div>
   <div class='ocr_carea' id='block_1_8' title="bbox 462 684 2017 748">
    <p class='ocr_par' dir='ltr' id='par_1_8' title="bbox 462 684 2017 748">
     <span class='ocr_line' id='line_1_8' title="bbox 462 684 2017 748; baseline 0.001 -11"><span class='ocrx_word' id='word_1_46' title='bbox 462 684 635 747; x_wconf 84' lang='lat' dir='ltr'><strong>ribus,</strong></span> <span class='ocrx_word' id='word_1_47' title='bbox 663 684 796 737; x_wconf 86' lang='lat' dir='ltr'><strong>etin</strong></span> <span class='ocrx_word' id='word_1_48' title='bbox 834 684 993 746; x_wconf 71' lang='lat' dir='ltr'><strong>caalo,</strong></span> <span class='ocrx_word' id='word_1_49' title='bbox 1032 694 1083 738; x_wconf 90' lang='lat' dir='ltr'><strong>et</strong></span> <span class='ocrx_word' id='word_1_50' title='bbox 1116 684 1360 748; x_wconf 88' lang='lat' dir='ltr'><strong>interra,</strong></span> <span class='ocrx_word' id='word_1_51' title='bbox 1388 693 1441 737; x_wconf 89' lang='lat' dir='ltr'><strong>et</strong></span> <span class='ocrx_word' id='word_1_52' title='bbox 1484 685 1645 739; x_wconf 87' lang='lat' dir='ltr'><strong>simul</strong></span> <span class='ocrx_word' id='word_1_53' title='bbox 1715 687 1768 739; x_wconf 91' lang='lat' dir='ltr'><strong>in</strong></span> <span class='ocrx_word' id='word_1_54' title='bbox 1826 685 2017 738; x_wconf 84' lang='lat' dir='ltr'><strong>eodem</strong></span> 
     </span>
    </p>
   </div>
   <div class='ocr_carea' id='block_1_9' title="bbox 458 773 2022 844">
    <p class='ocr_par' dir='ltr' id='par_1_9' title="bbox 458 773 2022 844">
     <span class='ocr_line' id='line_1_9' title="bbox 458 773 2022 844; baseline 0.001 -17"><span class='ocrx_word' id='word_1_55' title='bbox 458 773 736 836; x_wconf 89' lang='lat' dir='ltr'><strong>eumdem,</strong></span> <span class='ocrx_word' id='word_1_56' title='bbox 774 774 828 827; x_wconf 90' lang='lat' dir='ltr'><strong>in</strong></span> <span class='ocrx_word' id='word_1_57' title='bbox 858 774 1078 835; x_wconf 88' lang='lat' dir='ltr'><strong>mundo,</strong></span> <span class='ocrx_word' id='word_1_58' title='bbox 1110 774 1253 828; x_wconf 86' lang='lat' dir='ltr'><strong>circa</strong></span> <span class='ocrx_word' id='word_1_59' title='bbox 1294 776 1581 838; x_wconf 89' lang='lat' dir='ltr'><strong>mundum,</strong></span> <span class='ocrx_word' id='word_1_60' title='bbox 1637 791 1798 844; x_wconf 82' lang='lat' dir='ltr'><strong>supra</strong></span> <span class='ocrx_word' id='word_1_61' title='bbox 1863 791 2022 828; x_wconf 91' lang='lat' dir='ltr'><strong>mun-</strong></span> 
     </span>
    </p>
   </div>
   <div class='ocr_carea' id='block_1_10' title="bbox 448 862 2017 931">
    <p class='ocr_par' dir='ltr' id='par_1_10' title="bbox 448 862 2017 931">
     <span class='ocr_line' id='line_1_10' title="bbox 448 862 2017 931; baseline 0.001 -17"><span class='ocrx_word' id='word_1_62' title='bbox 448 862 600 925; x_wconf 91' lang='lat' dir='ltr'><strong>dum,</strong></span> <span class='ocrx_word' id='word_1_63' title='bbox 649 878 816 930; x_wconf 85' lang='lat' dir='ltr'><strong>supra</strong></span> <span class='ocrx_word' id='word_1_64' title='bbox 878 862 1100 927; x_wconf 69' lang='lat' dir='ltr'><strong>emtum,</strong></span> <span class='ocrx_word' id='word_1_65' title='bbox 1158 877 1321 931; x_wconf 80' lang='lat' dir='ltr'><strong>supra</strong></span> <span class='ocrx_word' id='word_1_66' title='bbox 1386 864 1769 928; x_wconf 72' lang='lat' dir='ltr'><strong>substantiam,</strong></span> <span class='ocrx_word' id='word_1_67' title='bbox 1822 865 2017 927; x_wconf 85' lang='lat' dir='ltr'><strong>solem,</strong></span> 
     </span>
    </p>
   </div>
   <div class='ocr_carea' id='block_1_11' title="bbox 447 952 2015 1028">
    <p class='ocr_par' dir='ltr' id='par_1_11' title="bbox 447 952 2015 1028">
     <span class='ocr_line' id='line_1_11' title="bbox 447 952 2015 1028; baseline 0.001 -23"><span class='ocrx_word' id='word_1_68' title='bbox 447 952 683 1028; x_wconf 54' lang='lat' dir='ltr'><strong>stellam,</strong></span> <span class='ocrx_word' id='word_1_69' title='bbox 720 954 921 1023; x_wconf 78' lang='lat' dir='ltr'><strong>ignem,</strong></span> <span class='ocrx_word' id='word_1_70' title='bbox 955 969 1179 1023; x_wconf 86' lang='lat' dir='ltr'><strong>aquam,</strong></span> <span class='ocrx_word' id='word_1_71' title='bbox 1210 954 1490 1022; x_wconf 89' lang='lat' dir='ltr'><strong>spiritum,</strong></span> <span class='ocrx_word' id='word_1_72' title='bbox 1525 971 1732 1019; x_wconf 91' lang='lat' dir='ltr'><strong>rorem,</strong></span> <span class='ocrx_word' id='word_1_73' title='bbox 1792 956 2015 1018; x_wconf 89' lang='lat' dir='ltr'><strong>nubem,</strong></span> 
     </span>
    </p>
   </div>
   <div class='ocr_carea' id='block_1_12' title="bbox 445 1043 2017 1112">
    <p class='ocr_par' dir='ltr' id='par_1_12' title="bbox 445 1043 2017 1112">
     <span class='ocr_line' id='line_1_12' title="bbox 445 1043 2017 1112; baseline 0.003 -18"><span class='ocrx_word' id='word_1_74' title='bbox 445 1054 542 1109; x_wconf 89' lang='lat' dir='ltr'><strong>per</strong></span> <span class='ocrx_word' id='word_1_75' title='bbox 571 1056 628 1095; x_wconf 90' lang='lat' dir='ltr'><strong>se</strong></span> <span class='ocrx_word' id='word_1_76' title='bbox 670 1043 924 1111; x_wconf 86' lang='lat' dir='ltr'><strong>lapidem,</strong></span> <span class='ocrx_word' id='word_1_77' title='bbox 953 1053 1184 1112; x_wconf 89' lang='lat' dir='ltr'><strong>petram,</strong></span> <span class='ocrx_word' id='word_1_78' title='bbox 1217 1044 1399 1098; x_wconf 87' lang='lat' dir='ltr'><strong>omnia</strong></span> <span class='ocrx_word' id='word_1_79' title='bbox 1431 1060 1551 1112; x_wconf 71' lang='lat' dir='ltr'><strong>qua:</strong></span> <span class='ocrx_word' id='word_1_80' title='bbox 1586 1056 1735 1110; x_wconf 85' lang='lat' dir='ltr'><strong>sunt,</strong></span> <span class='ocrx_word' id='word_1_81' title='bbox 1768 1057 1821 1099; x_wconf 89' lang='lat' dir='ltr'><strong>et</strong></span> <span class='ocrx_word' id='word_1_82' title='bbox 1881 1046 2017 1100; x_wconf 81' lang='lat' dir='ltr'><strong>nihil</strong></span> 
     </span>
    </p>
   </div>
   <div class='ocr_carea' id='block_1_13' title="bbox 442 1120 2014 1201">
    <p class='ocr_par' dir='ltr' id='par_1_13' title="bbox 442 1120 2014 1201">
     <span class='ocr_line' id='line_1_13' title="bbox 442 1120 2014 1201; baseline 0.001 -18"><span class='ocrx_word' id='word_1_83' title='bbox 442 1144 633 1183; x_wconf 89' lang='lat' dir='ltr'><strong>eorum</strong></span> <span class='ocrx_word' id='word_1_84' title='bbox 665 1146 785 1200; x_wconf 72' lang='lat' dir='ltr'><strong>qure</strong></span> <span class='ocrx_word' id='word_1_85' title='bbox 815 1140 967 1186; x_wconf 92' lang='lat' dir='ltr'><strong>sunt.</strong></span> <span class='ocrx_word' id='word_1_86' title='bbox 998 1130 1090 1186; x_wconf 90' lang='lat' dir='ltr'><strong>Sic</strong></span> <span class='ocrx_word' id='word_1_87' title='bbox 1120 1133 1283 1201; x_wconf 79' lang='lat' dir='ltr'><strong>igitur</strong></span> <span class='ocrx_word' id='word_1_88' title='bbox 1304 1133 1352 1185; x_wconf 89' lang='lat' dir='ltr'><strong>ei</strong></span> <span class='ocrx_word' id='word_1_89' title='bbox 1381 1120 1477 1201; x_wconf 80' lang='lat' dir='ltr'><strong>qui</strong></span> <span class='ocrx_word' id='word_1_90' title='bbox 1529 1132 1770 1185; x_wconf 85' lang='lat' dir='ltr'><strong>omnium</strong></span> <span class='ocrx_word' id='word_1_91' title='bbox 1825 1148 2014 1186; x_wconf 89' lang='lat' dir='ltr'><strong>rerum</strong></span> 
     </span>
    </p>
   </div>
   <div class='ocr_carea' id='block_1_14' title="bbox 441 1222 2012 1293">
    <p class='ocr_par' dir='ltr' id='par_1_14' title="bbox 441 1222 2012 1293">
     <span class='ocr_line' id='line_1_14' title="bbox 441 1222 2012 1293; baseline 0.003 -20"><span class='ocrx_word' id='word_1_92' title='bbox 441 1234 610 1273; x_wconf 88' lang='lat' dir='ltr'><strong>causa</strong></span> <span class='ocrx_word' id='word_1_93' title='bbox 628 1230 730 1288; x_wconf 87' lang='lat' dir='ltr'><strong>est,</strong></span> <span class='ocrx_word' id='word_1_94' title='bbox 759 1230 813 1276; x_wconf 92' lang='lat' dir='ltr'><strong>et</strong></span> <span class='ocrx_word' id='word_1_95' title='bbox 842 1236 1009 1293; x_wconf 85' lang='lat' dir='ltr'><strong>supra</strong></span> <span class='ocrx_word' id='word_1_96' title='bbox 1031 1223 1237 1284; x_wconf 90' lang='lat' dir='ltr'><strong>omnia,</strong></span> <span class='ocrx_word' id='word_1_97' title='bbox 1263 1222 1517 1291; x_wconf 71' lang='lat' dir='ltr'><strong>congruit</strong></span> <span class='ocrx_word' id='word_1_98' title='bbox 1543 1237 1730 1277; x_wconf 83' lang='lat' dir='ltr'><strong>carere</strong></span> <span class='ocrx_word' id='word_1_99' title='bbox 1756 1224 2012 1291; x_wconf 86' lang='lat' dir='ltr'><strong>nomine;</strong></span> 
     </span>
    </p>
   </div>
   <div class='ocr_carea' id='block_1_15' title="bbox 440 1313 2010 1383">
    <p class='ocr_par' dir='ltr' id='par_1_15' title="bbox 440 1313 2010 1383">
     <span class='ocr_line' id='line_1_15' title="bbox 440 1313 2010 1383; baseline 0.004 -19"><span class='ocrx_word' id='word_1_100' title='bbox 440 1321 492 1364; x_wconf 89' lang='lat' dir='ltr'><strong>et</strong></span> <span class='ocrx_word' id='word_1_101' title='bbox 522 1321 831 1380; x_wconf 80' lang='lat' dir='ltr'><strong>congruunt</strong></span> <span class='ocrx_word' id='word_1_102' title='bbox 860 1328 1049 1368; x_wconf 82' lang='lat' dir='ltr'><strong>rursus</strong></span> <span class='ocrx_word' id='word_1_103' title='bbox 1074 1313 1255 1367; x_wconf 86' lang='lat' dir='ltr'><strong>omnia</strong></span> <span class='ocrx_word' id='word_1_104' title='bbox 1282 1328 1463 1366; x_wconf 88' lang='lat' dir='ltr'><strong>rerum</strong></span> <span class='ocrx_word' id='word_1_105' title='bbox 1496 1315 1737 1368; x_wconf 82' lang='lat' dir='ltr'><strong>omnium</strong></span> <span class='ocrx_word' id='word_1_106' title='bbox 1771 1318 2010 1383; x_wconf 85' lang='lat' dir='ltr'><strong>nomina,</strong></span> 
     </span>
    </p>
   </div>
   <div class='ocr_carea' id='block_1_16' title="bbox 439 1402 2008 1473">
    <p class='ocr_par' dir='ltr' id='par_1_16' title="bbox 439 1402 2008 1473">
     <span class='ocr_line' id='line_1_16' title="bbox 439 1402 2008 1473; baseline 0.005 -18"><span class='ocrx_word' id='word_1_107' title='bbox 439 1410 501 1455; x_wconf 91' lang='lat' dir='ltr'><strong>ut</strong></span> <span class='ocrx_word' id='word_1_108' title='bbox 532 1404 605 1457; x_wconf 86' lang='lat' dir='ltr'><strong>sit</strong></span> <span class='ocrx_word' id='word_1_109' title='bbox 662 1402 901 1471; x_wconf 79' lang='lat' dir='ltr'><strong>perfecte</strong></span> <span class='ocrx_word' id='word_1_110' title='bbox 968 1411 1195 1473; x_wconf 77' lang='lat' dir='ltr'><strong>regnum</strong></span> <span class='ocrx_word' id='word_1_111' title='bbox 1250 1404 1625 1460; x_wconf 86' lang='lat' dir='ltr'><strong>universitatis</strong></span> <span class='ocrx_word' id='word_1_112' title='bbox 1692 1422 1895 1471; x_wconf 90' lang='lat' dir='ltr'><strong>rerum,</strong></span> <span class='ocrx_word' id='word_1_113' title='bbox 1958 1417 2008 1463; x_wconf 89' lang='lat' dir='ltr'><strong>et</strong></span> 
     </span>
    </p>
   </div>
   <div class='ocr_carea' id='block_1_17' title="bbox 440 1492 2009 1564">
    <p class='ocr_par' dir='ltr' id='par_1_17' title="bbox 440 1492 2009 1564">
     <span class='ocr_line' id='line_1_17' title="bbox 440 1492 2009 1564; baseline 0.005 -20"><span class='ocrx_word' id='word_1_114' title='bbox 440 1492 583 1546; x_wconf 88' lang='lat' dir='ltr'><strong>circa</strong></span> <span class='ocrx_word' id='word_1_115' title='bbox 610 1492 785 1560; x_wconf 89' lang='lat' dir='ltr'><strong>ipsqu</strong></span> <span class='ocrx_word' id='word_1_116' title='bbox 818 1493 929 1547; x_wconf 90' lang='lat' dir='ltr'><strong>sint</strong></span> <span class='ocrx_word' id='word_1_117' title='bbox 958 1494 1161 1555; x_wconf 90' lang='lat' dir='ltr'><strong>omnia,</strong></span> <span class='ocrx_word' id='word_1_118' title='bbox 1195 1510 1258 1547; x_wconf 83' lang='lat' dir='ltr'><strong>ex</strong></span> <span class='ocrx_word' id='word_1_119' title='bbox 1292 1495 1408 1563; x_wconf 89' lang='lat' dir='ltr'><strong>ipso</strong></span> <span class='ocrx_word' id='word_1_120' title='bbox 1441 1504 1696 1564; x_wconf 86' lang='lat' dir='ltr'><strong>tanquam</strong></span> <span class='ocrx_word' id='word_1_121' title='bbox 1724 1512 1788 1551; x_wconf 75' lang='lat' dir='ltr'><strong>ex</strong></span> <span class='ocrx_word' id='word_1_122' title='bbox 1822 1513 2009 1564; x_wconf 89' lang='lat' dir='ltr'><strong>causa,</strong></span> 
     </span>
    </p>
   </div>
   <div class='ocr_carea' id='block_1_18' title="bbox 438 1582 2009 1655">
    <p class='ocr_par' dir='ltr' id='par_1_18' title="bbox 438 1582 2009 1655">
     <span class='ocr_line' id='line_1_18' title="bbox 438 1582 2009 1655; baseline 0.005 -20"><span class='ocrx_word' id='word_1_123' title='bbox 438 1582 733 1651; x_wconf 86' lang='lat' dir='ltr'><strong>principio,</strong></span> <span class='ocrx_word' id='word_1_124' title='bbox 769 1592 823 1637; x_wconf 89' lang='lat' dir='ltr'><strong>et</strong></span> <span class='ocrx_word' id='word_1_125' title='bbox 850 1583 954 1637; x_wconf 82' lang='lat' dir='ltr'><strong>ﬁne</strong></span> <span class='ocrx_word' id='word_1_126' title='bbox 993 1594 1186 1637; x_wconf 87' lang='lat' dir='ltr'><strong>cuncta</strong></span> <span class='ocrx_word' id='word_1_127' title='bbox 1228 1586 1519 1652; x_wconf 84' lang='lat' dir='ltr'><strong>pendeant,</strong></span> <span class='ocrx_word' id='word_1_128' title='bbox 1550 1594 1606 1641; x_wconf 90' lang='lat' dir='ltr'><strong>et</strong></span> <span class='ocrx_word' id='word_1_129' title='bbox 1633 1586 1747 1654; x_wconf 88' lang='lat' dir='ltr'><strong>ipse</strong></span> <span class='ocrx_word' id='word_1_130' title='bbox 1805 1587 1898 1655; x_wconf 87' lang='lat' dir='ltr'><strong>sit,</strong></span> <span class='ocrx_word' id='word_1_131' title='bbox 1951 1598 2009 1643; x_wconf 95' lang='lat' dir='ltr'><strong>ut</strong></span> 
     </span>
    </p>
   </div>
   <div class='ocr_carea' id='block_1_19' title="bbox 2130 400 3643 467">
    <p class='ocr_par' dir='ltr' id='par_1_19' title="bbox 2130 400 3643 467">
     <span class='ocr_line' id='line_1_19' title="bbox 2130 400 3643 467; baseline -0.002 -8"><span class='ocrx_word' id='word_1_132' title='bbox 2130 405 2443 459; x_wconf 87' lang='lat' dir='ltr'><strong>nominibus</strong></span> <span class='ocrx_word' id='word_1_133' title='bbox 2474 404 2792 457; x_wconf 78' lang='lat' dir='ltr'><strong>invocamus</strong></span> <span class='ocrx_word' id='word_1_134' title='bbox 2822 419 2841 466; x_wconf 86' lang='lat'><strong>;</strong></span> <span class='ocrx_word' id='word_1_135' title='bbox 2872 400 3068 454; x_wconf 90' lang='lat' dir='ltr'><strong>deinde</strong></span> <span class='ocrx_word' id='word_1_136' title='bbox 3092 400 3300 467; x_wconf 80' lang='lat' dir='ltr'><strong>cognito</strong></span> <span class='ocrx_word' id='word_1_137' title='bbox 3342 416 3512 456; x_wconf 90' lang='lat' dir='ltr'><strong>rursus</strong></span> <span class='ocrx_word' id='word_1_138' title='bbox 3561 418 3643 457; x_wconf 89' lang='lat' dir='ltr'><strong>no-</strong></span> 
     </span>
    </p>
   </div>
   <div class='ocr_carea' id='block_1_20' title="bbox 2124 489 3644 560">
    <p class='ocr_par' dir='ltr' id='par_1_20' title="bbox 2124 489 3644 560">
     <span class='ocr_line' id='line_1_20' title="bbox 2124 489 3644 560; baseline -0.003 -9"><span class='ocrx_word' id='word_1_139' title='bbox 2124 506 2241 551; x_wconf 89' lang='lat' dir='ltr'><strong>stro</strong></span> <span class='ocrx_word' id='word_1_140' title='bbox 2284 511 2388 549; x_wconf 90' lang='lat' dir='ltr'><strong>usu</strong></span> <span class='ocrx_word' id='word_1_141' title='bbox 2419 493 2699 560; x_wconf 87' lang='lat' dir='ltr'><strong>multiplici</strong></span> <span class='ocrx_word' id='word_1_142' title='bbox 2744 501 2797 545; x_wconf 91' lang='lat' dir='ltr'><strong>et</strong></span> <span class='ocrx_word' id='word_1_143' title='bbox 2855 492 3011 545; x_wconf 87' lang='lat' dir='ltr'><strong>vario</strong></span> <span class='ocrx_word' id='word_1_144' title='bbox 3056 491 3355 543; x_wconf 86' lang='lat' dir='ltr'><strong>nominandi</strong></span> <span class='ocrx_word' id='word_1_145' title='bbox 3404 489 3568 555; x_wconf 87' lang='lat' dir='ltr'><strong>Deum,</strong></span> <span class='ocrx_word' id='word_1_146' title='bbox 3599 503 3644 547; x_wconf 76' lang='lat' dir='ltr'><strong>et</strong></span> 
     </span>
    </p>
   </div>
   <div class='ocr_carea' id='block_1_21' title="bbox 2126 579 3642 650">
    <p class='ocr_par' dir='ltr' id='par_1_21' title="bbox 2126 579 3642 650">
     <span class='ocr_line' id='line_1_21' title="bbox 2126 579 3642 650; baseline -0.004 -8"><span class='ocrx_word' id='word_1_147' title='bbox 2126 600 2383 643; x_wconf 87' lang='lat' dir='ltr'><strong>concessa</strong></span> <span class='ocrx_word' id='word_1_148' title='bbox 2412 583 2760 637; x_wconf 87' lang='lat' dir='ltr'><strong>multitudine</strong></span> <span class='ocrx_word' id='word_1_149' title='bbox 2798 581 3102 644; x_wconf 90' lang='lat' dir='ltr'><strong>nominum,</strong></span> <span class='ocrx_word' id='word_1_150' title='bbox 3130 579 3195 633; x_wconf 90' lang='lat' dir='ltr'><strong>ad</strong></span> <span class='ocrx_word' id='word_1_151' title='bbox 3251 590 3451 634; x_wconf 77' lang='lat' dir='ltr'><strong>sextum</strong></span> <span class='ocrx_word' id='word_1_152' title='bbox 3502 592 3642 650; x_wconf 88' lang='lat' dir='ltr'><strong>caput</strong></span> 
     </span>
    </p>
   </div>
   <div class='ocr_carea' id='block_1_22' title="bbox 2123 670 3644 735">
    <p class='ocr_par' dir='ltr' id='par_1_22' title="bbox 2123 670 3644 735">
     <span class='ocr_line' id='line_1_22' title="bbox 2123 670 3644 735; baseline -0.003 -5"><span class='ocrx_word' id='word_1_153' title='bbox 2123 676 2466 735; x_wconf 87' lang='lat' dir='ltr'><strong>deducimur,</strong></span> <span class='ocrx_word' id='word_1_154' title='bbox 2506 687 2699 726; x_wconf 84' lang='lat' dir='ltr'><strong>rursus</strong></span> <span class='ocrx_word' id='word_1_155' title='bbox 2754 670 3088 731; x_wconf 74' lang='lat' dir='ltr'><strong>dubitantes,</strong></span> <span class='ocrx_word' id='word_1_156' title='bbox 3142 682 3206 721; x_wconf 88' lang='lat' dir='ltr'><strong>an</strong></span> <span class='ocrx_word' id='word_1_157' title='bbox 3264 682 3326 721; x_wconf 77' lang='lat' dir='ltr'><strong>ex</strong></span> <span class='ocrx_word' id='word_1_158' title='bbox 3382 670 3644 725; x_wconf 66' lang='lat' dir='ltr'><strong>aeternitate</strong></span> 
     </span>
    </p>
   </div>
   <div class='ocr_carea' id='block_1_23' title="bbox 2121 760 3644 829">
    <p class='ocr_par' dir='ltr' id='par_1_23' title="bbox 2121 760 3644 829">
     <span class='ocr_line' id='line_1_23' title="bbox 2121 760 3644 829; baseline -0.004 -8"><span class='ocrx_word' id='word_1_159' title='bbox 2121 767 2345 821; x_wconf 86' lang='lat' dir='ltr'><strong>nomina</strong></span> <span class='ocrx_word' id='word_1_160' title='bbox 2375 766 2485 819; x_wconf 89' lang='lat' dir='ltr'><strong>Deo</strong></span> <span class='ocrx_word' id='word_1_161' title='bbox 2514 764 2828 817; x_wconf 89' lang='lat' dir='ltr'><strong>tribuantur</strong></span> <span class='ocrx_word' id='word_1_162' title='bbox 2855 777 2872 825; x_wconf 93' lang='lat'><strong>;</strong></span> <span class='ocrx_word' id='word_1_163' title='bbox 2909 769 3197 829; x_wconf 81' lang='lat' dir='ltr'><strong>postquam</strong></span> <span class='ocrx_word' id='word_1_164' title='bbox 3229 774 3351 814; x_wconf 89' lang='lat' dir='ltr'><strong>vero</strong></span> <span class='ocrx_word' id='word_1_165' title='bbox 3369 760 3644 816; x_wconf 79' lang='lat' dir='ltr'><strong>audivimus</strong></span> 
     </span>
    </p>
   </div>
   <div class='ocr_carea' id='block_1_24' title="bbox 2120 852 3648 927">
    <p class='ocr_par' dir='ltr' id='par_1_24' title="bbox 2120 852 3648 927">
     <span class='ocr_line' id='line_1_24' title="bbox 2120 852 3648 927; baseline -0.006 -15"><span class='ocrx_word' id='word_1_166' title='bbox 2120 870 2240 927; x_wconf 88' lang='lat' dir='ltr'><strong>post</strong></span> <span class='ocrx_word' id='word_1_167' title='bbox 2274 873 2359 912; x_wconf 93' lang='lat' dir='ltr'><strong>res</strong></span> <span class='ocrx_word' id='word_1_168' title='bbox 2386 856 2532 924; x_wconf 85' lang='lat' dir='ltr'><strong>ipsas</strong></span> <span class='ocrx_word' id='word_1_169' title='bbox 2568 855 2781 907; x_wconf 84' lang='lat' dir='ltr'><strong>inventa</strong></span> <span class='ocrx_word' id='word_1_170' title='bbox 2819 866 2942 905; x_wconf 85' lang='lat' dir='ltr'><strong>esse</strong></span> <span class='ocrx_word' id='word_1_171' title='bbox 2974 852 3220 913; x_wconf 85' lang='lat' dir='ltr'><strong>nomina,</strong></span> <span class='ocrx_word' id='word_1_172' title='bbox 3247 861 3299 905; x_wconf 91' lang='lat' dir='ltr'><strong>et</strong></span> <span class='ocrx_word' id='word_1_173' title='bbox 3328 861 3443 921; x_wconf 91' lang='lat' dir='ltr'><strong>post</strong></span> <span class='ocrx_word' id='word_1_174' title='bbox 3492 852 3648 905; x_wconf 79' lang='lat' dir='ltr'><strong>humi.</strong></span> 
     </span>
    </p>
   </div>
   <div class='ocr_carea' id='block_1_25' title="bbox 2114 944 3642 1016">
    <p class='ocr_par' dir='ltr' id='par_1_25' title="bbox 2114 944 3642 1016">
     <span class='ocr_line' id='line_1_25' title="bbox 2114 944 3642 1016; baseline -0.003 -12"><span class='ocrx_word' id='word_1_175' title='bbox 2114 965 2239 1005; x_wconf 89' lang='lat' dir='ltr'><strong>ncm</strong></span> <span class='ocrx_word' id='word_1_176' title='bbox 2274 949 2526 1016; x_wconf 86' lang='lat' dir='ltr'><strong>imposita</strong></span> <span class='ocrx_word' id='word_1_177' title='bbox 2557 945 2750 1008; x_wconf 78' lang='lat' dir='ltr'><strong>fuisse,</strong></span> <span class='ocrx_word' id='word_1_178' title='bbox 2785 945 2850 998; x_wconf 89' lang='lat' dir='ltr'><strong>ad</strong></span> <span class='ocrx_word' id='word_1_179' title='bbox 2881 944 3353 1012; x_wconf 87' lang='lat' dir='ltr'><strong>contemplandum</strong></span> <span class='ocrx_word' id='word_1_180' title='bbox 3383 960 3495 1013; x_wconf 69' lang='lat' dir='ltr'><strong>qua:</strong></span> <span class='ocrx_word' id='word_1_181' title='bbox 3529 956 3642 999; x_wconf 91' lang='lat' dir='ltr'><strong>sunt</strong></span> 
     </span>
    </p>
   </div>
   <div class='ocr_carea' id='block_1_26' title="bbox 2074 1030 3648 1112">
    <p class='ocr_par' dir='ltr' id='par_1_26' title="bbox 2074 1030 3648 1112">
     <span class='ocr_line' id='line_1_26' title="bbox 2074 1030 3648 1112; baseline -0.002 -14"><span class='ocrx_word' id='word_1_182' title='bbox 2074 1030 2084 1041; x_wconf 72' lang='grc'><em>’</em></span> <span class='ocrx_word' id='word_1_183' title='bbox 2119 1044 2338 1112; x_wconf 84' lang='lat' dir='ltr'><strong>septimi</strong></span> <span class='ocrx_word' id='word_1_184' title='bbox 2372 1042 2589 1111; x_wconf 88' lang='lat' dir='ltr'><strong>capitis,</strong></span> <span class='ocrx_word' id='word_1_185' title='bbox 2636 1040 3022 1104; x_wconf 85' lang='lat' dir='ltr'><strong>occurrimus;</strong></span> <span class='ocrx_word' id='word_1_186' title='bbox 3078 1038 3241 1108; x_wconf 75' lang='lat' dir='ltr'><strong>quod,</strong></span> <span class='ocrx_word' id='word_1_187' title='bbox 3288 1038 3489 1092; x_wconf 87' lang='lat' dir='ltr'><strong>scilicet</strong></span> <span class='ocrx_word' id='word_1_188' title='bbox 3526 1040 3648 1095; x_wconf 87' lang='lat' dir='ltr'><strong>sicut</strong></span> 
     </span>
    </p>
   </div>
   <div class='ocr_carea' id='block_1_27' title="bbox 2119 1126 3647 1195">
    <p class='ocr_par' dir='ltr' id='par_1_27' title="bbox 2119 1126 3647 1195">
     <span class='ocr_line' id='line_1_27' title="bbox 2119 1126 3647 1195; baseline -0.005 -9"><span class='ocrx_word' id='word_1_189' title='bbox 2119 1134 2381 1186; x_wconf 87' lang='lat' dir='ltr'><strong>varietate</strong></span> <span class='ocrx_word' id='word_1_190' title='bbox 2424 1131 2704 1184; x_wconf 87' lang='lat' dir='ltr'><strong>nominum</strong></span> <span class='ocrx_word' id='word_1_191' title='bbox 2735 1129 3048 1182; x_wconf 85' lang='lat' dir='ltr'><strong>varietatem</strong></span> <span class='ocrx_word' id='word_1_192' title='bbox 3080 1126 3442 1195; x_wconf 82' lang='lat' dir='ltr'><strong>Operationum</strong></span> <span class='ocrx_word' id='word_1_193' title='bbox 3473 1142 3647 1195; x_wconf 73' lang='lat' dir='ltr'><strong>repue-</strong></span> 
     </span>
    </p>
   </div>
   <div class='ocr_carea' id='block_1_28' title="bbox 2113 1216 3647 1279">
    <p class='ocr_par' dir='ltr' id='par_1_28' title="bbox 2113 1216 3647 1279">
     <span class='ocr_line' id='line_1_28' title="bbox 2113 1216 3647 1279; baseline -0.006 0"><span class='ocrx_word' id='word_1_194' title='bbox 2113 1231 2400 1279; x_wconf 85' lang='lat' dir='ltr'><strong>sentamus</strong></span> <span class='ocrx_word' id='word_1_195' title='bbox 2441 1238 2455 1274; x_wconf 87' lang='lat'><strong>:</strong></span> <span class='ocrx_word' id='word_1_196' title='bbox 2503 1220 2582 1275; x_wconf 89' lang='lat' dir='ltr'><strong>sic</strong></span> <span class='ocrx_word' id='word_1_197' title='bbox 2616 1218 2929 1272; x_wconf 88' lang='lat' dir='ltr'><strong>nominibus</strong></span> <span class='ocrx_word' id='word_1_198' title='bbox 2959 1218 3125 1270; x_wconf 89' lang='lat' dir='ltr'><strong>variis</strong></span> <span class='ocrx_word' id='word_1_199' title='bbox 3172 1218 3235 1271; x_wconf 90' lang='lat' dir='ltr'><strong>ad</strong></span> <span class='ocrx_word' id='word_1_200' title='bbox 3275 1216 3433 1270; x_wconf 90' lang='lat' dir='ltr'><strong>Deum</strong></span> <span class='ocrx_word' id='word_1_201' title='bbox 3486 1218 3647 1271; x_wconf 78' lang='lat' dir='ltr'><strong>relatis</strong></span> 
     </span>
    </p>
   </div>
   <div class='ocr_carea' id='block_1_29' title="bbox 2112 1311 3648 1384">
    <p class='ocr_par' dir='ltr' id='par_1_29' title="bbox 2112 1311 3648 1384">
     <span class='ocr_line' id='line_1_29' title="bbox 2112 1311 3648 1384; baseline -0.005 -15"><span class='ocrx_word' id='word_1_202' title='bbox 2112 1331 2217 1369; x_wconf 89' lang='lat' dir='ltr'><strong>nun</strong></span> <span class='ocrx_word' id='word_1_203' title='bbox 2251 1330 2544 1384; x_wconf 89' lang='lat' dir='ltr'><strong>possumus</strong></span> <span class='ocrx_word' id='word_1_204' title='bbox 2574 1314 2890 1367; x_wconf 74' lang='lat' dir='ltr'><strong>varietatem</strong></span> <span class='ocrx_word' id='word_1_205' title='bbox 2922 1327 3104 1365; x_wconf 85' lang='lat' dir='ltr'><strong>rerum</strong></span> <span class='ocrx_word' id='word_1_206' title='bbox 3179 1311 3529 1380; x_wconf 85' lang='lat' dir='ltr'><strong>subjectarum</strong></span> <span class='ocrx_word' id='word_1_207' title='bbox 3578 1311 3648 1362; x_wconf 89' lang='lat' dir='ltr'><strong>in-</strong></span> 
     </span>
    </p>
   </div>
   <div class='ocr_carea' id='block_1_30' title="bbox 2111 1402 3648 1477">
    <p class='ocr_par' dir='ltr' id='par_1_30' title="bbox 2111 1402 3648 1477">
     <span class='ocr_line' id='line_1_30' title="bbox 2111 1402 3648 1477; baseline -0.006 -17"><span class='ocrx_word' id='word_1_208' title='bbox 2111 1408 2385 1477; x_wconf 77' lang='lat' dir='ltr'><strong>telligere;</strong></span> <span class='ocrx_word' id='word_1_209' title='bbox 2420 1417 2642 1461; x_wconf 87' lang='lat' dir='ltr'><strong>ostenso</strong></span> <span class='ocrx_word' id='word_1_210' title='bbox 2671 1414 2852 1459; x_wconf 86' lang='lat' dir='ltr'><strong>autem</strong></span> <span class='ocrx_word' id='word_1_211' title='bbox 2910 1405 3079 1457; x_wconf 90' lang='lat' dir='ltr'><strong>multa</strong></span> <span class='ocrx_word' id='word_1_212' title='bbox 3110 1402 3217 1457; x_wconf 87' lang='lat' dir='ltr'><strong>dici</strong></span> <span class='ocrx_word' id='word_1_213' title='bbox 3274 1404 3339 1457; x_wconf 89' lang='lat' dir='ltr'><strong>de</strong></span> <span class='ocrx_word' id='word_1_214' title='bbox 3394 1417 3496 1455; x_wconf 89' lang='lat' dir='ltr'><strong>uno</strong></span> <span class='ocrx_word' id='word_1_215' title='bbox 3538 1402 3648 1455; x_wconf 83' lang='lat' dir='ltr'><strong>sub-</strong></span> 
     </span>
    </p>
   </div>
   <div class='ocr_carea' id='block_1_31' title="bbox 2104 1490 3646 1568">
    <p class='ocr_par' dir='ltr' id='par_1_31' title="bbox 2104 1490 3646 1568">
     <span class='ocr_line' id='line_1_31' title="bbox 2104 1490 3646 1568; baseline -0.005 -15"><span class='ocrx_word' id='word_1_216' title='bbox 2104 1498 2278 1568; x_wconf 83' lang='lat' dir='ltr'><strong>jecto,</strong></span> <span class='ocrx_word' id='word_1_217' title='bbox 2310 1496 2619 1551; x_wconf 86' lang='lat' dir='ltr'><strong>necessario</strong></span> <span class='ocrx_word' id='word_1_218' title='bbox 2663 1490 2995 1563; x_wconf 86' lang='lat' dir='ltr'><strong>sequebatur</strong></span> <span class='ocrx_word' id='word_1_219' title='bbox 3048 1503 3299 1548; x_wconf 82' lang='lat' dir='ltr'><strong>octavum</strong></span> <span class='ocrx_word' id='word_1_220' title='bbox 3352 1501 3521 1561; x_wconf 74' lang='lat' dir='ltr'><strong>caput,</strong></span> <span class='ocrx_word' id='word_1_221' title='bbox 3553 1507 3646 1546; x_wconf 87' lang='lat' dir='ltr'><strong>nou</strong></span> 
     </span>
    </p>
   </div>
   <div class='ocr_carea' id='block_1_32' title="bbox 2111 1582 3644 1654">
    <p class='ocr_par' dir='ltr' id='par_1_32' title="bbox 2111 1582 3644 1654">
     <span class='ocr_line' id='line_1_32' title="bbox 2111 1582 3644 1654; baseline -0.006 -12"><span class='ocrx_word' id='word_1_222' title='bbox 2111 1602 2233 1643; x_wconf 89' lang='lat' dir='ltr'><strong>esse</strong></span> <span class='ocrx_word' id='word_1_223' title='bbox 2268 1587 2479 1642; x_wconf 88' lang='lat' dir='ltr'><strong>scilicet</strong></span> <span class='ocrx_word' id='word_1_224' title='bbox 2511 1587 2661 1641; x_wconf 90' lang='lat' dir='ltr'><strong>aliud</strong></span> <span class='ocrx_word' id='word_1_225' title='bbox 2692 1586 3001 1654; x_wconf 86' lang='lat' dir='ltr'><strong>subjectum</strong></span> <span class='ocrx_word' id='word_1_226' title='bbox 3034 1584 3088 1637; x_wconf 92' lang='lat' dir='ltr'><strong>in</strong></span> <span class='ocrx_word' id='word_1_227' title='bbox 3141 1582 3271 1646; x_wconf 87' lang='lat' dir='ltr'><strong>Deo,</strong></span> <span class='ocrx_word' id='word_1_228' title='bbox 3299 1583 3397 1637; x_wconf 90' lang='lat' dir='ltr'><strong>nisi</strong></span> <span class='ocrx_word' id='word_1_229' title='bbox 3433 1582 3644 1635; x_wconf 86' lang='lat' dir='ltr'><strong>divinam</strong></span> 
     </span>
    </p>
   </div>
   <div class='ocr_carea' id='block_1_33' title="bbox 438 1653 3650 1747">
    <p class='ocr_par' dir='ltr' id='par_1_33' title="bbox 438 1653 3650 1747">
     <span class='ocr_line' id='line_1_33' title="bbox 438 1653 3650 1747; baseline -0 -21"><span class='ocrx_word' id='word_1_230' title='bbox 438 1674 514 1726; x_wconf 84' lang='lat' dir='ltr'><strong>ait</strong></span> <span class='ocrx_word' id='word_1_231' title='bbox 546 1672 827 1738; x_wconf 81' lang='lat' dir='ltr'><strong>Scriptura</strong></span> <span class='ocrx_word' id='word_1_232' title='bbox 857 1674 923 1736; x_wconf 82' lang='grc'><strong>³⁸.</strong></span> <span class='ocrx_word' id='word_1_233' title='bbox 952 1675 1131 1728; x_wconf 88' lang='lat' dir='ltr'><strong>omnia</strong></span> <span class='ocrx_word' id='word_1_234' title='bbox 1164 1674 1216 1727; x_wconf 91' lang='lat' dir='ltr'><strong>in</strong></span> <span class='ocrx_word' id='word_1_235' title='bbox 1250 1676 1522 1729; x_wconf 89' lang='lat' dir='ltr'><strong>omnibus.</strong></span> <span class='ocrx_word' id='word_1_236' title='bbox 1558 1676 1635 1729; x_wconf 76' lang='lat' dir='ltr'><strong>Ex</strong></span> <span class='ocrx_word' id='word_1_237' title='bbox 1659 1653 1662 1654; x_wconf 12' lang='grc' dir='ltr'><em>ν</em></span> <span class='ocrx_word' id='word_1_238' title='bbox 1690 1677 1776 1733; x_wconf 89' lang='lat' dir='ltr'><strong>his</strong></span> <span class='ocrx_word' id='word_1_239' title='bbox 1836 1653 2004 1747; x_wconf 82' lang='lat' dir='ltr'><strong>igitur</strong></span> <span class='ocrx_word' id='word_1_240' title='bbox 2033 1653 2083 1714; x_wconf 80' lang='grc' dir='ltr'><strong>Β</strong></span> <span class='ocrx_word' id='word_1_241' title='bbox 2108 1688 2162 1734; x_wconf 91' lang='lat' dir='ltr'><strong>et</strong></span> <span class='ocrx_word' id='word_1_242' title='bbox 2198 1680 2407 1733; x_wconf 84' lang='lat' dir='ltr'><strong>beatam</strong></span> <span class='ocrx_word' id='word_1_243' title='bbox 2432 1653 2804 1732; x_wconf 87' lang='lat' dir='ltr'><strong>substantiam</strong></span> <span class='ocrx_word' id='word_1_244' title='bbox 2821 1676 2941 1744; x_wconf 87' lang='lat' dir='ltr'><strong>ejus</strong></span> <span class='ocrx_word' id='word_1_245' title='bbox 2967 1717 2984 1740; x_wconf 94' lang='lat'><strong>,</strong></span> <span class='ocrx_word' id='word_1_246' title='bbox 3016 1690 3178 1741; x_wconf 89' lang='lat' dir='ltr'><strong>quam</strong></span> <span class='ocrx_word' id='word_1_247' title='bbox 3214 1688 3357 1728; x_wconf 93' lang='lat' dir='ltr'><strong>nono</strong></span> <span class='ocrx_word' id='word_1_248' title='bbox 3377 1673 3492 1726; x_wconf 92' lang='lat' dir='ltr'><strong>loco</strong></span> <span class='ocrx_word' id='word_1_249' title='bbox 3542 1688 3650 1741; x_wconf 85' lang='lat' dir='ltr'><strong>pro-</strong></span> 
     </span>
    </p>
   </div>
   <div class='ocr_carea' id='block_1_34' title="bbox 436 1761 2008 1849">
    <p class='ocr_par' dir='ltr' id='par_1_34' title="bbox 436 1761 2008 1849">
     <span class='ocr_line' id='line_1_34' title="bbox 436 1761 2008 1849; baseline 0.004 -34"><span class='ocrx_word' id='word_1_250' title='bbox 436 1761 778 1816; x_wconf 71' lang='lat' dir='ltr'><strong>manil‘estutn</strong></span> <span class='ocrx_word' id='word_1_251' title='bbox 806 1763 883 1826; x_wconf 82' lang='lat' dir='ltr'><strong>ﬁt,</strong></span> <span class='ocrx_word' id='word_1_252' title='bbox 914 1778 1037 1819; x_wconf 82' lang='lat' dir='ltr'><strong>esse</strong></span> <span class='ocrx_word' id='word_1_253' title='bbox 1071 1765 1247 1830; x_wconf 87' lang='lat' dir='ltr'><strong>ipsum</strong></span> <span class='ocrx_word' id='word_1_254' title='bbox 1278 1780 1441 1817; x_wconf 89' lang='lat' dir='ltr'><strong>ttnum</strong></span> <span class='ocrx_word' id='word_1_255' title='bbox 1480 1764 1645 1819; x_wconf 90' lang='lat' dir='ltr'><strong>Deum</strong></span> <span class='ocrx_word' id='word_1_256' title='bbox 1669 1775 1781 1819; x_wconf 90' lang='lat' dir='ltr'><strong>tum</strong></span> <span class='ocrx_word' id='word_1_257' title='bbox 1806 1768 2008 1849; x_wconf 66' lang='lat' dir='ltr'><strong>nullius</strong></span> 
     </span>
    </p>
   </div>
   <div class='ocr_carea' id='block_1_35' title="bbox 434 1852 2007 1925">
    <p class='ocr_par' dir='ltr' id='par_1_35' title="bbox 434 1852 2007 1925">
     <span class='ocr_line' id='line_1_35' title="bbox 434 1852 2007 1925; baseline 0.004 -20"><span class='ocrx_word' id='word_1_258' title='bbox 434 1852 693 1916; x_wconf 84' lang='lat' dir='ltr'><strong>nominis,</strong></span> <span class='ocrx_word' id='word_1_259' title='bbox 750 1863 863 1907; x_wconf 94' lang='lat' dir='ltr'><strong>tum</strong></span> <span class='ocrx_word' id='word_1_260' title='bbox 912 1854 1243 1920; x_wconf 88' lang='lat' dir='ltr'><strong>multorum;</strong></span> <span class='ocrx_word' id='word_1_261' title='bbox 1301 1855 1505 1910; x_wconf 89' lang='lat' dir='ltr'><strong>nullius</strong></span> <span class='ocrx_word' id='word_1_262' title='bbox 1537 1856 1784 1925; x_wconf 86' lang='lat' dir='ltr'><strong>quidem.</strong></span> <span class='ocrx_word' id='word_1_263' title='bbox 1830 1859 2007 1924; x_wconf 88' lang='lat' dir='ltr'><strong>quoad</strong></span> 
     </span>
    </p>
   </div>
   <div class='ocr_carea' id='block_1_36' title="bbox 432 1941 2001 2017">
    <p class='ocr_par' dir='ltr' id='par_1_36' title="bbox 432 1941 2001 2017">
     <span class='ocr_line' id='line_1_36' title="bbox 432 1941 2001 2017; baseline 0.008 -26"><span class='ocrx_word' id='word_1_264' title='bbox 432 1941 562 2010; x_wconf 88' lang='lat' dir='ltr'><strong>quid</strong></span> <span class='ocrx_word' id='word_1_265' title='bbox 588 1954 700 2006; x_wconf 80' lang='lat' dir='ltr'><strong>est,</strong></span> <span class='ocrx_word' id='word_1_266' title='bbox 736 1944 1035 1997; x_wconf 90' lang='lat' dir='ltr'><strong>multorum</strong></span> <span class='ocrx_word' id='word_1_267' title='bbox 1060 1954 1495 2014; x_wconf 89' lang='lat' dir='ltr'><strong>vero,quatenus</strong></span> <span class='ocrx_word' id='word_1_268' title='bbox 1526 1962 1593 1999; x_wconf 77' lang='lat' dir='ltr'><strong>ex</strong></span> <span class='ocrx_word' id='word_1_269' title='bbox 1617 1947 1682 2001; x_wconf 88' lang='lat' dir='ltr'><strong>iis</strong></span> <span class='ocrx_word' id='word_1_270' title='bbox 1708 1963 1827 2017; x_wconf 77' lang='lat' dir='ltr'><strong>quae</strong></span> <span class='ocrx_word' id='word_1_271' title='bbox 1853 1948 2001 2013; x_wconf 83' lang='lat' dir='ltr'><strong>fecit,</strong></span> 
     </span>
    </p>
   </div>
   <div class='ocr_carea' id='block_1_37' title="bbox 431 2033 2001 2104">
    <p class='ocr_par' dir='ltr' id='par_1_37' title="bbox 431 2033 2001 2104">
     <span class='ocr_line' id='line_1_37' title="bbox 431 2033 2001 2104; baseline 0.006 -20"><span class='ocrx_word' id='word_1_272' title='bbox 431 2033 693 2101; x_wconf 85' lang='lat' dir='ltr'><strong>probatur</strong></span> <span class='ocrx_word' id='word_1_273' title='bbox 731 2048 889 2097; x_wconf 85' lang='lat' dir='ltr'><strong>esse;</strong></span> <span class='ocrx_word' id='word_1_274' title='bbox 917 2049 1022 2087; x_wconf 89' lang='lat' dir='ltr'><strong>non</strong></span> <span class='ocrx_word' id='word_1_275' title='bbox 1055 2034 1331 2103; x_wconf 86' lang='lat' dir='ltr'><strong>discrepat</strong></span> <span class='ocrx_word' id='word_1_276' title='bbox 1366 2036 1510 2104; x_wconf 88' lang='lat' dir='ltr'><strong>quod</strong></span> <span class='ocrx_word' id='word_1_277' title='bbox 1540 2050 1602 2089; x_wconf 81' lang='lat' dir='ltr'><strong>ex</strong></span> <span class='ocrx_word' id='word_1_278' title='bbox 1644 2036 2001 2093; x_wconf 79' lang='lat' dir='ltr'><strong>demonstra-</strong></span> 
     </span>
    </p>
   </div>
   <div class='ocr_carea' id='block_1_38' title="bbox 429 2125 2004 2197">
    <p class='ocr_par' dir='ltr' id='par_1_38' title="bbox 429 2125 2004 2197">
     <span class='ocr_line' id='line_1_38' title="bbox 429 2125 2004 2197; baseline 0.008 -22"><span class='ocrx_word' id='word_1_279' title='bbox 429 2125 500 2178; x_wconf 85' lang='lat' dir='ltr'><strong>tis</strong></span> <span class='ocrx_word' id='word_1_280' title='bbox 531 2125 778 2193; x_wconf 88' lang='lat' dir='ltr'><strong>sequitur</strong></span> <span class='ocrx_word' id='word_1_281' title='bbox 827 2141 842 2179; x_wconf 93' lang='lat'><strong>:</strong></span> <span class='ocrx_word' id='word_1_282' title='bbox 873 2140 1062 2180; x_wconf 89' lang='lat' dir='ltr'><strong>verum</strong></span> <span class='ocrx_word' id='word_1_283' title='bbox 1088 2127 1233 2181; x_wconf 90' lang='lat' dir='ltr'><strong>enim</strong></span> <span class='ocrx_word' id='word_1_284' title='bbox 1262 2137 1346 2182; x_wconf 90' lang='lat' dir='ltr'><strong>est</strong></span> <span class='ocrx_word' id='word_1_285' title='bbox 1376 2128 1521 2197; x_wconf 90' lang='lat' dir='ltr'><strong>quod</strong></span> <span class='ocrx_word' id='word_1_286' title='bbox 1572 2129 1805 2185; x_wconf 83' lang='lat' dir='ltr'><strong>humana</strong></span> <span class='ocrx_word' id='word_1_287' title='bbox 1852 2149 2004 2188; x_wconf 91' lang='lat' dir='ltr'><strong>mens</strong></span> 
     </span>
    </p>
   </div>
   <div class='ocr_carea' id='block_1_39' title="bbox 428 2214 2002 2281">
    <p class='ocr_par' dir='ltr' id='par_1_39' title="bbox 428 2214 2002 2281">
     <span class='ocr_line' id='line_1_39' title="bbox 428 2214 2002 2281; baseline 0.008 -14"><span class='ocrx_word' id='word_1_288' title='bbox 428 2214 652 2267; x_wconf 90' lang='lat' dir='ltr'><strong>nomina</strong></span> <span class='ocrx_word' id='word_1_289' title='bbox 682 2214 773 2268; x_wconf 83' lang='lat' dir='ltr'><strong>Dei</strong></span> <span class='ocrx_word' id='word_1_290' title='bbox 834 2218 1138 2281; x_wconf 72' lang='lat' dir='ltr'><strong>adinvenit,</strong></span> <span class='ocrx_word' id='word_1_291' title='bbox 1186 2230 1341 2273; x_wconf 89' lang='lat' dir='ltr'><strong>utens</strong></span> <span class='ocrx_word' id='word_1_292' title='bbox 1388 2221 1505 2274; x_wconf 84' lang='lat' dir='ltr'><strong>vice</strong></span> <span class='ocrx_word' id='word_1_293' title='bbox 1552 2224 1791 2275; x_wconf 70' lang='lat' dir='ltr'><strong>materia:</strong></span> <span class='ocrx_word' id='word_1_294' title='bbox 1839 2225 2002 2280; x_wconf 89' lang='lat' dir='ltr'><strong>rebus</strong></span> 
     </span>
    </p>
   </div>
   <div class='ocr_carea' id='block_1_40' title="bbox 427 2303 1995 2381">
    <p class='ocr_par' dir='ltr' id='par_1_40' title="bbox 427 2303 1995 2381">
     <span class='ocr_line' id='line_1_40' title="bbox 427 2303 1995 2381; baseline 0.008 -26"><span class='ocrx_word' id='word_1_295' title='bbox 427 2303 752 2375; x_wconf 86' lang='lat' dir='ltr'><strong>miris,quas</strong></span> <span class='ocrx_word' id='word_1_296' title='bbox 783 2307 837 2361; x_wconf 93' lang='lat' dir='ltr'><strong>in</strong></span> <span class='ocrx_word' id='word_1_297' title='bbox 865 2308 1121 2362; x_wconf 83' lang='lat' dir='ltr'><strong>universo</strong></span> <span class='ocrx_word' id='word_1_298' title='bbox 1143 2312 1451 2378; x_wconf 85' lang='lat' dir='ltr'><strong>speculatur</strong></span> <span class='ocrx_word' id='word_1_299' title='bbox 1479 2321 1533 2365; x_wconf 93' lang='lat' dir='ltr'><strong>et</strong></span> <span class='ocrx_word' id='word_1_300' title='bbox 1551 2314 1947 2381; x_wconf 84' lang='lat' dir='ltr'><strong>contemplatur</strong></span> <span class='ocrx_word' id='word_1_301' title='bbox 1972 2322 1995 2381; x_wconf 67' lang='lat'><strong>&#39;;</strong></span> 
     </span>
    </p>
   </div>
   <div class='ocr_carea' id='block_1_41' title="bbox 398 2394 1999 2470">
    <p class='ocr_par' dir='ltr' id='par_1_41' title="bbox 398 2394 1999 2470">
     <span class='ocr_line' id='line_1_41' title="bbox 398 2394 1999 2470; baseline 0.007 -24"><span class='ocrx_word' id='word_1_302' title='bbox 398 2402 481 2447; x_wconf 70' lang='grc' dir='ltr'><strong>σοι</strong></span> <span class='ocrx_word' id='word_1_303' title='bbox 509 2394 808 2451; x_wconf 75' lang='lat' dir='ltr'><strong>idcirco~ad</strong></span> <span class='ocrx_word' id='word_1_304' title='bbox 845 2412 1010 2451; x_wconf 90' lang='lat' dir='ltr'><strong>unam</strong></span> <span class='ocrx_word' id='word_1_305' title='bbox 1048 2414 1160 2453; x_wconf 90' lang='lat' dir='ltr'><strong>rem</strong></span> <span class='ocrx_word' id='word_1_306' title='bbox 1193 2400 1515 2469; x_wconf 75' lang='lat' dir='ltr'><strong>subjectum,</strong></span> <span class='ocrx_word' id='word_1_307' title='bbox 1566 2403 1631 2455; x_wconf 89' lang='lat' dir='ltr'><strong>ad</strong></span> <span class='ocrx_word' id='word_1_308' title='bbox 1674 2402 1852 2470; x_wconf 88' lang='lat' dir='ltr'><strong>ipsum</strong></span> <span class='ocrx_word' id='word_1_309' title='bbox 1894 2407 1999 2460; x_wconf 81' lang='lat' dir='ltr'><strong>sci-</strong></span> 
     </span>
    </p>
   </div>
   <div class='ocr_carea' id='block_1_42' title="bbox 424 2484 1996 2562">
    <p class='ocr_par' dir='ltr' id='par_1_42' title="bbox 424 2484 1996 2562">
     <span class='ocr_line' id='line_1_42' title="bbox 424 2484 1996 2562; baseline 0.008 -23"><span class='ocrx_word' id='word_1_310' title='bbox 424 2484 553 2541; x_wconf 86' lang='lat' dir='ltr'><strong>licet</strong></span> <span class='ocrx_word' id='word_1_311' title='bbox 578 2487 745 2541; x_wconf 90' lang='lat' dir='ltr'><strong>Deum</strong></span> <span class='ocrx_word' id='word_1_312' title='bbox 774 2502 832 2542; x_wconf 89' lang='lat' dir='ltr'><strong>se</strong></span> <span class='ocrx_word' id='word_1_313' title='bbox 858 2488 971 2557; x_wconf 89' lang='lat' dir='ltr'><strong>ipsa</strong></span> <span class='ocrx_word' id='word_1_314' title='bbox 1003 2488 1300 2555; x_wconf 87' lang='lat' dir='ltr'><strong>deducens,</strong></span> <span class='ocrx_word' id='word_1_315' title='bbox 1331 2492 1394 2544; x_wconf 87' lang='lat' dir='ltr'><strong>ad</strong></span> <span class='ocrx_word' id='word_1_316' title='bbox 1422 2488 1996 2562; x_wconf 70' lang='lat' dir='ltr'><strong>informationetn&#39;ejus</strong></span> 
     </span>
    </p>
   </div>
   <div class='ocr_carea' id='block_1_43' title="bbox 423 2578 1995 2651">
    <p class='ocr_par' dir='ltr' id='par_1_43' title="bbox 423 2578 1995 2651">
     <span class='ocr_line' id='line_1_43' title="bbox 423 2578 1995 2651; baseline 0.006 -22"><span class='ocrx_word' id='word_1_317' title='bbox 423 2578 502 2629; x_wconf 84' lang='lat' dir='ltr'><strong>rei</strong></span> <span class='ocrx_word' id='word_1_318' title='bbox 540 2592 701 2645; x_wconf 90' lang='lat' dir='ltr'><strong>quam</strong></span> <span class='ocrx_word' id='word_1_319' title='bbox 739 2580 958 2645; x_wconf 59' lang='lat' dir='ltr'><strong>quaerit,</strong></span> <span class='ocrx_word' id='word_1_320' title='bbox 996 2591 1309 2634; x_wconf 71' lang='lat' dir='ltr'><strong>revocatur.</strong></span> <span class='ocrx_word' id='word_1_321' title='bbox 1333 2580 1401 2640; x_wconf 89' lang='lat' dir='ltr'><strong>Ut</strong></span> <span class='ocrx_word' id='word_1_322' title='bbox 1434 2584 1723 2651; x_wconf 79' lang='lat' dir='ltr'><strong>igiturhaec</strong></span> <span class='ocrx_word' id='word_1_323' title='bbox 1754 2600 1995 2639; x_wconf 88' lang='lat' dir='ltr'><strong>summa-</strong></span> 
     </span>
    </p>
   </div>
   <div class='ocr_carea' id='block_1_44' title="bbox 424 2670 1993 2741">
    <p class='ocr_par' dir='ltr' id='par_1_44' title="bbox 424 2670 1993 2741">
     <span class='ocr_line' id='line_1_44' title="bbox 424 2670 1993 2741; baseline 0.006 -21"><span class='ocrx_word' id='word_1_324' title='bbox 424 2670 520 2720; x_wconf 86' lang='lat' dir='ltr'><strong>tim</strong></span> <span class='ocrx_word' id='word_1_325' title='bbox 557 2676 891 2735; x_wconf 63' lang='lat' dir='ltr'><strong>repctatnus)</strong></span> <span class='ocrx_word' id='word_1_326' title='bbox 927 2679 981 2721; x_wconf 91' lang='lat' dir='ltr'><strong>et</strong></span> <span class='ocrx_word' id='word_1_327' title='bbox 1048 2670 1352 2724; x_wconf 79' lang='lat' dir='ltr'><strong>secundum</strong></span> <span class='ocrx_word' id='word_1_328' title='bbox 1380 2674 1774 2741; x_wconf 77' lang='lat' dir='ltr'><strong>expositionem</strong></span> <span class='ocrx_word' id='word_1_329' title='bbox 1828 2686 1993 2729; x_wconf 84' lang='lat' dir='ltr'><strong>mate-</strong></span> 
     </span>
    </p>
   </div>
   <div class='ocr_carea' id='block_1_45' title="bbox 421 2758 1989 2830">
    <p class='ocr_par' dir='ltr' id='par_1_45' title="bbox 421 2758 1989 2830">
     <span class='ocr_line' id='line_1_45' title="bbox 421 2758 1989 2830; baseline 0.005 -20"><span class='ocrx_word' id='word_1_330' title='bbox 421 2758 623 2811; x_wconf 89' lang='lat' dir='ltr'><strong>riarum</strong></span> <span class='ocrx_word' id='word_1_331' title='bbox 655 2766 1035 2821; x_wconf 87' lang='lat' dir='ltr'><strong>retractemus,</strong></span> <span class='ocrx_word' id='word_1_332' title='bbox 1096 2761 1328 2827; x_wconf 86' lang='lat' dir='ltr'><strong>primum</strong></span> <span class='ocrx_word' id='word_1_333' title='bbox 1392 2763 1822 2819; x_wconf 89' lang='lat' dir='ltr'><strong>demonstratum</strong></span> <span class='ocrx_word' id='word_1_334' title='bbox 1884 2775 1989 2830; x_wconf 90' lang='lat' dir='ltr'><strong>est,</strong></span> 
     </span>
    </p>
   </div>
   <div class='ocr_carea' id='block_1_46' title="bbox 420 2847 1990 2925">
    <p class='ocr_par' dir='ltr' id='par_1_46' title="bbox 420 2847 1990 2925">
     <span class='ocr_line' id='line_1_46' title="bbox 420 2847 1990 2925; baseline 0.004 -23"><span class='ocrx_word' id='word_1_335' title='bbox 420 2847 876 2916; x_wconf 78' lang='lat' dir='ltr'><strong>quemadmodum</strong></span> <span class='ocrx_word' id='word_1_336' title='bbox 908 2864 1063 2903; x_wconf 88' lang='lat' dir='ltr'><strong>mens</strong></span> <span class='ocrx_word' id='word_1_337' title='bbox 1098 2851 1333 2905; x_wconf 84' lang='lat' dir='ltr'><strong>hominis</strong></span> <span class='ocrx_word' id='word_1_338' title='bbox 1361 2852 1579 2908; x_wconf 88' lang='lat' dir='ltr'><strong>nomina</strong></span> <span class='ocrx_word' id='word_1_339' title='bbox 1623 2854 1715 2908; x_wconf 90' lang='lat' dir='ltr'><strong>Dei</strong></span> <span class='ocrx_word' id='word_1_340' title='bbox 1769 2857 1990 2925; x_wconf 74' lang='lat' dir='ltr'><strong>excogi-</strong></span> 
     </span>
    </p>
   </div>
   <div class='ocr_carea' id='block_1_47' title="bbox 422 2936 1985 3001">
    <p class='ocr_par' dir='ltr' id='par_1_47' title="bbox 422 2936 1985 3001">
     <span class='ocr_line' id='line_1_47' title="bbox 422 2936 1985 3001; baseline 0.006 -11"><span class='ocrx_word' id='word_1_341' title='bbox 422 2937 556 2995; x_wconf 85' lang='lat' dir='ltr'><strong>tavit</strong></span> <span class='ocrx_word' id='word_1_342' title='bbox 582 2952 600 2988; x_wconf 89' lang='lat'><strong><em>:</em></strong></span> <span class='ocrx_word' id='word_1_343' title='bbox 627 2945 681 2990; x_wconf 86' lang='lat' dir='ltr'><strong>et</strong></span> <span class='ocrx_word' id='word_1_344' title='bbox 708 2936 779 2990; x_wconf 84' lang='lat' dir='ltr'><strong>ob</strong></span> <span class='ocrx_word' id='word_1_345' title='bbox 811 2938 948 2990; x_wconf 91' lang='lat' dir='ltr'><strong>hanc</strong></span> <span class='ocrx_word' id='word_1_346' title='bbox 981 2953 1202 2994; x_wconf 83' lang='lat' dir='ltr'><strong>causam</strong></span> <span class='ocrx_word' id='word_1_347' title='bbox 1259 2941 1371 2995; x_wconf 69' lang='lat' dir='ltr'><strong>haec</strong></span> <span class='ocrx_word' id='word_1_348' title='bbox 1419 2944 1485 2997; x_wconf 88' lang='lat' dir='ltr'><strong>dc</strong></span> <span class='ocrx_word' id='word_1_349' title='bbox 1538 2946 1851 3000; x_wconf 89' lang='lat' dir='ltr'><strong>nominibus</strong></span> <span class='ocrx_word' id='word_1_350' title='bbox 1894 2948 1985 3001; x_wconf 86' lang='lat' dir='ltr'><strong>Dei</strong></span> 
     </span>
    </p>
   </div>
   <div class='ocr_carea' id='block_1_48' title="bbox 422 3027 1986 3105">
    <p class='ocr_par' dir='ltr' id='par_1_48' title="bbox 422 3027 1986 3105">
     <span class='ocr_line' id='line_1_48' title="bbox 422 3027 1986 3105; baseline 0.008 -26"><span class='ocrx_word' id='word_1_351' title='bbox 422 3028 674 3079; x_wconf 88' lang='lat' dir='ltr'><strong>tractatio</strong></span> <span class='ocrx_word' id='word_1_352' title='bbox 698 3027 867 3095; x_wconf 76' lang='grc' dir='ltr'><strong>νοητῆ</strong></span> <span class='ocrx_word' id='word_1_353' title='bbox 897 3038 1145 3093; x_wconf 84' lang='lat' dir='ltr'><strong>vocatur,</strong></span> <span class='ocrx_word' id='word_1_354' title='bbox 1196 3029 1245 3082; x_wconf 93' lang='lat' dir='ltr'><strong>id</strong></span> <span class='ocrx_word' id='word_1_355' title='bbox 1298 3041 1399 3097; x_wconf 91' lang='lat' dir='ltr'><strong>est,</strong></span> <span class='ocrx_word' id='word_1_356' title='bbox 1454 3034 1520 3086; x_wconf 90' lang='lat' dir='ltr'><strong>ad</strong></span> <span class='ocrx_word' id='word_1_357' title='bbox 1578 3035 1986 3105; x_wconf 78' lang='lat' dir='ltr'><strong>intelligentiam</strong></span> 
     </span>
    </p>
   </div>
   <div class='ocr_carea' id='block_1_49' title="bbox 420 3115 1987 3185">
    <p class='ocr_par' dir='ltr' id='par_1_49' title="bbox 420 3115 1987 3185">
     <span class='ocr_line' id='line_1_49' title="bbox 420 3115 1987 3185; baseline 0.01 -18"><span class='ocrx_word' id='word_1_358' title='bbox 420 3115 740 3185; x_wconf 79' lang='lat' dir='ltr'><strong>pertinens;</strong></span> <span class='ocrx_word' id='word_1_359' title='bbox 790 3119 1050 3183; x_wconf 81' lang='lat' dir='ltr'><strong>secundo,</strong></span> <span class='ocrx_word' id='word_1_360' title='bbox 1081 3121 1510 3175; x_wconf 89' lang='lat' dir='ltr'><strong>demonstratum</strong></span> <span class='ocrx_word' id='word_1_361' title='bbox 1562 3132 1643 3178; x_wconf 89' lang='lat' dir='ltr'><strong>cst</strong></span> <span class='ocrx_word' id='word_1_362' title='bbox 1698 3125 1863 3180; x_wconf 89' lang='lat' dir='ltr'><strong>Deum</strong></span> <span class='ocrx_word' id='word_1_363' title='bbox 1918 3130 1987 3183; x_wconf 90' lang='lat' dir='ltr'><strong>ab</strong></span> 
     </span>
    </p>
   </div>
   <div class='ocr_carea' id='block_1_50' title="bbox 420 3203 1988 3285">
    <p class='ocr_par' dir='ltr' id='par_1_50' title="bbox 420 3203 1988 3285">
     <span class='ocr_line' id='line_1_50' title="bbox 420 3203 1988 3285; baseline 0.009 -28"><span class='ocrx_word' id='word_1_364' title='bbox 420 3203 623 3261; x_wconf 74' lang='lat' dir='ltr'><strong>ellretis</strong></span> <span class='ocrx_word' id='word_1_365' title='bbox 658 3204 906 3259; x_wconf 86' lang='lat' dir='ltr'><strong>laudari:</strong></span> <span class='ocrx_word' id='word_1_366' title='bbox 940 3206 1121 3272; x_wconf 86' lang='lat' dir='ltr'><strong>tertio,</strong></span> <span class='ocrx_word' id='word_1_367' title='bbox 1160 3224 1279 3276; x_wconf 57' lang='lat' dir='ltr'><strong>quas</strong></span> <span class='ocrx_word' id='word_1_368' title='bbox 1312 3221 1439 3265; x_wconf 88' lang='lat' dir='ltr'><strong>sunt</strong></span> <span class='ocrx_word' id='word_1_369' title='bbox 1500 3212 1709 3278; x_wconf 77' lang='lat' dir='ltr'><strong>cﬂ‘ecta,</strong></span> <span class='ocrx_word' id='word_1_370' title='bbox 1769 3224 1821 3269; x_wconf 87' lang='lat' dir='ltr'><strong>et</strong></span> <span class='ocrx_word' id='word_1_371' title='bbox 1868 3234 1988 3285; x_wconf 65' lang='lat' dir='ltr'><strong>quae</strong></span> 
     </span>
    </p>
   </div>
   <div class='ocr_carea' id='block_1_51' title="bbox 416 3295 1983 3372">
    <p class='ocr_par' dir='ltr' id='par_1_51' title="bbox 416 3295 1983 3372">
     <span class='ocr_line' id='line_1_51' title="bbox 416 3295 1983 3372; baseline 0.011 -27"><span class='ocrx_word' id='word_1_372' title='bbox 416 3304 447 3345; x_wconf 76' lang='grc' dir='ltr'>ε</span> <span class='ocrx_word' id='word_1_373' title='bbox 467 3305 607 3345; x_wconf 82' lang='lat' dir='ltr'><strong>)rum</strong></span> <span class='ocrx_word' id='word_1_374' title='bbox 643 3295 866 3346; x_wconf 87' lang='lat' dir='ltr'><strong>materia</strong></span> <span class='ocrx_word' id='word_1_375' title='bbox 891 3306 911 3345; x_wconf 87' lang='lat'><strong><em>:</em></strong></span> <span class='ocrx_word' id='word_1_376' title='bbox 940 3304 1131 3361; x_wconf 90' lang='lat' dir='ltr'><strong>posteo</strong></span> <span class='ocrx_word' id='word_1_377' title='bbox 1164 3301 1527 3365; x_wconf 64' lang='lat' dir='ltr'><strong>quaerebatur,</strong></span> <span class='ocrx_word' id='word_1_378' title='bbox 1556 3307 1827 3372; x_wconf 85' lang='lat' dir='ltr'><strong>quomodo</strong></span> <span class='ocrx_word' id='word_1_379' title='bbox 1845 3306 1983 3363; x_wconf 90' lang='lat' dir='ltr'><strong>Deus</strong></span> 
     </span>
    </p>
   </div>
   <div class='ocr_carea' id='block_1_52' title="bbox 416 3380 1982 3463">
    <p class='ocr_par' dir='ltr' id='par_1_52' title="bbox 416 3380 1982 3463">
     <span class='ocr_line' id='line_1_52' title="bbox 416 3380 1982 3463; baseline 0.01 -28"><span class='ocrx_word' id='word_1_380' title='bbox 416 3382 486 3435; x_wconf 82' lang='lat' dir='ltr'><strong>ab</strong></span> <span class='ocrx_word' id='word_1_381' title='bbox 512 3380 716 3437; x_wconf 81' lang='lat' dir='ltr'><strong>ellectis</strong></span> <span class='ocrx_word' id='word_1_382' title='bbox 757 3388 1092 3452; x_wconf 89' lang='lat' dir='ltr'><strong>nominatur,</strong></span> <span class='ocrx_word' id='word_1_383' title='bbox 1126 3398 1181 3442; x_wconf 91' lang='lat' dir='ltr'><strong>et</strong></span> <span class='ocrx_word' id='word_1_384' title='bbox 1211 3406 1318 3443; x_wconf 86' lang='lat' dir='ltr'><strong>nun</strong></span> <span class='ocrx_word' id='word_1_385' title='bbox 1343 3393 1497 3447; x_wconf 89' lang='lat' dir='ltr'><strong>abiis</strong></span> <span class='ocrx_word' id='word_1_386' title='bbox 1548 3412 1665 3463; x_wconf 74' lang='lat' dir='ltr'><strong>qua:</strong></span> <span class='ocrx_word' id='word_1_387' title='bbox 1704 3409 1835 3451; x_wconf 90' lang='lat' dir='ltr'><strong>sunt</strong></span> <span class='ocrx_word' id='word_1_388' title='bbox 1885 3413 1982 3451; x_wconf 85' lang='lat' dir='ltr'><strong>na-</strong></span> 
     </span>
    </p>
   </div>
   <div class='ocr_carea' id='block_1_53' title="bbox 413 3473 1981 3557">
    <p class='ocr_par' dir='ltr' id='par_1_53' title="bbox 413 3473 1981 3557">
     <span class='ocr_line' id='line_1_53' title="bbox 413 3473 1981 3557; baseline 0.012 -34"><span class='ocrx_word' id='word_1_389' title='bbox 413 3480 547 3526; x_wconf 76' lang='lat' dir='ltr'><strong>tura:</strong></span> <span class='ocrx_word' id='word_1_390' title='bbox 600 3473 756 3541; x_wconf 85' lang='lat' dir='ltr'><strong>ejus:</strong></span> <span class='ocrx_word' id='word_1_391' title='bbox 785 3476 886 3533; x_wconf 81' lang='lat' dir='ltr'><strong>hac</strong></span> <span class='ocrx_word' id='word_1_392' title='bbox 924 3486 1103 3532; x_wconf 89' lang='lat' dir='ltr'><strong>autem</strong></span> <span class='ocrx_word' id='word_1_393' title='bbox 1153 3479 1492 3539; x_wconf 90' lang='lat' dir='ltr'><strong>dubitatione</strong></span> <span class='ocrx_word' id='word_1_394' title='bbox 1556 3487 1751 3551; x_wconf 89' lang='lat' dir='ltr'><strong>soluta,</strong></span> <span class='ocrx_word' id='word_1_395' title='bbox 1789 3488 1981 3557; x_wconf 90' lang='lat' dir='ltr'><strong>quinto</strong></span> 
     </span>
    </p>
   </div>
   <div class='ocr_carea' id='block_1_54' title="bbox 410 3563 1981 3644">
    <p class='ocr_par' dir='ltr' id='par_1_54' title="bbox 410 3563 1981 3644">
     <span class='ocr_line' id='line_1_54' title="bbox 410 3563 1981 3644; baseline 0.011 -29"><span class='ocrx_word' id='word_1_396' title='bbox 410 3563 585 3631; x_wconf 82' lang='lat' dir='ltr'><strong>capite</strong></span> <span class='ocrx_word' id='word_1_397' title='bbox 615 3566 843 3634; x_wconf 70' lang='lat' dir='ltr'><strong>quaestio</strong></span> <span class='ocrx_word' id='word_1_398' title='bbox 870 3581 933 3621; x_wconf 93' lang='lat' dir='ltr'><strong>ac</strong></span> <span class='ocrx_word' id='word_1_399' title='bbox 979 3567 1249 3624; x_wconf 86' lang='lat' dir='ltr'><strong>dubitatio</strong></span> <span class='ocrx_word' id='word_1_400' title='bbox 1289 3582 1427 3637; x_wconf 88' lang='lat' dir='ltr'><strong>erat,</strong></span> <span class='ocrx_word' id='word_1_401' title='bbox 1452 3591 1618 3644; x_wconf 86' lang='lat' dir='ltr'><strong>quare</strong></span> <span class='ocrx_word' id='word_1_402' title='bbox 1640 3577 1782 3632; x_wconf 91' lang='lat' dir='ltr'><strong>Deus</strong></span> <span class='ocrx_word' id='word_1_403' title='bbox 1843 3580 1981 3633; x_wconf 82' lang='lat' dir='ltr'><strong>ntul-</strong></span> 
     </span>
    </p>
   </div>
   <div class='ocr_carea' id='block_1_55' title="bbox 462 3692 1005 3788">
    <p class='ocr_par' dir='ltr' id='par_1_55' title="bbox 462 3692 1005 3788">
     <span class='ocr_line' id='line_1_55' title="bbox 462 3692 1005 3788; baseline 0.004 -7"><span class='ocrx_word' id='word_1_404' title='bbox 462 3692 527 3755; x_wconf 0' lang='lat' dir='ltr'><strong>i“</strong></span> <span class='ocrx_word' id='word_1_405' title='bbox 562 3724 731 3781; x_wconf 87' lang='lat' dir='ltr'><strong>lCor.</strong></span> <span class='ocrx_word' id='word_1_406' title='bbox 758 3741 879 3788; x_wconf 83' lang='lat' dir='ltr'><strong>xui.</strong></span> <span class='ocrx_word' id='word_1_407' title='bbox 915 3728 1005 3784; x_wconf 73' lang='lat'><strong>‘28.</strong></span> 
     </span>
    </p>
   </div>
   <div class='ocr_carea' id='block_1_56' title="bbox 2110 1764 3649 1841">
    <p class='ocr_par' dir='ltr' id='par_1_56' title="bbox 2110 1764 3649 1841">
     <span class='ocr_line' id='line_1_56' title="bbox 2110 1764 3649 1841; baseline -0.005 -16"><span class='ocrx_word' id='word_1_408' title='bbox 2110 1773 2227 1841; x_wconf 87' lang='lat' dir='ltr'><strong>prie</strong></span> <span class='ocrx_word' id='word_1_409' title='bbox 2281 1770 2552 1825; x_wconf 85' lang='lat' dir='ltr'><strong>nominari</strong></span> <span class='ocrx_word' id='word_1_410' title='bbox 2606 1769 2936 1831; x_wconf 86' lang='lat' dir='ltr'><strong>didicimus,</strong></span> <span class='ocrx_word' id='word_1_411' title='bbox 2985 1781 3093 1820; x_wconf 92' lang='lat' dir='ltr'><strong>non</strong></span> <span class='ocrx_word' id='word_1_412' title='bbox 3151 1764 3284 1836; x_wconf 90' lang='lat' dir='ltr'><strong>quid</strong></span> <span class='ocrx_word' id='word_1_413' title='bbox 3312 1773 3411 1826; x_wconf 87' lang='lat' dir='ltr'><strong>est,</strong></span> <span class='ocrx_word' id='word_1_414' title='bbox 3460 1767 3649 1819; x_wconf 85' lang='lat' dir='ltr'><strong>curiose</strong></span> 
     </span>
    </p>
   </div>
   <div class='ocr_carea' id='block_1_57' title="bbox 2108 1855 3649 1931">
    <p class='ocr_par' dir='ltr' id='par_1_57' title="bbox 2108 1855 3649 1931">
     <span class='ocr_line' id='line_1_57' title="bbox 2108 1855 3649 1931; baseline -0.006 -16"><span class='ocrx_word' id='word_1_415' title='bbox 2108 1862 2469 1931; x_wconf 85' lang='lat' dir='ltr'><strong>inquirentes,</strong></span> <span class='ocrx_word' id='word_1_416' title='bbox 2504 1860 2596 1913; x_wconf 86' lang='lat' dir='ltr'><strong>sed</strong></span> <span class='ocrx_word' id='word_1_417' title='bbox 2657 1860 2803 1929; x_wconf 84' lang='lat' dir='ltr'><strong>quod</strong></span> <span class='ocrx_word' id='word_1_418' title='bbox 2834 1867 2917 1912; x_wconf 84' lang='lat' dir='ltr'><strong>est</strong></span> <span class='ocrx_word' id='word_1_419' title='bbox 2975 1866 3179 1910; x_wconf 90' lang='lat' dir='ltr'><strong>tantum</strong></span> <span class='ocrx_word' id='word_1_420' title='bbox 3217 1856 3326 1920; x_wconf 90' lang='lat' dir='ltr'><strong>;ad</strong></span> <span class='ocrx_word' id='word_1_421' title='bbox 3391 1855 3649 1925; x_wconf 87' lang='lat' dir='ltr'><strong>imponen-</strong></span> 
     </span>
    </p>
   </div>
   <div class='ocr_carea' id='block_1_58' title="bbox 2105 1944 3646 2015">
    <p class='ocr_par' dir='ltr' id='par_1_58' title="bbox 2105 1944 3646 2015">
     <span class='ocr_line' id='line_1_58' title="bbox 2105 1944 3646 2015; baseline -0.007 -7"><span class='ocrx_word' id='word_1_422' title='bbox 2105 1953 2232 2008; x_wconf 89' lang='lat' dir='ltr'><strong>dum</strong></span> <span class='ocrx_word' id='word_1_423' title='bbox 2268 1952 2425 2005; x_wconf 76' lang='lat' dir='ltr'><strong>tinem</strong></span> <span class='ocrx_word' id='word_1_424' title='bbox 2454 1950 2639 2003; x_wconf 77' lang='lat' dir='ltr'><strong>decatli</strong></span> <span class='ocrx_word' id='word_1_425' title='bbox 2679 1949 3009 2015; x_wconf 87' lang='lat' dir='ltr'><strong>sequebatur</strong></span> <span class='ocrx_word' id='word_1_426' title='bbox 3054 1948 3323 2001; x_wconf 89' lang='lat' dir='ltr'><strong>decimum</strong></span> <span class='ocrx_word' id='word_1_427' title='bbox 3374 1954 3543 2015; x_wconf 78' lang='lat' dir='ltr'><strong>caput,</strong></span> <span class='ocrx_word' id='word_1_428' title='bbox 3600 1944 3646 1998; x_wconf 88' lang='lat' dir='ltr'><strong>in</strong></span> 
     </span>
    </p>
   </div>
   <div class='ocr_carea' id='block_1_59' title="bbox 2105 2036 3650 2111">
    <p class='ocr_par' dir='ltr' id='par_1_59' title="bbox 2105 2036 3650 2111">
     <span class='ocr_line' id='line_1_59' title="bbox 2105 2036 3650 2111; baseline -0.005 -18"><span class='ocrx_word' id='word_1_429' title='bbox 2105 2040 2566 2110; x_wconf 85' lang='lat' dir='ltr'><strong>quo&#39;conclusum</strong></span> <span class='ocrx_word' id='word_1_430' title='bbox 2602 2047 2687 2093; x_wconf 88' lang='lat' dir='ltr'><strong>est</strong></span> <span class='ocrx_word' id='word_1_431' title='bbox 2728 2054 2793 2091; x_wconf 75' lang='lat' dir='ltr'><strong>ex</strong></span> <span class='ocrx_word' id='word_1_432' title='bbox 2852 2037 3266 2101; x_wconf 83' lang='lat' dir='ltr'><strong>demonstratis,</strong></span> <span class='ocrx_word' id='word_1_433' title='bbox 3315 2036 3550 2111; x_wconf 84' lang='lat' dir='ltr'><strong>eumdem</strong></span> <span class='ocrx_word' id='word_1_434' title='bbox 3604 2043 3650 2087; x_wconf 84' lang='lat' dir='ltr'><strong>et</strong></span> 
     </span>
    </p>
   </div>
   <div class='ocr_carea' id='block_1_60' title="bbox 2108 2123 3648 2191">
    <p class='ocr_par' dir='ltr' id='par_1_60' title="bbox 2108 2123 3648 2191">
     <span class='ocr_line' id='line_1_60' title="bbox 2108 2123 3648 2191; baseline -0.005 -5"><span class='ocrx_word' id='word_1_435' title='bbox 2108 2148 2274 2186; x_wconf 91' lang='lat' dir='ltr'><strong>unum</strong></span> <span class='ocrx_word' id='word_1_436' title='bbox 2316 2130 2481 2184; x_wconf 89' lang='lat' dir='ltr'><strong>Deum</strong></span> <span class='ocrx_word' id='word_1_437' title='bbox 2524 2144 2710 2183; x_wconf 86' lang='lat' dir='ltr'><strong>carere</strong></span> <span class='ocrx_word' id='word_1_438' title='bbox 2760 2128 2921 2182; x_wconf 88' lang='lat' dir='ltr'><strong>nobis</strong></span> <span class='ocrx_word' id='word_1_439' title='bbox 2966 2128 3209 2191; x_wconf 89' lang='lat' dir='ltr'><strong>nomine,</strong></span> <span class='ocrx_word' id='word_1_440' title='bbox 3245 2136 3300 2180; x_wconf 94' lang='lat' dir='ltr'><strong>et</strong></span> <span class='ocrx_word' id='word_1_441' title='bbox 3338 2142 3455 2182; x_wconf 90' lang='lat' dir='ltr'><strong>esse</strong></span> <span class='ocrx_word' id='word_1_442' title='bbox 3512 2123 3648 2179; x_wconf 90' lang='lat' dir='ltr'><strong>nobis</strong></span> 
     </span>
    </p>
   </div>
   <div class='ocr_carea' id='block_1_61' title="bbox 2108 2217 3649 2286">
    <p class='ocr_par' dir='ltr' id='par_1_61' title="bbox 2108 2217 3649 2286">
     <span class='ocr_line' id='line_1_61' title="bbox 2108 2217 3649 2286; baseline -0.003 -13"><span class='ocrx_word' id='word_1_443' title='bbox 2108 2220 2407 2273; x_wconf 83' lang='lat' dir='ltr'><strong>multorum</strong></span> <span class='ocrx_word' id='word_1_444' title='bbox 2442 2218 2719 2271; x_wconf 90' lang='lat' dir='ltr'><strong>nominum</strong></span> <span class='ocrx_word' id='word_1_445' title='bbox 2753 2232 2767 2269; x_wconf 90' lang='lat'><strong>:</strong></span> <span class='ocrx_word' id='word_1_446' title='bbox 2807 2217 2931 2270; x_wconf 92' lang='lat' dir='ltr'><strong>illud</strong></span> <span class='ocrx_word' id='word_1_447' title='bbox 2954 2217 3196 2285; x_wconf 87' lang='lat' dir='ltr'><strong>quidem,</strong></span> <span class='ocrx_word' id='word_1_448' title='bbox 3234 2217 3285 2286; x_wconf 82' lang='lat' dir='ltr'><strong>id</strong></span> <span class='ocrx_word' id='word_1_449' title='bbox 3334 2227 3435 2280; x_wconf 89' lang='lat' dir='ltr'><strong>est,</strong></span> <span class='ocrx_word' id='word_1_450' title='bbox 3484 2230 3649 2270; x_wconf 83' lang='lat' dir='ltr'><strong>carere</strong></span> 
     </span>
    </p>
   </div>
   <div class='ocr_carea' id='block_1_62' title="bbox 2105 2308 3647 2379">
    <p class='ocr_par' dir='ltr' id='par_1_62' title="bbox 2105 2308 3647 2379">
     <span class='ocr_line' id='line_1_62' title="bbox 2105 2308 3647 2379; baseline -0.003 -16"><span class='ocrx_word' id='word_1_451' title='bbox 2105 2324 2333 2379; x_wconf 89' lang='lat' dir='ltr'><strong>prorsus</strong></span> <span class='ocrx_word' id='word_1_452' title='bbox 2362 2309 2603 2370; x_wconf 88' lang='lat' dir='ltr'><strong>nomine,</strong></span> <span class='ocrx_word' id='word_1_453' title='bbox 2632 2318 2901 2376; x_wconf 85' lang='lat' dir='ltr'><strong>quatenus</strong></span> <span class='ocrx_word' id='word_1_454' title='bbox 2931 2308 3059 2375; x_wconf 89' lang='lat' dir='ltr'><strong>quid</strong></span> <span class='ocrx_word' id='word_1_455' title='bbox 3096 2317 3200 2371; x_wconf 88' lang='lat' dir='ltr'><strong>est,</strong></span> <span class='ocrx_word' id='word_1_456' title='bbox 3232 2309 3333 2361; x_wconf 89' lang='lat' dir='ltr'><strong>hoc</strong></span> <span class='ocrx_word' id='word_1_457' title='bbox 3363 2321 3504 2369; x_wconf 87' lang='lat' dir='ltr'><strong>vero,</strong></span> <span class='ocrx_word' id='word_1_458' title='bbox 3532 2320 3647 2374; x_wconf 86' lang='lat' dir='ltr'><strong>qua-</strong></span> 
     </span>
    </p>
   </div>
   <div class='ocr_carea' id='block_1_63' title="bbox 2102 2396 3649 2460">
    <p class='ocr_par' dir='ltr' id='par_1_63' title="bbox 2102 2396 3649 2460">
     <span class='ocr_line' id='line_1_63' title="bbox 2102 2396 3649 2460; baseline -0.002 -7"><span class='ocrx_word' id='word_1_459' title='bbox 2102 2411 2262 2453; x_wconf 89' lang='lat' dir='ltr'><strong>tenus</strong></span> <span class='ocrx_word' id='word_1_460' title='bbox 2287 2400 2461 2453; x_wconf 91' lang='lat' dir='ltr'><strong>solum</strong></span> <span class='ocrx_word' id='word_1_461' title='bbox 2489 2407 2605 2460; x_wconf 90' lang='lat' dir='ltr'><strong>cst;</strong></span> <span class='ocrx_word' id='word_1_462' title='bbox 2631 2398 2713 2451; x_wconf 82' lang='lat' dir='ltr'><strong>sic</strong></span> <span class='ocrx_word' id='word_1_463' title='bbox 2740 2399 2885 2451; x_wconf 90' lang='lat' dir='ltr'><strong>enim</strong></span> <span class='ocrx_word' id='word_1_464' title='bbox 2913 2396 3137 2451; x_wconf 81' lang='lat' dir='ltr'><strong>inﬁnitis</strong></span> <span class='ocrx_word' id='word_1_465' title='bbox 3162 2398 3476 2452; x_wconf 87' lang='lat' dir='ltr'><strong>nominibus</strong></span> <span class='ocrx_word' id='word_1_466' title='bbox 3503 2411 3561 2450; x_wconf 80' lang='lat' dir='ltr'><strong>ex</strong></span> <span class='ocrx_word' id='word_1_467' title='bbox 3590 2396 3649 2450; x_wconf 89' lang='lat' dir='ltr'><strong>iis</strong></span> 
     </span>
    </p>
   </div>
   <div class='ocr_carea' id='block_1_64' title="bbox 2096 2487 3647 2559">
    <p class='ocr_par' dir='ltr' id='par_1_64' title="bbox 2096 2487 3647 2559">
     <span class='ocr_line' id='line_1_64' title="bbox 2096 2487 3647 2559; baseline -0.002 -16"><span class='ocrx_word' id='word_1_468' title='bbox 2096 2506 2217 2558; x_wconf 62' lang='lat' dir='ltr'><strong>qua!</strong></span> <span class='ocrx_word' id='word_1_469' title='bbox 2244 2490 2520 2559; x_wconf 82' lang='lat' dir='ltr'><strong>produxit,</strong></span> <span class='ocrx_word' id='word_1_470' title='bbox 2572 2489 2898 2557; x_wconf 80' lang='lat' dir='ltr'><strong>appellatur.</strong></span> <span class='ocrx_word' id='word_1_471' title='bbox 2928 2487 3069 2541; x_wconf 81' lang='lat' dir='ltr'><strong>Nihil</strong></span> <span class='ocrx_word' id='word_1_472' title='bbox 3104 2489 3292 2557; x_wconf 90' lang='lat' dir='ltr'><strong>itaque</strong></span> <span class='ocrx_word' id='word_1_473' title='bbox 3326 2504 3507 2543; x_wconf 86' lang='lat' dir='ltr'><strong>eorum</strong></span> <span class='ocrx_word' id='word_1_474' title='bbox 3541 2502 3647 2555; x_wconf 74' lang='lat' dir='ltr'><strong>qua:</strong></span> 
     </span>
    </p>
   </div>
   <div class='ocr_carea' id='block_1_65' title="bbox 2096 2578 3647 2649">
    <p class='ocr_par' dir='ltr' id='par_1_65' title="bbox 2096 2578 3647 2649">
     <span class='ocr_line' id='line_1_65' title="bbox 2096 2578 3647 2649; baseline -0.003 -13"><span class='ocrx_word' id='word_1_475' title='bbox 2096 2584 2236 2636; x_wconf 75' lang='lat' dir='ltr'><strong>scire</strong></span> <span class='ocrx_word' id='word_1_476' title='bbox 2264 2582 2350 2635; x_wconf 93' lang='lat' dir='ltr'><strong>hic</strong></span> <span class='ocrx_word' id='word_1_477' title='bbox 2374 2595 2512 2649; x_wconf 82' lang='lat' dir='ltr'><strong>Opus</strong></span> <span class='ocrx_word' id='word_1_478' title='bbox 2537 2591 2676 2643; x_wconf 90' lang='lat' dir='ltr'><strong>erat,</strong></span> <span class='ocrx_word' id='word_1_479' title='bbox 2710 2578 2945 2647; x_wconf 78' lang='lat' dir='ltr'><strong>theologi</strong></span> <span class='ocrx_word' id='word_1_480' title='bbox 3002 2579 3347 2647; x_wconf 86' lang='lat' dir='ltr'><strong>reliquerunt</strong></span> <span class='ocrx_word' id='word_1_481' title='bbox 3374 2599 3387 2632; x_wconf 89' lang='lat'><strong>:</strong></span> <span class='ocrx_word' id='word_1_482' title='bbox 3419 2588 3647 2646; x_wconf 83' lang='lat' dir='ltr'><strong>recteque</strong></span> 
     </span>
    </p>
   </div>
   <div class='ocr_carea' id='block_1_66' title="bbox 2094 2665 3643 2738">
    <p class='ocr_par' dir='ltr' id='par_1_66' title="bbox 2094 2665 3643 2738">
     <span class='ocr_line' id='line_1_66' title="bbox 2094 2665 3643 2738; baseline -0.002 -15"><span class='ocrx_word' id='word_1_483' title='bbox 2094 2669 2350 2738; x_wconf 85' lang='lat' dir='ltr'><strong>inscripta</strong></span> <span class='ocrx_word' id='word_1_484' title='bbox 2377 2677 2458 2723; x_wconf 89' lang='lat' dir='ltr'><strong>est</strong></span> <span class='ocrx_word' id='word_1_485' title='bbox 2481 2669 2659 2731; x_wconf 88' lang='lat' dir='ltr'><strong>decas,</strong></span> <span class='ocrx_word' id='word_1_486' title='bbox 2688 2665 2759 2720; x_wconf 92' lang='lat' dir='ltr'><strong>De</strong></span> <span class='ocrx_word' id='word_1_487' title='bbox 2784 2666 3167 2721; x_wconf 78' lang='lat' dir='ltr'><strong>informatione</strong></span> <span class='ocrx_word' id='word_1_488' title='bbox 3197 2668 3369 2721; x_wconf 91' lang='lat' dir='ltr'><strong>divini</strong></span> <span class='ocrx_word' id='word_1_489' title='bbox 3402 2670 3643 2730; x_wconf 85' lang='lat' dir='ltr'><strong>nominis;</strong></span> 
     </span>
    </p>
   </div>
   <div class='ocr_carea' id='block_1_67' title="bbox 2093 2752 3644 2829">
    <p class='ocr_par' dir='ltr' id='par_1_67' title="bbox 2093 2752 3644 2829">
     <span class='ocr_line' id='line_1_67' title="bbox 2093 2752 3644 2829; baseline -0.004 -15"><span class='ocrx_word' id='word_1_490' title='bbox 2093 2776 2200 2813; x_wconf 92' lang='lat' dir='ltr'><strong>non</strong></span> <span class='ocrx_word' id='word_1_491' title='bbox 2226 2752 2766 2829; x_wconf 67' lang='lat' dir='ltr'><strong>cnim&#39;prOprietates</strong></span> <span class='ocrx_word' id='word_1_492' title='bbox 2806 2757 3115 2811; x_wconf 90' lang='lat' dir='ltr'><strong>divinorum</strong></span> <span class='ocrx_word' id='word_1_493' title='bbox 3177 2759 3463 2813; x_wconf 88' lang='lat' dir='ltr'><strong>nominum</strong></span> <span class='ocrx_word' id='word_1_494' title='bbox 3522 2773 3644 2812; x_wconf 89' lang='lat' dir='ltr'><strong>enu-</strong></span> 
     </span>
    </p>
   </div>
   <div class='ocr_carea' id='block_1_68' title="bbox 2098 2844 3647 2911">
    <p class='ocr_par' dir='ltr' id='par_1_68' title="bbox 2098 2844 3647 2911">
     <span class='ocr_line' id='line_1_68' title="bbox 2098 2844 3647 2911; baseline -0.004 -8"><span class='ocrx_word' id='word_1_495' title='bbox 2098 2856 2393 2904; x_wconf 87' lang='lat' dir='ltr'><strong>nterantes.</strong></span> <span class='ocrx_word' id='word_1_496' title='bbox 2417 2844 2780 2899; x_wconf 87' lang='lat' dir='ltr'><strong>materiariatn</strong></span> <span class='ocrx_word' id='word_1_497' title='bbox 2809 2844 3204 2911; x_wconf 74' lang='lat' dir='ltr'><strong>expositionem</strong></span> <span class='ocrx_word' id='word_1_498' title='bbox 3244 2860 3428 2899; x_wconf 86' lang='lat' dir='ltr'><strong>earum</strong></span> <span class='ocrx_word' id='word_1_499' title='bbox 3464 2861 3489 2896; x_wconf 87' lang='lat' dir='ltr'><strong>a</strong></span> <span class='ocrx_word' id='word_1_500' title='bbox 3515 2847 3647 2898; x_wconf 80' lang='lat' dir='ltr'><strong>theo-</strong></span> 
     </span>
    </p>
   </div>
   <div class='ocr_carea' id='block_1_69' title="bbox 2116 2936 3647 3007">
    <p class='ocr_par' dir='ltr' id='par_1_69' title="bbox 2116 2936 3647 3007">
     <span class='ocr_line' id='line_1_69' title="bbox 2116 2936 3647 3007; baseline -0.001 -15"><span class='ocrx_word' id='word_1_501' title='bbox 2116 2939 2261 3007; x_wconf 87' lang='lat' dir='ltr'><strong>logis</strong></span> <span class='ocrx_word' id='word_1_502' title='bbox 2287 2937 2541 2991; x_wconf 86' lang='lat' dir='ltr'><strong>traditam</strong></span> <span class='ocrx_word' id='word_1_503' title='bbox 2595 2936 2984 2991; x_wconf 84' lang='lat' dir='ltr'><strong>ordinabamus</strong></span> <span class='ocrx_word' id='word_1_504' title='bbox 3014 2955 3028 3000; x_wconf 90' lang='lat'><strong>;</strong></span> <span class='ocrx_word' id='word_1_505' title='bbox 3062 2938 3310 2993; x_wconf 88' lang='lat' dir='ltr'><strong>dicemus</strong></span> <span class='ocrx_word' id='word_1_506' title='bbox 3344 2940 3481 2992; x_wconf 90' lang='lat' dir='ltr'><strong>enim</strong></span> <span class='ocrx_word' id='word_1_507' title='bbox 3508 2938 3647 2991; x_wconf 88' lang='lat' dir='ltr'><strong>dein-</strong></span> 
     </span>
    </p>
   </div>
   <div class='ocr_carea' id='block_1_70' title="bbox 2092 3025 3644 3097">
    <p class='ocr_par' dir='ltr' id='par_1_70' title="bbox 2092 3025 3644 3097">
     <span class='ocr_line' id='line_1_70' title="bbox 2092 3025 3644 3097; baseline -0.001 -16"><span class='ocrx_word' id='word_1_508' title='bbox 2092 3042 2217 3097; x_wconf 87' lang='lat' dir='ltr'><strong>ceps</strong></span> <span class='ocrx_word' id='word_1_509' title='bbox 2248 3027 2413 3080; x_wconf 92' lang='lat' dir='ltr'><strong>decis</strong></span> <span class='ocrx_word' id='word_1_510' title='bbox 2449 3025 2683 3078; x_wconf 82' lang='lat' dir='ltr'><strong>breviter</strong></span> <span class='ocrx_word' id='word_1_511' title='bbox 2704 3033 2758 3077; x_wconf 88' lang='lat' dir='ltr'><strong>et</strong></span> <span class='ocrx_word' id='word_1_512' title='bbox 2779 3033 3062 3078; x_wconf 81' lang='lat' dir='ltr'><strong>contractu</strong></span> <span class='ocrx_word' id='word_1_513' title='bbox 3120 3028 3306 3093; x_wconf 79' lang='lat' dir='ltr'><strong>quoad</strong></span> <span class='ocrx_word' id='word_1_514' title='bbox 3366 3027 3475 3081; x_wconf 79' lang='lat' dir='ltr'><strong>fieri</strong></span> <span class='ocrx_word' id='word_1_515' title='bbox 3507 3035 3644 3095; x_wconf 84' lang='lat' dir='ltr'><strong>pote-</strong></span> 
     </span>
    </p>
   </div>
   <div class='ocr_carea' id='block_1_71' title="bbox 2090 3117 3639 3185">
    <p class='ocr_par' dir='ltr' id='par_1_71' title="bbox 2090 3117 3639 3185">
     <span class='ocr_line' id='line_1_71' title="bbox 2090 3117 3639 3185; baseline -0.004 -11"><span class='ocrx_word' id='word_1_516' title='bbox 2090 3123 2182 3176; x_wconf 87' lang='lat' dir='ltr'><strong>rit.</strong></span> <span class='ocrx_word' id='word_1_517' title='bbox 2213 3120 2354 3185; x_wconf 88' lang='lat' dir='ltr'><strong>Quot</strong></span> <span class='ocrx_word' id='word_1_518' title='bbox 2383 3128 2563 3172; x_wconf 89' lang='lat' dir='ltr'><strong>autem</strong></span> <span class='ocrx_word' id='word_1_519' title='bbox 2588 3117 2762 3173; x_wconf 89' lang='lat' dir='ltr'><strong>modis</strong></span> <span class='ocrx_word' id='word_1_520' title='bbox 2808 3117 3052 3169; x_wconf 85' lang='lat' dir='ltr'><strong>divinum</strong></span> <span class='ocrx_word' id='word_1_521' title='bbox 3110 3133 3311 3172; x_wconf 86' lang='lat' dir='ltr'><strong>nomen</strong></span> <span class='ocrx_word' id='word_1_522' title='bbox 3378 3127 3639 3182; x_wconf 86' lang='lat' dir='ltr'><strong>tractatur,</strong></span> 
     </span>
    </p>
   </div>
   <div class='ocr_carea' id='block_1_72' title="bbox 2089 3207 3738 3281">
    <p class='ocr_par' dir='ltr' id='par_1_72' title="bbox 2089 3207 3738 3281">
     <span class='ocr_line' id='line_1_72' title="bbox 2089 3207 3738 3281; baseline -0.006 -14"><span class='ocrx_word' id='word_1_523' title='bbox 2089 3211 2343 3281; x_wconf 84' lang='lat' dir='ltr'><strong>superius</strong></span> <span class='ocrx_word' id='word_1_524' title='bbox 2369 3211 2728 3274; x_wconf 89' lang='lat' dir='ltr'><strong>ostendimus,</strong></span> <span class='ocrx_word' id='word_1_525' title='bbox 2758 3207 3040 3277; x_wconf 85' lang='lat' dir='ltr'><strong>tripliciter</strong></span> <span class='ocrx_word' id='word_1_526' title='bbox 3091 3224 3185 3262; x_wconf 88' lang='lat' dir='ltr'><strong>eos</strong></span> <span class='ocrx_word' id='word_1_527' title='bbox 3228 3212 3435 3278; x_wconf 83' lang='lat' dir='ltr'><strong>partiti,</strong></span> <span class='ocrx_word' id='word_1_528' title='bbox 3491 3208 3643 3261; x_wconf 84' lang='lat' dir='ltr'><strong>inl‘or-</strong></span> <span class='ocrx_word' id='word_1_529' title='bbox 3730 3232 3738 3240; x_wconf 90' lang='lat'><strong>-</strong></span> 
     </span>
    </p>
   </div>
   <div class='ocr_carea' id='block_1_73' title="bbox 2090 3297 3637 3368">
    <p class='ocr_par' dir='ltr' id='par_1_73' title="bbox 2090 3297 3637 3368">
     <span class='ocr_line' id='line_1_73' title="bbox 2090 3297 3637 3368; baseline -0.005 -11"><span class='ocrx_word' id='word_1_530' title='bbox 2090 3304 2383 3357; x_wconf 86' lang='lat' dir='ltr'><strong>mationem</strong></span> <span class='ocrx_word' id='word_1_531' title='bbox 2417 3303 2719 3366; x_wconf 91' lang='lat' dir='ltr'><strong>nominum,</strong></span> <span class='ocrx_word' id='word_1_532' title='bbox 2750 3310 2805 3354; x_wconf 89' lang='lat' dir='ltr'><strong>et</strong></span> <span class='ocrx_word' id='word_1_533' title='bbox 2835 3300 2979 3354; x_wconf 90' lang='lat' dir='ltr'><strong>unde</strong></span> <span class='ocrx_word' id='word_1_534' title='bbox 3008 3309 3223 3368; x_wconf 84' lang='lat' dir='ltr'><strong>sumpta</strong></span> <span class='ocrx_word' id='word_1_535' title='bbox 3280 3310 3427 3364; x_wconf 91' lang='lat' dir='ltr'><strong>sunt,</strong></span> <span class='ocrx_word' id='word_1_536' title='bbox 3486 3309 3537 3353; x_wconf 92' lang='lat' dir='ltr'><strong>et</strong></span> <span class='ocrx_word' id='word_1_537' title='bbox 3580 3297 3637 3350; x_wconf 88' lang='lat' dir='ltr'><strong>ad</strong></span> 
     </span>
    </p>
   </div>
   <div class='ocr_carea' id='block_1_74' title="bbox 2088 3392 3641 3463">
    <p class='ocr_par' dir='ltr' id='par_1_74' title="bbox 2088 3392 3641 3463">
     <span class='ocr_line' id='line_1_74' title="bbox 2088 3392 3641 3463; baseline -0.003 -17"><span class='ocrx_word' id='word_1_538' title='bbox 2088 3394 2217 3463; x_wconf 90' lang='lat' dir='ltr'><strong>quid</strong></span> <span class='ocrx_word' id='word_1_539' title='bbox 2239 3394 2338 3449; x_wconf 89' lang='lat' dir='ltr'><strong>ista</strong></span> <span class='ocrx_word' id='word_1_540' title='bbox 2369 3394 2586 3446; x_wconf 90' lang='lat' dir='ltr'><strong>nomina</strong></span> <span class='ocrx_word' id='word_1_541' title='bbox 2613 3408 2711 3445; x_wconf 92' lang='lat' dir='ltr'><strong>nos</strong></span> <span class='ocrx_word' id='word_1_542' title='bbox 2756 3392 3028 3445; x_wconf 78' lang='lat' dir='ltr'><strong>adducant</strong></span> <span class='ocrx_word' id='word_1_543' title='bbox 3077 3401 3130 3444; x_wconf 91' lang='lat' dir='ltr'><strong>et</strong></span> <span class='ocrx_word' id='word_1_544' title='bbox 3183 3393 3508 3460; x_wconf 80' lang='lat' dir='ltr'><strong>perﬁciant;</strong></span> <span class='ocrx_word' id='word_1_545' title='bbox 3546 3404 3641 3441; x_wconf 74' lang='lat' dir='ltr'><strong>ca:-</strong></span> 
     </span>
    </p>
   </div>
   <div class='ocr_carea' id='block_1_75' title="bbox 2086 3483 3638 3555">
    <p class='ocr_par' dir='ltr' id='par_1_75' title="bbox 2086 3483 3638 3555">
     <span class='ocr_line' id='line_1_75' title="bbox 2086 3483 3638 3555; baseline -0.003 -16"><span class='ocrx_word' id='word_1_546' title='bbox 2086 3494 2201 3539; x_wconf 88' lang='lat' dir='ltr'><strong>tera</strong></span> <span class='ocrx_word' id='word_1_547' title='bbox 2230 3485 2330 3538; x_wconf 89' lang='lat' dir='ltr'><strong>alia</strong></span> <span class='ocrx_word' id='word_1_548' title='bbox 2376 3485 2778 3538; x_wconf 83' lang='lat' dir='ltr'><strong>accommodate</strong></span> <span class='ocrx_word' id='word_1_549' title='bbox 2812 3484 2879 3536; x_wconf 86' lang='lat' dir='ltr'><strong>ad</strong></span> <span class='ocrx_word' id='word_1_550' title='bbox 2942 3484 3041 3538; x_wconf 77' lang='lat' dir='ltr'><strong>ista</strong></span> <span class='ocrx_word' id='word_1_551' title='bbox 3088 3497 3210 3553; x_wconf 61' lang='lat' dir='ltr'><strong>qua:</strong></span> <span class='ocrx_word' id='word_1_552' title='bbox 3255 3483 3638 3555; x_wconf 64' lang='lat' dir='ltr'><strong>quaerebamus,</strong></span> 
     </span>
    </p>
   </div>
   <div class='ocr_carea' id='block_1_76' title="bbox 2090 3577 2423 3632">
    <p class='ocr_par' dir='ltr' id='par_1_76' title="bbox 2090 3577 2423 3632">
     <span class='ocr_line' id='line_1_76' title="bbox 2090 3577 2423 3632; baseline 0 -1"><span class='ocrx_word' id='word_1_553' title='bbox 2090 3577 2423 3632; x_wconf 90' lang='lat' dir='ltr'><strong>inciderunt.</strong></span> 
     </span>
    </p>
   </div>
   <div class='ocr_carea' id='block_1_77' title="bbox 1910 3829 2182 3892">
    <p class='ocr_par' dir='ltr' id='par_1_77' title="bbox 1910 3829 2182 3892">
     <span class='ocr_line' id='line_1_77' title="bbox 1910 3829 2182 3892; baseline 0.007 -2"><span class='ocrx_word' id='word_1_554' title='bbox 1910 3829 2182 3892; x_wconf 74' lang='lat' dir='ltr'><strong>Schoha.</strong></span> 
     </span>
    </p>
   </div>
   <div class='ocr_carea' id='block_1_78' title="bbox 411 3968 1974 4041">
    <p class='ocr_par' dir='ltr' id='par_1_78' title="bbox 411 3968 1974 4041">
     <span class='ocr_line' id='line_1_78' title="bbox 411 3968 1974 4041; baseline 0.008 -21"><span class='ocrx_word' id='word_1_555' title='bbox 411 3968 638 4041; x_wconf 69' lang='lat' dir='ltr'><strong>stitiam,</strong></span> <span class='ocrx_word' id='word_1_556' title='bbox 670 3981 724 4023; x_wconf 85' lang='lat' dir='ltr'><strong>ut</strong></span> <span class='ocrx_word' id='word_1_557' title='bbox 756 3972 1245 4040; x_wconf 74' lang='lat' dir='ltr'><strong>sanctrﬁrationem,</strong></span> <span class='ocrx_word' id='word_1_558' title='bbox 1270 3981 1323 4024; x_wconf 85' lang='lat' dir='ltr'><strong>ut</strong></span> <span class='ocrx_word' id='word_1_559' title='bbox 1361 3973 1785 4041; x_wconf 73' lang='lat' dir='ltr'><strong>redemptionem.</strong></span> <span class='ocrx_word' id='word_1_560' title='bbox 1814 3976 1974 4033; x_wconf 85' lang='lat' dir='ltr'><strong>lCor.</strong></span> 
     </span>
    </p>
   </div>
   <div class='ocr_carea' id='block_1_79' title="bbox 406 4037 1974 4107">
    <p class='ocr_par' dir='ltr' id='par_1_79' title="bbox 406 4037 1974 4107">
     <span class='ocr_line' id='line_1_79' title="bbox 406 4037 1974 4107; baseline 0.006 -18"><span class='ocrx_word' id='word_1_561' title='bbox 406 4052 441 4090; x_wconf 72' lang='grc' dir='ltr'>ι.</span> <span class='ocrx_word' id='word_1_562' title='bbox 483 4037 547 4090; x_wconf 88' lang='lat' dir='ltr'><strong>Ut</strong></span> <span class='ocrx_word' id='word_1_563' title='bbox 574 4037 936 4106; x_wconf 80' lang='lat' dir='ltr'><strong>magnitudine</strong></span> <span class='ocrx_word' id='word_1_564' title='bbox 958 4043 1132 4092; x_wconf 85' lang='lat' dir='ltr'><strong>omnia</strong></span> <span class='ocrx_word' id='word_1_565' title='bbox 1166 4054 1517 4107; x_wconf 75' lang='lat' dir='ltr'><strong>superantem.</strong></span> <span class='ocrx_word' id='word_1_566' title='bbox 1540 4037 1692 4098; x_wconf 40' lang='lat' dir='ltr'><strong>&#39;I&#39;sal.</strong></span> <span class='ocrx_word' id='word_1_567' title='bbox 1730 4061 1872 4098; x_wconf 64' lang='grc' dir='ltr'><strong>κων.</strong></span> <span class='ocrx_word' id='word_1_568' title='bbox 1904 4047 1974 4099; x_wconf 84' lang='lat' dir='ltr'><strong>Et</strong></span> 
     </span>
    </p>
   </div>
   <div class='ocr_carea' id='block_1_80' title="bbox 405 4108 1972 4177">
    <p class='ocr_par' dir='ltr' id='par_1_80' title="bbox 405 4108 1972 4177">
     <span class='ocr_line' id='line_1_80' title="bbox 405 4108 1972 4177; baseline 0.007 -20"><span class='ocrx_word' id='word_1_569' title='bbox 405 4118 461 4157; x_wconf 81' lang='lat' dir='ltr'><strong>ut</strong></span> <span class='ocrx_word' id='word_1_570' title='bbox 495 4108 546 4157; x_wconf 83' lang='lat' dir='ltr'><strong>in</strong></span> <span class='ocrx_word' id='word_1_571' title='bbox 574 4125 707 4160; x_wconf 89' lang='lat' dir='ltr'><strong>aura</strong></span> <span class='ocrx_word' id='word_1_572' title='bbox 734 4114 897 4161; x_wconf 78' lang='lat' dir='ltr'><strong>tenui.</strong></span> <span class='ocrx_word' id='word_1_573' title='bbox 925 4109 990 4161; x_wconf 88' lang='lat' dir='ltr'><strong>Ill</strong></span> <span class='ocrx_word' id='word_1_574' title='bbox 1036 4110 1163 4177; x_wconf 78' lang='lat' dir='ltr'><strong>Reg.</strong></span> <span class='ocrx_word' id='word_1_575' title='bbox 1193 4125 1306 4161; x_wconf 72' lang='grc' dir='ltr'>ιιι.</span> <span class='ocrx_word' id='word_1_576' title='bbox 1348 4114 1506 4176; x_wconf 76' lang='lat' dir='ltr'><strong>Atqui</strong></span> <span class='ocrx_word' id='word_1_577' title='bbox 1535 4123 1584 4163; x_wconf 86' lang='lat' dir='ltr'><strong>et</strong></span> <span class='ocrx_word' id='word_1_578' title='bbox 1625 4115 1677 4165; x_wconf 83' lang='lat' dir='ltr'><strong>in</strong></span> <span class='ocrx_word' id='word_1_579' title='bbox 1712 4119 1972 4169; x_wconf 79' lang='lat' dir='ltr'><strong>mentibus</strong></span> 
     </span>
    </p>
   </div>
   <div class='ocr_carea' id='block_1_81' title="bbox 405 4178 1969 4245">
    <p class='ocr_par' dir='ltr' id='par_1_81' title="bbox 405 4178 1969 4245">
     <span class='ocr_line' id='line_1_81' title="bbox 405 4178 1969 4245; baseline 0.01 -21"><span class='ocrx_word' id='word_1_580' title='bbox 405 4190 519 4245; x_wconf 62' lang='lat' dir='ltr'><strong>eum</strong></span> <span class='ocrx_word' id='word_1_581' title='bbox 547 4193 657 4228; x_wconf 78' lang='lat' dir='ltr'><strong>esse</strong></span> <span class='ocrx_word' id='word_1_582' title='bbox 704 4178 909 4229; x_wconf 83' lang='lat' dir='ltr'><strong>dicunt.</strong></span> <span class='ocrx_word' id='word_1_583' title='bbox 942 4178 1144 4245; x_wconf 68' lang='lat' dir='ltr'><strong>liphes.</strong></span> <span class='ocrx_word' id='word_1_584' title='bbox 1181 4192 1260 4231; x_wconf 86' lang='grc' dir='ltr'>ιιι.</span> <span class='ocrx_word' id='word_1_585' title='bbox 1298 4180 1499 4232; x_wconf 60' lang='lat' dir='ltr'><strong>nentes</strong></span> <span class='ocrx_word' id='word_1_586' title='bbox 1529 4182 1673 4233; x_wconf 91' lang='lat' dir='ltr'><strong>cuitu</strong></span> <span class='ocrx_word' id='word_1_587' title='bbox 1721 4186 1969 4240; x_wconf 81' lang='lat' dir='ltr'><strong>vocatibi</strong></span> 
     </span>
    </p>
   </div>
   <div class='ocr_carea' id='block_1_82' title="bbox 402 4240 1965 4317">
    <p class='ocr_par' dir='ltr' id='par_1_82' title="bbox 402 4240 1965 4317">
     <span class='ocr_line' id='line_1_82' title="bbox 402 4240 1965 4317; baseline 0.007 -22"><span class='ocrx_word' id='word_1_588' title='bbox 402 4240 605 4317; x_wconf 64' lang='lat' dir='ltr'><strong>Paulus</strong></span> <span class='ocrx_word' id='word_1_589' title='bbox 635 4249 819 4300; x_wconf 89' lang='lat' dir='ltr'><strong>corda.</strong></span> <span class='ocrx_word' id='word_1_590' title='bbox 858 4246 918 4301; x_wconf 87' lang='lat' dir='ltr'><strong>Et</strong></span> <span class='ocrx_word' id='word_1_591' title='bbox 960 4240 1012 4298; x_wconf 81' lang='lat' dir='ltr'><strong>in</strong></span> <span class='ocrx_word' id='word_1_592' title='bbox 1047 4247 1257 4299; x_wconf 83' lang='lat' dir='ltr'><strong>animis.</strong></span> <span class='ocrx_word' id='word_1_593' title='bbox 1280 4246 1406 4317; x_wconf 68' lang='grc' dir='ltr'>ξιιμ.</span> <span class='ocrx_word' id='word_1_594' title='bbox 1434 4262 1526 4302; x_wconf 86' lang='lat' dir='ltr'><strong>vn.</strong></span> <span class='ocrx_word' id='word_1_595' title='bbox 1556 4250 1615 4301; x_wconf 83' lang='lat' dir='ltr'><strong>Et</strong></span> <span class='ocrx_word' id='word_1_596' title='bbox 1645 4251 1694 4303; x_wconf 94' lang='lat' dir='ltr'><strong>in</strong></span> <span class='ocrx_word' id='word_1_597' title='bbox 1736 4254 1965 4317; x_wconf 89' lang='lat' dir='ltr'><strong>animas,</strong></span> 
     </span>
    </p>
   </div>
   <div class='ocr_carea' id='block_1_83' title="bbox 404 4312 1967 4386">
    <p class='ocr_par' dir='ltr' id='par_1_83' title="bbox 404 4312 1967 4386">
     <span class='ocr_line' id='line_1_83' title="bbox 404 4312 1967 4386; baseline 0.008 -23"><span class='ocrx_word' id='word_1_598' title='bbox 404 4312 600 4380; x_wconf 87' lang='lat' dir='ltr'><strong>inquit,</strong></span> <span class='ocrx_word' id='word_1_599' title='bbox 631 4325 849 4386; x_wconf 65' lang='lat' dir='ltr'><strong>sanctas</strong></span> <span class='ocrx_word' id='word_1_600' title='bbox 879 4332 934 4368; x_wconf 89' lang='lat' dir='ltr'><strong>se</strong></span> <span class='ocrx_word' id='word_1_601' title='bbox 967 4317 1242 4386; x_wconf 59' lang='lat' dir='ltr'><strong>transfert.</strong></span> <span class='ocrx_word' id='word_1_602' title='bbox 1272 4312 1409 4370; x_wconf 67' lang='lat' dir='ltr'><strong>Elin</strong></span> <span class='ocrx_word' id='word_1_603' title='bbox 1439 4321 1762 4386; x_wconf 73' lang='lat' dir='ltr'><strong>corporibus.</strong></span> <span class='ocrx_word' id='word_1_604' title='bbox 1797 4322 1812 4373; x_wconf 91' lang='grc' dir='ltr'><strong>Ι</strong></span> <span class='ocrx_word' id='word_1_605' title='bbox 1837 4312 1967 4377; x_wconf 66' lang='lat' dir='ltr'><strong>(lor.</strong></span> 
     </span>
    </p>
   </div>
   <div class='ocr_carea' id='block_1_84' title="bbox 402 4382 2042 4455">
    <p class='ocr_par' dir='ltr' id='par_1_84' title="bbox 402 4382 2042 4455">
     <span class='ocr_line' id='line_1_84' title="bbox 402 4382 2042 4455; baseline 0.007 -24"><span class='ocrx_word' id='word_1_606' title='bbox 402 4396 474 4445; x_wconf 79' lang='lat' dir='ltr'><strong>vi,</strong></span> <span class='ocrx_word' id='word_1_607' title='bbox 511 4393 570 4455; x_wconf 84' lang='lat' dir='ltr'><strong>et</strong></span> <span class='ocrx_word' id='word_1_608' title='bbox 623 4386 636 4435; x_wconf 94' lang='grc'><strong>1</strong></span> <span class='ocrx_word' id='word_1_609' title='bbox 695 4384 939 4442; x_wconf 81' lang='lat' dir='ltr'><strong>Thessal.</strong></span> <span class='ocrx_word' id='word_1_610' title='bbox 977 4400 1050 4437; x_wconf 90' lang='lat' dir='ltr'><strong>v:</strong></span> <span class='ocrx_word' id='word_1_611' title='bbox 1090 4382 1156 4437; x_wconf 81' lang='lat' dir='ltr'><strong>Ut</strong></span> <span class='ocrx_word' id='word_1_612' title='bbox 1219 4385 1428 4453; x_wconf 75' lang='lat' dir='ltr'><strong>integer</strong></span> <span class='ocrx_word' id='word_1_613' title='bbox 1476 4382 1698 4453; x_wconf 73' lang='lat' dir='ltr'><strong>spiritus</strong></span> <span class='ocrx_word' id='word_1_614' title='bbox 1757 4403 1959 4455; x_wconf 85' lang='lat' dir='ltr'><strong>vester,</strong></span> <span class='ocrx_word' id='word_1_615' title='bbox 1999 4382 2042 4435; x_wconf 81' lang='grc'><strong>0</strong></span> 
     </span>
    </p>
   </div>
   <div class='ocr_carea' id='block_1_85' title="bbox 400 4452 1960 4524">
    <p class='ocr_par' dir='ltr' id='par_1_85' title="bbox 400 4452 1960 4524">
     <span class='ocr_line' id='line_1_85' title="bbox 400 4452 1960 4524; baseline 0.007 -23"><span class='ocrx_word' id='word_1_616' title='bbox 400 4462 455 4501; x_wconf 89' lang='lat' dir='ltr'><strong>et</strong></span> <span class='ocrx_word' id='word_1_617' title='bbox 487 4452 691 4524; x_wconf 77' lang='lat' dir='ltr'><strong>anima,</strong></span> <span class='ocrx_word' id='word_1_618' title='bbox 723 4465 780 4524; x_wconf 83' lang='lat' dir='ltr'><strong>et</strong></span> <span class='ocrx_word' id='word_1_619' title='bbox 807 4470 1006 4524; x_wconf 87' lang='lat' dir='ltr'><strong>corpus</strong></span> <span class='ocrx_word' id='word_1_620' title='bbox 1036 4454 1154 4507; x_wconf 88' lang='lat' dir='ltr'><strong>sine</strong></span> <span class='ocrx_word' id='word_1_621' title='bbox 1182 4452 1403 4521; x_wconf 84' lang='lat' dir='ltr'><strong>querela</strong></span> <span class='ocrx_word' id='word_1_622' title='bbox 1430 4469 1702 4523; x_wconf 86' lang='lat' dir='ltr'><strong>servetur;</strong></span> <span class='ocrx_word' id='word_1_623' title='bbox 1733 4461 1833 4511; x_wconf 92' lang='lat' dir='ltr'><strong>hoc</strong></span> <span class='ocrx_word' id='word_1_624' title='bbox 1863 4452 1960 4512; x_wconf 54' lang='lat' dir='ltr'><strong>au;</strong></span> 
     </span>
    </p>
   </div>
   <div class='ocr_carea' id='block_1_86' title="bbox 400 4521 1963 4592">
    <p class='ocr_par' dir='ltr' id='par_1_86' title="bbox 400 4521 1963 4592">
     <span class='ocr_line' id='line_1_86' title="bbox 400 4521 1963 4592; baseline 0.004 -19"><span class='ocrx_word' id='word_1_625' title='bbox 400 4528 504 4573; x_wconf 69' lang='lat' dir='ltr'><strong>tem</strong></span> <span class='ocrx_word' id='word_1_626' title='bbox 539 4521 591 4573; x_wconf 86' lang='lat' dir='ltr'><strong>lit</strong></span> <span class='ocrx_word' id='word_1_627' title='bbox 614 4523 883 4577; x_wconf 84' lang='lat' dir='ltr'><strong>habitante</strong></span> <span class='ocrx_word' id='word_1_628' title='bbox 908 4521 1017 4576; x_wconf 81' lang='lat' dir='ltr'><strong>Deo</strong></span> <span class='ocrx_word' id='word_1_629' title='bbox 1046 4525 1096 4576; x_wconf 91' lang='lat' dir='ltr'><strong>in</strong></span> <span class='ocrx_word' id='word_1_630' title='bbox 1136 4537 1336 4581; x_wconf 86' lang='lat' dir='ltr'><strong>mente.</strong></span> <span class='ocrx_word' id='word_1_631' title='bbox 1366 4535 1419 4576; x_wconf 89' lang='lat' dir='ltr'><strong>et</strong></span> <span class='ocrx_word' id='word_1_632' title='bbox 1446 4527 1496 4577; x_wconf 91' lang='lat' dir='ltr'><strong>in</strong></span> <span class='ocrx_word' id='word_1_633' title='bbox 1532 4521 1738 4592; x_wconf 83' lang='lat' dir='ltr'><strong>anima,</strong></span> <span class='ocrx_word' id='word_1_634' title='bbox 1765 4539 1820 4582; x_wconf 91' lang='lat' dir='ltr'><strong>et</strong></span> <span class='ocrx_word' id='word_1_635' title='bbox 1840 4544 1963 4581; x_wconf 87' lang='lat' dir='ltr'><strong>cor-</strong></span> 
     </span>
    </p>
   </div>
   <div class='ocr_carea' id='block_1_87' title="bbox 398 4592 1961 4663">
    <p class='ocr_par' dir='ltr' id='par_1_87' title="bbox 398 4592 1961 4663">
     <span class='ocr_line' id='line_1_87' title="bbox 398 4592 1961 4663; baseline 0.008 -28"><span class='ocrx_word' id='word_1_636' title='bbox 398 4604 563 4663; x_wconf 67' lang='lat' dir='ltr'><strong>pore;</strong></span> <span class='ocrx_word' id='word_1_637' title='bbox 599 4602 828 4663; x_wconf 77' lang='lat' dir='ltr'><strong>mentem</strong></span> <span class='ocrx_word' id='word_1_638' title='bbox 871 4597 1082 4645; x_wconf 77' lang='lat' dir='ltr'><strong>vocavit</strong></span> <span class='ocrx_word' id='word_1_639' title='bbox 1123 4592 1212 4645; x_wconf 89' lang='lat' dir='ltr'><strong>hic</strong></span> <span class='ocrx_word' id='word_1_640' title='bbox 1263 4592 1459 4663; x_wconf 69' lang='lat' dir='ltr'><strong>Paulus</strong></span> <span class='ocrx_word' id='word_1_641' title='bbox 1488 4598 1737 4663; x_wconf 71' lang='lat' dir='ltr'><strong>spiritum</strong></span> <span class='ocrx_word' id='word_1_642' title='bbox 1769 4614 1785 4660; x_wconf 93' lang='lat'><strong>;</strong></span> <span class='ocrx_word' id='word_1_643' title='bbox 1837 4612 1891 4650; x_wconf 92' lang='lat' dir='ltr'><strong>et</strong></span> <span class='ocrx_word' id='word_1_644' title='bbox 1918 4597 1961 4652; x_wconf 92' lang='lat' dir='ltr'><strong>Il</strong></span> 
     </span>
    </p>
   </div>
   <div class='ocr_carea' id='block_1_88' title="bbox 396 4660 1963 4729">
    <p class='ocr_par' dir='ltr' id='par_1_88' title="bbox 396 4660 1963 4729">
     <span class='ocr_line' id='line_1_88' title="bbox 396 4660 1963 4729; baseline 0.008 -22"><span class='ocrx_word' id='word_1_645' title='bbox 396 4660 521 4709; x_wconf 68' lang='lat' dir='ltr'><strong>(Lor.</strong></span> <span class='ocrx_word' id='word_1_646' title='bbox 567 4675 652 4711; x_wconf 86' lang='lat' dir='ltr'><strong>vt:</strong></span> <span class='ocrx_word' id='word_1_647' title='bbox 682 4661 745 4712; x_wconf 77' lang='lat' dir='ltr'><strong>Et</strong></span> <span class='ocrx_word' id='word_1_648' title='bbox 779 4662 1085 4714; x_wconf 81' lang='lat' dir='ltr'><strong>inhabitahu</strong></span> <span class='ocrx_word' id='word_1_649' title='bbox 1129 4663 1180 4713; x_wconf 80' lang='grc' dir='ltr'><strong>ιιι</strong></span> <span class='ocrx_word' id='word_1_650' title='bbox 1203 4661 1325 4726; x_wconf 87' lang='lat' dir='ltr'><strong>illis,</strong></span> <span class='ocrx_word' id='word_1_651' title='bbox 1361 4660 1570 4715; x_wconf 74' lang='lat' dir='ltr'><strong>scilicet</strong></span> <span class='ocrx_word' id='word_1_652' title='bbox 1598 4667 1963 4729; x_wconf 82' lang='lat' dir='ltr'><strong>intuentibus,</strong></span> 
     </span>
    </p>
   </div>
   <div class='ocr_carea' id='block_1_89' title="bbox 395 4729 1953 4800">
    <p class='ocr_par' dir='ltr' id='par_1_89' title="bbox 395 4729 1953 4800">
     <span class='ocr_line' id='line_1_89' title="bbox 395 4729 1953 4800; baseline 0.008 -24"><span class='ocrx_word' id='word_1_653' title='bbox 395 4729 695 4800; x_wconf 64' lang='lat' dir='ltr'><strong>etauimis,</strong></span> <span class='ocrx_word' id='word_1_654' title='bbox 733 4732 1157 4800; x_wconf 73' lang='lat' dir='ltr'><strong>etcuiporibus.</strong></span> <span class='ocrx_word' id='word_1_655' title='bbox 1216 4730 1282 4781; x_wconf 73' lang='lat' dir='ltr'><strong>Et</strong></span> <span class='ocrx_word' id='word_1_656' title='bbox 1331 4733 1386 4782; x_wconf 83' lang='grc' dir='ltr'>ιη</span> <span class='ocrx_word' id='word_1_657' title='bbox 1434 4734 1580 4794; x_wconf 71' lang='lat' dir='ltr'><strong>caelo,</strong></span> <span class='ocrx_word' id='word_1_658' title='bbox 1610 4744 1656 4785; x_wconf 85' lang='lat' dir='ltr'><strong>et</strong></span> <span class='ocrx_word' id='word_1_659' title='bbox 1688 4737 1743 4788; x_wconf 86' lang='lat' dir='ltr'><strong>in</strong></span> <span class='ocrx_word' id='word_1_660' title='bbox 1788 4746 1953 4788; x_wconf 87' lang='lat' dir='ltr'><strong>terra.</strong></span> 
     </span>
    </p>
   </div>
   <div class='ocr_carea' id='block_1_90' title="bbox 322 4795 1961 4871">
    <p class='ocr_par' dir='ltr' id='par_1_90' title="bbox 322 4795 1961 4871">
     <span class='ocr_line' id='line_1_90' title="bbox 322 4795 1961 4871; baseline 0.009 -28"><span class='ocrx_word' id='word_1_661' title='bbox 322 4836 330 4848; x_wconf 88' lang='lat'><em>.</em></span> <span class='ocrx_word' id='word_1_662' title='bbox 396 4795 557 4871; x_wconf 57' lang='lat' dir='ltr'><strong>llier.</strong></span> <span class='ocrx_word' id='word_1_663' title='bbox 582 4812 737 4871; x_wconf 51' lang='grc' dir='ltr'><strong>ιιιιιιιἶ</strong></span> <span class='ocrx_word' id='word_1_664' title='bbox 772 4797 835 4851; x_wconf 75' lang='lat' dir='ltr'><strong>Et</strong></span> <span class='ocrx_word' id='word_1_665' title='bbox 867 4795 1027 4851; x_wconf 71' lang='lat' dir='ltr'><strong>sintut</strong></span> <span class='ocrx_word' id='word_1_666' title='bbox 1066 4801 1119 4857; x_wconf 79' lang='lat' dir='ltr'><strong>in</strong></span> <span class='ocrx_word' id='word_1_667' title='bbox 1160 4801 1337 4855; x_wconf 84' lang='lat' dir='ltr'><strong>eodem</strong></span> <span class='ocrx_word' id='word_1_668' title='bbox 1368 4804 1625 4856; x_wconf 68' lang='lat' dir='ltr'><strong>eumdem.</strong></span> <span class='ocrx_word' id='word_1_669' title='bbox 1656 4802 1763 4857; x_wconf 87' lang='lat' dir='ltr'><strong>lloc</strong></span> <span class='ocrx_word' id='word_1_670' title='bbox 1794 4820 1961 4871; x_wconf 78' lang='lat' dir='ltr'><strong>expo-</strong></span> 
     </span>
    </p>
   </div>
   <div class='ocr_carea' id='block_1_91' title="bbox 400 4864 1962 4989">
    <p class='ocr_par' dir='ltr' id='par_1_91' title="bbox 400 4864 1962 4989">
     <span class='ocr_line' id='line_1_91' title="bbox 400 4864 1962 4989; baseline 0.006 -72"><span class='ocrx_word' id='word_1_671' title='bbox 400 4864 477 4917; x_wconf 89' lang='lat' dir='ltr'><strong>nit</strong></span> <span class='ocrx_word' id='word_1_672' title='bbox 509 4865 649 4918; x_wconf 78' lang='lat' dir='ltr'><strong>itlem</strong></span> <span class='ocrx_word' id='word_1_673' title='bbox 686 4866 977 4989; x_wconf 57' lang='lat' dir='ltr'><strong>DiuttIsius</strong></span> <span class='ocrx_word' id='word_1_674' title='bbox 1010 4886 1131 4937; x_wconf 80' lang='lat' dir='ltr'><strong>cap.</strong></span> <span class='ocrx_word' id='word_1_675' title='bbox 1156 4884 1207 4921; x_wconf 80' lang='lat' dir='ltr'><strong>ix</strong></span> <span class='ocrx_word' id='word_1_676' title='bbox 1247 4874 1315 4921; x_wconf 91' lang='lat' dir='ltr'><strong>de</strong></span> <span class='ocrx_word' id='word_1_677' title='bbox 1346 4886 1560 4939; x_wconf 78' lang='lat' dir='ltr'><strong>magno,</strong></span> <span class='ocrx_word' id='word_1_678' title='bbox 1615 4885 1666 4924; x_wconf 87' lang='lat' dir='ltr'><strong>ct</strong></span> <span class='ocrx_word' id='word_1_679' title='bbox 1698 4864 1882 4941; x_wconf 64' lang='lat' dir='ltr'><strong>parvo,</strong></span> <span class='ocrx_word' id='word_1_680' title='bbox 1908 4884 1962 4927; x_wconf 89' lang='lat' dir='ltr'><strong>et</strong></span> 
     </span>
     <span class='ocr_line' id='line_1_92' title="bbox 400 4936 1959 4989; baseline 0.004 -6"><span class='ocrx_word' id='word_1_681' title='bbox 400 4939 610 4989; x_wconf 78' lang='lat' dir='ltr'><strong>rudem.</strong></span> <span class='ocrx_word' id='word_1_682' title='bbox 673 4945 777 4988; x_wconf 88' lang='lat' dir='ltr'><strong>etc.</strong></span> <span class='ocrx_word' id='word_1_683' title='bbox 849 4953 880 4988; x_wconf 87' lang='grc' dir='ltr'><strong>ιι</strong></span> <span class='ocrx_word' id='word_1_684' title='bbox 928 4946 1135 4989; x_wconf 83' lang='lat' dir='ltr'><strong>mundo.</strong></span> <span class='ocrx_word' id='word_1_685' title='bbox 1184 4936 1342 4989; x_wconf 81' lang='lat' dir='ltr'><strong>Joatt.</strong></span> <span class='ocrx_word' id='word_1_686' title='bbox 1399 4955 1436 4989; x_wconf 91' lang='grc' dir='ltr'>ι.</span> <span class='ocrx_word' id='word_1_687' title='bbox 1494 4940 1647 4989; x_wconf 75' lang='lat' dir='ltr'><strong>Circa</strong></span> <span class='ocrx_word' id='word_1_688' title='bbox 1684 4945 1959 4989; x_wconf 78' lang='lat' dir='ltr'><strong>ntundnm-</strong></span> 
     </span>
    </p>
   </div>
   <div class='ocr_carea' id='block_1_92' title="bbox 394 4936 1959 4996">
    <p class='ocr_par' dir='ltr' id='par_1_92' title="bbox 394 4936 1959 4996">
     <span class='ocr_line' id='line_1_93' title="bbox 394 4936 1959 4996; baseline 0.008 -13"><span class='ocrx_word' id='word_1_689' title='bbox 394 4939 610 4992; x_wconf 75' lang='lat' dir='ltr'><strong>cmlctu.</strong></span> <span class='ocrx_word' id='word_1_690' title='bbox 673 4945 777 4988; x_wconf 88' lang='lat' dir='ltr'><strong>etc.</strong></span> <span class='ocrx_word' id='word_1_691' title='bbox 816 4936 880 4989; x_wconf 81' lang='lat' dir='ltr'><strong>In</strong></span> <span class='ocrx_word' id='word_1_692' title='bbox 928 4936 1135 4993; x_wconf 83' lang='lat' dir='ltr'><strong>mundo.</strong></span> <span class='ocrx_word' id='word_1_693' title='bbox 1184 4936 1342 4995; x_wconf 81' lang='lat' dir='ltr'><strong>Joatt.</strong></span> <span class='ocrx_word' id='word_1_694' title='bbox 1399 4936 1459 4990; x_wconf 70' lang='grc' dir='ltr'><strong>ι.’</strong></span> <span class='ocrx_word' id='word_1_695' title='bbox 1494 4940 1647 4993; x_wconf 76' lang='lat' dir='ltr'><strong>Circa</strong></span> <span class='ocrx_word' id='word_1_696' title='bbox 1684 4936 1959 4996; x_wconf 73' lang='lat' dir='ltr'><strong>inundant.</strong></span> 
     </span>
    </p>
   </div>
   <div class='ocr_carea' id='block_1_93' title="bbox 395 4998 1965 5077">
    <p class='ocr_par' dir='ltr' id='par_1_93' title="bbox 395 4998 1965 5077">
     <span class='ocr_line' id='line_1_94' title="bbox 395 4998 1965 5077; baseline 0.008 -23"><span class='ocrx_word' id='word_1_697' title='bbox 395 4998 541 5054; x_wconf 74' lang='lat' dir='ltr'><strong>Eccli</strong></span> <span class='ocrx_word' id='word_1_698' title='bbox 572 5004 922 5077; x_wconf 77' lang='lat' dir='ltr'><strong>xuu._Super</strong></span> <span class='ocrx_word' id='word_1_699' title='bbox 953 5011 1225 5077; x_wconf 67' lang='lat' dir='ltr'><strong>mundum.</strong></span> <span class='ocrx_word' id='word_1_700' title='bbox 1263 5005 1364 5060; x_wconf 87' lang='lat' dir='ltr'><strong>lsa.</strong></span> <span class='ocrx_word' id='word_1_701' title='bbox 1391 5024 1536 5063; x_wconf 78' lang='lat' dir='ltr'><strong>vat.</strong></span> <span class='ocrx_word' id='word_1_702' title='bbox 1575 5010 1752 5077; x_wconf 78' lang='lat' dir='ltr'><strong>Supra</strong></span> <span class='ocrx_word' id='word_1_703' title='bbox 1780 5014 1965 5066; x_wconf 83' lang='lat' dir='ltr'><strong>cwlum</strong></span> 
     </span>
    </p>
   </div>
   <div class='ocr_carea' id='block_1_94' title="bbox 393 5075 1963 5150">
    <p class='ocr_par' dir='ltr' id='par_1_94' title="bbox 393 5075 1963 5150">
     <span class='ocr_line' id='line_1_95' title="bbox 393 5075 1963 5150; baseline 0.009 -29"><span class='ocrx_word' id='word_1_704' title='bbox 393 5082 440 5147; x_wconf 75' lang='lat' dir='ltr'><strong>et</strong></span> <span class='ocrx_word' id='word_1_705' title='bbox 474 5083 633 5150; x_wconf 67' lang='lat' dir='ltr'><strong>supra</strong></span> <span class='ocrx_word' id='word_1_706' title='bbox 656 5075 1036 5150; x_wconf 71' lang='lat' dir='ltr'><strong>substantiam.</strong></span> <span class='ocrx_word' id='word_1_707' title='bbox 1078 5075 1167 5131; x_wconf 82' lang='lat' dir='ltr'><strong>l&#39;s.</strong></span> <span class='ocrx_word' id='word_1_708' title='bbox 1199 5089 1341 5150; x_wconf 56' lang='lat' dir='ltr'><strong>calt.</strong></span> <span class='ocrx_word' id='word_1_709' title='bbox 1370 5077 1494 5144; x_wconf 81' lang='lat' dir='ltr'><strong>Sup.</strong></span> <span class='ocrx_word' id='word_1_710' title='bbox 1518 5095 1554 5150; x_wconf 4' lang='lat' dir='ltr'><strong>rp</strong></span> <span class='ocrx_word' id='word_1_711' title='bbox 1575 5075 1744 5133; x_wconf 73' lang='lat' dir='ltr'><strong>rwlos</strong></span> <span class='ocrx_word' id='word_1_712' title='bbox 1791 5081 1963 5150; x_wconf 73' lang='lat' dir='ltr'><strong>gloria</strong></span> 
     </span>
    </p>
   </div>
   <div class='ocr_carea' id='block_1_95' title="bbox 394 5143 1967 5218">
    <p class='ocr_par' dir='ltr' id='par_1_95' title="bbox 394 5143 1967 5218">
     <span class='ocr_line' id='line_1_96' title="bbox 394 5143 1967 5218; baseline 0.008 -26"><span class='ocrx_word' id='word_1_713' title='bbox 394 5143 537 5208; x_wconf 75' lang='lat' dir='ltr'><strong>ejus.</strong></span> <span class='ocrx_word' id='word_1_714' title='bbox 575 5143 776 5198; x_wconf 72' lang='lat' dir='ltr'><strong>Solem.</strong></span> <span class='ocrx_word' id='word_1_715' title='bbox 832 5145 1064 5199; x_wconf 74' lang='lat' dir='ltr'><strong>Malath.</strong></span> <span class='ocrx_word' id='word_1_716' title='bbox 1120 5161 1194 5200; x_wconf 89' lang='lat' dir='ltr'><strong>tv.</strong></span> <span class='ocrx_word' id='word_1_717' title='bbox 1229 5143 1472 5201; x_wconf 76' lang='lat' dir='ltr'><strong>Stellam.</strong></span> <span class='ocrx_word' id='word_1_718' title='bbox 1532 5148 1701 5218; x_wconf 81' lang='lat' dir='ltr'><strong>Apoc.</strong></span> <span class='ocrx_word' id='word_1_719' title='bbox 1754 5143 1967 5207; x_wconf 72' lang='lat' dir='ltr'><strong>ultimo.</strong></span> 
     </span>
    </p>
   </div>
   <div class='ocr_carea' id='block_1_96' title="bbox 2085 3978 3635 4050">
    <p class='ocr_par' dir='ltr' id='par_1_96' title="bbox 2085 3978 3635 4050">
     <span class='ocr_line' id='line_1_97' title="bbox 2085 3978 3635 4050; baseline 0.002 -18"><span class='ocrx_word' id='word_1_720' title='bbox 2085 3979 2289 4050; x_wconf 72' lang='lat' dir='ltr'><strong>Ignem.</strong></span> <span class='ocrx_word' id='word_1_721' title='bbox 2324 3981 2475 4034; x_wconf 91' lang='lat' dir='ltr'><strong>Deut.</strong></span> <span class='ocrx_word' id='word_1_722' title='bbox 2506 3996 2575 4034; x_wconf 90' lang='lat' dir='ltr'><strong>tv.</strong></span> <span class='ocrx_word' id='word_1_723' title='bbox 2605 3980 2827 4047; x_wconf 81' lang='lat' dir='ltr'><strong>Aquam.</strong></span> <span class='ocrx_word' id='word_1_724' title='bbox 2863 3978 3022 4033; x_wconf 86' lang='lat' dir='ltr'><strong>Joan.</strong></span> <span class='ocrx_word' id='word_1_725' title='bbox 3057 3995 3153 4034; x_wconf 83' lang='lat' dir='ltr'><strong>vti.</strong></span> <span class='ocrx_word' id='word_1_726' title='bbox 3176 3980 3461 4049; x_wconf 80' lang='lat' dir='ltr'><strong>Spiritum.</strong></span> <span class='ocrx_word' id='word_1_727' title='bbox 3490 3980 3635 4035; x_wconf 79' lang='lat' dir='ltr'><strong>Joan.</strong></span> 
     </span>
    </p>
   </div>
   <div class='ocr_carea' id='block_1_97' title="bbox 2083 4050 3638 4116">
    <p class='ocr_par' dir='ltr' id='par_1_97' title="bbox 2083 4050 3638 4116">
     <span class='ocr_line' id='line_1_98' title="bbox 2083 4050 3638 4116; baseline -0.001 -14"><span class='ocrx_word' id='word_1_728' title='bbox 2083 4067 2153 4103; x_wconf 88' lang='lat' dir='ltr'><strong>tv.</strong></span> <span class='ocrx_word' id='word_1_729' title='bbox 2182 4050 2389 4103; x_wconf 82' lang='lat' dir='ltr'><strong>Rorem.</strong></span> <span class='ocrx_word' id='word_1_730' title='bbox 2417 4056 2572 4103; x_wconf 81' lang='lat' dir='ltr'><strong>Osee.</strong></span> <span class='ocrx_word' id='word_1_731' title='bbox 2608 4066 2714 4102; x_wconf 68' lang='lat' dir='ltr'><strong>HV.</strong></span> <span class='ocrx_word' id='word_1_732' title='bbox 2747 4050 2971 4103; x_wconf 79' lang='lat' dir='ltr'><strong>Nubem.</strong></span> <span class='ocrx_word' id='word_1_733' title='bbox 3022 4050 3179 4104; x_wconf 84' lang='lat' dir='ltr'><strong>Osce.</strong></span> <span class='ocrx_word' id='word_1_734' title='bbox 3202 4067 3275 4104; x_wconf 86' lang='lat' dir='ltr'><strong>vt.</strong></span> <span class='ocrx_word' id='word_1_735' title='bbox 3310 4052 3412 4103; x_wconf 83' lang='lat' dir='ltr'><strong>l’er</strong></span> <span class='ocrx_word' id='word_1_736' title='bbox 3434 4067 3487 4104; x_wconf 80' lang='lat' dir='ltr'><strong>se</strong></span> <span class='ocrx_word' id='word_1_737' title='bbox 3514 4052 3638 4116; x_wconf 82' lang='lat' dir='ltr'><strong>lapi-</strong></span> 
     </span>
    </p>
   </div>
   <div class='ocr_carea' id='block_1_98' title="bbox 2079 4118 3637 4173">
    <p class='ocr_par' dir='ltr' id='par_1_98' title="bbox 2079 4118 3637 4173">
     <span class='ocr_line' id='line_1_99' title="bbox 2079 4118 3637 4173; baseline 0 -1"><span class='ocrx_word' id='word_1_738' title='bbox 2079 4120 2195 4172; x_wconf 84' lang='lat' dir='ltr'><strong>dem</strong></span> <span class='ocrx_word' id='word_1_739' title='bbox 2229 4120 2523 4172; x_wconf 81' lang='grc' dir='ltr'><strong>αὑτόλιοον.</strong></span> <span class='ocrx_word' id='word_1_740' title='bbox 2554 4118 2643 4171; x_wconf 87' lang='lat' dir='ltr'><strong>Ps.</strong></span> <span class='ocrx_word' id='word_1_741' title='bbox 2680 4134 2847 4171; x_wconf 74' lang='lat' dir='ltr'><strong>Lxu.</strong></span> <span class='ocrx_word' id='word_1_742' title='bbox 2881 4120 3013 4171; x_wconf 86' lang='lat' dir='ltr'><strong>Esse</strong></span> <span class='ocrx_word' id='word_1_743' title='bbox 3044 4122 3187 4171; x_wconf 91' lang='lat' dir='ltr'><strong>enim</strong></span> <span class='ocrx_word' id='word_1_744' title='bbox 3233 4120 3637 4173; x_wconf 62' lang='lat' dir='ltr'><strong>fundamentum</strong></span> 
     </span>
    </p>
   </div>
   <div class='ocr_carea' id='block_1_99' title="bbox 2078 4190 3639 4258">
    <p class='ocr_par' dir='ltr' id='par_1_99' title="bbox 2078 4190 3639 4258">
     <span class='ocr_line' id='line_1_100' title="bbox 2078 4190 3639 4258; baseline 0 -19"><span class='ocrx_word' id='word_1_745' title='bbox 2078 4192 2307 4258; x_wconf 75' lang='lat' dir='ltr'><strong>propria:</strong></span> <span class='ocrx_word' id='word_1_746' title='bbox 2334 4190 2572 4250; x_wconf 88' lang='lat' dir='ltr'><strong>virtutis,</strong></span> <span class='ocrx_word' id='word_1_747' title='bbox 2603 4199 2654 4240; x_wconf 91' lang='lat' dir='ltr'><strong>ct</strong></span> <span class='ocrx_word' id='word_1_748' title='bbox 2679 4203 2774 4257; x_wconf 85' lang='lat' dir='ltr'><strong>per</strong></span> <span class='ocrx_word' id='word_1_749' title='bbox 2801 4202 2878 4253; x_wconf 85' lang='lat' dir='ltr'><strong>se,</strong></span> <span class='ocrx_word' id='word_1_750' title='bbox 2904 4190 3121 4241; x_wconf 76' lang='lat' dir='ltr'><strong>Christo</strong></span> <span class='ocrx_word' id='word_1_751' title='bbox 3150 4194 3408 4241; x_wconf 79' lang='lat' dir='ltr'><strong>convenit</strong></span> <span class='ocrx_word' id='word_1_752' title='bbox 3432 4198 3639 4256; x_wconf 79' lang='lat' dir='ltr'><strong>propter</strong></span> 
     </span>
    </p>
   </div>
   <div class='ocr_carea' id='block_1_100' title="bbox 2078 4258 3635 4325">
    <p class='ocr_par' dir='ltr' id='par_1_100' title="bbox 2078 4258 3635 4325">
     <span class='ocr_line' id='line_1_101' title="bbox 2078 4258 3635 4325; baseline -0.001 -15"><span class='ocrx_word' id='word_1_753' title='bbox 2078 4260 2440 4317; x_wconf 83' lang='lat' dir='ltr'><strong>divinitatem,</strong></span> <span class='ocrx_word' id='word_1_754' title='bbox 2474 4272 2595 4325; x_wconf 76' lang='lat' dir='ltr'><strong>quae</strong></span> <span class='ocrx_word' id='word_1_755' title='bbox 2637 4272 2739 4309; x_wconf 91' lang='lat' dir='ltr'><strong>una</strong></span> <span class='ocrx_word' id='word_1_756' title='bbox 2776 4266 2829 4308; x_wconf 78' lang='lat' dir='ltr'><strong>et</strong></span> <span class='ocrx_word' id='word_1_757' title='bbox 2876 4258 3059 4309; x_wconf 82' lang='lat' dir='ltr'><strong>eadem</strong></span> <span class='ocrx_word' id='word_1_758' title='bbox 3092 4271 3177 4310; x_wconf 76' lang='grc' dir='ltr'><strong>ρει</strong></span> <span class='ocrx_word' id='word_1_759' title='bbox 3219 4258 3275 4309; x_wconf 89' lang='lat' dir='ltr'><strong>in</strong></span> <span class='ocrx_word' id='word_1_760' title='bbox 3312 4261 3489 4311; x_wconf 88' lang='lat' dir='ltr'><strong>tribus</strong></span> <span class='ocrx_word' id='word_1_761' title='bbox 3518 4272 3635 4324; x_wconf 85' lang='lat' dir='ltr'><strong>per-</strong></span> 
     </span>
    </p>
   </div>
   <div class='ocr_carea' id='block_1_101' title="bbox 2076 4325 3639 4397">
    <p class='ocr_par' dir='ltr' id='par_1_101' title="bbox 2076 4325 3639 4397">
     <span class='ocr_line' id='line_1_102' title="bbox 2076 4325 3639 4397; baseline -0.002 -16"><span class='ocrx_word' id='word_1_762' title='bbox 2076 4331 2250 4390; x_wconf 72' lang='lat' dir='ltr'><strong>simis,</strong></span> <span class='ocrx_word' id='word_1_763' title='bbox 2280 4344 2398 4397; x_wconf 63' lang='lat' dir='ltr'><strong>quae</strong></span> <span class='ocrx_word' id='word_1_764' title='bbox 2429 4329 2552 4380; x_wconf 77' lang='lat' dir='ltr'><strong>fecit</strong></span> <span class='ocrx_word' id='word_1_765' title='bbox 2578 4329 2628 4377; x_wconf 81' lang='grc' dir='ltr'><strong>ιιι</strong></span> <span class='ocrx_word' id='word_1_766' title='bbox 2660 4327 2774 4392; x_wconf 91' lang='lat' dir='ltr'><strong>ipso</strong></span> <span class='ocrx_word' id='word_1_767' title='bbox 2804 4325 3046 4397; x_wconf 73' lang='lat' dir='ltr'><strong>Christo,</strong></span> <span class='ocrx_word' id='word_1_768' title='bbox 3076 4343 3294 4379; x_wconf 82' lang='lat' dir='ltr'><strong>summo</strong></span> <span class='ocrx_word' id='word_1_769' title='bbox 3332 4326 3509 4397; x_wconf 83' lang='lat' dir='ltr'><strong>lapide</strong></span> <span class='ocrx_word' id='word_1_770' title='bbox 3548 4342 3639 4379; x_wconf 85' lang='lat' dir='ltr'><strong>att-</strong></span> 
     </span>
    </p>
   </div>
   <div class='ocr_carea' id='block_1_102' title="bbox 2110 4394 3632 4463">
    <p class='ocr_par' dir='ltr' id='par_1_102' title="bbox 2110 4394 3632 4463">
     <span class='ocr_line' id='line_1_103' title="bbox 2110 4394 3632 4463; baseline 0 -16"><span class='ocrx_word' id='word_1_771' title='bbox 2110 4399 2266 4460; x_wconf 79' lang='lat' dir='ltr'><strong>ulari,</strong></span> <span class='ocrx_word' id='word_1_772' title='bbox 2299 4394 2549 4463; x_wconf 45' lang='lat' dir='ltr'><strong>&#39;utraque</strong></span> <span class='ocrx_word' id='word_1_773' title='bbox 2586 4409 2753 4463; x_wconf 85' lang='lat' dir='ltr'><strong>unum</strong></span> <span class='ocrx_word' id='word_1_774' title='bbox 2784 4394 2868 4445; x_wconf 90' lang='lat' dir='ltr'><strong>cui</strong></span> <span class='ocrx_word' id='word_1_775' title='bbox 2896 4400 3151 4448; x_wconf 86' lang='lat' dir='ltr'><strong>convenit</strong></span> <span class='ocrx_word' id='word_1_776' title='bbox 3190 4411 3315 4448; x_wconf 89' lang='lat' dir='ltr'><strong>csse</strong></span> <span class='ocrx_word' id='word_1_777' title='bbox 3342 4394 3632 4448; x_wconf 78' lang='grc' dir='ltr'><strong>αὑτόλιθον.</strong></span> 
     </span>
    </p>
   </div>
   <div class='ocr_carea' id='block_1_103' title="bbox 2070 4412 3634 4531">
    <p class='ocr_par' dir='ltr' id='par_1_103' title="bbox 2070 4412 3634 4531">
     <span class='ocr_line' id='line_1_104' title="bbox 2110 4412 3632 4463; baseline 0 -16"><span class='ocrx_word' id='word_1_778' title='bbox 2110 4412 2266 4460; x_wconf 82' lang='lat' dir='ltr'><strong>utan,</strong></span> <span class='ocrx_word' id='word_1_779' title='bbox 2324 4412 2549 4463; x_wconf 88' lang='lat' dir='ltr'><strong>utraque</strong></span> <span class='ocrx_word' id='word_1_780' title='bbox 2586 4412 2753 4446; x_wconf 90' lang='lat' dir='ltr'><strong>unum</strong></span> <span class='ocrx_word' id='word_1_781' title='bbox 2784 4412 2868 4445; x_wconf 86' lang='lat' dir='ltr'><strong>CUI</strong></span> <span class='ocrx_word' id='word_1_782' title='bbox 2896 4412 3151 4448; x_wconf 79' lang='lat' dir='ltr'><strong>convenit</strong></span> <span class='ocrx_word' id='word_1_783' title='bbox 3190 4412 3315 4448; x_wconf 87' lang='lat' dir='ltr'><strong>esse</strong></span> <span class='ocrx_word' id='word_1_784' title='bbox 3342 4412 3632 4448; x_wconf 72' lang='grc' dir='ltr'><strong>αυτσΑιυον.</strong></span> 
     </span>
     <span class='ocr_line' id='line_1_105' title="bbox 2070 4412 3634 4531; baseline -0.001 -14"><span class='ocrx_word' id='word_1_785' title='bbox 2070 4412 2304 4517; x_wconf 51' lang='lat' dir='ltr'><strong>f’ctrum.</strong></span> <span class='ocrx_word' id='word_1_786' title='bbox 2370 4464 2527 4518; x_wconf 87' lang='lat' dir='ltr'><strong>lCor.</strong></span> <span class='ocrx_word' id='word_1_787' title='bbox 2564 4480 2615 4516; x_wconf 77' lang='grc' dir='ltr'>ιι.</span> <span class='ocrx_word' id='word_1_788' title='bbox 2656 4462 2754 4515; x_wconf 78' lang='lat' dir='ltr'><strong>Est</strong></span> <span class='ocrx_word' id='word_1_789' title='bbox 2781 4463 2943 4531; x_wconf 76' lang='lat' dir='ltr'><strong>igitur</strong></span> <span class='ocrx_word' id='word_1_790' title='bbox 2975 4462 3038 4517; x_wconf 81' lang='grc' dir='ltr'><strong>Β.</strong></span> <span class='ocrx_word' id='word_1_791' title='bbox 3086 4464 3281 4517; x_wconf 85' lang='lat' dir='ltr'><strong>Petrus</strong></span> <span class='ocrx_word' id='word_1_792' title='bbox 3318 4474 3403 4531; x_wconf 77' lang='lat' dir='ltr'><strong>(ut</strong></span> <span class='ocrx_word' id='word_1_793' title='bbox 3444 4466 3634 4531; x_wconf 89' lang='lat' dir='ltr'><strong>ubique</strong></span> 
     </span>
    </p>
   </div>
   <div class='ocr_carea' id='block_1_104' title="bbox 2072 4530 3637 4600">
    <p class='ocr_par' dir='ltr' id='par_1_104' title="bbox 2072 4530 3637 4600">
     <span class='ocr_line' id='line_1_106' title="bbox 2072 4530 3637 4600; baseline -0.001 -14"><span class='ocrx_word' id='word_1_794' title='bbox 2072 4536 2343 4587; x_wconf 66' lang='lat' dir='ltr'><strong>haereticis</strong></span> <span class='ocrx_word' id='word_1_795' title='bbox 2371 4532 2541 4586; x_wconf 80' lang='lat' dir='ltr'><strong>nostri</strong></span> <span class='ocrx_word' id='word_1_796' title='bbox 2567 4530 2825 4598; x_wconf 86' lang='lat' dir='ltr'><strong>temporis</strong></span> <span class='ocrx_word' id='word_1_797' title='bbox 2852 4535 3242 4599; x_wconf 83' lang='lat' dir='ltr'><strong>occurramus)</strong></span> <span class='ocrx_word' id='word_1_798' title='bbox 3275 4530 3429 4600; x_wconf 88' lang='lat' dir='ltr'><strong>petra</strong></span> <span class='ocrx_word' id='word_1_799' title='bbox 3462 4530 3637 4585; x_wconf 72' lang='lat' dir='ltr'><strong>Eccle-</strong></span> 
     </span>
    </p>
   </div>
   <div class='ocr_carea' id='block_1_105' title="bbox 2072 4601 3636 4670">
    <p class='ocr_par' dir='ltr' id='par_1_105' title="bbox 2072 4601 3636 4670">
     <span class='ocr_line' id='line_1_107' title="bbox 2072 4601 3636 4670; baseline -0.002 -15"><span class='ocrx_word' id='word_1_800' title='bbox 2072 4617 2187 4664; x_wconf 63' lang='grc' dir='ltr'><strong>βω,</strong></span> <span class='ocrx_word' id='word_1_801' title='bbox 2230 4612 2286 4653; x_wconf 86' lang='grc' dir='ltr'><strong>ιιι</strong></span> <span class='ocrx_word' id='word_1_802' title='bbox 2332 4601 2681 4670; x_wconf 73' lang='lat' dir='ltr'><strong>Evangeliuut</strong></span> <span class='ocrx_word' id='word_1_803' title='bbox 2720 4608 2990 4663; x_wconf 86' lang='lat' dir='ltr'><strong>testatur;</strong></span> <span class='ocrx_word' id='word_1_804' title='bbox 3024 4617 3129 4654; x_wconf 93' lang='lat' dir='ltr'><strong>non</strong></span> <span class='ocrx_word' id='word_1_805' title='bbox 3164 4610 3348 4655; x_wconf 83' lang='lat' dir='ltr'><strong>tamen</strong></span> <span class='ocrx_word' id='word_1_806' title='bbox 3382 4614 3463 4657; x_wconf 86' lang='lat' dir='ltr'><strong>est</strong></span> <span class='ocrx_word' id='word_1_807' title='bbox 3488 4602 3636 4653; x_wconf 80' lang='grc' dir='ltr'><strong>αὑτό-</strong></span> 
     </span>
    </p>
   </div>
   <div class='ocr_carea' id='block_1_106' title="bbox 2072 4670 3639 4740">
    <p class='ocr_par' dir='ltr' id='par_1_106' title="bbox 2072 4670 3639 4740">
     <span class='ocr_line' id='line_1_108' title="bbox 2072 4670 3639 4740; baseline 0.001 -19"><span class='ocrx_word' id='word_1_808' title='bbox 2072 4670 2236 4736; x_wconf 79' lang='grc' dir='ltr'><strong>λιϐυς,</strong></span> <span class='ocrx_word' id='word_1_809' title='bbox 2266 4688 2362 4725; x_wconf 89' lang='lat' dir='ltr'><strong>nec</strong></span> <span class='ocrx_word' id='word_1_810' title='bbox 2386 4672 2713 4737; x_wconf 66' lang='lat' dir='ltr'><strong>abronétpa,</strong></span> <span class='ocrx_word' id='word_1_811' title='bbox 2740 4670 2789 4720; x_wconf 92' lang='lat' dir='ltr'><strong>id</strong></span> <span class='ocrx_word' id='word_1_812' title='bbox 2825 4678 2930 4734; x_wconf 80' lang='lat' dir='ltr'><strong>est,</strong></span> <span class='ocrx_word' id='word_1_813' title='bbox 2958 4686 3051 4737; x_wconf 87' lang='lat' dir='ltr'><strong>per</strong></span> <span class='ocrx_word' id='word_1_814' title='bbox 3074 4686 3133 4723; x_wconf 91' lang='lat' dir='ltr'><strong>se</strong></span> <span class='ocrx_word' id='word_1_815' title='bbox 3161 4671 3322 4739; x_wconf 90' lang='lat' dir='ltr'><strong>lapis,</strong></span> <span class='ocrx_word' id='word_1_816' title='bbox 3352 4674 3433 4724; x_wconf 88' lang='lat' dir='ltr'><strong>vel</strong></span> <span class='ocrx_word' id='word_1_817' title='bbox 3458 4688 3549 4740; x_wconf 80' lang='lat' dir='ltr'><strong>per</strong></span> <span class='ocrx_word' id='word_1_818' title='bbox 3581 4685 3639 4723; x_wconf 85' lang='lat' dir='ltr'><strong>se</strong></span> 
     </span>
    </p>
   </div>
   <div class='ocr_carea' id='block_1_107' title="bbox 2073 4740 3637 4809">
    <p class='ocr_par' dir='ltr' id='par_1_107' title="bbox 2073 4740 3637 4809">
     <span class='ocr_line' id='line_1_109' title="bbox 2073 4740 3637 4809; baseline 0.003 -22"><span class='ocrx_word' id='word_1_819' title='bbox 2073 4752 2264 4805; x_wconf 83' lang='lat' dir='ltr'><strong>petra;</strong></span> <span class='ocrx_word' id='word_1_820' title='bbox 2302 4756 2471 4809; x_wconf 82' lang='lat' dir='ltr'><strong>neque</strong></span> <span class='ocrx_word' id='word_1_821' title='bbox 2499 4740 2542 4794; x_wconf 90' lang='lat' dir='ltr'><strong>si</strong></span> <span class='ocrx_word' id='word_1_822' title='bbox 2576 4754 2813 4803; x_wconf 88' lang='lat' dir='ltr'><strong>unquam</strong></span> <span class='ocrx_word' id='word_1_823' title='bbox 2853 4740 2904 4809; x_wconf 86' lang='lat' dir='ltr'><strong>in</strong></span> <span class='ocrx_word' id='word_1_824' title='bbox 2962 4741 3243 4808; x_wconf 72' lang='lat' dir='ltr'><strong>Scriptura</strong></span> <span class='ocrx_word' id='word_1_825' title='bbox 3282 4754 3536 4809; x_wconf 77' lang='lat' dir='ltr'><strong>voratur,</strong></span> <span class='ocrx_word' id='word_1_826' title='bbox 3582 4749 3637 4791; x_wconf 88' lang='lat' dir='ltr'><strong>ttt</strong></span> 
     </span>
    </p>
   </div>
   <div class='ocr_carea' id='block_1_108' title="bbox 2066 4808 3630 4877">
    <p class='ocr_par' dir='ltr' id='par_1_108' title="bbox 2066 4808 3630 4877">
     <span class='ocr_line' id='line_1_110' title="bbox 2066 4808 3630 4877; baseline -0.002 -17"><span class='ocrx_word' id='word_1_827' title='bbox 2066 4812 2318 4865; x_wconf 69' lang='lat' dir='ltr'><strong>Christus</strong></span> <span class='ocrx_word' id='word_1_828' title='bbox 2356 4808 2499 4862; x_wconf 84' lang='lat' dir='ltr'><strong>Deus</strong></span> <span class='ocrx_word' id='word_1_829' title='bbox 2551 4815 2755 4869; x_wconf 82' lang='lat' dir='ltr'><strong>noster,</strong></span> <span class='ocrx_word' id='word_1_830' title='bbox 2791 4808 2883 4875; x_wconf 90' lang='lat' dir='ltr'><strong>qui</strong></span> <span class='ocrx_word' id='word_1_831' title='bbox 2920 4809 2999 4860; x_wconf 89' lang='lat' dir='ltr'><strong>sic</strong></span> <span class='ocrx_word' id='word_1_832' title='bbox 3029 4823 3111 4861; x_wconf 88' lang='lat' dir='ltr'><strong>est</strong></span> <span class='ocrx_word' id='word_1_833' title='bbox 3136 4808 3539 4877; x_wconf 71' lang='grc' dir='ltr'><strong>αὑτοθιμόλιος,</strong></span> <span class='ocrx_word' id='word_1_834' title='bbox 3582 4811 3630 4859; x_wconf 90' lang='lat' dir='ltr'><strong>id</strong></span> 
     </span>
    </p>
   </div>
   <div class='ocr_carea' id='block_1_109' title="bbox 2062 4882 3641 4946">
    <p class='ocr_par' dir='ltr' id='par_1_109' title="bbox 2062 4882 3641 4946">
     <span class='ocr_line' id='line_1_111' title="bbox 2062 4882 3641 4946; baseline -0.001 -16"><span class='ocrx_word' id='word_1_835' title='bbox 2062 4887 2165 4943; x_wconf 87' lang='lat' dir='ltr'><strong>est,</strong></span> <span class='ocrx_word' id='word_1_836' title='bbox 2202 4895 2293 4946; x_wconf 89' lang='lat' dir='ltr'><strong>per</strong></span> <span class='ocrx_word' id='word_1_837' title='bbox 2328 4895 2384 4934; x_wconf 88' lang='lat' dir='ltr'><strong>se</strong></span> <span class='ocrx_word' id='word_1_838' title='bbox 2414 4882 2842 4939; x_wconf 85' lang='lat' dir='ltr'><strong>lundamentutn,</strong></span> <span class='ocrx_word' id='word_1_839' title='bbox 2884 4888 3077 4942; x_wconf 68' lang='lat' dir='ltr'><strong>praeter</strong></span> <span class='ocrx_word' id='word_1_840' title='bbox 3119 4882 3262 4945; x_wconf 83' lang='lat' dir='ltr'><strong>quod</strong></span> <span class='ocrx_word' id='word_1_841' title='bbox 3308 4894 3404 4946; x_wconf 85' lang='lat' dir='ltr'><strong>pcr</strong></span> <span class='ocrx_word' id='word_1_842' title='bbox 3437 4894 3498 4931; x_wconf 87' lang='lat' dir='ltr'><strong>se</strong></span> <span class='ocrx_word' id='word_1_843' title='bbox 3526 4885 3641 4929; x_wconf 86' lang='lat' dir='ltr'><strong>lun-</strong></span> 
     </span>
    </p>
   </div>
   <div class='ocr_carea' id='block_1_110' title="bbox 2061 4947 3669 5015">
    <p class='ocr_par' dir='ltr' id='par_1_110' title="bbox 2061 4947 3669 5015">
     <span class='ocr_line' id='line_1_112' title="bbox 2061 4947 3669 5015; baseline 0.001 -18"><span class='ocrx_word' id='word_1_844' title='bbox 2061 4948 2374 5002; x_wconf 86' lang='lat' dir='ltr'><strong>damentum</strong></span> <span class='ocrx_word' id='word_1_845' title='bbox 2435 4947 2581 5002; x_wconf 90' lang='lat' dir='ltr'><strong>aliud</strong></span> <span class='ocrx_word' id='word_1_846' title='bbox 2637 4960 2797 4998; x_wconf 89' lang='lat' dir='ltr'><strong>nemo</strong></span> <span class='ocrx_word' id='word_1_847' title='bbox 2840 4956 3013 5012; x_wconf 77' lang='lat' dir='ltr'><strong>potest</strong></span> <span class='ocrx_word' id='word_1_848' title='bbox 3051 4962 3271 5014; x_wconf 88' lang='lat' dir='ltr'><strong>ponere,</strong></span> <span class='ocrx_word' id='word_1_849' title='bbox 3318 4949 3462 5000; x_wconf 78' lang='lat' dir='ltr'><strong>sicut</strong></span> <span class='ocrx_word' id='word_1_850' title='bbox 3496 4950 3669 5015; x_wconf 81' lang='lat' dir='ltr'><strong>Apo-.</strong></span> 
     </span>
    </p>
   </div>
   <div class='ocr_carea' id='block_1_111' title="bbox 2065 5015 3638 5089">
    <p class='ocr_par' dir='ltr' id='par_1_111' title="bbox 2065 5015 3638 5089">
     <span class='ocr_line' id='line_1_113' title="bbox 2065 5015 3638 5089; baseline -0.001 -20"><span class='ocrx_word' id='word_1_851' title='bbox 2065 5020 2236 5071; x_wconf 91' lang='lat' dir='ltr'><strong>stolus</strong></span> <span class='ocrx_word' id='word_1_852' title='bbox 2259 5021 2367 5089; x_wconf 74' lang='lat' dir='ltr'><strong>ait:</strong></span> <span class='ocrx_word' id='word_1_853' title='bbox 2402 5023 2469 5075; x_wconf 85' lang='lat' dir='ltr'><strong>de</strong></span> <span class='ocrx_word' id='word_1_854' title='bbox 2504 5021 2608 5073; x_wconf 87' lang='lat' dir='ltr'><strong>hoc</strong></span> <span class='ocrx_word' id='word_1_855' title='bbox 2626 5016 2769 5068; x_wconf 82' lang='lat' dir='ltr'><strong>enim</strong></span> <span class='ocrx_word' id='word_1_856' title='bbox 2792 5029 2887 5086; x_wconf 83' lang='lat' dir='ltr'><strong>per</strong></span> <span class='ocrx_word' id='word_1_857' title='bbox 2921 5031 2980 5070; x_wconf 87' lang='lat' dir='ltr'><strong>se</strong></span> <span class='ocrx_word' id='word_1_858' title='bbox 3010 5017 3430 5089; x_wconf 76' lang='lat' dir='ltr'><strong>fundamentum</strong></span> <span class='ocrx_word' id='word_1_859' title='bbox 3466 5015 3638 5085; x_wconf 86' lang='lat' dir='ltr'><strong>loqui-</strong></span> 
     </span>
    </p>
   </div>
   <div class='ocr_carea' id='block_1_112' title="bbox 2066 5094 2177 5142">
    <p class='ocr_par' dir='ltr' id='par_1_112' title="bbox 2066 5094 2177 5142">
     <span class='ocr_line' id='line_1_114' title="bbox 2066 5094 2177 5142; baseline 0.036 -4"><span class='ocrx_word' id='word_1_860' title='bbox 2066 5094 2177 5142; x_wconf 92' lang='lat' dir='ltr'><strong>tur.</strong></span> 
     </span>
    </p>
   </div>
  </div>
