3980 6208
455 336 578 386 qua
600 320 738 386 facta
775 326 858 374 est
883 315 1210 388 principium
1275 318 1608 374 deiﬁcationi
1647 337 1660 374 :

458 409 765 480 ζωαρχικὺν
781 417 835 461 et
873 407 1135 474 θεοδόχον,
1157 407 1206 461 id
1225 417 1331 470 est,
1355 411 1498 478 quod
1520 409 1666 462 dedit
1692 408 2015 478 principium

459 503 601 562 vitm,
629 512 678 552 et
706 499 872 553 Deum
915 498 1117 566 recepit
1179 498 1280 569 (α).
1339 500 1382 552 Δ
1449 498 1795 554 Providentia
1852 500 2018 568 igitur

391 583 397 589 ’
459 592 722 644 bonorum
785 587 1057 642 eﬂecirice
1094 589 1146 640 in
1204 590 1474 644 creaturis
1531 598 1750 644 ostensa
1806 599 2019 659 Oportet

458 681 679 732 laudare
703 678 996 731 bonitatem
1032 679 1384 747 siiperlatam,
1439 690 1492 735 et
1525 681 1771 735 omnium
1841 683 2014 736 bono-

459 785 581 823 rum
612 783 850 825 causam.
896 770 1066 836 ipsum
1097 771 1316 838 inquam
1343 773 1507 824 Deum
1533 789 1548 834 ;
1586 773 2013 826 demonstratum

457 860 600 914 enim
641 871 742 922 εει,
772 874 932 927 quam
969 872 1214 912 naturain
1255 862 1449 915 habeat
1481 861 1642 926 Deus,
1671 879 1777 916 non
1831 862 2009 916 solum

457 951 692 1011 nos,sed
727 939 823 1002 nec
851 951 1074 1019 angelos
1129 965 1287 1016 posse
1342 952 1607 1020 attingere
1667 969 1682 1004 :
1743 963 2019 1020 quatenus

455 1039 784 1092 veroomnia
820 1054 885 1093 ex
911 1040 1079 1092 nihilo
1107 1039 1255 1104 fecit,
1285 1056 1314 1093 a
1347 1043 1506 1094 nobis
1571 1041 1878 1096 laudandus
1904 1051 2011 1097 est.

456 1132 637 1196 Quare
663 1132 713 1182 in
747 1131 978 1197 singulis
1007 1129 1321 1184 divinorum
1372 1119 1656 1186 nominum
1717 1133 2021 1201 proprieta-

460 1219 604 1271 tibus
632 1226 846 1285 oportet
877 1217 1159 1270 attendere
1187 1228 1343 1273 ortus
1402 1235 1582 1272 rerum
1643 1220 1906 1284 universi,
1960 1229 2015 1274 et

458 1309 832 1361 emanationes
863 1308 1009 1362 circa
1047 1323 1158 1364 eas.
1193 1310 1388 1363 etinde
1442 1309 1534 1362 Dei
1562 1311 1753 1364 laudes
1819 1310 2019 1365 ducere

460 1397 832 1459 etcelebrare,
866 1404 919 1448 et
949 1398 1238 1464 exquirere
1272 1413 1431 1466 quam
1461 1400 1846 1467 prOprietatem
1883 1416 2018 1454 una-

457 1492 685 1558 quaeque
718 1489 1014 1542 nominatio
1044 1489 1134 1543 Dei
1161 1491 1361 1572 sortita
1426 1491 1516 1554 sit,
1547 1507 1668 1559 quae
1714 1501 1892 1544 autem
1947 1494 2022 1546 sit

458 1582 675 1636 bonitas
705 1581 823 1644 Dei,
856 1590 950 1634 aut
986 1583 1311 1645 substantia,
1342 1591 1435 1634 aut
1461 1583 1590 1645 vita,
1619 1581 1702 1635 vel
1728 1583 2016 1651 sapientia,
2053 1621 2094 1676 Β

459 1671 542 1726 vel
569 1672 668 1724 alia
691 1673 988 1726 secundum
1024 1682 1272 1725 naturam
1306 1672 1448 1738 ejus,
1504 1671 1756 1728 funditus
1818 1688 2018 1728 caven—

456 1760 585 1814 dum
604 1769 760 1814 estut
786 1759 1179 1828 inquirainus:
1221 1775 1468 1829 quierere
1519 1762 1669 1816 enim
1707 1773 1764 1816 ut
1832 1762 2021 1830 expri-

459 1869 676 1906 ruamus
695 1853 1056 1906 substantiam
1083 1851 1198 1916 Dei,
1241 1853 1464 1922 perinde
1494 1861 1656 1907 estut
1696 1855 1741 1907 si
1793 1854 2021 1908 velimus

452 1945 759 2014 exprimere
792 1944 913 2012 ejus
942 1945 1133 2009 vitain,
1167 1943 1252 1996 vel
1290 1944 1639 2012 sapientiam,
1698 1945 1783 1998 vel
1834 1955 2022 2013 poten-

460 2037 614 2100 tiam,
669 2035 752 2088 vel
795 2036 1114 2089 bonitatem.
1167 2034 1355 2089 Restat
1415 2036 1597 2104 igitur,
1666 2044 1724 2089 ut
1771 2036 2022 2090 laudetur

465 2126 607 2180 Deus
663 2125 838 2189 avita,
880 2139 1041 2192 quam
1081 2124 1358 2193 produxit,
1392 2135 1446 2179 et
1493 2141 1522 2178 a
1566 2125 1825 2194 sapicntia
1870 2125 2022 2179 simi-

457 2218 604 2282 liter,
650 2226 967 2271 nouantem
1009 2233 1038 2268 a
1083 2217 1215 2279 vita,
1263 2225 1356 2270 aut
1389 2231 1418 2269 a
1469 2216 1756 2285 sapientia,
1791 2198 1911 2284 quae
1939 2225 2024 2272 est

455 2311 576 2380 ipse
628 2309 789 2364 Deus.
842 2309 1036 2364 Adhuc
1080 2324 1146 2362 ex
1192 2308 1275 2363 his
1325 2309 1525 2375 liquet.
1578 2308 2048 2377 quandoquidem-

457 2414 647 2472 posu‘a
703 2401 944 2454 audituri
987 2415 1178 2454 sumus
1228 2398 1516 2468 principia.
1561 2411 1615 2453 et
1657 2400 2023 2468 participatio-

458 2505 582 2552 nes.
631 2495 685 2542 et
740 2503 835 2556 per
879 2502 937 2542 se
983 2487 1451 2556 participationes.
1493 2495 1547 2542 et
1590 2487 1890 2557 sigillatim.
1926 2503 2022 2557 per

458 2596 519 2635 se
559 2581 746 2642 vitam,
795 2594 888 2647 per
921 2594 976 2632 se
1026 2578 1371 2644 sapientiam.
1428 2593 1523 2646 per
1579 2595 1638 2633 se
1686 2580 2021 2643 essentiam,

459 2670 928 2738 queo-admodum
978 2667 1271 2737 Dionysius
1329 2669 1624 2722 admonens
1678 2679 1731 2724 ct
1784 2687 2022 2740 prainiu-

459 2763 637 2823 niens,
714 2759 974 2828 Oportet,
1051 2761 1264 2826 inquit,
1345 2759 1638 2812 observare
1719 2761 1772 2813 in
1858 2762 2022 2831 hujus

466 2854 612 2908 moli
643 2850 1105 2904 nominationibus
1138 2867 1242 2903 non
1273 2865 1395 2903 esse
1425 2853 1843 2907 existimandum
1875 2855 2022 2910 aliud

1633 204 1928 269 'OANNIS
1959 200 2521 268 CYP'ARISSIOTIE

1717 329 1770 374 et
1825 331 2021 387 corpus
2060 322 2104 378 Α
2134 316 2512 371 existimemus
2545 311 2659 369 fieri
2683 311 3107 383 superiationem
3128 313 3183 366 in
3213 312 3295 366 sui
3318 313 3475 382 ipsius
3513 316 3648 370 boni-

3554 207 3644 273 θαι

2115 417 2292 462 tatem
2324 406 2732 484 etdivinitatem
2762 424 2776 470 ;
2811 403 3204 458 alienissimum
3235 413 3416 457 entiua
3462 407 3645 460 ratione

2121 506 2229 562 est,
2256 498 2512 551 arbitrari
2534 511 2656 550 esse
2688 497 2852 549 Deum
2879 510 2940 550 se
2981 494 3102 562 ipso
3120 496 3466 563 superiorem,
3528 497 3642 566 quin

2123 589 2323 656 potius,
2355 596 2413 641 ut
2441 595 2669 642 sanctus
2700 586 2967 640 Maximus
3002 583 3243 654 Dionysii
3293 585 3448 640 verba
3499 601 3647 655 expo-

2121 681 2250 742 suit,
2274 678 2430 740 Nota,
2458 677 2733 746 inquiens,
2762 685 2906 729 recte
2942 676 3030 730 hic
3063 675 3169 730 dici
3202 675 3484 730 bonitatem
3506 691 3647 742 supra

2123 783 2339 822 onmem
2364 766 2665 820 bonitatem
2699 775 2756 820 et
2789 765 3136 818 divinitatem
3167 783 3182 820 :
3213 765 3481 819 inferiores
3508 765 3652 834 igitur

2135 857 2449 910 ditinitates
2505 854 2746 922 intelligo
2795 854 3138 922 angelorum.
3175 853 3540 928 eghominum
3584 854 3658 920 ju-

2129 956 2391 1009 storum;
2443 945 2580 999 etin
2628 945 2946 998 universum
2988 945 3278 996 observare
3306 942 3566 1004 debemus,
3607 952 3660 995 ut

2128 1054 2323 1092 rursus
2354 1037 2648 1108 Dionysius
2678 1035 3085 1099 dixit,alienum
3109 1050 3136 1086 a
3169 1035 3374 1088 ratione
3399 1043 3450 1088 et
3485 1033 3658 1088 absur-

2127 1131 2255 1184 dum
2296 1143 2418 1182 esse
2447 1127 2765 1182 existimare
2819 1142 2927 1180 non
2956 1125 3235 1180 attendere
3259 1111 3368 1178 vim
3402 1125 3658 1194 propositi,

2128 1218 2224 1274 sed
2257 1233 2417 1276 voces
2453 1225 2664 1270 tantum
2702 1233 2718 1280 ;
2760 1216 2863 1269 hoc
2899 1214 3046 1269 enim
3103 1229 3212 1268 non
3261 1230 3381 1269 esse
3405 1216 3660 1284 proprium

2124 1307 2632 1376 eorumquidivina
2675 1306 2863 1360 volunt
2911 1306 3227 1375 intelligere,
3257 1307 3348 1361 sed
3400 1307 3486 1374 qui
3537 1307 3664 1360 solos

2125 1401 2347 1455 sonitus
2383 1399 2721 1467 percipiunt,
2753 1399 2928 1450 ethos
2963 1398 3184 1466 quidem
3209 1408 3362 1451 extra
3378 1410 3660 1452 aurcscou-

2127 1491 2320 1551 tinent,
2350 1503 2450 1543 nec
2472 1489 2527 1542 iii
2553 1500 2647 1542 eas
2675 1497 2962 1555 penetrare
2987 1486 3196 1540 sinunt.

2748 1595 2981 1653 CAPUT
3014 1598 3080 1649 ll.

2124 1688 2200 1746 De
2237 1689 2471 1744 bonitate
2513 1701 2562 1744 et
2589 1691 2846 1756 pulchro;
2892 1699 2941 1742 et
2997 1691 3086 1742 ubi
3148 1689 3486 1758 copuiantur,
3535 1698 3580 1740 et
3621 1689 3667 1740 iit

2189 1761 2374 1826 quibus
2404 1761 2815 1826 discernuntur,‘
2831 1768 2882 1812 et
2907 1775 3025 1828 qua:
3053 1773 3238 1812 eorum
3260 1761 3566 1827 proprietas.

2205 1852 2520 1922 Dionysius,
2552 1850 2734 1920 capite
2781 1859 2997 1919 quarto,
3030 1849 3102 1904 De
3154 1850 3347 1902 divinis
3375 1849 3667 1909 nominibus,

2121 1947 2252 2014 Age,
2286 1944 2480 2014 inquit,
2514 1945 2580 1996 ad
2633 1942 2810 2011 ipsum
2869 1955 3068 1996 nomen
3107 1940 3238 1994 boni
3281 1941 3666 2008 progrediamur

2123 2036 2272 2106 quod
2313 2043 2564 2103 exempte
2600 2036 2668 2087 ab
2695 2033 2975 2096 omnibus,
3016 2032 3291 2087 divinitati
3357 2047 3513 2100 supra
3546 2031 3670 2084 divi-

2120 2134 2345 2212 nitatem
2378 2127 2681 2181 attribuunt
2720 2125 2979 2193 theologi,
3019 2134 3302 2186 vocantes,
3342 2135 3397 2177 ιιι
3439 2124 3668 2187 arbitror,

2122 2218 2418 2274 bonitatem
2457 2216 2628 2284 ipsam
2662 2216 2960 2271 essentiam
3012 2214 3380 2283 divinam“).
3439 2213 3670 2266 divinita-

2122 2310 2192 2364 tis
2215 2309 2421 2363 scilicet
2451 2317 2654 2362 creatae
2703 2306 3000 2376 originem:
3034 2312 3090 2360 et
3123 2308 3254 2376 quia
3318 2307 3396 2360 sic
3450 2305 3666 2357 essentia

2127 2414 2224 2452 sua
2255 2398 2431 2452 bonus
2450 2409 2531 2451 est
2563 2396 2729 2463 Deus,
2766 2405 2824 2449 ut
2867 2405 3126 2463 tanquam
3189 2395 3538 2450 substan’tiale
3586 2395 3670 2447 bo-

2122 2505 2250 2544 num
2287 2489 2589 2545 bonitatem
2633 2488 2689 2540 in
2740 2490 2920 2542 omnia
2968 2475 3237 2556 poriigat.
3296 2487 3458 2552 Quem
3510 2487 3669 2538 locum

2122 2584 2390 2639 adiiotaiis
2433 2579 2725 2645 Maximus,
2784 2578 3181 2642 StibStaiitiale,
3243 2579 3437 2647 inquit,
3489 2578 3667 2630 bonum

2121 2685 2279 2732 vocat
2311 2676 2488 2745 ipsum
2526 2673 2730 2738 Deum;
2767 2680 2821 2725 et
2866 2672 3031 2740 paulo
3079 2680 3200 2741 post
3235 2690 3250 2724 :
3295 2672 3452 2733 Dt-tls,
3493 2670 3662 2736 inquit.

2123 2771 2324 2823 bonum
2366 2766 2526 2820 habet
2561 2780 2668 2818 non
2712 2778 2778 2817 ex
2826 2762 3094 2818 accidenti
3151 2773 3407 2832 tanquam
3468 2761 3673 2829 qualita-

2124 2870 2227 2913 tem
2265 2857 2575 2926 quamdam,
2602 2855 2744 2909 sicut
2787 2867 2888 2907 nos
2928 2853 3192 2908 habemus
3241 2853 3506 2917 virtutes;
3557 2851 3670 2919 quin

463 2960 586 2999 esse.
618 2945 842 3004 bonum,
883 2952 935 2994 et
967 2943 1113 2996 aliud
1142 2945 1432 3006 cxsistens,
1466 2953 1518 2996 et
1554 2945 1696 2998 aliud
1729 2946 1911 3009 vitam,
1945 2955 2029 3010 Vt'l
2057 2951 2100 3010 ς.
2139 2947 2565 3003 imosuhstantia
2598 2945 2722 2999 boni
2758 2945 2872 3012 ipse
2914 2942 3056 2997 Deus
3087 2954 3190 3007 est,
3224 2944 3369 2998 sicut
3401 2944 3568 2996 lumen
3601 2948 3672 2994 est

457 3033 802 3099 sapientiam,
834 3046 1006 3098 neque
1033 3033 1231 3086 multas
1285 3048 1407 3087 esse
1439 3049 1656 3098 causas,
1686 3051 1863 3104 neque
1886 3037 2020 3092 alias

456 3124 770 3180 divinitates
797 3124 931 3176 alias
955 3122 1332 3190 prmiucentes,
1358 3125 1688 3192 superiores,
1726 3135 1779 3180 et
1802 3129 2024 3182 inferio-

467 3231 578 3281 res,
613 3215 705 3268 sed
741 3214 903 3266 unius
926 3212 1017 3266 Dei
1057 3222 1195 3268 totas
1226 3215 1598 3268 cuianationes
1618 3215 1789 3272 bonas
1827 3233 2022 3272 secuti-

453 3304 839 3361 tltiiii_ii-0tnina
877 3303 966 3356 Dei
997 3319 1025 3356 a
1054 3305 1213 3357 nobis
1240 3304 1480 3367 laudata,
1508 3314 1670 3374 atque
1695 3323 1863 3360 unum
1897 3312 2022 3377 qui.

454 3394 744 3462 dein,thd
764 3394 1066 3448 universam
1087 3395 1470 3462 providentiam
1489 3397 1646 3449 utrius
1663 3395 1752 3448 Dei
1766 3398 1846 3454 del
1867 3399 2022 3464 Iurat,

457 3503 649 3555 nempe
691 3504 886 3541 nomen
921 3489 1068 3550 boni,
1095 3487 1200 3540 alia
1237 3500 1416 3540 autem
1468 3489 1685 3543 nomina
1720 3493 2017 3546 emanatio-

460 3596 556 3634 lies
582 3580 750 3648 magis
785 3589 877 3631 aut
909 3580 1090 3631 minus
1118 3578 1419 3647 generales,
1448 3579 1589 3634 sicut
1623 3580 1738 3647 ipsa
1772 3597 2016 3651 progres-

456 3670 835 3725 siotraeiaiidi
892 3669 1210 3723 declarabit.
1247 3669 1359 3724 lloc
1417 3681 1671 3738 pra-terea
1724 3673 2017 3728 observan-

455 3761 582 3814 dum
603 3744 704 3820 est.
737 3776 859 3815 cum
925 3761 1211 3813 audiemus
1242 3761 1534 3814 bonitatem
1574 3777 1735 3829 supra
1792 3780 2007 3820 onmem

453 3853 866 3914 beiiitaiem,.ct
890 3851 1229 3904 divinitatem
1299 3867 1465 3919 supra
1512 3852 1880 3919 divinitatem,
1943 3873 2012 3911 ne

2127 3041 2428 3096 substantia
2461 3037 2594 3092 solis
2622 3035 2724 3114 (2).
2780 3033 2926 3088 idem
2991 3034 3287 3103 Dionysius
3333 3046 3520 3103 quarto
3564 3045 3669 3101 cap.

2128 3131 2205 3185 De
2229 3129 2419 3183 divinis
2459 3126 2794 3180 nominibus:
2825 3124 2956 3183 Hoc.
2993 3124 3189 3193 inquit,
3225 3126 3430 3178 bonum
3499 3125 3666 3177 lauda-

2129 3235 2216 3278 ttir
2245 3239 2274 3276 a
2308 3221 2479 3276 sacris
2509 3219 2771 3288 theologis
2808 3229 2866 3272 tit
2895 3219 3207 3285 pulchrum.
3240 3229 3299 3274 et
3329 3229 3384 3272 nt
3452 3217 3669 3287 pclchri-

2127 3317 2259 3371 tudo
2285 3357 2300 3380 ,
2327 3330 2377 3369 ei
2403 3323 2463 3367 ut
2488 3311 2727 3374 dilectio,
2757 3319 2812 3366 et
2863 3321 2919 3363 ut
2951 3311 3234 3374 dilectum,
3267 3321 3320 3364 ct
3365 3322 3672 3379 qtizt'cunqttc

2129 3411 2232 3464 alia
2269 3417 2399 3462 sunt
2439 3405 2623 3457 divina
2675 3403 2917 3463 nomina,
2977 3401 3172 3467 quibus
3234 3403 3354 3471 ipse
3418 3401 3670 3469 Speciouis

2124 3505 2309 3565 decor,
2347 3507 2402 3552 ct
2452 3497 2677 3550 cﬂ'ector
2739 3495 3160 3562 pulchritudinis
3205 3495 3464 3549 decenter
3519 3493 3671 3546 nomi-

2127 3597 2312 3641 natur.
2353 3585 2646 3637 Pulchrum
2681 3591 2883 3646 autem,
2911 3595 2966 3636 et
3010 3582 3366 3651 pulchritudo
3407 3599 3505 3636 non
3556 3587 3671 3635 sunt

2128 3676 2509 3746 distinguenda
2541 3675 2594 3726 in
2619 3687 2782 3726 causa
2812 3688 2932 3740 quae
2962 3674 3218 3726 universa
3280 3675 3334 3726 in
3384 3690 3488 3726 uno
3539 3687 3672 3726 con:-

2122 3770 2276 3840 pleiia
2304 3775 2420 3829 est;
2453 3766 2566 3818 haec
2593 3763 2736 3816 enim
2768 3763 2821 3816 in
2858 3763 3114 3816 omnibus
3161 3764 3331 3818 rebus
3360 3763 3412 3817 in
3473 3763 3672 3831 partici-

2119 3860 2371 3930 pationcs
2399 3852 2931 3923 ctinparticipantia
2990 3852 3324 3920 dividentes,
3393 3854 3662 3925 pulchrum

1938 4000 2212 4063 SchOHa.

523 4114 599 4181 (l)
639 4111 1206 4182 Esscntiainrdivinani.
1235 4111 1540 4182 Divinitalis
1567 4115 1828 4182 originem
1863 4117 2016 4181 dicit,

454 4185 506 4238 iii
543 4180 811 4234 creaturis
836 4180 1062 4240 scilicet,
1095 4184 1216 4245 quia
1255 4181 1390 4233 Dens
1423 4196 1497 4235 cst
1539 4180 1728 4236 auctor
1763 4180 2016 4240 tliviiiita-l

457 4257 524 4307 iis
558 4253 608 4301 in
647 4252 854 4302 cunctis
891 4251 1198 4300 hominibus
1229 4259 1282 4302 ct
1311 4253 1536 4318 angelis,
1563 4255 1651 4317 qui
1697 4258 1862 4306 Deum
1897 4257 2018 4308 inii-

2124 4121 2257 4174 tium
2290 4125 2345 4172 et
2383 4116 2752 4185 conjunctum,
2781 4115 2924 4183 quod
2949 4122 3173 4168 vocatur
3203 4114 3478 4179 accidens,
3514 4125 3674 4181 neque

2126 4199 2383 4255 tanquam
2407 4188 2474 4238 sit
2505 4186 2726 4247 animal,
2751 4189 2892 4238 velut
2911 4185 3167 4252 praeditus
3191 4199 3397 4246 anima,
3419 4188 3674 4255 voluntate

2131 4251 2506 4312 benefaciendi
2538 4256 2686 4307 intus
2731 4251 2924 4306 iumen
2952 4255 3168 4320 accipit.
3198 4263 3254 4306 et
3279 4256 3330 4304 in
3360 4253 3534 4305 omnia
3573 4251 3603 4304 d
3626 4265 3672 4303 s-

453 4332 660 4403 istitur,
689 4317 820 4403 ct‘ei
851 4319 1057 4403 similes
1087 4321 1246 4403 ttulit,
1286 4321 1351 4403 de
1375 4317 2017 4403 quibususcriptuniest:
2055 4336 2100 4391 υ
2134 4328 2300 4395 pet-tit
2348 4327 2552 4393 (potius
2585 4325 2727 4377 cnim
2761 4333 2970 4403 contra,
3033 4317 3224 4403 neque
3253 4325 3526 4376 animatus
3577 4329 3670 4399 est,

453 4392 564 4460 ligo
592 4391 725 4447 dixi,
748 4385 867 4460 AVos
895 4386 967 4438 dii
999 4388 1129 4460 estis
1155 4385 1528 4460 (l’sril.tit\'1ii,
1555 4393 1632 4460 ti).
1655 4385 1798 4444 unde
1829 4392 2012 4446 divitii-

453 4458 613 4514 ta‘tcin
646 4458 917 4528 (li-iliiatii.
965 4468 1012 4508 et
1052 4458 1216 4528 Dentri
1257 4459 1511 4512 deiliciini
1547 4459 1856 4528 iri-quenter
1891 4477 2015 4515 ver-

452 4533 636 4587 timus,
665 4530 818 4600 quod
873 4525 1156 4600 Dii-nysins
1187 4526 1532 4600 Gsapxiavet
1569 4525 1804 4600 ὖπξιρξιν
1854 4530 2024 4600 θεαρ-

453 4601 618 4669 χικήν
645 4598 796 4669 dicit,
837 4597 970 4669 sicut
996 4599 1178 4669 lumen
1197 4598 1524 4669 substantia.

524 4668 602 4732 (‘2)
657 4667 817 4719 Solis.
874 4665 988 4717 Non
1045 4666 1313 4730 signiﬁcat
1358 4668 1535 4719 liitiicn
1599 4683 1718 4722 csse
1787 4668 2018 4722 formant

453 4737 865 4790 substantialcm
893 4736 1021 4806 solis
1047 4738 1345 4806 (non_cnini
1372 4737 1698 4800 substantia,
1754 4741 1846 4793 sed
1879 4754 2016 4806 qua-

453 4808 576 4858 litas
613 4803 952 4876 estltinirn),
982 4807 1072 4856 Sed
1105 4803 1237 4876 quia
1270 4815 1459 4876 natura
1487 4807 1643 4868 solis,
1671 4809 1762 4876 qui
1790 4818 1872 4860 est
1897 4803 2028 4861 eor-

454 4893 552 4940 pus
583 4875 933 4928 lutninosum.
966 4888 1070 4924 non
1092 4875 1473 4927 consistitsine
1497 4875 1720 4936 lnniine,
1741 4876 1871 4930 dicit
1895 4877 2027 4930 sub-

446 4948 700 4998 stantiam
740 4945 854 5011 ejus
878 4957 1018 5002 esse,
1054 4941 1106 4994 id
1140 4952 1245 5004 cst,
1287 4945 1542 5011 consequi
1576 4947 1894 4999 naturaliter
1924 4948 2030 4998 ior-

449 5031 592 5067 niaiii
622 5012 1032 5067 substantialeni
1058 5011 1208 5073 solis,
1243 5011 1386 5064 sicut
1409 5016 1559 5064 calor
1587 5025 1669 5066 est
1695 5017 2028 5068 substantia-

447 5085 512 5138 ιις
546 5086 676 5149 igni,
721 5083 771 5134 id
811 5093 891 5133 est
920 5081 1236 5151 naturaliter
1260 5095 1602 5151 consequens
1629 5083 1852 5136 formant
1883 5083 2017 5136 suti-

449 5154 759 5206 siaiitialcin
782 5151 943 5217 ignis.
967 5149 1122 5202 Hunc
1142 5151 1302 5217 igitur
1319 5149 1497 5203 locum
1525 5156 1882 5216 interpretans
1901 5168 2029 5206 san-

446 5231 570 5273 ctus
599 5221 866 5272 Maximus
901 5235 914 5270 :
950 5220 1140 5275 Nemo.
1182 5221 1377 5286 inquit,
1415 5224 1741 5288 suspicetur,
1774 5221 2019 5283 judicaie

449 5289 763 5357 Dionysium
789 5293 855 5341 de
888 5291 994 5342 Deo
1017 5289 1237 5341 omnino
1263 5291 1326 5342 ad
1349 5292 1653 5356 exietnpluni
1681 5294 1845 5358 solis;
1878 5294 2008 5358 quin

446 5363 625 5426 potius
669 5361 746 5410 sic
771 5359 1174 5424 intelligendum
1201 5369 1305 5420 cst,
1339 5362 1480 5410 sicut
1523 5373 1627 5422 soi,
1665 5378 1786 5413 ctiiii
1817 5378 1920 5412 non
1946 5363 2012 5412 sit

445 5429 588 5482 aliud
615 5439 964 5499 praeterquam
1004 5430 1207 5490 lunicii,
1234 5445 1338 5483 noti
1367 5431 1526 5481 habet
1559 5434 1738 5483 Iuiiici:
1767 5430 2010 5483 adventi-

2131 4390 2308 4464 ncqtie
2351 4390 2680 4464 {oluntatt-ni
2719 4390 3325 4464 benefaciendihabet;
3372 4406 3512 4464 caret
3539 4390 3670 4464 enim

2125 4460 2356 4521 ratione.
2416 4479 2513 4516 nec
2545 4462 2764 4515 aliunde
2799 4464 2979 4515 lumen
3029 4462 3245 4528 accipit;
3296 4471 3379 4514 est
3409 4463 3546 4512 enim
3581 4460 3672 4510 hoc

2125 4537 2300 4602 ipsum
2355 4533 2653 4602 lumen,_ct
2685 4531 3001 4599 illuminat).
3032 4531 3111 4584 sic
3138 4533 3219 4602 in
3245 4530 3354 4584 Deo
3392 4528 3673 4596 intelligere

2122 4599 2357 4670 oportet,
2393 4606 2534 4668 quod
2566 4599 2708 4653 Deus
2762 4602 2968 4654 scilicet
2998 4615 3106 4652 non
3136 4601 3300 4670 habet
3336 4603 3529 4653 bonum
3555 4611 3673 4651 coii-

2116 4669 2364 4742 junctum
2419 4681 2672 4742 tanquam
2715 4670 3025 4742 qualitati-ni
3056 4669 3370 4742 quamdam,
3402 4678 3539 4742 sicut
3584 4679 3673 4718 nos

2124 4737 2384 4796 habemus
2435 4741 2683 4802 virtutes,
2722 4740 2852 4806 quin
2903 4740 3084 4806 potius
3145 4740 3450 4792 substantia
3515 4737 3672 4803 ipsius

2131 4813 2255 4864 boni
2297 4812 2411 4876 ipse
2446 4809 2584 4862 Deus
2632 4819 2737 4868 est,
2786 4810 2928 4860 sicut
2963 4808 3143 4860 lumen
3195 4807 3500 4860 substantia
3527 4806 3669 4863 solis;

2129 4891 2183 4933 et
2249 4889 2503 4945 tanquam
2559 4877 2652 4945 qui
2721 4885 2802 4930 est
2849 4878 3082 4944 idipsum
3145 4877 3365 4936 bonum,
3426 4876 3671 4941 fulgorem

2132 4949 2391 5002 bonitatis
2417 4947 2468 4998 in
2494 4946 2674 4999 omnia
2716 4947 2961 5012 porrigit.
2999 4945 3269 5000 “acti-nus
3309 4946 3367 4998 S.
3399 4945 3670 5000 Maximus.

2131 5019 2377 5086 quicum
2438 5016 2509 5067 ait
2571 5015 2774 5086 lumen.
2834 5015 2980 5078 quod
3022 5014 3221 5086 alioqui
3282 5017 3517 5086 qualitas
3571 5020 3669 5086 est,

2133 5082 2494 5152 Substaiitiani
2515 5085 2646 5137 solis
2673 5099 2814 5146 esse,
2843 5097 2993 5135 inore
3024 5082 3466 5152 philosopli’muni
3513 5082 3676 5147 loqui—

2136 5145 2243 5218 lu",
2301 5157 2393 5224 qui
2448 5163 2839 5224 proprietatem
2891 5145 3096 5205 natura:
3154 5145 3384 5219 alicujus
3442 5145 3672 5224 adeam

2134 5222 2456 5292 catcgoriatii
2491 5227 2752 5292 rel'eriiiit,
2779 5223 2844 5273 ad
2876 5238 3046 5292 quam
3066 5230 3258 5292 natura
3295 5225 3381 5273 illa
3407 5222 3669 5292 pertinet:

2125 5307 2178 5348 ut
2217 5289 2354 5346 idem
2384 5301 2606 5348 sanctus
2637 5291 2900 5344 Maximus
2935 5293 2985 5343 in
3021 5289 3224 5344 Divinis
3255 5290 3548 5344 nationibus
3582 5303 3672 5338 ito-

2122 5375 2274 5418 tttt‘il.

520 5567 596 5634 to)
621 5564 906 5636 Sumptuni
936 5577 1016 5623 est
1041 5586 1102 5624 ex
1134 5561 1392 5640 Dionysio
1421 5587 1467 5624 c.
1494 5571 1526 5625 5
1562 5571 1624 5622 de
1658 5571 1838 5622 diriiiis
1870 5569 2185 5624 nominibus.
