3976 6194
243 309 328 419 m.

833 347 1067 411 ΠΕΟΑὸ
1106 347 1172 409 ν.
1214 370 1283 385 --
1322 344 1420 405 DE
1456 337 2125 406 PROPRIETATIBUS
2184 336 2420 397 DlVlN.
2462 333 2731 397 NOMIN.

3299 329 3406 396 8i0

246 467 398 538 qudem
419 465 675 529 dicimus,
701 463 847 533 quod
879 459 1305 531 pulchritudinis
1330 459 1604 528 particeps
1617 464 1693 510 est
1720 469 1736 519 ;
1770 458 1812 512 Α
1844 467 1940 507 nes
1969 463 2023 508 et
2050 453 2350 508 accidentia
2388 453 2440 507 in
2470 455 2636 509 rebus
2701 459 3011 515 censentur,
3034 451 3179 522 quod
3213 450 3268 505 in
3299 451 3411 505 Deo

244 556 647 629 pulchritudinem
673 570 803 610 vero
828 552 1299 624 participationem
1326 565 1505 605 causa:
1558 547 1741 601 oinnia

243 652 407 721 pulchra
438 647 747 704 emcieutis.
775 645 899 711 Quo
919 647 972 699 in
1010 645 1133 699 loco
1179 644 1258 698 ait
1296 652 1516 699 sanctus
1566 634 1744 693 Μυῖα

241 751 347 799 tuus:
363 736 597 793 Pulcher
613 735 812 791 dicitur
833 733 979 790 Deus
1004 735 1056 789 in
1074 733 1299 789 Cantica
1313 733 1650 787 canticorum
1672 729 1744 795 ",

239 829 431 887 rtDarid
459 828 771 895 :Specioaus
821 827 995 897 [arma
1047 841 1159 897 pra
1201 823 1329 893 ﬁliis
1394 819 1743 877 hominum".

239 921 392 976 Dicitur
421 927 602 978 autem
625 919 915 988 pulchrum
947 928 1003 972 et
1033 915 1409 986 pulchritudo,
1442 913 1571 984 quia
1630 913 1745 967 dis-

237 1010 450 1081 tinguitur
479 1010 534 1063 in
565 1010 729 1064 rebus
779 1008 836 1063 in
893 1006 1267 1076 participantia
1321 1012 1375 1058 et
1405 1002 1747 1073 participata,

235 1100 382 1155 iubeo
404 1110 590 1157 autem
622 1113 731 1153 non
763 1098 843 1153 sic
878 1116 893 1153 :
925 1097 1087 1160 καλὸς
1124 1110 1381 1164 namque,
1405 1096 1455 1149 id
1485 1104 1591 1160 est,
1635 1092 1749 1162 pul-

234 1191 332 1245 cher
356 1189 575 1255 dicitur,
603 1196 657 1245 et
687 1188 815 1259 quia
872 1187 1065 1241 tribuit
1083 1187 1338 1241 omnibus
1385 1184 1747 1255 pulchritudi-

234 1294 343 1344 nem,
370 1288 420 1334 et
440 1280 570 1348 quia
591 1280 775 1333 omnia
805 1278 873 1333 ad
890 1292 954 1335 se
978 1277 1153 1342 nisi,
1185 1277 1237 1331 id
1266 1287 1372 1350 est,
1398 1285 1556 1331 vocat
1584 1294 1598 1341 ;
1634 1289 1755 1329 rur-

233 1387 305 1429 sus
326 1371 478 1426 καλὸν
503 1373 580 1434 ὡς
610 1370 698 1427 ἀεὶ
761 1368 842 1435 ὃν,
876 1370 927 1424 id
955 1378 1059 1433 est,
1125 1368 1415 1437 pulchrqu
1475 1378 1750 1437 tamquam

231 1476 405 1533 seinter
429 1462 726 1524 exsistens.
754 1460 1050 1516 secundum
1098 1459 1273 1515 Graeci
1341 1459 1581 1514 nominis
1638 1468 1755 1529 ety-

231 1554 505 1623 mologiam,
550 1561 737 1623 utpote
762 1565 1041 1619 nunquam
1058 1549 1404 1615 decrescens,
1439 1563 1538 1604 nec
1588 1563 1756 1618 auge-

229 1658 377 1700 mus.
419 1644 622 1699 Ibidem
653 1644 816 1701 etiam
854 1641 1143 1712 Dionysius
1173 1659 1186 1695 :
1218 1640 1580 1706 Quamobrem
1613 1639 1754 1693 idem

227 1744 292 1791 est
316 1735 592 1805 pulchrum
622 1741 787 1803 atque
813 1733 1038 1797 bonum,
1062 1732 1324 1801 quoniam
1350 1733 1533 1784 omnia
1559 1744 1755 1785 secun-

1851 559 1959 596 non
1997 542 2071 597 ita
2101 555 2210 610 est,
2243 547 2337 613 qui
2374 545 2554 599 ‘omnia
2626 543 2919 599 antecellit.
2962 542 3175 599 Rursus
3221 542 3408 598 idem:

1849 632 2128 691 Desiderio
2175 635 2503 705 intelligendi
2546 646 2599 691 et
2648 635 2862 691 dicendi
2920 634 3125 707 aliquid
3169 634 3238 690 de
3300 618 3411 688 Deo

1848 742 2043 782 nomen
2075 727 2206 783 boni
2263 729 2519 801 'l‘heologi
2573 727 2684 784 Deo
2744 728 3131 790 attribuerunt,
3192 728 3412 798 proprie

1847 818 1992 874 enim
2015 818 2158 875 Deus
2184 829 2266 874 est
2282 836 2442 889 supra
2458 836 2621 891 quam
2640 821 2837 883 bonus,
2855 831 2908 876 et
2934 836 3262 891 supraquam
3287 822 3388 877 sub
3408 849 3417 855 ι

1849 913 2073 976 stantia,
2104 911 2317 965 bonitas
2345 921 2522 967 autem
2552 927 2748 966 nomen
2771 922 2853 968 est
2878 914 3263 967 venerationis.
3289 912 3416 966 Item

1854 1002 1996 1058 idem
2031 1005 2354 1060 incumbens
2375 1008 2427 1058 in
2459 1021 2522 1059 ea
2551 1021 2672 1074 quae
2694 1016 2821 1061 sunt
2858 1006 2909 1060 in
2932 1017 3129 1075 quarto
3149 1008 3324 1075 capite
3352 1006 3421 1060 de

1852 1094 2057 1149 eisdem
2138 1094 2342 1149 divinis
2416 1095 2776 1151 nominibus:
2820 1094 3054 1159 Bonum,
3112 1096 3312 1165 inquit,
3363 1105 3420 1150 et

1852 1187 2167 1258 pulchrum,
2193 1186 2336 1257 quod
2374 1187 2428 1241 in
2486 1188 2742 1242 omnibus
2802 1187 2967 1255 inest,
3002 1205 3111 1244 non
3140 1202 3225 1247 est
3286 1181 3417 1244 illud

1855 1278 2091 1348 primum
2124 1277 2416 1348 pulchrum
2449 1289 2503 1333 et
2529 1278 2732 1334 bonum
2761 1280 3029 1341 omnium,
3077 1278 3233 1347 cujus
3296 1296 3424 1349 par-

1857 1370 2170 1439 ticipatione
2207 1372 2390 1425 omnia
2412 1381 2541 1426 sunt
2570 1371 2793 1441 pulchra
2822 1382 2877 1425 et
2911 1371 3073 1437 bona,
3102 1372 3245 1440 quod
3273 1372 3418 1425 enim

1856 1468 1941 1514 est
1972 1458 2026 1513 in
2061 1460 2227 1515 rebus
2250 1460 2542 1531 pulchrum
2574 1452 2637 1514 ct
2660 1460 2885 1523 bonmn,
2917 1476 3022 1514 non
3057 1469 3142 1515 est
3167 1460 3424 1515 substan—

1857 1550 1954 1614 tia,
1986 1564 2352 1620 nequegenus
2384 1551 2721 1615 substantiae,
2788 1553 2883 1606 sed
2938 1553 3219 1616 accidens,
3277 1552 3423 1621 quod

1861 1641 2023 1696 habet
2052 1641 2469 1697 similitudinem
2509 1641 3301 1713 aliquantulumconiunctam.
3347 1641 3424 1697 Et

1860 1732 2060 1803 quibus
2082 1733 2289 1802 pateﬁt,
2348 1732 2809 1804 quemadmodum
2862 1733 3081 1789 bonitas
3128 1745 3185 1788 et
3243 1736 3420 1803 ipsum

227 1796 331 1881 deni
373 1838 591 1879 omnem
638 1796 859 1883 causam
907 1796 1193 1891 pulchrum
1237 1831 1290 1875 et
1332 1820 1533 1875 bonum
1588 1833 1757 1889 appe-
1788 1796 1831 1853 Β
1863 1796 2150 1892 pulchrum
2178 1824 2232 1878 in
2271 1796 2381 1880 Deo
2422 1825 2747 1895 copulantur
2776 1844 2790 1890 ;
2821 1833 2875 1879 et
2904 1825 3045 1879 idem
3083 1836 3166 1885 est
3219 1796 3422 1881 bonum

226 1914 413 1986 tunt(5)
435 1931 450 1967 :
468 1922 523 1969 et
544 1913 682 1975 nihil
700 1922 786 1967 est
808 1913 863 1966 in
880 1925 1058 1967 rerum
1079 1922 1292 1977 natura,
1311 1912 1442 1982 quin
1465 1910 1753 1980 pulchrum

222 2006 476 2062 etbonum
509 2004 804 2075 participat
847 2019 862 2057 :
920 2001 1133 2059 audebo
1189 2004 1354 2057 etiam
1396 2002 1500 2057 hoc
1555 2001 1757 2066 dicere,

220 2096 342 2165 quod
365 2110 473 2153 non
509 2102 618 2159 est,
643 2093 931 2164 pulchrum
954 2093 1219 2148 etbonum
1252 2093 1601 2162 participare,
1629 2101 1760 2147 tunc

221 2187 343 2242 enim
364 2193 449 2241 est
477 2185 678 2253 ipsum,
706 2184 1002 2254 pulchrum
1025 2194 1079 2239 et
1148 2184 1376 2248 bonum,
1432 2185 1655 2253 quando
1702 2184 1758 2236 in

225 2278 314 2335 Deo
328 2278 572 2333 laudatur
589 2292 754 2347 supra
776 2276 1136 2335 substantiam
1152 2275 1451 2331 auferendo
1464 2276 1644 2331 omnia
1661 2276 1759 2347 (4).

222 2370 355 2438 Quod
417 2378 599 2425 autem
656 2368 798 2423 idem
859 2377 945 2423 est
992 2364 1279 2433 pulchrum
1336 2379 1509 2437 atque
1556 2369 1758 2426 bonum

222 2460 266 2513 in
292 2460 419 2525 Deo,
436 2460 531 2530 qui
563 2470 646 2514 est
675 2474 840 2527 supra
893 2458 1260 2513 substantiam
1286 2476 1299 2523 ;
1329 2466 1384 2513 et
1442 2459 1587 2527 quod
1648 2461 1763 2516 haec

218 2564 328 2618 qua:
358 2549 717 2607 substantiam
736 2548 856 2612 Dei,
881 2562 1007 2618 qum
1038 2558 1121 2603 est
1178 2550 1333 2618 origo
1380 2548 1762 2615 deiﬁcationis,

217 2638 499 2705 declarant,
534 2638 603 2692 ad
629 2639 806 2706 ipsum
845 2652 938 2705 per
967 2637 1156 2691 divina
1185 2636 1403 2691 nomina
1454 2638 1669 2704 pulchri
1714 2647 1768 2692 et

217 2729 741 2800 bonipertineut:et
764 2728 909 2798 quod
968 2726 1034 2781 ad
1061 2741 1123 2781 ea
1155 2742 1278 2797 qua:
1333 2728 1385 2781 in
1441 2728 1551 2783 Deo
1615 2738 1766 2795 sunt,

217 2835 318 2875 non
352 2822 764 2890 distinguuntur
790 2819 846 2873 in
878 2818 1329 2887 participationes
1357 2828 1409 2873 et
1471 2820 1768 2890 participa-

219 2921 287 2977 ta,
314 2914 487 2983 liquet
513 2929 582 2967 cx
603 2926 874 2967 consensu
897 2911 1302 2985 theologorum.
1324 2909 1381 2966 ln
1426 2914 1626 2982 quibus
1669 2928 1769 2969 au-

220 3017 321 3059 tem
354 3005 704 3077 distinguitur
732 3003 970 3067 bonitas,
998 3014 1052 3060 et
1075 3018 1171 3075 per
1198 3003 1365 3074 ipsam
1387 3005 1697 3073 pulchrum,
1719 3017 1774 3062 et

1863 1920 2027 1981 atque
2053 1911 2363 1981 pulchrum,
2400 1924 2552 1987 extra
2589 1912 2758 1967 Deum
2787 1928 2935 1976 vero.
2968 1923 3021 1969 et
3051 1914 3105 1968 in
3155 1916 3429 1973 creaturis

1865 2002 1985 2072 ejus
2015 2002 2250 2058 discreta
2281 2011 2432 2071 sunt,
2458 2003 2875 2075 passionesque,
2910 2012 2963 2058 et
2994 2005 3293 2059 accidentia
3320 2022 3422 2060 nu-

1867 2102 2171 2147 merantur.
2216 2091 2393 2147 Etiam
2457 2094 2847 2162 proprietatem
2910 2094 3109 2149 horqu
3167 2095 3430 2165 intellige-

1870 2197 2015 2247 mus,
2050 2184 2097 2238 si
2137 2199 2258 2254 qua:
2288 2183 2421 2240 dicit
2471 2199 2725 2240 summus
2786 2185 3070 2255 theologus
3137 2185 3429 2258 Dionysius

1870 2273 2250 2330 advertimus:
2320 2274 2453 2329 Boni
2513 2276 2682 2340 enim,
2743 2274 2941 2345 inquit,
3008 2293 3230 2347 nomen,
3287 2280 3434 2347 quod

1873 2365 2152 2419 universas
2179 2367 2556 2421 emanationes
2586 2368 2831 2423 auctoris
2874 2368 3121 2425 omnium
3168 2371 3432 2436 declarat,

1872 2455 1926 2508 ii:
1960 2470 2020 2508 ea
2053 2470 2174 2525 qua:
2212 2465 2361 2520 sunt,
2384 2463 2437 2510 et
2477 2471 2595 2525 qua:
2623 2472 2731 2512 non
2752 2466 2901 2524 sunt,
2940 2461 3178 2516 tenditur
3209 2471 3264 2516 et
3308 2477 3437 2532 por-

1874 2545 2104 2614 rigitur;
2134 2554 2190 2599 et
2220 2560 2382 2613 supra
2401 2545 2586 2600 omnia
2614 2561 2735 2615 qua:
2762 2557 2911 2612 sunt,
2938 2560 2993 2603 et
3011 2566 3135 2619 quae
3152 2565 3259 2605 non
3285 2563 3413 2607 sunt

1874 2644 1960 2691 est
1993 2652 2007 2690 :
2040 2637 2089 2692 si
2117 2646 2298 2691 autem
2331 2636 2535 2691 bonum
2562 2636 2802 2707 idipsum
2859 2653 2984 2693 cum
3041 2641 3268 2709 pulchro
3327 2652 3432 2705 est,

1876 2743 2221 2783 communem
2247 2729 2472 2783 omnino
2498 2742 2625 2783 cum
2656 2744 2724 2785 eo
2757 2731 3142 2801 proprietatem
3181 2733 3437 2798 habebit;

1887 2820 2100 2891 eritque
2139 2823 2441 2893 proprietas
2474 2820 2690 2892 pulchri
2745 2823 2891 2879 tendi
2931 2822 2986 2879 in
3007 2838 3069 2885 ea
3122 2839 3246 2895 quat
3288 2835 3442 2891 sunt,

1876 2920 1930 2965 et
1955 2925 2079 2981 qua:
2101 2929 2205 2971 non
2233 2923 2382 2976 sunt,
2415 2923 2639 2983 propter
2671 2913 2960 2983 pulchrum
2992 2916 3139 2970 enim
3162 2926 3217 2971 et
3236 2917 3436 2972 bonum

1879 3013 2079 3057 cuncta
2108 3004 2373 3073 producta
2403 3014 2556 3069 sunt,
2598 3005 2708 3059 imo
2739 3014 2962 3075 propter
2985 3006 3097 3059 haec
3123 3007 3262 3081 ipsa,
3322 3009 3442 3078 pulo

222 3098 364 3168 quod
398 3099 451 3156 in
480 3108 732 3154 creatura
764 3095 1196 3165 distinguuntur,
1242 3106 1299 3150 et
1357 3112 1478 3167 qua:
1530 3098 1770 3167 ipsorum
1802 3128 1849 3194 ο
1882 3096 2075 3147 chrum
2108 3095 2229 3150 dico
2265 3103 2319 3151 et
2346 3096 2575 3160 bonum,
2607 3097 2739 3159 item
2768 3109 2832 3152 ea
2867 3111 2986 3173 quae
3020 3114 3127 3153 non
3156 3107 3307 3165 sunt,
3337 3117 3444 3155 non

221 3192 499 3245 nominum
532 3188 858 3258 proprietas,
884 3200 952 3242 ex
994 3186 1079 3242 his
1140 3185 1490 3242 manifestum
1537 3188 1629 3243 sit.
1677 3186 1779 3260 Sy-

220 3278 399 3336 nodua
425 3291 611 3337 contra
642 3274 968 3335 Manichzeos
985 3277 1054 3333 ab
1073 3278 1335 3348 episcopo
1389 3278 1569 3334 Caron
1620 3279 1778 3337 habi-

220 3373 518 3441 ta,qu:eiu
545 3370 800 3426 Panariia
862 3370 1056 3432 fertur,
1109 3370 1223 3425 ait:
1285 3369 1493 3425 Bonum
1557 3372 1609 3425 in
1671 3371 1780 3426 Deo

221 3465 523 3519 substantia
571 3471 676 3526 est,
730 3461 786 3515 in
842 3460 1111 3516 creaturis
1161 3471 1342 3515 autem
1386 3461 1664 3521 accidens.
1716 3460 1782 3516 Et

226 3552 367 3604 idem
396 3553 592 3607 ibidem
627 3563 644 3604 :
672 3550 894 3611 Bonitas
919 3551 1091 3614 enim.
1126 3565 1249 3620 qua:
1275 3551 1329 3605 in
1364 3551 1619 3607 universo
1665 3566 1783 3611 cer-

230 3641 401 3705 nitur,
430 3642 787 3697 intensionem
814 3649 869 3694 et
912 3640 1290 3696 remissionem
1325 3651 1383 3696 ut
1405 3643 1663 3697 accidens
1692 3658 1782 3698 re-

232 3729 383 3798 cipit.
416 3731 478 3787 Et
497 3731 793 3800 Dionysius
821 3731 997 3800 capite
1028 3729 1241 3785 decimo
1266 3732 1425 3786 tertio
1467 3732 1539 3786 De
1594 3733 1784 3787 diuinis

238 3821 564 3888 nominibus;
597 3819 712 3876 Nec
772 3824 972 3892 ipsum,
1027 3821 1225 3892 inquit,
1284 3836 1483 3877 nomen
1531 3822 1789 3880 bonitatis

246 3908 501 3965 divinitati
560 3920 818 3981 tanquam
877 3921 1067 3979 aptum
1138 3912 1640 3979 accommodamus,
1692 3913 1786 3968 sed

255 4000 504 4057 desiderio
527 4003 731 4071 aliquid
773 4002 1109 4073 intelligendi
1133 4011 1188 4056 et
1220 4002 1437 4057 dicendi
1468 4004 1536 4058 de
1592 4015 1789 4060 natura

262 4089 344 4141 illa
366 4107 549 4147 arcana
575 4107 631 4148 et
660 4093 940 4156 indebili,
988 4094 1134 4165 quod
1187 4102 1271 4149 est
1313 4095 1554 4149 omnium
1619 4099 1792 4151 uomi-

268 4192 381 4233 πω
410 4186 631 4238 maxime
678 4183 1009 4248 venerabile,
1061 4185 1164 4255 ipsi
1212 4185 1449 4254 primum
1509 4201 1795 4242 consecra-

277 4272 492 4333 Iusllbi
517 4289 755 4335 Sanctus
783 4275 1052 4331 Maximus
1084 4294 1097 4328 :
1130 4275 1213 4330 0b
1241 4278 1382 4332 hanc
1405 4292 1650 4344 causam,
1707 4282 1794 4333 in-

280 4362 391 4423 ‘lﬁit.
418 4382 598 4421 conten
635 4367 765 4421 boni
798 4377 892 4420 aut
923 4366 1135 4435 pulchri
1172 4382 1277 4420 nou
1313 4371 1530 4437 proprie
1578 4384 1792 4426 accom-

1883 3193 2012 3239 sunt
2040 3187 2323 3254 producta,
2361 3187 2619 3255 quoniam
2643 3204 2787 3248 unus
2811 3189 2891 3247 sol
2916 3197 3138 3258 prepter
3164 3190 3366 3244 bonum
3390 3200 3447 3244 et

1884 3277 2175 3344 pulchrum
2206 3277 2382 3333 lactus
2412 3286 2518 3343 est,
2545 3287 2598 3331 et
2625 3276 2761 3334 alter
2800 3279 2883 3334 sol
2912 3279 3005 3348 qui
3035 3295 3141 3332 non
3189 3291 3291 3347 est,
3325 3296 3450 3351 pro-

1887 3373 2003 3433 pter
2035 3368 2233 3420 bonuut
2264 3366 2390 3420 item
2423 3376 2477 3420 et
2502 3365 2788 3433 pulchrum
2811 3382 2919 3422 non
2956 3376 3039 3422 est
3090 3367 3266 3423 factus
3293 3387 3307 3424 :
3344 3371 3449 3424 ila-

1888 3474 1993 3527 que
2017 3460 2125 3513 duo
2158 3474 2263 3512 non
2289 3466 2417 3513 sunt
2445 3457 2574 3511 facti
2598 3467 2816 3526 propter
2837 3458 3086 3521 eatndem
3149 3460 3448 3515 bonitatem

1892 3560 1945 3606 et
1968 3536 2537 3619 pulchritudinem.8i
2559 3549 2706 3604 enim
2737 3564 2907 3607 unum
2953 3552 3125 3605 solent
3160 3552 3212 3606 in
3257 3555 3455 3609 ardore

1891 3640 2036 3695 ferre
2062 3655 2168 3695 non
2204 3654 2517 3708 possumus,
2546 3642 2591 3695 si
2622 3640 2731 3695 duo
2756 3647 2961 3707 essent,
2998 3643 3121 3709 quis
3156 3634 3272 3698 non
3304 3660 3455 3701 cont-

1892 3728 2090 3786 bustus
2135 3729 2497 3785 remaneret?
2550 3729 2781 3803 Propter
2826 3730 3123 3785 bonitatem
3187 3734 3352 3802 igitur
3399 3746 3456 3792 et

1895 3820 2359 3894 pulchritudinem
2387 3821 2553 3875 etiam
2580 3820 2729 3889 quod
2783 3831 3014 3885 nonest,
3054 3837 3161 3877 non
3197 3839 3283 3879 est
3336 3826 3452 3882 fac-

1896 3922 2031 3966 tum.
2056 3911 2231 3967 Simul
2246 3913 2676 3967 demonstratum
2697 3900 2801 3976 est,
2817 3914 3001 3967 omnia
3022 3916 3243 3969 nomina
3266 3918 3319 3971 in
3347 3917 3458 3975 Deo

1898 4016 2007 4056 non
2040 4002 2207 4057 dividi
2243 4002 2298 4056 in
2344 4001 2799 4072 participationes
2825 4015 2880 4059 et
2907 4005 3227 4075 participata
3259 4025 3272 4062 :
3302 4020 3460 4065 extra

1901 4096 2071 4153 Deum
2109 4101 2313 4161 autem,
2347 4109 2472 4149 cum
2508 4094 2688 4162 agitur
2718 4096 2786 4150 de
2817 4096 3283 4162 emanationibus,
3328 4109 3460 4154 tunc

1899 4196 1954 4240 et
1974 4186 2443 4255 participationes,
2473 4196 2527 4239 et
2582 4186 2888 4255 passiones,
2929 4196 2985 4241 et
3034 4190 3335 4243 accidentia
3376 4206 3463 4244 re-

1901 4278 2375 4347 putanturtsicut
2403 4277 2664 4332 motusiu
2724 4279 3040 4342 mobilibus.
3095 4290 3150 4335 et
3202 4280 3466 4348 operatio-

1903 4386 2001 4429 nes
2065 4371 2121 4424 in
2178 4368 2426 4433 effectis;
2480 4382 2582 4423 nec
2637 4382 2757 4437 quas
2806 4368 2931 4422 talia
2968 4380 3113 4432 sunt,
3147 4371 3466 4429 substantiae

286 4456 493 4512 metiatur
515 4460 644 4521 Deo,
683 4458 811 4528 quia
846 4456 958 4512 hinc
1000 4457 1053 4511 in
1084 4456 1246 4513 rebus
1273 4461 1619 4527 reperiuntur
1650 4480 1665 4516 :
1716 4465 1799 4519 sic
1832 4470 1875 4526 υ
1903 4465 2186 4527 dicuntur,
2217 4462 2348 4531 quia
2381 4469 2441 4514 ut
2469 4470 2629 4515 antea
2677 4461 3110 4516 demonstratum
3160 4472 3267 4526 est,
3337 4475 3467 4520 tunc

274 4542 411 4600 etiam
439 4553 684 4623 superius
711 4549 923 4606 dictum
947 4548 1209 4617 reperies.
1236 4550 1364 4618 quia
1422 4551 1538 4605 hanc
1591 4553 1797 4620 passio.

332 4732 373 4763 ’τ
395 4734 541 4792 Cant.
572 4752 615 4805 ι,
649 4735 738 4802 15,
815 4732 863 4767 ’⁸
889 4732 1035 4791 Psal.
1060 4749 1202 4801 xuv,
1233 4734 1285 4789 ὅ.

1903 4562 2054 4618 sunt,
2085 4568 2207 4610 cum
2239 4552 2392 4606 ﬁunt.

1724 4850 1996 4915 Schoba.

339 4961 411 5028 (ὃ)
446 4960 631 5017 Omnia
688 4962 977 5013 secundum
1036 4971 1246 5028 grauem
1293 4971 1508 5014 causam
1539 4953 1816 5028 pulchrum

234 5024 525 5101 ‘u_'to'ruun
550 5040 820 5101 apparuit.
859 5028 1001 5101 Quia
1055 5024 1199 5101 Deus
1221 5035 1305 5101 est
1341 5039 1503 5079 causa
1541 5024 1815 5101 omnium

272 5097 519 5173 eiectrix,
553 5093 641 5171 q'u'i
674 5114 797 5154 cum
834 5093 1093 5173 omnibus
1118 5093 1417 5173 bonitatem
1456 5102 1515 5173 et
1567 5093 1817 5173 pulchri-

275 5163 663 5224 tudinetn’su'am
698 5166 1093 5227 communicat,
1117 5173 1171 5220 et
1207 5163 1333 5231 quia
1378 5163 1502 5217 linis
1548 5163 1817 5227 omnium,

268 5239 445 5291 omnia
474 5240 609 5293 enim
668 5237 811 5291 facta
863 5244 1013 5296 sunt,
1048 5242 1108 5287 ut
1158 5232 1398 5289 divinam
1434 5231 1729 5286 bonitatem
1763 5240 1820 5284 et

266 5309 736 5374 pulchritudinem,
776 5316 837 5359 ut
866 5302 1119 5374 quidque
1141 5301 1673 5374 potest,_imiten_tur.
1701 5299 1817 5374 _Est

265 5369 518 5443 pater”
554 5391 715 5432 causa
737 5369 1077 5443 exemplaris
1088 5369 1256 5443 Deus.
1276 5370 1402 5438 quia
1423 5370 1608 5443 omnia
1631 5370 1817 5443 prius-

252 5439 421 5511 quam
465 5446 672 5511 tierent,
701 5439 1020 5519 etinterse
1048 5440 1537 5519 distinguerentur,
1591 5439 1647 5494 in
1693 5440 1812 5519 ipso

240 5509 438 5580 imit,
461 5526 516 5571 et
541 5509 837 5571 secundum
861 5511 1100 5567 rationes
1138 5517 1194 5564 et
1219 5509 1549 5577 exemplaria
1569 5512 1814 5580 omnium

244 5601 375 5651 qua
421 5579 499 5643 iu
561 5600 620 5643 se
685 5584 941 5648 habebat,
1012 5581 1197 5635 omnia
1250 5581 1409 5633 laeta
1471 5587 1524 5633 et
1577 5579 1815 5636 discreta

243 5665 412 5796 “3).
450 5722 679 5793 Quando
729 5722 785 5777 in
810 5718 923 5775 Deo
975 5717 1230 5773 laudatur
1269 5733 1428 5789 supra
1469 5718 1820 5774 substantiam

576 5818 844 5879 Ριτιιοι..
890 5815 1006 5874 Gn.
1051 5813 1223 5877 CLII.

1916 4956 2203 5029 auferendo
2242 4957 2442 5029 omnia.
2492 4954 2723 5029 Exponit
2775 4959 2993 5029 quando
3044 4959 3190 5029 quod
3229 4974 3333 5014 non
3365 4969 3472 5025 est.

1917 5027 2212 5108 participat
2239 5027 2526 5108 pulchrum
2557 5027 2869 5108 etnbonuiu,
2896 5027 3117 5108 quando
3142 5029 3352 5108 scilicet
3378 5033 3477 5085 ali-

1916 5093 2041 5170 quis
2059 5093 2191 5170 dicit
2208 5093 2357 5170 :_H_oc
2374 5109 2482 5149 non
2508 5103 2591 5150 est
2616 5093 2781 5170 Deus.
2799 5093 3069 5170 necillud,
3090 5098 3181 5153 sed
3207 5109 3290 5153 est
3315 5115 3481 5170 supra

1919 5167 2037 5220 hac
2062 5166 2204 5230 {hoc
2231 5166 2395 5235 igitur
2428 5179 2536 5235 non
2563 5179 2702 5226 esse.
2736 5167 2939 5220 ablatio
2964 5166 3184 5234 inquam
3212 5166 3482 5231 omnium,

1918 5232 2280 5307 sivettegatio
2304 5232 2591 5307 participat
2611 5235 2896 5307 pulchrum
2928 5245 2983 5289 et
3031 5232 3259 5296 bonum.
3290 5248 3486 5304 quate~

1920 5317 2023 5358 nos
2046 5303 2187 5357 Deus
2214 5304 2415 5359 dicitur
2451 5318 2556 5356 non
2589 5303 2733 5358 esse.
2791 5305 2976 5359 Potest
3022 5307 3185 5357 etiam
3218 5303 3324 5360 dici
3399 5308 3489 5373 hic

1917 5388 2027 5428 non
2079 5388 2199 5427 esse
2231 5373 2546 5444 materiaut
2573 5373 2678 5425 dici
2719 5373 2859 5429 solet
2884 5389 2933 5426 ‘a
2963 5374 3242 5444 Dionysio,
3294 5385 3488 5443 quate-

1920 5458 2025 5496 nus
2052 5458 2252 5508 expers
2275 5451 2359 5496 est
2384 5442 2622 5511 pulchrae
2645 5444 2851 5504 fortune,
2879 5452 3058 5511 potest
3089 5442 3213 5496 item
3239 5442 3343 5499 dici
3379 5459 3488 5500 non

1917 5527 2041 5567 esse
2071 5511 2293 5574 malum,
2323 5523 2383 5565 ut
2425 5512 2591 5564 etiam
2619 5513 2755 5566 alias
2785 5513 3010 5577 dicitur,
3059 5522 3115 5566 et
3161 5514 3262 5568 hoc
3322 5516 3487 5569 etiam

1920 5582 2210 5653 participat
2265 5583 2488 5653 bonum,
2539 5583 2666 5653 quia
2723 5581 2781 5635 lit
2813 5583 3311 5653 prepterqaliquid,
3343 5586 3492 5653 quini

1923 5648 2209 5718 pulchrum
2247 5660 2301 5704 et
2327 5651 2529 5708 bonum
2559 5648 2791 5709 ridetur.
2814 5648 2931 5707 'Ex'
2954 5652 3011 5706 S.
3057 5648 3317 5720 Maximo,
3346 5648 3402 5711 et
3422 5670 3491 5709 ex

1916 5722 2265 5790 Pacbymero.

3104 5813 3181 5875 26
