  <div class='ocr_page' id='page_1' title='image "/cluster/home/n/w/nwhite01/storage/ocr_20150623/152/hvd.32044073502635/418.png"; bbox 0 0 3980 6208; ppageno 0'>
   <div class='ocr_carea' id='block_1_1' title="bbox 295 317 399 383">
    <p class='ocr_par' dir='ltr' id='par_1_1' title="bbox 295 317 399 383">
     <span class='ocr_line' id='line_1_1' title="bbox 295 317 399 383; baseline -0.01 -1"><span class='ocrx_word' id='word_1_1' title='bbox 295 317 399 383; x_wconf 84' lang='lat'><strong>813</strong></span> 
     </span>
    </p>
   </div>
   <div class='ocr_carea' id='block_1_2' title="bbox 1005 306 2850 380">
    <p class='ocr_par' dir='ltr' id='par_1_2' title="bbox 1005 306 2850 380">
     <span class='ocr_line' id='line_1_2' title="bbox 1005 306 2850 380; baseline -0.003 -4"><span class='ocrx_word' id='word_1_2' title='bbox 1005 313 1240 376; x_wconf 81' lang='lat' dir='ltr'><strong>DECAS</strong></span> <span class='ocrx_word' id='word_1_3' title='bbox 1280 315 1425 380; x_wconf 84' lang='grc' dir='ltr'><strong>ν,-</strong></span> <span class='ocrx_word' id='word_1_4' title='bbox 1465 316 1563 375; x_wconf 89' lang='lat' dir='ltr'><strong>DE</strong></span> <span class='ocrx_word' id='word_1_5' title='bbox 1592 310 2253 374; x_wconf 79' lang='lat' dir='ltr'><strong>PROPRlETATlBUS</strong></span> <span class='ocrx_word' id='word_1_6' title='bbox 2296 309 2532 370; x_wconf 81' lang='lat' dir='ltr'><strong>DlVlN.</strong></span> <span class='ocrx_word' id='word_1_7' title='bbox 2575 306 2850 370; x_wconf 84' lang='lat' dir='ltr'><strong>NOMIN.</strong></span> 
     </span>
    </p>
   </div>
   <div class='ocr_carea' id='block_1_3' title="bbox 3444 302 3598 370">
    <p class='ocr_par' dir='ltr' id='par_1_3' title="bbox 3444 302 3598 370">
     <span class='ocr_line' id='line_1_3' title="bbox 3444 302 3598 370; baseline -0.026 1"><span class='ocrx_word' id='word_1_8' title='bbox 3444 302 3553 370; x_wconf 62' lang='lat' dir='ltr'><strong>81L</strong></span> <span class='ocrx_word' id='word_1_9' title='bbox 3593 324 3598 329; x_wconf 84' lang='lat'>&#39;</span> 
     </span>
    </p>
   </div>
   <div class='ocr_carea' id='block_1_4' title="bbox 298 411 3545 494">
    <p class='ocr_par' dir='ltr' id='par_1_4' title="bbox 298 411 3545 494">
     <span class='ocr_line' id='line_1_4' title="bbox 298 411 3545 494; baseline -0.005 -12"><span class='ocrx_word' id='word_1_10' title='bbox 298 442 445 482; x_wconf 89' lang='lat' dir='ltr'><strong>nunc</strong></span> <span class='ocrx_word' id='word_1_11' title='bbox 477 438 606 481; x_wconf 86' lang='lat' dir='ltr'><strong>vero</strong></span> <span class='ocrx_word' id='word_1_12' title='bbox 649 425 936 480; x_wconf 81' lang='lat' dir='ltr'><strong>amabilem</strong></span> <span class='ocrx_word' id='word_1_13' title='bbox 989 437 1042 479; x_wconf 89' lang='lat' dir='ltr'><strong>et</strong></span> <span class='ocrx_word' id='word_1_14' title='bbox 1079 425 1383 479; x_wconf 74' lang='lat' dir='ltr'><strong>dilectum?</strong></span> <span class='ocrx_word' id='word_1_15' title='bbox 1416 425 1562 479; x_wconf 83' lang='lat' dir='ltr'><strong>illius</strong></span> <span class='ocrx_word' id='word_1_16' title='bbox 1616 424 1860 492; x_wconf 79' lang='lat' dir='ltr'><strong>quidem,</strong></span> <span class='ocrx_word' id='word_1_17' title='bbox 1894 439 1934 494; x_wconf 65' lang='grc' dir='ltr'>Α</span> <span class='ocrx_word' id='word_1_18' title='bbox 1986 417 2252 486; x_wconf 88' lang='lat' dir='ltr'><strong>principio</strong></span> <span class='ocrx_word' id='word_1_19' title='bbox 2280 414 2670 483; x_wconf 86' lang='lat' dir='ltr'><strong>carens:quud</strong></span> <span class='ocrx_word' id='word_1_20' title='bbox 2704 415 2920 481; x_wconf 81' lang='lat' dir='ltr'><strong>quidem</strong></span> <span class='ocrx_word' id='word_1_21' title='bbox 2946 411 3274 467; x_wconf 78' lang='lat' dir='ltr'><strong>disiderium</strong></span> <span class='ocrx_word' id='word_1_22' title='bbox 3299 423 3545 468; x_wconf 89' lang='lat' dir='ltr'><strong>nostrum</strong></span> 
     </span>
    </p>
   </div>
   <div class='ocr_carea' id='block_1_5' title="bbox 304 515 1870 579">
    <p class='ocr_par' dir='ltr' id='par_1_5' title="bbox 304 515 1870 579">
     <span class='ocr_line' id='line_1_5' title="bbox 304 515 1870 579; baseline -0.004 -9"><span class='ocrx_word' id='word_1_23' title='bbox 304 519 352 570; x_wconf 86' lang='lat' dir='ltr'><strong>id</strong></span> <span class='ocrx_word' id='word_1_24' title='bbox 383 525 493 579; x_wconf 88' lang='lat' dir='ltr'><strong>est,</strong></span> <span class='ocrx_word' id='word_1_25' title='bbox 552 517 754 570; x_wconf 89' lang='lat' dir='ltr'><strong>amoris</strong></span> <span class='ocrx_word' id='word_1_26' title='bbox 808 531 873 570; x_wconf 93' lang='lat' dir='ltr'><strong>ac</strong></span> <span class='ocrx_word' id='word_1_27' title='bbox 903 515 1213 570; x_wconf 67' lang='lat' dir='ltr'><strong>dilectionis</strong></span> <span class='ocrx_word' id='word_1_28' title='bbox 1245 525 1457 577; x_wconf 87' lang='lat' dir='ltr'><strong>auctor,</strong></span> <span class='ocrx_word' id='word_1_29' title='bbox 1499 523 1554 569; x_wconf 91' lang='lat' dir='ltr'><strong>et</strong></span> <span class='ocrx_word' id='word_1_30' title='bbox 1611 525 1870 579; x_wconf 79' lang='lat' dir='ltr'><strong>tauquam</strong></span> 
     </span>
    </p>
   </div>
   <div class='ocr_carea' id='block_1_6' title="bbox 299 603 1880 676">
    <p class='ocr_par' dir='ltr' id='par_1_6' title="bbox 299 603 1880 676">
     <span class='ocr_line' id='line_1_6' title="bbox 299 603 1880 676; baseline -0.003 -16"><span class='ocrx_word' id='word_1_31' title='bbox 299 607 617 676; x_wconf 42' lang='lat' dir='ltr'><strong>productnr.</strong></span> <span class='ocrx_word' id='word_1_32' title='bbox 650 615 704 658; x_wconf 88' lang='lat' dir='ltr'><strong>et</strong></span> <span class='ocrx_word' id='word_1_33' title='bbox 763 614 1052 676; x_wconf 74' lang='lat' dir='ltr'><strong>generator</strong></span> <span class='ocrx_word' id='word_1_34' title='bbox 1100 615 1202 669; x_wconf 88' lang='lat' dir='ltr'><strong>est;</strong></span> <span class='ocrx_word' id='word_1_35' title='bbox 1257 606 1360 659; x_wconf 92' lang='lat' dir='ltr'><strong>hoc</strong></span> <span class='ocrx_word' id='word_1_36' title='bbox 1417 617 1622 668; x_wconf 90' lang='lat' dir='ltr'><strong>autem,</strong></span> <span class='ocrx_word' id='word_1_37' title='bbox 1692 603 1743 656; x_wconf 91' lang='lat' dir='ltr'><strong>id</strong></span> <span class='ocrx_word' id='word_1_38' title='bbox 1794 610 1880 657; x_wconf 89' lang='lat' dir='ltr'><strong>est</strong></span> 
     </span>
    </p>
   </div>
   <div class='ocr_carea' id='block_1_7' title="bbox 302 695 1878 766">
    <p class='ocr_par' dir='ltr' id='par_1_7' title="bbox 302 695 1878 766">
     <span class='ocr_line' id='line_1_7' title="bbox 302 695 1878 766; baseline -0.004 -14"><span class='ocrx_word' id='word_1_39' title='bbox 302 698 560 752; x_wconf 82' lang='lat' dir='ltr'><strong>amabilis</strong></span> <span class='ocrx_word' id='word_1_40' title='bbox 585 706 640 751; x_wconf 90' lang='lat' dir='ltr'><strong>et</strong></span> <span class='ocrx_word' id='word_1_41' title='bbox 669 697 900 766; x_wconf 87' lang='lat' dir='ltr'><strong>dilectus</strong></span> <span class='ocrx_word' id='word_1_42' title='bbox 926 698 1040 766; x_wconf 90' lang='lat' dir='ltr'><strong>ipse</strong></span> <span class='ocrx_word' id='word_1_43' title='bbox 1075 705 1176 761; x_wconf 88' lang='lat' dir='ltr'><strong>est,</strong></span> <span class='ocrx_word' id='word_1_44' title='bbox 1232 696 1324 750; x_wconf 92' lang='lat' dir='ltr'><strong>illo</strong></span> <span class='ocrx_word' id='word_1_45' title='bbox 1354 697 1597 764; x_wconf 88' lang='lat' dir='ltr'><strong>quidem,</strong></span> <span class='ocrx_word' id='word_1_46' title='bbox 1663 695 1713 748; x_wconf 92' lang='lat' dir='ltr'><strong>id</strong></span> <span class='ocrx_word' id='word_1_47' title='bbox 1773 703 1878 758; x_wconf 87' lang='lat' dir='ltr'><strong>est,</strong></span> 
     </span>
    </p>
   </div>
   <div class='ocr_carea' id='block_1_8' title="bbox 306 765 1878 850">
    <p class='ocr_par' dir='ltr' id='par_1_8' title="bbox 306 765 1878 850">
     <span class='ocr_line' id='line_1_8' title="bbox 306 765 1878 850; baseline -0.002 -10"><span class='ocrx_word' id='word_1_48' title='bbox 306 801 494 841; x_wconf 90' lang='lat' dir='ltr'><strong>amore</strong></span> <span class='ocrx_word' id='word_1_49' title='bbox 526 797 580 840; x_wconf 91' lang='lat' dir='ltr'><strong>et</strong></span> <span class='ocrx_word' id='word_1_50' title='bbox 607 765 1216 850; x_wconf 31' lang='lat' dir='ltr'><strong>dilectioneﬂnovetur;</strong></span> <span class='ocrx_word' id='word_1_51' title='bbox 1273 785 1376 838; x_wconf 90' lang='lat' dir='ltr'><strong>hoc</strong></span> <span class='ocrx_word' id='word_1_52' title='bbox 1425 795 1628 850; x_wconf 86' lang='lat' dir='ltr'><strong>autem,</strong></span> <span class='ocrx_word' id='word_1_53' title='bbox 1675 785 1724 838; x_wconf 91' lang='lat' dir='ltr'><strong>id</strong></span> <span class='ocrx_word' id='word_1_54' title='bbox 1775 793 1878 848; x_wconf 82' lang='lat' dir='ltr'><strong>est,</strong></span> 
     </span>
    </p>
   </div>
   <div class='ocr_carea' id='block_1_9' title="bbox 315 875 1879 944">
    <p class='ocr_par' dir='ltr' id='par_1_9' title="bbox 315 875 1879 944">
     <span class='ocr_line' id='line_1_9' title="bbox 315 875 1879 944; baseline -0.002 -15"><span class='ocrx_word' id='word_1_55' title='bbox 315 885 374 929; x_wconf 90' lang='lat' dir='ltr'><strong>ut</strong></span> <span class='ocrx_word' id='word_1_56' title='bbox 409 877 664 930; x_wconf 81' lang='lat' dir='ltr'><strong>amabilis</strong></span> <span class='ocrx_word' id='word_1_57' title='bbox 695 886 746 928; x_wconf 87' lang='lat' dir='ltr'><strong>et</strong></span> <span class='ocrx_word' id='word_1_58' title='bbox 775 876 1008 929; x_wconf 90' lang='lat' dir='ltr'><strong>dilectus</strong></span> <span class='ocrx_word' id='word_1_59' title='bbox 1039 886 1238 940; x_wconf 87' lang='lat' dir='ltr'><strong>movet,</strong></span> <span class='ocrx_word' id='word_1_60' title='bbox 1273 877 1397 943; x_wconf 86' lang='lat' dir='ltr'><strong>quia</strong></span> <span class='ocrx_word' id='word_1_61' title='bbox 1419 891 1478 930; x_wconf 90' lang='lat' dir='ltr'><strong>se</strong></span> <span class='ocrx_word' id='word_1_62' title='bbox 1508 876 1622 944; x_wconf 91' lang='lat' dir='ltr'><strong>ipse</strong></span> <span class='ocrx_word' id='word_1_63' title='bbox 1637 875 1879 940; x_wconf 88' lang='lat' dir='ltr'><strong>adducit,</strong></span> 
     </span>
    </p>
   </div>
   <div class='ocr_carea' id='block_1_10' title="bbox 308 965 1880 1023">
    <p class='ocr_par' dir='ltr' id='par_1_10' title="bbox 308 965 1880 1023">
     <span class='ocr_line' id='line_1_10' title="bbox 308 965 1880 1023; baseline -0.003 -3"><span class='ocrx_word' id='word_1_64' title='bbox 308 979 363 1021; x_wconf 90' lang='lat' dir='ltr'><strong>et</strong></span> <span class='ocrx_word' id='word_1_65' title='bbox 392 967 497 1022; x_wconf 85' lang='lat' dir='ltr'><strong>sibi</strong></span> <span class='ocrx_word' id='word_1_66' title='bbox 523 966 744 1020; x_wconf 90' lang='lat' dir='ltr'><strong>adducit</strong></span> <span class='ocrx_word' id='word_1_67' title='bbox 770 974 825 1019; x_wconf 91' lang='lat' dir='ltr'><strong>et</strong></span> <span class='ocrx_word' id='word_1_68' title='bbox 848 973 1056 1023; x_wconf 85' lang='lat' dir='ltr'><strong>movet:</strong></span> <span class='ocrx_word' id='word_1_69' title='bbox 1083 965 1184 1019; x_wconf 87' lang='lat' dir='ltr'><strong>hac</strong></span> <span class='ocrx_word' id='word_1_70' title='bbox 1201 977 1379 1019; x_wconf 90' lang='lat' dir='ltr'><strong>autem</strong></span> <span class='ocrx_word' id='word_1_71' title='bbox 1399 965 1606 1019; x_wconf 76' lang='lat' dir='ltr'><strong>ratione</strong></span> <span class='ocrx_word' id='word_1_72' title='bbox 1623 965 1880 1018; x_wconf 90' lang='lat' dir='ltr'><strong>dilectum</strong></span> 
     </span>
    </p>
   </div>
   <div class='ocr_carea' id='block_1_11' title="bbox 306 1051 1881 1120">
    <p class='ocr_par' dir='ltr' id='par_1_11' title="bbox 306 1051 1881 1120">
     <span class='ocr_line' id='line_1_11' title="bbox 306 1051 1881 1120; baseline -0.004 -11"><span class='ocrx_word' id='word_1_73' title='bbox 306 1069 361 1109; x_wconf 91' lang='lat' dir='ltr'><strong>et</strong></span> <span class='ocrx_word' id='word_1_74' title='bbox 409 1056 697 1108; x_wconf 85' lang='lat' dir='ltr'><strong>amabilem</strong></span> <span class='ocrx_word' id='word_1_75' title='bbox 748 1069 868 1108; x_wconf 89' lang='lat' dir='ltr'><strong>eum</strong></span> <span class='ocrx_word' id='word_1_76' title='bbox 925 1063 1135 1118; x_wconf 88' lang='lat' dir='ltr'><strong>vocant,</strong></span> <span class='ocrx_word' id='word_1_77' title='bbox 1185 1063 1436 1120; x_wconf 89' lang='lat' dir='ltr'><strong>tanquam</strong></span> <span class='ocrx_word' id='word_1_78' title='bbox 1486 1051 1769 1120; x_wconf 88' lang='lat' dir='ltr'><strong>pulchrum</strong></span> <span class='ocrx_word' id='word_1_79' title='bbox 1826 1059 1881 1102; x_wconf 89' lang='lat' dir='ltr'><strong>et</strong></span> 
     </span>
    </p>
   </div>
   <div class='ocr_carea' id='block_1_12' title="bbox 312 1142 1882 1222">
    <p class='ocr_par' dir='ltr' id='par_1_12' title="bbox 312 1142 1882 1222">
     <span class='ocr_line' id='line_1_12' title="bbox 312 1142 1882 1222; baseline -0.006 -19"><span class='ocrx_word' id='word_1_80' title='bbox 312 1150 518 1203; x_wconf 87' lang='lat' dir='ltr'><strong>bonum</strong></span> <span class='ocrx_word' id='word_1_81' title='bbox 553 1163 568 1222; x_wconf 63' lang='grc' dir='ltr'>ς</span> <span class='ocrx_word' id='word_1_82' title='bbox 603 1161 840 1200; x_wconf 90' lang='lat' dir='ltr'><strong>amorem</strong></span> <span class='ocrx_word' id='word_1_83' title='bbox 876 1158 1002 1198; x_wconf 85' lang='lat' dir='ltr'><strong>vero</strong></span> <span class='ocrx_word' id='word_1_84' title='bbox 1076 1158 1268 1198; x_wconf 86' lang='lat' dir='ltr'><strong>rursus</strong></span> <span class='ocrx_word' id='word_1_85' title='bbox 1308 1154 1360 1196; x_wconf 92' lang='lat' dir='ltr'><strong>et</strong></span> <span class='ocrx_word' id='word_1_86' title='bbox 1391 1142 1733 1222; x_wconf 73' lang='lat' dir='ltr'><strong>dilectionem</strong></span> <span class='ocrx_word' id='word_1_87' title='bbox 1761 1149 1882 1193; x_wconf 88' lang='lat' dir='ltr'><strong>tan-</strong></span> 
     </span>
    </p>
   </div>
   <div class='ocr_carea' id='block_1_13' title="bbox 318 1215 1886 1309">
    <p class='ocr_par' dir='ltr' id='par_1_13' title="bbox 318 1215 1886 1309">
     <span class='ocr_line' id='line_1_13' title="bbox 318 1215 1886 1309; baseline -0.006 -17"><span class='ocrx_word' id='word_1_88' title='bbox 318 1256 482 1309; x_wconf 90' lang='lat' dir='ltr'><strong>quam</strong></span> <span class='ocrx_word' id='word_1_89' title='bbox 508 1247 817 1292; x_wconf 82' lang='lat' dir='ltr'><strong>moventem</strong></span> <span class='ocrx_word' id='word_1_90' title='bbox 852 1236 950 1304; x_wconf 83' lang='lat' dir='ltr'><strong>(i),</strong></span> <span class='ocrx_word' id='word_1_91' title='bbox 976 1251 1097 1289; x_wconf 87' lang='lat' dir='ltr'><strong>eum</strong></span> <span class='ocrx_word' id='word_1_92' title='bbox 1130 1237 1338 1290; x_wconf 91' lang='lat' dir='ltr'><strong>scilicet</strong></span> <span class='ocrx_word' id='word_1_93' title='bbox 1387 1235 1452 1288; x_wconf 90' lang='lat' dir='ltr'><strong>ad</strong></span> <span class='ocrx_word' id='word_1_94' title='bbox 1496 1215 1806 1293; x_wconf 33' lang='lat' dir='ltr'><strong>ocreaturas,</strong></span> <span class='ocrx_word' id='word_1_95' title='bbox 1832 1240 1886 1284; x_wconf 87' lang='lat' dir='ltr'><strong>et</strong></span> 
     </span>
    </p>
   </div>
   <div class='ocr_carea' id='block_1_14' title="bbox 311 1327 1882 1396">
    <p class='ocr_par' dir='ltr' id='par_1_14' title="bbox 311 1327 1882 1396">
     <span class='ocr_line' id='line_1_14' title="bbox 311 1327 1882 1396; baseline -0.004 -15"><span class='ocrx_word' id='word_1_96' title='bbox 311 1332 378 1383; x_wconf 91' lang='lat' dir='ltr'><strong>ad</strong></span> <span class='ocrx_word' id='word_1_97' title='bbox 408 1346 468 1383; x_wconf 90' lang='lat' dir='ltr'><strong>se</strong></span> <span class='ocrx_word' id='word_1_98' title='bbox 498 1341 790 1383; x_wconf 82' lang='lat' dir='ltr'><strong>creaturas</strong></span> <span class='ocrx_word' id='word_1_99' title='bbox 822 1328 1199 1392; x_wconf 81' lang='lat' dir='ltr'><strong>adducentun,</strong></span> <span class='ocrx_word' id='word_1_100' title='bbox 1251 1327 1344 1396; x_wconf 90' lang='lat' dir='ltr'><strong>qui</strong></span> <span class='ocrx_word' id='word_1_101' title='bbox 1385 1327 1534 1381; x_wconf 89' lang='lat' dir='ltr'><strong>solus</strong></span> <span class='ocrx_word' id='word_1_102' title='bbox 1579 1336 1663 1381; x_wconf 85' lang='lat' dir='ltr'><strong>est</strong></span> <span class='ocrx_word' id='word_1_103' title='bbox 1707 1327 1882 1394; x_wconf 76' lang='lat' dir='ltr'><strong>ipsum</strong></span> 
     </span>
    </p>
   </div>
   <div class='ocr_carea' id='block_1_15' title="bbox 313 1419 1880 1489">
    <p class='ocr_par' dir='ltr' id='par_1_15' title="bbox 313 1419 1880 1489">
     <span class='ocr_line' id='line_1_15' title="bbox 313 1419 1880 1489; baseline -0.001 -17"><span class='ocrx_word' id='word_1_104' title='bbox 313 1429 538 1488; x_wconf 91' lang='lat' dir='ltr'><strong>propter</strong></span> <span class='ocrx_word' id='word_1_105' title='bbox 572 1436 632 1474; x_wconf 91' lang='lat' dir='ltr'><strong>se</strong></span> <span class='ocrx_word' id='word_1_106' title='bbox 666 1421 950 1489; x_wconf 83' lang='lat' dir='ltr'><strong>pulchrum</strong></span> <span class='ocrx_word' id='word_1_107' title='bbox 979 1426 1033 1470; x_wconf 91' lang='lat' dir='ltr'><strong>et</strong></span> <span class='ocrx_word' id='word_1_108' title='bbox 1055 1419 1258 1472; x_wconf 87' lang='lat' dir='ltr'><strong>bonunt</strong></span> <span class='ocrx_word' id='word_1_109' title='bbox 1286 1428 1339 1470; x_wconf 89' lang='lat' dir='ltr'><strong>et</strong></span> <span class='ocrx_word' id='word_1_110' title='bbox 1370 1429 1624 1487; x_wconf 80' lang='lat' dir='ltr'><strong>tanquam</strong></span> <span class='ocrx_word' id='word_1_111' title='bbox 1649 1419 1880 1473; x_wconf 90' lang='lat' dir='ltr'><strong>iudicem</strong></span> 
     </span>
    </p>
   </div>
   <div class='ocr_carea' id='block_1_16' title="bbox 316 1511 1882 1580">
    <p class='ocr_par' dir='ltr' id='par_1_16' title="bbox 316 1511 1882 1580">
     <span class='ocr_line' id='line_1_16' title="bbox 316 1511 1882 1580; baseline -0.002 -14"><span class='ocrx_word' id='word_1_112' title='bbox 316 1513 399 1566; x_wconf 88' lang='lat' dir='ltr'><strong>sui</strong></span> <span class='ocrx_word' id='word_1_113' title='bbox 430 1512 602 1580; x_wconf 81' lang='lat' dir='ltr'><strong>ipsius</strong></span> <span class='ocrx_word' id='word_1_114' title='bbox 653 1525 750 1579; x_wconf 89' lang='lat' dir='ltr'><strong>per</strong></span> <span class='ocrx_word' id='word_1_115' title='bbox 804 1511 1068 1574; x_wconf 86' lang='lat' dir='ltr'><strong>seipsum,</strong></span> <span class='ocrx_word' id='word_1_116' title='bbox 1101 1519 1156 1562; x_wconf 86' lang='lat' dir='ltr'><strong>et</strong></span> <span class='ocrx_word' id='word_1_117' title='bbox 1206 1520 1262 1562; x_wconf 91' lang='lat' dir='ltr'><strong>ut</strong></span> <span class='ocrx_word' id='word_1_118' title='bbox 1307 1511 1505 1563; x_wconf 87' lang='lat' dir='ltr'><strong>bonum</strong></span> <span class='ocrx_word' id='word_1_119' title='bbox 1542 1524 1882 1579; x_wconf 78' lang='lat' dir='ltr'><strong>progressum</strong></span> 
     </span>
    </p>
   </div>
   <div class='ocr_carea' id='block_1_17' title="bbox 319 1601 1881 1671">
    <p class='ocr_par' dir='ltr' id='par_1_17' title="bbox 319 1601 1881 1671">
     <span class='ocr_line' id='line_1_17' title="bbox 319 1601 1881 1671; baseline -0.001 -15"><span class='ocrx_word' id='word_1_120' title='bbox 319 1603 603 1671; x_wconf 77' lang='lat' dir='ltr'><strong>superlatae</strong></span> <span class='ocrx_word' id='word_1_121' title='bbox 669 1601 912 1666; x_wconf 87' lang='lat' dir='ltr'><strong>unionis,</strong></span> <span class='ocrx_word' id='word_1_122' title='bbox 953 1611 1005 1655; x_wconf 92' lang='lat' dir='ltr'><strong>et</strong></span> <span class='ocrx_word' id='word_1_123' title='bbox 1053 1602 1375 1654; x_wconf 83' lang='lat' dir='ltr'><strong>amatoriam</strong></span> <span class='ocrx_word' id='word_1_124' title='bbox 1430 1603 1720 1666; x_wconf 85' lang='lat' dir='ltr'><strong>motionem</strong></span> <span class='ocrx_word' id='word_1_125' title='bbox 1781 1602 1881 1671; x_wconf 73' lang='lat'><strong>(2),</strong></span> 
     </span>
    </p>
   </div>
   <div class='ocr_carea' id='block_1_18' title="bbox 311 1691 1880 1761">
    <p class='ocr_par' dir='ltr' id='par_1_18' title="bbox 311 1691 1880 1761">
     <span class='ocr_line' id='line_1_18' title="bbox 311 1691 1880 1761; baseline 0 -14"><span class='ocrx_word' id='word_1_126' title='bbox 311 1692 642 1761; x_wconf 83' lang='lat' dir='ltr'><strong>simplicem,</strong></span> <span class='ocrx_word' id='word_1_127' title='bbox 705 1708 800 1760; x_wconf 91' lang='lat' dir='ltr'><strong>per</strong></span> <span class='ocrx_word' id='word_1_128' title='bbox 859 1705 918 1745; x_wconf 88' lang='lat' dir='ltr'><strong>se</strong></span> <span class='ocrx_word' id='word_1_129' title='bbox 957 1691 1233 1754; x_wconf 86' lang='lat' dir='ltr'><strong>mobilem,</strong></span> <span class='ocrx_word' id='word_1_130' title='bbox 1285 1705 1381 1759; x_wconf 90' lang='lat' dir='ltr'><strong>per</strong></span> <span class='ocrx_word' id='word_1_131' title='bbox 1430 1707 1487 1745; x_wconf 91' lang='lat' dir='ltr'><strong>se</strong></span> <span class='ocrx_word' id='word_1_132' title='bbox 1543 1703 1880 1760; x_wconf 85' lang='lat' dir='ltr'><strong>operantem,</strong></span> 
     </span>
    </p>
   </div>
   <div class='ocr_carea' id='block_1_19' title="bbox 1991 505 3545 572">
    <p class='ocr_par' dir='ltr' id='par_1_19' title="bbox 1991 505 3545 572">
     <span class='ocr_line' id='line_1_19' title="bbox 1991 505 3545 572; baseline -0.003 -11"><span class='ocrx_word' id='word_1_133' title='bbox 1991 512 2044 562; x_wconf 90' lang='lat' dir='ltr'><strong>in</strong></span> <span class='ocrx_word' id='word_1_134' title='bbox 2080 510 2246 562; x_wconf 79' lang='lat' dir='ltr'><strong>Deum</strong></span> <span class='ocrx_word' id='word_1_135' title='bbox 2279 507 2539 561; x_wconf 88' lang='lat' dir='ltr'><strong>declarat.</strong></span> <span class='ocrx_word' id='word_1_136' title='bbox 2584 507 2816 559; x_wconf 80' lang='lat' dir='ltr'><strong>Advorte</strong></span> <span class='ocrx_word' id='word_1_137' title='bbox 2845 515 3048 565; x_wconf 88' lang='lat' dir='ltr'><strong>autem,</strong></span> <span class='ocrx_word' id='word_1_138' title='bbox 3089 505 3545 572; x_wconf 83' lang='lat' dir='ltr'><strong>quemadmodum</strong></span> 
     </span>
    </p>
   </div>
   <div class='ocr_carea' id='block_1_20' title="bbox 1983 596 3544 666">
    <p class='ocr_par' dir='ltr' id='par_1_20' title="bbox 1983 596 3544 666">
     <span class='ocr_line' id='line_1_20' title="bbox 1983 596 3544 666; baseline -0.003 -14"><span class='ocrx_word' id='word_1_139' title='bbox 1983 600 2248 652; x_wconf 83' lang='lat' dir='ltr'><strong>circulum</strong></span> <span class='ocrx_word' id='word_1_140' title='bbox 2285 599 2416 651; x_wconf 88' lang='lat' dir='ltr'><strong>dicit</strong></span> <span class='ocrx_word' id='word_1_141' title='bbox 2451 602 2505 651; x_wconf 91' lang='lat' dir='ltr'><strong>iu</strong></span> <span class='ocrx_word' id='word_1_142' title='bbox 2541 598 2707 662; x_wconf 88' lang='lat' dir='ltr'><strong>bono,</strong></span> <span class='ocrx_word' id='word_1_143' title='bbox 2761 597 3143 666; x_wconf 81' lang='lat' dir='ltr'><strong>progrediente</strong></span> <span class='ocrx_word' id='word_1_144' title='bbox 3195 598 3288 650; x_wconf 90' lang='lat' dir='ltr'><strong>illo</strong></span> <span class='ocrx_word' id='word_1_145' title='bbox 3325 596 3544 666; x_wconf 88' lang='lat' dir='ltr'><strong>quidem</strong></span> 
     </span>
    </p>
   </div>
   <div class='ocr_carea' id='block_1_21' title="bbox 1984 687 3549 758">
    <p class='ocr_par' dir='ltr' id='par_1_21' title="bbox 1984 687 3549 758">
     <span class='ocr_line' id='line_1_21' title="bbox 1984 687 3549 758; baseline -0.003 -14"><span class='ocrx_word' id='word_1_146' title='bbox 1984 706 2038 744; x_wconf 87' lang='lat' dir='ltr'><strong>Ill</strong></span> <span class='ocrx_word' id='word_1_147' title='bbox 2063 705 2124 744; x_wconf 91' lang='lat' dir='ltr'><strong>ca</strong></span> <span class='ocrx_word' id='word_1_148' title='bbox 2152 703 2271 758; x_wconf 70' lang='lat' dir='ltr'><strong>quae</strong></span> <span class='ocrx_word' id='word_1_149' title='bbox 2294 688 2396 742; x_wconf 88' lang='lat' dir='ltr'><strong>sub</strong></span> <span class='ocrx_word' id='word_1_150' title='bbox 2415 687 2822 755; x_wconf 80' lang='lat' dir='ltr'><strong>intelligentiam</strong></span> <span class='ocrx_word' id='word_1_151' title='bbox 2856 694 2910 740; x_wconf 91' lang='lat' dir='ltr'><strong>et</strong></span> <span class='ocrx_word' id='word_1_152' title='bbox 2951 689 3054 742; x_wconf 90' lang='lat' dir='ltr'><strong>sub</strong></span> <span class='ocrx_word' id='word_1_153' title='bbox 3075 703 3296 743; x_wconf 78' lang='lat' dir='ltr'><strong>sensum</strong></span> <span class='ocrx_word' id='word_1_154' title='bbox 3322 689 3549 751; x_wconf 88' lang='lat' dir='ltr'><strong>cadunt,</strong></span> 
     </span>
    </p>
   </div>
   <div class='ocr_carea' id='block_1_22' title="bbox 1982 780 3551 849">
    <p class='ocr_par' dir='ltr' id='par_1_22' title="bbox 1982 780 3551 849">
     <span class='ocr_line' id='line_1_22' title="bbox 1982 780 3551 849; baseline -0.001 -13"><span class='ocrx_word' id='word_1_155' title='bbox 1982 790 2036 836; x_wconf 91' lang='lat' dir='ltr'><strong>et</strong></span> <span class='ocrx_word' id='word_1_156' title='bbox 2084 796 2272 835; x_wconf 87' lang='lat' dir='ltr'><strong>rursus</strong></span> <span class='ocrx_word' id='word_1_157' title='bbox 2305 781 2369 834; x_wconf 92' lang='lat' dir='ltr'><strong>ad</strong></span> <span class='ocrx_word' id='word_1_158' title='bbox 2401 780 2642 848; x_wconf 87' lang='lat' dir='ltr'><strong>seipsum</strong></span> <span class='ocrx_word' id='word_1_159' title='bbox 2703 781 2792 834; x_wconf 90' lang='lat' dir='ltr'><strong>illa</strong></span> <span class='ocrx_word' id='word_1_160' title='bbox 2849 789 3222 847; x_wconf 74' lang='lat' dir='ltr'><strong>convertente,</strong></span> <span class='ocrx_word' id='word_1_161' title='bbox 3277 789 3332 834; x_wconf 89' lang='lat' dir='ltr'><strong>et</strong></span> <span class='ocrx_word' id='word_1_162' title='bbox 3377 795 3551 849; x_wconf 87' lang='lat' dir='ltr'><strong>neque</strong></span> 
     </span>
    </p>
   </div>
   <div class='ocr_carea' id='block_1_23' title="bbox 1983 872 3551 943">
    <p class='ocr_par' dir='ltr' id='par_1_23' title="bbox 1983 872 3551 943">
     <span class='ocr_line' id='line_1_23' title="bbox 1983 872 3551 943; baseline -0.001 -16"><span class='ocrx_word' id='word_1_163' title='bbox 1983 879 2254 934; x_wconf 84' lang='lat' dir='ltr'><strong>cessante,</strong></span> <span class='ocrx_word' id='word_1_164' title='bbox 2290 887 2464 941; x_wconf 90' lang='lat' dir='ltr'><strong>neque</strong></span> <span class='ocrx_word' id='word_1_165' title='bbox 2491 872 2729 926; x_wconf 82' lang='lat' dir='ltr'><strong>ﬁniente.</strong></span> <span class='ocrx_word' id='word_1_166' title='bbox 2759 873 2836 927; x_wconf 88' lang='lat' dir='ltr'><strong>Ac</strong></span> <span class='ocrx_word' id='word_1_167' title='bbox 2863 887 3053 928; x_wconf 84' lang='lat' dir='ltr'><strong>rursus</strong></span> <span class='ocrx_word' id='word_1_168' title='bbox 3087 873 3228 926; x_wconf 90' lang='lat' dir='ltr'><strong>idem</strong></span> <span class='ocrx_word' id='word_1_169' title='bbox 3262 874 3551 943; x_wconf 87' lang='lat' dir='ltr'><strong>Dionysius</strong></span> 
     </span>
    </p>
   </div>
   <div class='ocr_carea' id='block_1_24' title="bbox 1993 961 3553 1032">
    <p class='ocr_par' dir='ltr' id='par_1_24' title="bbox 1993 961 3553 1032">
     <span class='ocr_line' id='line_1_24' title="bbox 1993 961 3553 1032; baseline -0.001 -16"><span class='ocrx_word' id='word_1_170' title='bbox 1993 964 2047 1017; x_wconf 87' lang='lat' dir='ltr'><strong>in</strong></span> <span class='ocrx_word' id='word_1_171' title='bbox 2073 963 2262 1017; x_wconf 89' lang='lat' dir='ltr'><strong>eodem</strong></span> <span class='ocrx_word' id='word_1_172' title='bbox 2286 963 2485 1032; x_wconf 90' lang='lat' dir='ltr'><strong>capite.</strong></span> <span class='ocrx_word' id='word_1_173' title='bbox 2521 961 2588 1016; x_wconf 89' lang='lat' dir='ltr'><strong>Et</strong></span> <span class='ocrx_word' id='word_1_174' title='bbox 2617 963 2740 1026; x_wconf 92' lang='lat' dir='ltr'><strong>hoc,</strong></span> <span class='ocrx_word' id='word_1_175' title='bbox 2784 963 2980 1031; x_wconf 91' lang='lat' dir='ltr'><strong>inquit,</strong></span> <span class='ocrx_word' id='word_1_176' title='bbox 3016 977 3142 1016; x_wconf 88' lang='lat' dir='ltr'><strong>vere</strong></span> <span class='ocrx_word' id='word_1_177' title='bbox 3171 963 3437 1017; x_wconf 82' lang='lat' dir='ltr'><strong>audemus</strong></span> <span class='ocrx_word' id='word_1_178' title='bbox 3468 964 3553 1016; x_wconf 60' lang='lat' dir='ltr'><strong>dio</strong></span> 
     </span>
    </p>
   </div>
   <div class='ocr_carea' id='block_1_25' title="bbox 1985 1053 3554 1122">
    <p class='ocr_par' dir='ltr' id='par_1_25' title="bbox 1985 1053 3554 1122">
     <span class='ocr_line' id='line_1_25' title="bbox 1985 1053 3554 1122; baseline -0.002 -15"><span class='ocrx_word' id='word_1_179' title='bbox 1985 1068 2134 1116; x_wconf 88' lang='lat' dir='ltr'><strong>cere,</strong></span> <span class='ocrx_word' id='word_1_180' title='bbox 2172 1053 2315 1119; x_wconf 92' lang='lat' dir='ltr'><strong>quod</strong></span> <span class='ocrx_word' id='word_1_181' title='bbox 2354 1053 2470 1122; x_wconf 88' lang='lat' dir='ltr'><strong>ipse</strong></span> <span class='ocrx_word' id='word_1_182' title='bbox 2507 1053 2599 1121; x_wconf 89' lang='lat' dir='ltr'><strong>qui</strong></span> <span class='ocrx_word' id='word_1_183' title='bbox 2648 1062 2730 1106; x_wconf 85' lang='lat' dir='ltr'><strong>est</strong></span> <span class='ocrx_word' id='word_1_184' title='bbox 2785 1055 3032 1106; x_wconf 90' lang='lat' dir='ltr'><strong>omnium</strong></span> <span class='ocrx_word' id='word_1_185' title='bbox 3082 1069 3270 1116; x_wconf 87' lang='lat' dir='ltr'><strong>causa,</strong></span> <span class='ocrx_word' id='word_1_186' title='bbox 3333 1062 3554 1122; x_wconf 84' lang='lat' dir='ltr'><strong>propter</strong></span> 
     </span>
    </p>
   </div>
   <div class='ocr_carea' id='block_1_26' title="bbox 1991 1145 3551 1215">
    <p class='ocr_par' dir='ltr' id='par_1_26' title="bbox 1991 1145 3551 1215">
     <span class='ocr_line' id='line_1_26' title="bbox 1991 1145 3551 1215; baseline -0.003 -12"><span class='ocrx_word' id='word_1_187' title='bbox 1991 1147 2370 1204; x_wconf 78' lang='lat' dir='ltr'><strong>excellentiam</strong></span> <span class='ocrx_word' id='word_1_188' title='bbox 2414 1147 2670 1201; x_wconf 86' lang='lat' dir='ltr'><strong>bonitatis</strong></span> <span class='ocrx_word' id='word_1_189' title='bbox 2694 1147 2873 1198; x_wconf 88' lang='lat' dir='ltr'><strong>omnia</strong></span> <span class='ocrx_word' id='word_1_190' title='bbox 2905 1155 3070 1209; x_wconf 86' lang='lat' dir='ltr'><strong>amat,</strong></span> <span class='ocrx_word' id='word_1_191' title='bbox 3105 1145 3287 1200; x_wconf 87' lang='lat' dir='ltr'><strong>omnia</strong></span> <span class='ocrx_word' id='word_1_192' title='bbox 3319 1146 3551 1215; x_wconf 81' lang='lat' dir='ltr'><strong>perﬁcit,</strong></span> 
     </span>
    </p>
   </div>
   <div class='ocr_carea' id='block_1_27' title="bbox 2001 1238 3555 1302">
    <p class='ocr_par' dir='ltr' id='par_1_27' title="bbox 2001 1238 3555 1302">
     <span class='ocr_line' id='line_1_27' title="bbox 2001 1238 3555 1302; baseline 0 -12"><span class='ocrx_word' id='word_1_193' title='bbox 2001 1239 2184 1292; x_wconf 84' lang='lat' dir='ltr'><strong>omnia</strong></span> <span class='ocrx_word' id='word_1_194' title='bbox 2217 1239 2480 1302; x_wconf 87' lang='lat' dir='ltr'><strong>continet,</strong></span> <span class='ocrx_word' id='word_1_195' title='bbox 2515 1238 2697 1291; x_wconf 88' lang='lat' dir='ltr'><strong>omnia</strong></span> <span class='ocrx_word' id='word_1_196' title='bbox 2728 1239 2996 1290; x_wconf 87' lang='lat' dir='ltr'><strong>convertit</strong></span> <span class='ocrx_word' id='word_1_197' title='bbox 3021 1238 3086 1290; x_wconf 91' lang='lat' dir='ltr'><strong>ad</strong></span> <span class='ocrx_word' id='word_1_198' title='bbox 3118 1253 3207 1302; x_wconf 88' lang='lat' dir='ltr'><strong>se;</strong></span> <span class='ocrx_word' id='word_1_199' title='bbox 3238 1247 3395 1293; x_wconf 84' lang='lat' dir='ltr'><strong>etest</strong></span> <span class='ocrx_word' id='word_1_200' title='bbox 3417 1239 3555 1292; x_wconf 81' lang='lat' dir='ltr'><strong>divi-</strong></span> 
     </span>
    </p>
   </div>
   <div class='ocr_carea' id='block_1_28' title="bbox 1987 1327 3550 1396">
    <p class='ocr_par' dir='ltr' id='par_1_28' title="bbox 1987 1327 3550 1396">
     <span class='ocr_line' id='line_1_28' title="bbox 1987 1327 3550 1396; baseline -0.002 -14"><span class='ocrx_word' id='word_1_201' title='bbox 1987 1345 2092 1383; x_wconf 90' lang='lat' dir='ltr'><strong>nus</strong></span> <span class='ocrx_word' id='word_1_202' title='bbox 2143 1344 2294 1384; x_wconf 88' lang='lat' dir='ltr'><strong>amor</strong></span> <span class='ocrx_word' id='word_1_203' title='bbox 2323 1329 2501 1383; x_wconf 89' lang='lat' dir='ltr'><strong>bonus</strong></span> <span class='ocrx_word' id='word_1_204' title='bbox 2535 1329 2660 1381; x_wconf 88' lang='lat' dir='ltr'><strong>boni</strong></span> <span class='ocrx_word' id='word_1_205' title='bbox 2699 1336 2919 1396; x_wconf 90' lang='lat' dir='ltr'><strong>propter</strong></span> <span class='ocrx_word' id='word_1_206' title='bbox 2970 1328 3192 1392; x_wconf 89' lang='lat' dir='ltr'><strong>bonum,</strong></span> <span class='ocrx_word' id='word_1_207' title='bbox 3237 1327 3350 1396; x_wconf 88' lang='lat' dir='ltr'><strong>ipse</strong></span> <span class='ocrx_word' id='word_1_208' title='bbox 3407 1330 3550 1381; x_wconf 87' lang='lat' dir='ltr'><strong>enim</strong></span> 
     </span>
    </p>
   </div>
   <div class='ocr_carea' id='block_1_29' title="bbox 1985 1417 3554 1487">
    <p class='ocr_par' dir='ltr' id='par_1_29' title="bbox 1985 1417 3554 1487">
     <span class='ocr_line' id='line_1_29' title="bbox 1985 1417 3554 1487; baseline -0.003 -11"><span class='ocrx_word' id='word_1_209' title='bbox 1985 1435 2142 1476; x_wconf 84' lang='lat' dir='ltr'><strong>amor</strong></span> <span class='ocrx_word' id='word_1_210' title='bbox 2159 1419 2406 1484; x_wconf 91' lang='lat' dir='ltr'><strong>divinus,</strong></span> <span class='ocrx_word' id='word_1_211' title='bbox 2455 1418 2547 1487; x_wconf 88' lang='lat' dir='ltr'><strong>qui</strong></span> <span class='ocrx_word' id='word_1_212' title='bbox 2579 1419 2872 1471; x_wconf 85' lang='lat' dir='ltr'><strong>bonitatem</strong></span> <span class='ocrx_word' id='word_1_213' title='bbox 2904 1417 2958 1470; x_wconf 90' lang='lat' dir='ltr'><strong>iu</strong></span> <span class='ocrx_word' id='word_1_214' title='bbox 2990 1417 3056 1471; x_wconf 90' lang='lat' dir='ltr'><strong>iis</strong></span> <span class='ocrx_word' id='word_1_215' title='bbox 3087 1431 3206 1487; x_wconf 64' lang='lat' dir='ltr'><strong>quae</strong></span> <span class='ocrx_word' id='word_1_216' title='bbox 3233 1425 3379 1480; x_wconf 90' lang='lat' dir='ltr'><strong>sunt,</strong></span> <span class='ocrx_word' id='word_1_217' title='bbox 3420 1433 3554 1487; x_wconf 86' lang='lat' dir='ltr'><strong>ope-</strong></span> 
     </span>
    </p>
   </div>
   <div class='ocr_carea' id='block_1_30' title="bbox 1989 1506 3554 1577">
    <p class='ocr_par' dir='ltr' id='par_1_30' title="bbox 1989 1506 3554 1577">
     <span class='ocr_line' id='line_1_30' title="bbox 1989 1506 3554 1577; baseline -0.002 -15"><span class='ocrx_word' id='word_1_218' title='bbox 1989 1521 2157 1571; x_wconf 88' lang='lat' dir='ltr'><strong>ratur,</strong></span> <span class='ocrx_word' id='word_1_219' title='bbox 2202 1509 2329 1577; x_wconf 88' lang='lat' dir='ltr'><strong>quia</strong></span> <span class='ocrx_word' id='word_1_220' title='bbox 2382 1508 2532 1576; x_wconf 85' lang='lat' dir='ltr'><strong>prius</strong></span> <span class='ocrx_word' id='word_1_221' title='bbox 2557 1507 2762 1559; x_wconf 80' lang='lat' dir='ltr'><strong>exstitit</strong></span> <span class='ocrx_word' id='word_1_222' title='bbox 2801 1507 2853 1559; x_wconf 93' lang='lat' dir='ltr'><strong>in</strong></span> <span class='ocrx_word' id='word_1_223' title='bbox 2907 1506 3050 1561; x_wconf 90' lang='lat' dir='ltr'><strong>bono</strong></span> <span class='ocrx_word' id='word_1_224' title='bbox 3107 1506 3399 1576; x_wconf 68' lang='lat' dir='ltr'><strong>super-late,</strong></span> <span class='ocrx_word' id='word_1_225' title='bbox 3446 1521 3554 1559; x_wconf 91' lang='lat' dir='ltr'><strong>non</strong></span> 
     </span>
    </p>
   </div>
   <div class='ocr_carea' id='block_1_31' title="bbox 1990 1597 3557 1669">
    <p class='ocr_par' dir='ltr' id='par_1_31' title="bbox 1990 1597 3557 1669">
     <span class='ocr_line' id='line_1_31' title="bbox 1990 1597 3557 1669; baseline -0.005 -13"><span class='ocrx_word' id='word_1_226' title='bbox 1990 1603 2118 1656; x_wconf 82' lang='lat' dir='ltr'><strong>sivit</strong></span> <span class='ocrx_word' id='word_1_227' title='bbox 2139 1602 2313 1669; x_wconf 89' lang='lat' dir='ltr'><strong>ipsutu</strong></span> <span class='ocrx_word' id='word_1_228' title='bbox 2335 1599 2386 1651; x_wconf 91' lang='lat' dir='ltr'><strong>in</strong></span> <span class='ocrx_word' id='word_1_229' title='bbox 2407 1614 2466 1653; x_wconf 90' lang='lat' dir='ltr'><strong>se</strong></span> <span class='ocrx_word' id='word_1_230' title='bbox 2497 1599 2614 1652; x_wconf 87' lang='lat' dir='ltr'><strong>sine</strong></span> <span class='ocrx_word' id='word_1_231' title='bbox 2637 1597 2746 1651; x_wconf 85' lang='lat' dir='ltr'><strong>letu</strong></span> <span class='ocrx_word' id='word_1_232' title='bbox 2781 1611 3025 1657; x_wconf 89' lang='lat' dir='ltr'><strong>manere,</strong></span> <span class='ocrx_word' id='word_1_233' title='bbox 3050 1597 3143 1651; x_wconf 87' lang='lat' dir='ltr'><strong>sed</strong></span> <span class='ocrx_word' id='word_1_234' title='bbox 3180 1597 3358 1666; x_wconf 83' lang='lat' dir='ltr'><strong>potius</strong></span> <span class='ocrx_word' id='word_1_235' title='bbox 3388 1597 3557 1650; x_wconf 87' lang='lat' dir='ltr'><strong>movit</strong></span> 
     </span>
    </p>
   </div>
   <div class='ocr_carea' id='block_1_32' title="bbox 1990 1687 3554 1768">
    <p class='ocr_par' dir='ltr' id='par_1_32' title="bbox 1990 1687 3554 1768">
     <span class='ocr_line' id='line_1_32' title="bbox 1990 1687 3554 1768; baseline -0.003 -22"><span class='ocrx_word' id='word_1_236' title='bbox 1990 1708 2114 1746; x_wconf 81' lang='lat' dir='ltr'><strong>eum</strong></span> <span class='ocrx_word' id='word_1_237' title='bbox 2150 1693 2216 1744; x_wconf 89' lang='lat' dir='ltr'><strong>ad</strong></span> <span class='ocrx_word' id='word_1_238' title='bbox 2244 1692 2578 1768; x_wconf 78' lang='lat' dir='ltr'><strong>cperandum</strong></span> <span class='ocrx_word' id='word_1_239' title='bbox 2603 1687 2902 1744; x_wconf 88' lang='lat' dir='ltr'><strong>secundum</strong></span> <span class='ocrx_word' id='word_1_240' title='bbox 2929 1688 3305 1742; x_wconf 80' lang='lat' dir='ltr'><strong>excellentiam</strong></span> <span class='ocrx_word' id='word_1_241' title='bbox 3339 1688 3554 1742; x_wconf 84' lang='lat' dir='ltr'><strong>virtutis</strong></span> 
     </span>
    </p>
   </div>
   <div class='ocr_carea' id='block_1_33' title="bbox 311 1778 3556 1865">
    <p class='ocr_par' dir='ltr' id='par_1_33' title="bbox 311 1778 3556 1865">
     <span class='ocr_line' id='line_1_33' title="bbox 311 1778 3556 1865; baseline -0.003 -25"><span class='ocrx_word' id='word_1_242' title='bbox 311 1787 467 1857; x_wconf 86' lang='lat' dir='ltr'><strong>prius</strong></span> <span class='ocrx_word' id='word_1_243' title='bbox 489 1785 844 1838; x_wconf 82' lang='lat' dir='ltr'><strong>exsistentem</strong></span> <span class='ocrx_word' id='word_1_244' title='bbox 877 1783 929 1836; x_wconf 93' lang='lat' dir='ltr'><strong>in</strong></span> <span class='ocrx_word' id='word_1_245' title='bbox 952 1783 1095 1836; x_wconf 87' lang='lat' dir='ltr'><strong>bono</strong></span> <span class='ocrx_word' id='word_1_246' title='bbox 1119 1792 1249 1835; x_wconf 85' lang='lat' dir='ltr'><strong>etcx</strong></span> <span class='ocrx_word' id='word_1_247' title='bbox 1288 1781 1427 1836; x_wconf 86' lang='lat' dir='ltr'><strong>bono</strong></span> <span class='ocrx_word' id='word_1_248' title='bbox 1457 1782 1509 1834; x_wconf 91' lang='lat' dir='ltr'><strong>in</strong></span> <span class='ocrx_word' id='word_1_249' title='bbox 1533 1796 1592 1860; x_wconf 86' lang='lat' dir='ltr'><strong>ea</strong></span> <span class='ocrx_word' id='word_1_250' title='bbox 1619 1796 1740 1849; x_wconf 80' lang='lat' dir='ltr'><strong>quae</strong></span> <span class='ocrx_word' id='word_1_251' title='bbox 1760 1791 1884 1836; x_wconf 87' lang='lat' dir='ltr'><strong>sunt</strong></span> <span class='ocrx_word' id='word_1_252' title='bbox 1919 1813 1957 1865; x_wconf 72' lang='grc' dir='ltr'><strong><em>Β</em></strong></span> <span class='ocrx_word' id='word_1_253' title='bbox 1985 1798 2098 1836; x_wconf 62' lang='lat' dir='ltr'><strong>suae</strong></span> <span class='ocrx_word' id='word_1_254' title='bbox 2129 1783 2376 1835; x_wconf 88' lang='lat' dir='ltr'><strong>omnimn</strong></span> <span class='ocrx_word' id='word_1_255' title='bbox 2428 1795 2609 1835; x_wconf 88' lang='lat' dir='ltr'><strong>rerum</strong></span> <span class='ocrx_word' id='word_1_256' title='bbox 2663 1779 2977 1836; x_wconf 84' lang='lat' dir='ltr'><strong>ell&#39;ectricis.</strong></span> <span class='ocrx_word' id='word_1_257' title='bbox 3017 1778 3138 1846; x_wconf 86' lang='lat' dir='ltr'><strong>Quo</strong></span> <span class='ocrx_word' id='word_1_258' title='bbox 3189 1780 3244 1832; x_wconf 91' lang='lat' dir='ltr'><strong>in</strong></span> <span class='ocrx_word' id='word_1_259' title='bbox 3277 1780 3396 1832; x_wconf 90' lang='lat' dir='ltr'><strong>loco</strong></span> <span class='ocrx_word' id='word_1_260' title='bbox 3424 1791 3556 1833; x_wconf 82' lang='lat' dir='ltr'><strong>san-</strong></span> 
     </span>
    </p>
   </div>
   <div class='ocr_carea' id='block_1_34' title="bbox 315 1866 1886 1934">
    <p class='ocr_par' dir='ltr' id='par_1_34' title="bbox 315 1866 1886 1934">
     <span class='ocr_line' id='line_1_34' title="bbox 315 1866 1886 1934; baseline -0.008 -5"><span class='ocrx_word' id='word_1_261' title='bbox 315 1874 736 1934; x_wconf 83' lang='lat' dir='ltr'><strong>rcduudantem,</strong></span> <span class='ocrx_word' id='word_1_262' title='bbox 770 1885 834 1924; x_wconf 90' lang='lat' dir='ltr'><strong>ac</strong></span> <span class='ocrx_word' id='word_1_263' title='bbox 855 1884 1043 1923; x_wconf 91' lang='lat' dir='ltr'><strong>rursus</strong></span> <span class='ocrx_word' id='word_1_264' title='bbox 1079 1869 1145 1922; x_wconf 88' lang='lat' dir='ltr'><strong>ad</strong></span> <span class='ocrx_word' id='word_1_265' title='bbox 1192 1869 1393 1921; x_wconf 90' lang='lat' dir='ltr'><strong>bonum</strong></span> <span class='ocrx_word' id='word_1_266' title='bbox 1421 1877 1801 1928; x_wconf 86' lang='lat' dir='ltr'><strong>revertentem,</strong></span> <span class='ocrx_word' id='word_1_267' title='bbox 1828 1866 1886 1923; x_wconf 82' lang='lat' dir='ltr'><strong>in</strong></span> 
     </span>
    </p>
   </div>
   <div class='ocr_carea' id='block_1_35' title="bbox 308 1956 1883 2035">
    <p class='ocr_par' dir='ltr' id='par_1_35' title="bbox 308 1956 1883 2035">
     <span class='ocr_line' id='line_1_35' title="bbox 308 1956 1883 2035; baseline -0.004 -20"><span class='ocrx_word' id='word_1_268' title='bbox 308 1980 424 2035; x_wconf 87' lang='lat' dir='ltr'><strong>quo</strong></span> <span class='ocrx_word' id='word_1_269' title='bbox 453 1962 868 2032; x_wconf 82' lang='lat' dir='ltr'><strong>perpetuitatem</strong></span> <span class='ocrx_word' id='word_1_270' title='bbox 900 1976 1080 2024; x_wconf 90' lang='lat' dir='ltr'><strong>suam,</strong></span> <span class='ocrx_word' id='word_1_271' title='bbox 1109 1970 1162 2014; x_wconf 92' lang='lat' dir='ltr'><strong>et</strong></span> <span class='ocrx_word' id='word_1_272' title='bbox 1186 1973 1370 2013; x_wconf 88' lang='lat' dir='ltr'><strong>carere</strong></span> <span class='ocrx_word' id='word_1_273' title='bbox 1407 1972 1474 2012; x_wconf 76' lang='lat' dir='ltr'><strong>.se</strong></span> <span class='ocrx_word' id='word_1_274' title='bbox 1501 1956 1711 2022; x_wconf 78' lang='lat' dir='ltr'><strong>origine</strong></span> <span class='ocrx_word' id='word_1_275' title='bbox 1744 1956 1883 2009; x_wconf 86' lang='lat' dir='ltr'><strong>divi-</strong></span> 
     </span>
    </p>
   </div>
   <div class='ocr_carea' id='block_1_36' title="bbox 312 2046 1884 2117">
    <p class='ocr_par' dir='ltr' id='par_1_36' title="bbox 312 2046 1884 2117">
     <span class='ocr_line' id='line_1_36' title="bbox 312 2046 1884 2117; baseline -0.006 -8"><span class='ocrx_word' id='word_1_276' title='bbox 312 2069 424 2110; x_wconf 87' lang='lat' dir='ltr'><strong>nus</strong></span> <span class='ocrx_word' id='word_1_277' title='bbox 471 2069 632 2108; x_wconf 89' lang='lat' dir='ltr'><strong>amor</strong></span> <span class='ocrx_word' id='word_1_278' title='bbox 685 2054 1010 2108; x_wconf 78' lang='lat' dir='ltr'><strong>excellenter</strong></span> <span class='ocrx_word' id='word_1_279' title='bbox 1064 2053 1418 2114; x_wconf 79' lang='lat' dir='ltr'><strong>demonstrat,</strong></span> <span class='ocrx_word' id='word_1_280' title='bbox 1473 2049 1613 2104; x_wconf 87' lang='lat' dir='ltr'><strong>sicut</strong></span> <span class='ocrx_word' id='word_1_281' title='bbox 1667 2046 1884 2117; x_wconf 89' lang='lat' dir='ltr'><strong>quidam</strong></span> 
     </span>
    </p>
   </div>
   <div class='ocr_carea' id='block_1_37' title="bbox 311 2139 1888 2213">
    <p class='ocr_par' dir='ltr' id='par_1_37' title="bbox 311 2139 1888 2213">
     <span class='ocr_line' id='line_1_37' title="bbox 311 2139 1888 2213; baseline -0.007 -14"><span class='ocrx_word' id='word_1_282' title='bbox 311 2154 563 2199; x_wconf 67' lang='lat' dir='ltr'><strong>aeternus</strong></span> <span class='ocrx_word' id='word_1_283' title='bbox 590 2143 854 2204; x_wconf 85' lang='lat' dir='ltr'><strong>circulus,</strong></span> <span class='ocrx_word' id='word_1_284' title='bbox 885 2153 1104 2213; x_wconf 86' lang='lat' dir='ltr'><strong>propter</strong></span> <span class='ocrx_word' id='word_1_285' title='bbox 1135 2142 1337 2193; x_wconf 86' lang='lat' dir='ltr'><strong>bonum</strong></span> <span class='ocrx_word' id='word_1_286' title='bbox 1365 2140 1722 2194; x_wconf 85' lang='lat' dir='ltr'><strong>conversione</strong></span> <span class='ocrx_word' id='word_1_287' title='bbox 1746 2139 1888 2192; x_wconf 89' lang='lat' dir='ltr'><strong>iner-</strong></span> 
     </span>
    </p>
   </div>
   <div class='ocr_carea' id='block_1_38' title="bbox 309 2230 1884 2296">
    <p class='ocr_par' dir='ltr' id='par_1_38' title="bbox 309 2230 1884 2296">
     <span class='ocr_line' id='line_1_38' title="bbox 309 2230 1884 2296; baseline -0.004 -8"><span class='ocrx_word' id='word_1_288' title='bbox 309 2243 476 2290; x_wconf 85' lang='lat' dir='ltr'><strong>rante</strong></span> <span class='ocrx_word' id='word_1_289' title='bbox 508 2233 1032 2296; x_wconf 88' lang='lat' dir='ltr'><strong>circumambulans,</strong></span> <span class='ocrx_word' id='word_1_290' title='bbox 1055 2241 1110 2286; x_wconf 85' lang='lat' dir='ltr'><strong>et</strong></span> <span class='ocrx_word' id='word_1_291' title='bbox 1130 2232 1182 2285; x_wconf 89' lang='lat' dir='ltr'><strong>iu</strong></span> <span class='ocrx_word' id='word_1_292' title='bbox 1208 2231 1396 2286; x_wconf 90' lang='lat' dir='ltr'><strong>eodem</strong></span> <span class='ocrx_word' id='word_1_293' title='bbox 1421 2230 1718 2285; x_wconf 89' lang='lat' dir='ltr'><strong>secundum</strong></span> <span class='ocrx_word' id='word_1_294' title='bbox 1744 2231 1884 2284; x_wconf 89' lang='lat' dir='ltr'><strong>idem</strong></span> 
     </span>
    </p>
   </div>
   <div class='ocr_carea' id='block_1_39' title="bbox 305 2322 1885 2397">
    <p class='ocr_par' dir='ltr' id='par_1_39' title="bbox 305 2322 1885 2397">
     <span class='ocr_line' id='line_1_39' title="bbox 305 2322 1885 2397; baseline -0.005 -15"><span class='ocrx_word' id='word_1_295' title='bbox 305 2342 356 2383; x_wconf 91' lang='lat' dir='ltr'><strong>et</strong></span> <span class='ocrx_word' id='word_1_296' title='bbox 402 2327 790 2397; x_wconf 83' lang='lat' dir='ltr'><strong>progrediens,</strong></span> <span class='ocrx_word' id='word_1_297' title='bbox 826 2333 878 2378; x_wconf 92' lang='lat' dir='ltr'><strong>et</strong></span> <span class='ocrx_word' id='word_1_298' title='bbox 911 2337 1160 2387; x_wconf 87' lang='lat' dir='ltr'><strong>manens,</strong></span> <span class='ocrx_word' id='word_1_299' title='bbox 1190 2333 1244 2378; x_wconf 92' lang='lat' dir='ltr'><strong>et</strong></span> <span class='ocrx_word' id='word_1_300' title='bbox 1279 2335 1579 2378; x_wconf 88' lang='lat' dir='ltr'><strong>revertens.</strong></span> <span class='ocrx_word' id='word_1_301' title='bbox 1627 2322 1885 2388; x_wconf 61' lang='lat' dir='ltr'><strong>Quaedam</strong></span> 
     </span>
    </p>
   </div>
   <div class='ocr_carea' id='block_1_40' title="bbox 305 2411 1887 2482">
    <p class='ocr_par' dir='ltr' id='par_1_40' title="bbox 305 2411 1887 2482">
     <span class='ocr_line' id='line_1_40' title="bbox 305 2411 1887 2482; baseline -0.004 -9"><span class='ocrx_word' id='word_1_302' title='bbox 305 2435 376 2473; x_wconf 83' lang='lat' dir='ltr'><strong>ex</strong></span> <span class='ocrx_word' id='word_1_303' title='bbox 417 2420 506 2470; x_wconf 92' lang='lat' dir='ltr'><strong>his</strong></span> <span class='ocrx_word' id='word_1_304' title='bbox 546 2418 815 2470; x_wconf 79' lang='lat' dir='ltr'><strong>adnatans</strong></span> <span class='ocrx_word' id='word_1_305' title='bbox 846 2424 1072 2469; x_wconf 88' lang='lat' dir='ltr'><strong>sanctus</strong></span> <span class='ocrx_word' id='word_1_306' title='bbox 1131 2412 1403 2482; x_wconf 74' lang='lat' dir='ltr'><strong>Maximus</strong></span> <span class='ocrx_word' id='word_1_307' title='bbox 1466 2429 1482 2468; x_wconf 87' lang='lat'><strong>:</strong></span> <span class='ocrx_word' id='word_1_308' title='bbox 1549 2411 1887 2477; x_wconf 86' lang='lat' dir='ltr'><strong>Dilectiouis,</strong></span> 
     </span>
    </p>
   </div>
   <div class='ocr_carea' id='block_1_41' title="bbox 309 2503 1888 2580">
    <p class='ocr_par' dir='ltr' id='par_1_41' title="bbox 309 2503 1888 2580">
     <span class='ocr_line' id='line_1_41' title="bbox 309 2503 1888 2580; baseline -0.004 -16"><span class='ocrx_word' id='word_1_309' title='bbox 309 2508 519 2580; x_wconf 85' lang='lat' dir='ltr'><strong>inquit,</strong></span> <span class='ocrx_word' id='word_1_310' title='bbox 538 2516 593 2560; x_wconf 92' lang='lat' dir='ltr'><strong>et</strong></span> <span class='ocrx_word' id='word_1_311' title='bbox 629 2506 832 2559; x_wconf 89' lang='lat' dir='ltr'><strong>amoris</strong></span> <span class='ocrx_word' id='word_1_312' title='bbox 861 2505 1038 2573; x_wconf 89' lang='lat' dir='ltr'><strong>ipsum</strong></span> <span class='ocrx_word' id='word_1_313' title='bbox 1075 2503 1284 2559; x_wconf 86' lang='lat' dir='ltr'><strong>scilicet</strong></span> <span class='ocrx_word' id='word_1_314' title='bbox 1323 2504 1487 2556; x_wconf 89' lang='lat' dir='ltr'><strong>Deum</strong></span> <span class='ocrx_word' id='word_1_315' title='bbox 1525 2512 1682 2557; x_wconf 90' lang='lat' dir='ltr'><strong>vocat</strong></span> <span class='ocrx_word' id='word_1_316' title='bbox 1718 2503 1888 2558; x_wconf 89' lang='lat' dir='ltr'><strong>emis-</strong></span> 
     </span>
    </p>
   </div>
   <div class='ocr_carea' id='block_1_42' title="bbox 307 2594 1894 2665">
    <p class='ocr_par' dir='ltr' id='par_1_42' title="bbox 307 2594 1894 2665">
     <span class='ocr_line' id='line_1_42' title="bbox 307 2594 1894 2665; baseline -0.004 -10"><span class='ocrx_word' id='word_1_317' title='bbox 307 2612 528 2663; x_wconf 81' lang='lat' dir='ltr'><strong>sorem,</strong></span> <span class='ocrx_word' id='word_1_318' title='bbox 555 2606 610 2650; x_wconf 91' lang='lat' dir='ltr'><strong>et</strong></span> <span class='ocrx_word' id='word_1_319' title='bbox 645 2607 926 2665; x_wconf 88' lang='lat' dir='ltr'><strong>parentem</strong></span> <span class='ocrx_word' id='word_1_320' title='bbox 955 2611 969 2648; x_wconf 91' lang='lat'><strong>:</strong></span> <span class='ocrx_word' id='word_1_321' title='bbox 1005 2595 1118 2663; x_wconf 89' lang='lat' dir='ltr'><strong>ipse</strong></span> <span class='ocrx_word' id='word_1_322' title='bbox 1159 2594 1302 2646; x_wconf 90' lang='lat' dir='ltr'><strong>enim</strong></span> <span class='ocrx_word' id='word_1_323' title='bbox 1339 2594 1473 2658; x_wconf 62' lang='lat' dir='ltr'><strong>hac,</strong></span> <span class='ocrx_word' id='word_1_324' title='bbox 1503 2609 1628 2662; x_wconf 63' lang='lat' dir='ltr'><strong>qua:</strong></span> <span class='ocrx_word' id='word_1_325' title='bbox 1672 2594 1725 2646; x_wconf 91' lang='lat' dir='ltr'><strong>in</strong></span> <span class='ocrx_word' id='word_1_326' title='bbox 1775 2595 1894 2662; x_wconf 84' lang='lat' dir='ltr'><strong>ipso</strong></span> 
     </span>
    </p>
   </div>
   <div class='ocr_carea' id='block_1_43' title="bbox 306 2685 1891 2757">
    <p class='ocr_par' dir='ltr' id='par_1_43' title="bbox 306 2685 1891 2757">
     <span class='ocr_line' id='line_1_43' title="bbox 306 2685 1891 2757; baseline -0.003 -13"><span class='ocrx_word' id='word_1_327' title='bbox 306 2701 494 2754; x_wconf 88' lang='lat' dir='ltr'><strong>erant,</strong></span> <span class='ocrx_word' id='word_1_328' title='bbox 523 2688 780 2757; x_wconf 81' lang='lat' dir='ltr'><strong>produxit</strong></span> <span class='ocrx_word' id='word_1_329' title='bbox 805 2687 858 2741; x_wconf 94' lang='lat' dir='ltr'><strong>in</strong></span> <span class='ocrx_word' id='word_1_330' title='bbox 903 2701 966 2740; x_wconf 90' lang='lat' dir='ltr'><strong>ea</strong></span> <span class='ocrx_word' id='word_1_331' title='bbox 995 2701 1114 2754; x_wconf 81' lang='lat' dir='ltr'><strong>quae</strong></span> <span class='ocrx_word' id='word_1_332' title='bbox 1172 2685 1307 2739; x_wconf 82' lang='lat' dir='ltr'><strong>l’oris</strong></span> <span class='ocrx_word' id='word_1_333' title='bbox 1338 2700 1487 2748; x_wconf 86' lang='lat' dir='ltr'><strong>sunt,</strong></span> <span class='ocrx_word' id='word_1_334' title='bbox 1520 2685 1572 2738; x_wconf 91' lang='lat' dir='ltr'><strong>id</strong></span> <span class='ocrx_word' id='word_1_335' title='bbox 1605 2695 1709 2748; x_wconf 88' lang='lat' dir='ltr'><strong>est,</strong></span> <span class='ocrx_word' id='word_1_336' title='bbox 1745 2687 1891 2740; x_wconf 90' lang='lat' dir='ltr'><strong>circa</strong></span> 
     </span>
    </p>
   </div>
   <div class='ocr_carea' id='block_1_44' title="bbox 306 2772 1892 2834">
    <p class='ocr_par' dir='ltr' id='par_1_44' title="bbox 306 2772 1892 2834">
     <span class='ocr_line' id='line_1_44' title="bbox 306 2772 1892 2834; baseline -0.003 0"><span class='ocrx_word' id='word_1_337' title='bbox 306 2789 627 2834; x_wconf 85' lang='lat' dir='ltr'><strong>creaturas.</strong></span> <span class='ocrx_word' id='word_1_338' title='bbox 674 2776 807 2828; x_wconf 86' lang='lat' dir='ltr'><strong>Item</strong></span> <span class='ocrx_word' id='word_1_339' title='bbox 865 2775 1008 2828; x_wconf 90' lang='lat' dir='ltr'><strong>idem</strong></span> <span class='ocrx_word' id='word_1_340' title='bbox 1056 2772 1255 2827; x_wconf 87' lang='lat' dir='ltr'><strong>ibidem</strong></span> <span class='ocrx_word' id='word_1_341' title='bbox 1300 2773 1662 2828; x_wconf 84' lang='lat' dir='ltr'><strong>:Amatorius</strong></span> <span class='ocrx_word' id='word_1_342' title='bbox 1710 2783 1892 2830; x_wconf 89' lang='lat' dir='ltr'><strong>motus</strong></span> 
     </span>
    </p>
   </div>
   <div class='ocr_carea' id='block_1_45' title="bbox 305 2860 1892 2936">
    <p class='ocr_par' dir='ltr' id='par_1_45' title="bbox 305 2860 1892 2936">
     <span class='ocr_line' id='line_1_45' title="bbox 305 2860 1892 2936; baseline -0.002 -18"><span class='ocrx_word' id='word_1_343' title='bbox 305 2867 472 2936; x_wconf 86' lang='lat' dir='ltr'><strong>prius</strong></span> <span class='ocrx_word' id='word_1_344' title='bbox 504 2863 775 2920; x_wconf 85' lang='lat' dir='ltr'><strong>exsistens</strong></span> <span class='ocrx_word' id='word_1_345' title='bbox 819 2862 874 2915; x_wconf 88' lang='lat' dir='ltr'><strong>in</strong></span> <span class='ocrx_word' id='word_1_346' title='bbox 909 2861 1074 2925; x_wconf 89' lang='lat' dir='ltr'><strong>bono,</strong></span> <span class='ocrx_word' id='word_1_347' title='bbox 1125 2860 1377 2928; x_wconf 79' lang='lat' dir='ltr'><strong>simplex,</strong></span> <span class='ocrx_word' id='word_1_348' title='bbox 1433 2875 1529 2929; x_wconf 89' lang='lat' dir='ltr'><strong>per</strong></span> <span class='ocrx_word' id='word_1_349' title='bbox 1558 2875 1616 2914; x_wconf 89' lang='lat' dir='ltr'><strong>se</strong></span> <span class='ocrx_word' id='word_1_350' title='bbox 1651 2862 1892 2924; x_wconf 78' lang='lat' dir='ltr'><strong>mobilis,</strong></span> 
     </span>
    </p>
   </div>
   <div class='ocr_carea' id='block_1_46' title="bbox 307 2949 1890 3026">
    <p class='ocr_par' dir='ltr' id='par_1_46' title="bbox 307 2949 1890 3026">
     <span class='ocr_line' id='line_1_46' title="bbox 307 2949 1890 3026; baseline -0.003 -15"><span class='ocrx_word' id='word_1_351' title='bbox 307 2972 411 3026; x_wconf 85' lang='lat' dir='ltr'><strong>per</strong></span> <span class='ocrx_word' id='word_1_352' title='bbox 465 2971 528 3010; x_wconf 90' lang='lat' dir='ltr'><strong>se</strong></span> <span class='ocrx_word' id='word_1_353' title='bbox 580 2968 834 3024; x_wconf 88' lang='lat' dir='ltr'><strong>operans,</strong></span> <span class='ocrx_word' id='word_1_354' title='bbox 899 2963 1084 3021; x_wconf 89' lang='lat' dir='ltr'><strong>postea</strong></span> <span class='ocrx_word' id='word_1_355' title='bbox 1139 2949 1490 3020; x_wconf 73' lang='lat' dir='ltr'><strong>providentiis</strong></span> <span class='ocrx_word' id='word_1_356' title='bbox 1545 2953 1786 3008; x_wconf 85' lang='lat' dir='ltr'><strong>externis</strong></span> <span class='ocrx_word' id='word_1_357' title='bbox 1837 2954 1890 3007; x_wconf 91' lang='lat' dir='ltr'><strong>in</strong></span> 
     </span>
    </p>
   </div>
   <div class='ocr_carea' id='block_1_47' title="bbox 308 3043 1890 3124">
    <p class='ocr_par' dir='ltr' id='par_1_47' title="bbox 308 3043 1890 3124">
     <span class='ocr_line' id='line_1_47' title="bbox 308 3043 1890 3124; baseline -0.001 -21"><span class='ocrx_word' id='word_1_358' title='bbox 308 3058 617 3104; x_wconf 88' lang='lat' dir='ltr'><strong>creaturas</strong></span> <span class='ocrx_word' id='word_1_359' title='bbox 651 3044 1000 3114; x_wconf 81' lang='lat' dir='ltr'><strong>progrediens</strong></span> <span class='ocrx_word' id='word_1_360' title='bbox 1031 3057 1230 3097; x_wconf 88' lang='lat' dir='ltr'><strong>rursus</strong></span> <span class='ocrx_word' id='word_1_361' title='bbox 1275 3043 1465 3124; x_wconf 84' lang='lat' dir='ltr'><strong>eodem</strong></span> <span class='ocrx_word' id='word_1_362' title='bbox 1492 3044 1652 3109; x_wconf 88' lang='lat' dir='ltr'><strong>redit,</strong></span> <span class='ocrx_word' id='word_1_363' title='bbox 1699 3045 1803 3100; x_wconf 85' lang='lat' dir='ltr'><strong>line</strong></span> <span class='ocrx_word' id='word_1_364' title='bbox 1838 3057 1890 3100; x_wconf 89' lang='lat' dir='ltr'><strong>et</strong></span> 
     </span>
    </p>
   </div>
   <div class='ocr_carea' id='block_1_48' title="bbox 1987 1871 3556 1941">
    <p class='ocr_par' dir='ltr' id='par_1_48' title="bbox 1987 1871 3556 1941">
     <span class='ocr_line' id='line_1_48' title="bbox 1987 1871 3556 1941; baseline -0.004 -13"><span class='ocrx_word' id='word_1_365' title='bbox 1987 1883 2106 1928; x_wconf 88' lang='lat' dir='ltr'><strong>ctus</strong></span> <span class='ocrx_word' id='word_1_366' title='bbox 2142 1873 2408 1927; x_wconf 81' lang='lat' dir='ltr'><strong>Maximus</strong></span> <span class='ocrx_word' id='word_1_367' title='bbox 2437 1873 2666 1927; x_wconf 82' lang='lat' dir='ltr'><strong>miriﬁce</strong></span> <span class='ocrx_word' id='word_1_368' title='bbox 2693 1873 2861 1937; x_wconf 91' lang='lat' dir='ltr'><strong>dicit,</strong></span> <span class='ocrx_word' id='word_1_369' title='bbox 2915 1874 3058 1941; x_wconf 92' lang='lat' dir='ltr'><strong>quod</strong></span> <span class='ocrx_word' id='word_1_370' title='bbox 3123 1871 3300 1925; x_wconf 85' lang='lat' dir='ltr'><strong>bonus</strong></span> <span class='ocrx_word' id='word_1_371' title='bbox 3359 1884 3556 1934; x_wconf 85' lang='lat' dir='ltr'><strong>amor,</strong></span> 
     </span>
    </p>
   </div>
   <div class='ocr_carea' id='block_1_49' title="bbox 1991 1955 3556 2034">
    <p class='ocr_par' dir='ltr' id='par_1_49' title="bbox 1991 1955 3556 2034">
     <span class='ocr_line' id='line_1_49' title="bbox 1991 1955 3556 2034; baseline 0.002 -23"><span class='ocrx_word' id='word_1_372' title='bbox 1991 1964 2083 2034; x_wconf 84' lang='lat' dir='ltr'><strong>qui</strong></span> <span class='ocrx_word' id='word_1_373' title='bbox 2121 1974 2243 2018; x_wconf 88' lang='lat' dir='ltr'><strong>ante</strong></span> <span class='ocrx_word' id='word_1_374' title='bbox 2273 1967 2456 2018; x_wconf 86' lang='lat' dir='ltr'><strong>omnia</strong></span> <span class='ocrx_word' id='word_1_375' title='bbox 2496 1966 2556 2017; x_wconf 89' lang='lat' dir='ltr'><strong>in-</strong></span> <span class='ocrx_word' id='word_1_376' title='bbox 2582 1964 2726 2019; x_wconf 92' lang='lat' dir='ltr'><strong>bono</strong></span> <span class='ocrx_word' id='word_1_377' title='bbox 2743 1964 2974 2025; x_wconf 84' lang='lat' dir='ltr'><strong>exstitit,</strong></span> <span class='ocrx_word' id='word_1_378' title='bbox 3003 1978 3110 2016; x_wconf 91' lang='lat' dir='ltr'><strong>non</strong></span> <span class='ocrx_word' id='word_1_379' title='bbox 3145 1962 3408 2016; x_wconf 89' lang='lat' dir='ltr'><strong>remansit</strong></span> <span class='ocrx_word' id='word_1_380' title='bbox 3435 1955 3556 2015; x_wconf 87' lang='lat' dir='ltr'><strong>sine</strong></span> 
     </span>
    </p>
   </div>
   <div class='ocr_carea' id='block_1_50' title="bbox 1990 2055 3556 2126">
    <p class='ocr_par' dir='ltr' id='par_1_50' title="bbox 1990 2055 3556 2126">
     <span class='ocr_line' id='line_1_50' title="bbox 1990 2055 3556 2126; baseline -0.003 -17"><span class='ocrx_word' id='word_1_381' title='bbox 1990 2059 2123 2120; x_wconf 75' lang='lat' dir='ltr'><strong>l&#39;etu,</strong></span> <span class='ocrx_word' id='word_1_382' title='bbox 2158 2056 2250 2110; x_wconf 89' lang='lat' dir='ltr'><strong>sed</strong></span> <span class='ocrx_word' id='word_1_383' title='bbox 2285 2057 2468 2126; x_wconf 86' lang='lat' dir='ltr'><strong>potius</strong></span> <span class='ocrx_word' id='word_1_384' title='bbox 2498 2057 2698 2111; x_wconf 90' lang='lat' dir='ltr'><strong>bonum</strong></span> <span class='ocrx_word' id='word_1_385' title='bbox 2725 2070 2966 2110; x_wconf 87' lang='lat' dir='ltr'><strong>amorem</strong></span> <span class='ocrx_word' id='word_1_386' title='bbox 3001 2055 3158 2108; x_wconf 90' lang='lat' dir='ltr'><strong>nobis</strong></span> <span class='ocrx_word' id='word_1_387' title='bbox 3207 2055 3432 2122; x_wconf 84' lang='lat' dir='ltr'><strong>peperit,</strong></span> <span class='ocrx_word' id='word_1_388' title='bbox 3458 2066 3556 2120; x_wconf 88' lang='lat' dir='ltr'><strong>per</strong></span> 
     </span>
    </p>
   </div>
   <div class='ocr_carea' id='block_1_51' title="bbox 1987 2144 3557 2218">
    <p class='ocr_par' dir='ltr' id='par_1_51' title="bbox 1987 2144 3557 2218">
     <span class='ocr_line' id='line_1_51' title="bbox 1987 2144 3557 2218; baseline -0.003 -17"><span class='ocrx_word' id='word_1_389' title='bbox 1987 2163 2151 2217; x_wconf 84' lang='lat' dir='ltr'><strong>quem</strong></span> <span class='ocrx_word' id='word_1_390' title='bbox 2177 2149 2464 2214; x_wconf 85' lang='lat' dir='ltr'><strong>pulchrum</strong></span> <span class='ocrx_word' id='word_1_391' title='bbox 2494 2158 2546 2203; x_wconf 91' lang='lat' dir='ltr'><strong>et</strong></span> <span class='ocrx_word' id='word_1_392' title='bbox 2574 2150 2773 2204; x_wconf 90' lang='lat' dir='ltr'><strong>bonum</strong></span> <span class='ocrx_word' id='word_1_393' title='bbox 2799 2149 3128 2218; x_wconf 74' lang='lat' dir='ltr'><strong>expetimus.</strong></span> <span class='ocrx_word' id='word_1_394' title='bbox 3156 2145 3397 2201; x_wconf 84' lang='lat' dir='ltr'><strong>Observa</strong></span> <span class='ocrx_word' id='word_1_395' title='bbox 3429 2144 3557 2198; x_wconf 92' lang='lat' dir='ltr'><strong>hinc</strong></span> 
     </span>
    </p>
   </div>
   <div class='ocr_carea' id='block_1_52' title="bbox 1988 2235 3555 2303">
    <p class='ocr_par' dir='ltr' id='par_1_52' title="bbox 1988 2235 3555 2303">
     <span class='ocr_line' id='line_1_52' title="bbox 1988 2235 3555 2303; baseline -0.003 -12"><span class='ocrx_word' id='word_1_396' title='bbox 1988 2240 2231 2291; x_wconf 89' lang='lat' dir='ltr'><strong>divinum</strong></span> <span class='ocrx_word' id='word_1_397' title='bbox 2267 2250 2496 2303; x_wconf 89' lang='lat' dir='ltr'><strong>motum,</strong></span> <span class='ocrx_word' id='word_1_398' title='bbox 2523 2253 2679 2293; x_wconf 89' lang='lat' dir='ltr'><strong>amor</strong></span> <span class='ocrx_word' id='word_1_399' title='bbox 2706 2239 2850 2293; x_wconf 90' lang='lat' dir='ltr'><strong>enim</strong></span> <span class='ocrx_word' id='word_1_400' title='bbox 2894 2237 3158 2292; x_wconf 91' lang='lat' dir='ltr'><strong>bonorum</strong></span> <span class='ocrx_word' id='word_1_401' title='bbox 3187 2235 3408 2290; x_wconf 72' lang='lat' dir='ltr'><strong>eii‘ector</strong></span> <span class='ocrx_word' id='word_1_402' title='bbox 3437 2249 3555 2287; x_wconf 83' lang='lat' dir='ltr'><strong>ino-</strong></span> 
     </span>
    </p>
   </div>
   <div class='ocr_carea' id='block_1_53' title="bbox 1991 2319 3552 2395">
    <p class='ocr_par' dir='ltr' id='par_1_53' title="bbox 1991 2319 3552 2395">
     <span class='ocr_line' id='line_1_53' title="bbox 1991 2319 3552 2395; baseline -0.004 -15"><span class='ocrx_word' id='word_1_403' title='bbox 1991 2327 2069 2380; x_wconf 86' lang='lat' dir='ltr'><strong>vit</strong></span> <span class='ocrx_word' id='word_1_404' title='bbox 2098 2326 2266 2380; x_wconf 87' lang='lat' dir='ltr'><strong>Deum</strong></span> <span class='ocrx_word' id='word_1_405' title='bbox 2304 2327 2370 2380; x_wconf 90' lang='lat' dir='ltr'><strong>ad</strong></span> <span class='ocrx_word' id='word_1_406' title='bbox 2408 2325 2800 2395; x_wconf 83' lang='lat' dir='ltr'><strong>providendum</strong></span> <span class='ocrx_word' id='word_1_407' title='bbox 2834 2325 3014 2390; x_wconf 86' lang='lat' dir='ltr'><strong>nobis,</strong></span> <span class='ocrx_word' id='word_1_408' title='bbox 3044 2331 3098 2378; x_wconf 88' lang='lat' dir='ltr'><strong>et</strong></span> <span class='ocrx_word' id='word_1_409' title='bbox 3121 2334 3174 2378; x_wconf 86' lang='lat' dir='ltr'><strong>ut</strong></span> <span class='ocrx_word' id='word_1_410' title='bbox 3210 2337 3308 2376; x_wconf 89' lang='lat' dir='ltr'><strong>nos</strong></span> <span class='ocrx_word' id='word_1_411' title='bbox 3346 2319 3552 2375; x_wconf 61' lang='lat' dir='ltr'><strong>constic</strong></span> 
     </span>
    </p>
   </div>
   <div class='ocr_carea' id='block_1_54' title="bbox 1994 2415 3556 2484">
    <p class='ocr_par' dir='ltr' id='par_1_54' title="bbox 1994 2415 3556 2484">
     <span class='ocr_line' id='line_1_54' title="bbox 1994 2415 3556 2484; baseline -0.006 -14"><span class='ocrx_word' id='word_1_412' title='bbox 1994 2427 2190 2481; x_wconf 90' lang='lat' dir='ltr'><strong>tueret,</strong></span> <span class='ocrx_word' id='word_1_413' title='bbox 2225 2426 2282 2470; x_wconf 72' lang='lat' dir='ltr'><strong>Ill</strong></span> <span class='ocrx_word' id='word_1_414' title='bbox 2306 2431 2431 2471; x_wconf 90' lang='lat' dir='ltr'><strong>cum</strong></span> <span class='ocrx_word' id='word_1_415' title='bbox 2468 2424 2796 2478; x_wconf 87' lang='lat' dir='ltr'><strong>moveretur,</strong></span> <span class='ocrx_word' id='word_1_416' title='bbox 2828 2415 3169 2484; x_wconf 88' lang='lat' dir='ltr'><strong>produceret,</strong></span> <span class='ocrx_word' id='word_1_417' title='bbox 3210 2422 3263 2465; x_wconf 81' lang='grc' dir='ltr'><strong>ει</strong></span> <span class='ocrx_word' id='word_1_418' title='bbox 3311 2427 3418 2464; x_wconf 77' lang='grc'><strong>11011</strong></span> <span class='ocrx_word' id='word_1_419' title='bbox 3469 2425 3556 2462; x_wconf 88' lang='lat' dir='ltr'><strong>re-</strong></span> 
     </span>
    </p>
   </div>
   <div class='ocr_carea' id='block_1_55' title="bbox 1993 2501 3558 2578">
    <p class='ocr_par' dir='ltr' id='par_1_55' title="bbox 1993 2501 3558 2578">
     <span class='ocr_line' id='line_1_55' title="bbox 1993 2501 3558 2578; baseline -0.004 -18"><span class='ocrx_word' id='word_1_420' title='bbox 1993 2518 2231 2563; x_wconf 82' lang='lat' dir='ltr'><strong>maneret</strong></span> <span class='ocrx_word' id='word_1_421' title='bbox 2252 2522 2446 2578; x_wconf 80' lang='lat' dir='ltr'><strong>expers</strong></span> <span class='ocrx_word' id='word_1_422' title='bbox 2474 2507 2633 2561; x_wconf 83' lang='lat' dir='ltr'><strong>fetus.</strong></span> <span class='ocrx_word' id='word_1_423' title='bbox 2661 2507 2796 2560; x_wconf 88' lang='lat' dir='ltr'><strong>Hinc</strong></span> <span class='ocrx_word' id='word_1_424' title='bbox 2820 2505 3000 2560; x_wconf 81' lang='lat' dir='ltr'><strong>evadit</strong></span> <span class='ocrx_word' id='word_1_425' title='bbox 3018 2503 3384 2564; x_wconf 80' lang='lat' dir='ltr'><strong>manifestum,</strong></span> <span class='ocrx_word' id='word_1_426' title='bbox 3410 2501 3558 2569; x_wconf 86' lang='lat' dir='ltr'><strong>quod</strong></span> 
     </span>
    </p>
   </div>
   <div class='ocr_carea' id='block_1_56' title="bbox 1995 2593 3557 2662">
    <p class='ocr_par' dir='ltr' id='par_1_56' title="bbox 1995 2593 3557 2662">
     <span class='ocr_line' id='line_1_56' title="bbox 1995 2593 3557 2662; baseline -0.004 -10"><span class='ocrx_word' id='word_1_427' title='bbox 1995 2615 2186 2654; x_wconf 90' lang='lat' dir='ltr'><strong>nomen</strong></span> <span class='ocrx_word' id='word_1_428' title='bbox 2216 2601 2424 2654; x_wconf 91' lang='lat' dir='ltr'><strong>amoris</strong></span> <span class='ocrx_word' id='word_1_429' title='bbox 2478 2598 2722 2654; x_wconf 90' lang='lat' dir='ltr'><strong>divinum</strong></span> <span class='ocrx_word' id='word_1_430' title='bbox 2767 2607 2822 2652; x_wconf 91' lang='lat' dir='ltr'><strong>et</strong></span> <span class='ocrx_word' id='word_1_431' title='bbox 2879 2596 3183 2651; x_wconf 90' lang='lat' dir='ltr'><strong>venerabile</strong></span> <span class='ocrx_word' id='word_1_432' title='bbox 3221 2611 3251 2648; x_wconf 90' lang='lat' dir='ltr'><strong>a</strong></span> <span class='ocrx_word' id='word_1_433' title='bbox 3295 2593 3557 2662; x_wconf 86' lang='lat' dir='ltr'><strong>principio</strong></span> 
     </span>
    </p>
   </div>
   <div class='ocr_carea' id='block_1_57' title="bbox 1995 2684 3558 2760">
    <p class='ocr_par' dir='ltr' id='par_1_57' title="bbox 1995 2684 3558 2760">
     <span class='ocr_line' id='line_1_57' title="bbox 1995 2684 3558 2760; baseline -0.006 -14"><span class='ocrx_word' id='word_1_434' title='bbox 1995 2693 2230 2760; x_wconf 79' lang='lat' dir='ltr'><strong>theologi</strong></span> <span class='ocrx_word' id='word_1_435' title='bbox 2266 2693 2634 2756; x_wconf 85' lang='lat' dir='ltr'><strong>celebrarunt;</strong></span> <span class='ocrx_word' id='word_1_436' title='bbox 2683 2703 2736 2746; x_wconf 90' lang='lat' dir='ltr'><strong>et</strong></span> <span class='ocrx_word' id='word_1_437' title='bbox 2766 2691 2909 2760; x_wconf 90' lang='lat' dir='ltr'><strong>quod</strong></span> <span class='ocrx_word' id='word_1_438' title='bbox 2941 2689 3081 2743; x_wconf 89' lang='lat' dir='ltr'><strong>idem</strong></span> <span class='ocrx_word' id='word_1_439' title='bbox 3129 2695 3231 2749; x_wconf 90' lang='lat' dir='ltr'><strong>est,</strong></span> <span class='ocrx_word' id='word_1_440' title='bbox 3279 2684 3558 2739; x_wconf 88' lang='lat' dir='ltr'><strong>eamdem-</strong></span> 
     </span>
    </p>
   </div>
   <div class='ocr_carea' id='block_1_58' title="bbox 1995 2776 3558 2853">
    <p class='ocr_par' dir='ltr' id='par_1_58' title="bbox 1995 2776 3558 2853">
     <span class='ocr_line' id='line_1_58' title="bbox 1995 2776 3558 2853; baseline -0.006 -15"><span class='ocrx_word' id='word_1_441' title='bbox 1995 2799 2102 2853; x_wconf 88' lang='lat' dir='ltr'><strong>que</strong></span> <span class='ocrx_word' id='word_1_442' title='bbox 2129 2785 2236 2838; x_wconf 87' lang='lat' dir='ltr'><strong>vim</strong></span> <span class='ocrx_word' id='word_1_443' title='bbox 2266 2783 2430 2837; x_wconf 85' lang='lat' dir='ltr'><strong>habet</strong></span> <span class='ocrx_word' id='word_1_444' title='bbox 2450 2797 2644 2837; x_wconf 89' lang='lat' dir='ltr'><strong>nomen</strong></span> <span class='ocrx_word' id='word_1_445' title='bbox 2677 2781 2880 2837; x_wconf 85' lang='lat' dir='ltr'><strong>amoris</strong></span> <span class='ocrx_word' id='word_1_446' title='bbox 2913 2790 2968 2835; x_wconf 91' lang='lat' dir='ltr'><strong>et</strong></span> <span class='ocrx_word' id='word_1_447' title='bbox 2987 2777 3314 2842; x_wconf 89' lang='lat' dir='ltr'><strong>dilectionis,</strong></span> <span class='ocrx_word' id='word_1_448' title='bbox 3339 2776 3558 2846; x_wconf 91' lang='lat' dir='ltr'><strong>etquod</strong></span> 
     </span>
    </p>
   </div>
   <div class='ocr_carea' id='block_1_59' title="bbox 1999 2865 3562 2938">
    <p class='ocr_par' dir='ltr' id='par_1_59' title="bbox 1999 2865 3562 2938">
     <span class='ocr_line' id='line_1_59' title="bbox 1999 2865 3562 2938; baseline -0.003 -13"><span class='ocrx_word' id='word_1_449' title='bbox 1999 2873 2271 2926; x_wconf 85' lang='lat' dir='ltr'><strong>esteiiam</strong></span> <span class='ocrx_word' id='word_1_450' title='bbox 2329 2872 2624 2926; x_wconf 80' lang='lat' dir='ltr'><strong>exsraticus</strong></span> <span class='ocrx_word' id='word_1_451' title='bbox 2650 2886 2806 2926; x_wconf 90' lang='lat' dir='ltr'><strong>amor</strong></span> <span class='ocrx_word' id='word_1_452' title='bbox 2833 2869 3073 2934; x_wconf 89' lang='lat' dir='ltr'><strong>divinus,</strong></span> <span class='ocrx_word' id='word_1_453' title='bbox 3123 2869 3214 2938; x_wconf 89' lang='lat' dir='ltr'><strong>qui</strong></span> <span class='ocrx_word' id='word_1_454' title='bbox 3267 2881 3376 2919; x_wconf 91' lang='lat' dir='ltr'><strong>non</strong></span> <span class='ocrx_word' id='word_1_455' title='bbox 3429 2865 3562 2920; x_wconf 85' lang='lat' dir='ltr'><strong>sinit</strong></span> 
     </span>
    </p>
   </div>
   <div class='ocr_carea' id='block_1_60' title="bbox 1992 2956 3559 3030">
    <p class='ocr_par' dir='ltr' id='par_1_60' title="bbox 1992 2956 3559 3030">
     <span class='ocr_line' id='line_1_60' title="bbox 1992 2956 3559 3030; baseline -0.003 -17"><span class='ocrx_word' id='word_1_456' title='bbox 1992 2973 2236 3015; x_wconf 85' lang='lat' dir='ltr'><strong>amantes</strong></span> <span class='ocrx_word' id='word_1_457' title='bbox 2265 2976 2390 3015; x_wconf 88' lang='lat' dir='ltr'><strong>esse</strong></span> <span class='ocrx_word' id='word_1_458' title='bbox 2418 2977 2571 3026; x_wconf 90' lang='lat' dir='ltr'><strong>suos,</strong></span> <span class='ocrx_word' id='word_1_459' title='bbox 2599 2963 2690 3017; x_wconf 91' lang='lat' dir='ltr'><strong>sed</strong></span> <span class='ocrx_word' id='word_1_460' title='bbox 2709 2977 2900 3016; x_wconf 89' lang='lat' dir='ltr'><strong>eorum</strong></span> <span class='ocrx_word' id='word_1_461' title='bbox 2925 2976 3064 3030; x_wconf 87' lang='lat' dir='ltr'><strong>quos</strong></span> <span class='ocrx_word' id='word_1_462' title='bbox 3092 2967 3297 3022; x_wconf 84' lang='lat' dir='ltr'><strong>amant;</strong></span> <span class='ocrx_word' id='word_1_463' title='bbox 3332 2968 3386 3012; x_wconf 93' lang='lat' dir='ltr'><strong>et</strong></span> <span class='ocrx_word' id='word_1_464' title='bbox 3411 2956 3559 3026; x_wconf 90' lang='lat' dir='ltr'><strong>quod</strong></span> 
     </span>
    </p>
   </div>
   <div class='ocr_carea' id='block_1_61' title="bbox 1996 3048 3556 3120">
    <p class='ocr_par' dir='ltr' id='par_1_61' title="bbox 1996 3048 3556 3120">
     <span class='ocr_line' id='line_1_61' title="bbox 1996 3048 3556 3120; baseline -0.002 -16"><span class='ocrx_word' id='word_1_465' title='bbox 1996 3051 2347 3120; x_wconf 74' lang='lat' dir='ltr'><strong>providentiae</strong></span> <span class='ocrx_word' id='word_1_466' title='bbox 2386 3067 2570 3107; x_wconf 89' lang='lat' dir='ltr'><strong>rerum</strong></span> <span class='ocrx_word' id='word_1_467' title='bbox 2607 3064 2760 3109; x_wconf 80' lang='lat' dir='ltr'><strong>extra</strong></span> <span class='ocrx_word' id='word_1_468' title='bbox 2801 3053 2969 3108; x_wconf 87' lang='lat' dir='ltr'><strong>Deum</strong></span> <span class='ocrx_word' id='word_1_469' title='bbox 3002 3059 3151 3116; x_wconf 89' lang='lat' dir='ltr'><strong>sunt,</strong></span> <span class='ocrx_word' id='word_1_470' title='bbox 3175 3061 3228 3105; x_wconf 90' lang='lat' dir='ltr'><strong>et</strong></span> <span class='ocrx_word' id='word_1_471' title='bbox 3259 3048 3556 3104; x_wconf 86' lang='lat' dir='ltr'><strong>secundum</strong></span> 
     </span>
    </p>
   </div>
   <div class='ocr_carea' id='block_1_62' title="bbox 1738 3189 2098 3276">
    <p class='ocr_par' dir='ltr' id='par_1_62' title="bbox 1738 3189 2098 3276">
     <span class='ocr_line' id='line_1_62' title="bbox 1738 3189 2098 3276; baseline 0.017 -27"><span class='ocrx_word' id='word_1_472' title='bbox 1738 3271 1743 3276; x_wconf 13' lang='grc' dir='ltr'><strong>Ξ</strong></span> <span class='ocrx_word' id='word_1_473' title='bbox 1827 3189 2098 3255; x_wconf 80' lang='lat' dir='ltr'><strong>Scholia.</strong></span> 
     </span>
    </p>
   </div>
   <div class='ocr_carea' id='block_1_63' title="bbox 306 3313 3557 3392">
    <p class='ocr_par' dir='ltr' id='par_1_63' title="bbox 306 3313 3557 3392">
     <span class='ocr_line' id='line_1_63' title="bbox 306 3313 3557 3392; baseline -0.004 -9"><span class='ocrx_word' id='word_1_474' title='bbox 306 3319 470 3374; x_wconf 76' lang='lat' dir='ltr'><strong>Deus</strong></span> <span class='ocrx_word' id='word_1_475' title='bbox 491 3315 750 3392; x_wconf 58' lang='lat' dir='ltr'><strong>Phatilﬂs</strong></span> <span class='ocrx_word' id='word_1_476' title='bbox 772 3322 877 3378; x_wconf 54' lang='lat' dir='ltr'><strong>es&quot;</strong></span> <span class='ocrx_word' id='word_1_477' title='bbox 899 3319 1119 3392; x_wconf 65' lang='grc' dir='ltr'><strong>ρτοριρτ</strong></span> <span class='ocrx_word' id='word_1_478' title='bbox 1151 3319 1429 3392; x_wconf 60' lang='grc' dir='ltr'>ρτεειιυεξε</span> <span class='ocrx_word' id='word_1_479' title='bbox 1457 3326 1592 3392; x_wconf 62' lang='grc' dir='ltr'><strong>(ωδε</strong></span> <span class='ocrx_word' id='word_1_480' title='bbox 1617 3315 1890 3392; x_wconf 62' lang='grc' dir='ltr'>ννράιξιίι,</span> <span class='ocrx_word' id='word_1_481' title='bbox 1921 3325 1962 3381; x_wconf 87' lang='lat' dir='ltr'><strong><em>C</em></strong></span> <span class='ocrx_word' id='word_1_482' title='bbox 1998 3322 2236 3376; x_wconf 88' lang='lat' dir='ltr'><strong>secunda</strong></span> <span class='ocrx_word' id='word_1_483' title='bbox 2258 3324 2557 3392; x_wconf 88' lang='lat' dir='ltr'><strong>proprietas</strong></span> <span class='ocrx_word' id='word_1_484' title='bbox 2578 3322 2855 3392; x_wconf 85' lang='lat' dir='ltr'><strong>charitatis</strong></span> <span class='ocrx_word' id='word_1_485' title='bbox 2876 3331 2977 3384; x_wconf 79' lang='lat' dir='ltr'><strong>est,</strong></span> <span class='ocrx_word' id='word_1_486' title='bbox 3001 3319 3145 3392; x_wconf 87' lang='lat' dir='ltr'><strong>quod</strong></span> <span class='ocrx_word' id='word_1_487' title='bbox 3165 3317 3292 3372; x_wconf 83' lang='lat' dir='ltr'><strong>facit</strong></span> <span class='ocrx_word' id='word_1_488' title='bbox 3312 3325 3370 3392; x_wconf 82' lang='lat' dir='ltr'><strong>ut</strong></span> <span class='ocrx_word' id='word_1_489' title='bbox 3393 3313 3440 3370; x_wconf 89' lang='lat' dir='ltr'><strong>is</strong></span> <span class='ocrx_word' id='word_1_490' title='bbox 3461 3317 3557 3386; x_wconf 88' lang='lat' dir='ltr'><strong>qui</strong></span> 
     </span>
    </p>
   </div>
   <div class='ocr_carea' id='block_1_64' title="bbox 297 3381 1892 3453">
    <p class='ocr_par' dir='ltr' id='par_1_64' title="bbox 297 3381 1892 3453">
     <span class='ocr_line' id='line_1_64' title="bbox 297 3381 1892 3453; baseline -0.005 -8"><span class='ocrx_word' id='word_1_491' title='bbox 297 3400 389 3445; x_wconf 88' lang='lat' dir='ltr'><strong>est</strong></span> <span class='ocrx_word' id='word_1_492' title='bbox 426 3385 646 3453; x_wconf 83' lang='lat' dir='ltr'><strong>alioqui</strong></span> <span class='ocrx_word' id='word_1_493' title='bbox 681 3385 836 3453; x_wconf 84' lang='lat' dir='ltr'><strong>Deus,</strong></span> <span class='ocrx_word' id='word_1_494' title='bbox 882 3381 948 3435; x_wconf 84' lang='lat' dir='ltr'><strong>ne</strong></span> <span class='ocrx_word' id='word_1_495' title='bbox 979 3381 1105 3453; x_wconf 78' lang='lat' dir='ltr'><strong>quis</strong></span> <span class='ocrx_word' id='word_1_496' title='bbox 1150 3381 1250 3434; x_wconf 89' lang='lat' dir='ltr'><strong>hoc</strong></span> <span class='ocrx_word' id='word_1_497' title='bbox 1286 3383 1396 3434; x_wconf 92' lang='lat' dir='ltr'><strong>tolli</strong></span> <span class='ocrx_word' id='word_1_498' title='bbox 1432 3381 1892 3450; x_wconf 43' lang='lat' dir='ltr'><strong>putetz&#39;absolule</strong></span> 
     </span>
    </p>
   </div>
   <div class='ocr_carea' id='block_1_65' title="bbox 295 3450 1896 3532">
    <p class='ocr_par' dir='ltr' id='par_1_65' title="bbox 295 3450 1896 3532">
     <span class='ocr_line' id='line_1_65' title="bbox 295 3450 1896 3532; baseline -0.004 -20"><span class='ocrx_word' id='word_1_499' title='bbox 295 3461 426 3527; x_wconf 82' lang='lat' dir='ltr'><strong>ipsa</strong></span> <span class='ocrx_word' id='word_1_500' title='bbox 459 3450 644 3525; x_wconf 47' lang='lat' dir='ltr'><strong>per&#39;se</strong></span> <span class='ocrx_word' id='word_1_501' title='bbox 666 3452 900 3532; x_wconf 84' lang='lat' dir='ltr'><strong>cbaritas</strong></span> <span class='ocrx_word' id='word_1_502' title='bbox 926 3450 1220 3518; x_wconf 84' lang='lat' dir='ltr'><strong>superlata,</strong></span> <span class='ocrx_word' id='word_1_503' title='bbox 1259 3465 1368 3504; x_wconf 88' lang='lat' dir='ltr'><strong>non</strong></span> <span class='ocrx_word' id='word_1_504' title='bbox 1413 3464 1618 3517; x_wconf 86' lang='lat' dir='ltr'><strong>creata,</strong></span> <span class='ocrx_word' id='word_1_505' title='bbox 1652 3455 1744 3507; x_wconf 90' lang='lat' dir='ltr'><strong>sed</strong></span> <span class='ocrx_word' id='word_1_506' title='bbox 1771 3470 1896 3506; x_wconf 65' lang='lat' dir='ltr'><strong>on.-«</strong></span> 
     </span>
    </p>
   </div>
   <div class='ocr_carea' id='block_1_66' title="bbox 295 3532 759 3582">
    <p class='ocr_par' dir='ltr' id='par_1_66' title="bbox 295 3532 759 3582">
     <span class='ocr_line' id='line_1_66' title="bbox 295 3532 759 3582; baseline -0.017 0"><span class='ocrx_word' id='word_1_507' title='bbox 295 3532 462 3582; x_wconf 87' lang='lat' dir='ltr'><strong>nium</strong></span> <span class='ocrx_word' id='word_1_508' title='bbox 502 3532 759 3578; x_wconf 82' lang='lat' dir='ltr'><strong>creatrix.</strong></span> 
     </span>
    </p>
   </div>
   <div class='ocr_carea' id='block_1_67' title="bbox 378 3584 1892 3666">
    <p class='ocr_par' dir='ltr' id='par_1_67' title="bbox 378 3584 1892 3666">
     <span class='ocr_line' id='line_1_67' title="bbox 378 3584 1892 3666; baseline 0.001 -23"><span class='ocrx_word' id='word_1_509' title='bbox 378 3596 469 3666; x_wconf 82' lang='grc'><strong>(5)</strong></span> <span class='ocrx_word' id='word_1_510' title='bbox 526 3590 1149 3666; x_wconf 38' lang='grc' dir='ltr'><strong>ΔΤΕιιιιπιιαιτιηηιουρεηιεηι.</strong></span> <span class='ocrx_word' id='word_1_511' title='bbox 1189 3584 1505 3666; x_wconf 73' lang='lat' dir='ltr'><strong>Dbservavit</strong></span> <span class='ocrx_word' id='word_1_512' title='bbox 1534 3589 1621 3666; x_wconf 81' lang='lat' dir='ltr'><strong>hic</strong></span> <span class='ocrx_word' id='word_1_513' title='bbox 1646 3589 1702 3666; x_wconf 68' lang='lat' dir='ltr'><strong>S.</strong></span> <span class='ocrx_word' id='word_1_514' title='bbox 1747 3587 1892 3644; x_wconf 85' lang='lat' dir='ltr'><strong>Tho-</strong></span> 
     </span>
    </p>
   </div>
   <div class='ocr_carea' id='block_1_68' title="bbox 301 3656 1895 3728">
    <p class='ocr_par' dir='ltr' id='par_1_68' title="bbox 301 3656 1895 3728">
     <span class='ocr_line' id='line_1_68' title="bbox 301 3656 1895 3728; baseline -0.001 -12"><span class='ocrx_word' id='word_1_515' title='bbox 301 3656 740 3728; x_wconf 57' lang='lat' dir='ltr'><strong>mas&#39;triplicem</strong></span> <span class='ocrx_word' id='word_1_516' title='bbox 773 3656 1025 3712; x_wconf 80' lang='lat' dir='ltr'><strong>effectum</strong></span> <span class='ocrx_word' id='word_1_517' title='bbox 1049 3658 1277 3728; x_wconf 84' lang='lat' dir='ltr'><strong>amoris,</strong></span> <span class='ocrx_word' id='word_1_518' title='bbox 1309 3658 1422 3711; x_wconf 86' lang='lat' dir='ltr'><strong>sive</strong></span> <span class='ocrx_word' id='word_1_519' title='bbox 1447 3659 1748 3724; x_wconf 87' lang='lat' dir='ltr'><strong>charitalis,</strong></span> <span class='ocrx_word' id='word_1_520' title='bbox 1784 3663 1895 3728; x_wconf 87' lang='lat' dir='ltr'><strong>pri-</strong></span> 
     </span>
    </p>
   </div>
   <div class='ocr_carea' id='block_1_69' title="bbox 301 3726 1894 3796">
    <p class='ocr_par' dir='ltr' id='par_1_69' title="bbox 301 3726 1894 3796">
     <span class='ocr_line' id='line_1_69' title="bbox 301 3726 1894 3796; baseline -0.005 -8"><span class='ocrx_word' id='word_1_521' title='bbox 301 3750 438 3788; x_wconf 84' lang='lat' dir='ltr'><strong>mus</strong></span> <span class='ocrx_word' id='word_1_522' title='bbox 463 3726 582 3794; x_wconf 75' lang='lat' dir='ltr'><strong>est,</strong></span> <span class='ocrx_word' id='word_1_523' title='bbox 617 3728 760 3796; x_wconf 88' lang='lat' dir='ltr'><strong>quod</strong></span> <span class='ocrx_word' id='word_1_524' title='bbox 789 3741 963 3790; x_wconf 90' lang='lat' dir='ltr'><strong>amor,</strong></span> <span class='ocrx_word' id='word_1_525' title='bbox 1014 3727 1128 3796; x_wconf 80' lang='lat' dir='ltr'><strong>sive</strong></span> <span class='ocrx_word' id='word_1_526' title='bbox 1149 3726 1599 3796; x_wconf 82' lang='lat' dir='ltr'><strong>charitasmovet</strong></span> <span class='ocrx_word' id='word_1_527' title='bbox 1622 3726 1894 3781; x_wconf 78' lang='lat' dir='ltr'><strong>amantem</strong></span> 
     </span>
    </p>
   </div>
   <div class='ocr_carea' id='block_1_70' title="bbox 302 3794 1892 3870">
    <p class='ocr_par' dir='ltr' id='par_1_70' title="bbox 302 3794 1892 3870">
     <span class='ocr_line' id='line_1_70' title="bbox 302 3794 1892 3870; baseline -0.004 -16"><span class='ocrx_word' id='word_1_528' title='bbox 302 3805 379 3857; x_wconf 82' lang='lat' dir='ltr'><strong>ad</strong></span> <span class='ocrx_word' id='word_1_529' title='bbox 417 3794 833 3870; x_wconf 74' lang='lat' dir='ltr'><strong>Operationem,</strong></span> <span class='ocrx_word' id='word_1_530' title='bbox 865 3796 1007 3870; x_wconf 77' lang='lat' dir='ltr'><strong>unde</strong></span> <span class='ocrx_word' id='word_1_531' title='bbox 1045 3794 1127 3862; x_wconf 89' lang='lat' dir='ltr'><strong>(ut</strong></span> <span class='ocrx_word' id='word_1_532' title='bbox 1153 3795 1256 3848; x_wconf 85' lang='lat' dir='ltr'><strong>hoc</strong></span> <span class='ocrx_word' id='word_1_533' title='bbox 1290 3795 1469 3870; x_wconf 56' lang='lat' dir='ltr'><strong>abite;</strong></span> <span class='ocrx_word' id='word_1_534' title='bbox 1484 3797 1805 3870; x_wconf 75' lang='lat' dir='ltr'><strong>observetur</strong></span> <span class='ocrx_word' id='word_1_535' title='bbox 1841 3799 1892 3870; x_wconf 83' lang='lat' dir='ltr'><strong>in</strong></span> 
     </span>
    </p>
   </div>
   <div class='ocr_carea' id='block_1_71' title="bbox 303 3863 1892 3934">
    <p class='ocr_par' dir='ltr' id='par_1_71' title="bbox 303 3863 1892 3934">
     <span class='ocr_line' id='line_1_71' title="bbox 303 3863 1892 3934; baseline -0.005 -8"><span class='ocrx_word' id='word_1_536' title='bbox 303 3863 650 3934; x_wconf 63' lang='lat' dir='ltr'><strong>haereticos,</strong></span> <span class='ocrx_word' id='word_1_537' title='bbox 683 3867 778 3934; x_wconf 91' lang='lat' dir='ltr'><strong>qui</strong></span> <span class='ocrx_word' id='word_1_538' title='bbox 810 3863 1083 3916; x_wconf 85' lang='lat' dir='ltr'><strong>hominem</strong></span> <span class='ocrx_word' id='word_1_539' title='bbox 1106 3877 1200 3929; x_wconf 89' lang='lat' dir='ltr'><strong>per</strong></span> <span class='ocrx_word' id='word_1_540' title='bbox 1224 3864 1392 3917; x_wconf 88' lang='lat' dir='ltr'><strong>solam</strong></span> <span class='ocrx_word' id='word_1_541' title='bbox 1428 3864 1584 3918; x_wconf 86' lang='lat' dir='ltr'><strong>iidem</strong></span> <span class='ocrx_word' id='word_1_542' title='bbox 1613 3865 1892 3933; x_wconf 84' lang='lat' dir='ltr'><strong>justilicari</strong></span> 
     </span>
    </p>
   </div>
   <div class='ocr_carea' id='block_1_72' title="bbox 297 3933 1897 4006">
    <p class='ocr_par' dir='ltr' id='par_1_72' title="bbox 297 3933 1897 4006">
     <span class='ocr_line' id='line_1_72' title="bbox 297 3933 1897 4006; baseline -0.002 -15"><span class='ocrx_word' id='word_1_543' title='bbox 297 3939 583 4006; x_wconf 80' lang='lat' dir='ltr'><strong>tradunt)</strong></span> <span class='ocrx_word' id='word_1_544' title='bbox 619 3933 762 3989; x_wconf 82' lang='lat' dir='ltr'><strong>sicut</strong></span> <span class='ocrx_word' id='word_1_545' title='bbox 807 3946 948 4006; x_wconf 85' lang='lat' dir='ltr'><strong>aqua</strong></span> <span class='ocrx_word' id='word_1_546' title='bbox 994 3933 1360 4006; x_wconf 78' lang='lat' dir='ltr'><strong>operationem</strong></span> <span class='ocrx_word' id='word_1_547' title='bbox 1387 3934 1454 3986; x_wconf 92' lang='lat' dir='ltr'><strong>ab</strong></span> <span class='ocrx_word' id='word_1_548' title='bbox 1499 3935 1640 4006; x_wconf 79' lang='lat' dir='ltr'><strong>igne,</strong></span> <span class='ocrx_word' id='word_1_549' title='bbox 1675 3935 1897 4006; x_wconf 82' lang='lat' dir='ltr'><strong>scilicet</strong></span> 
     </span>
    </p>
   </div>
   <div class='ocr_carea' id='block_1_73' title="bbox 292 4003 1897 4072">
    <p class='ocr_par' dir='ltr' id='par_1_73' title="bbox 292 4003 1897 4072">
     <span class='ocr_line' id='line_1_73' title="bbox 292 4003 1897 4072; baseline -0.006 -9"><span class='ocrx_word' id='word_1_550' title='bbox 292 4003 745 4063; x_wconf 72' lang='lat' dir='ltr'><strong>calefactionem</strong></span> <span class='ocrx_word' id='word_1_551' title='bbox 778 4004 989 4068; x_wconf 85' lang='lat' dir='ltr'><strong>recipit,</strong></span> <span class='ocrx_word' id='word_1_552' title='bbox 1013 4014 1068 4054; x_wconf 87' lang='lat' dir='ltr'><strong>et</strong></span> <span class='ocrx_word' id='word_1_553' title='bbox 1093 4004 1270 4053; x_wconf 88' lang='lat' dir='ltr'><strong>calelit</strong></span> <span class='ocrx_word' id='word_1_554' title='bbox 1306 4004 1568 4070; x_wconf 85' lang='lat' dir='ltr'><strong>(operatio</strong></span> <span class='ocrx_word' id='word_1_555' title='bbox 1600 4003 1897 4072; x_wconf 84' lang='lat' dir='ltr'><strong>enimignis</strong></span> 
     </span>
    </p>
   </div>
   <div class='ocr_carea' id='block_1_74' title="bbox 294 4072 1895 4146">
    <p class='ocr_par' dir='ltr' id='par_1_74' title="bbox 294 4072 1895 4146">
     <span class='ocr_line' id='line_1_74' title="bbox 294 4072 1895 4146; baseline -0.004 -16"><span class='ocrx_word' id='word_1_556' title='bbox 294 4093 520 4146; x_wconf 84' lang='lat' dir='ltr'><strong>aquam</strong></span> <span class='ocrx_word' id='word_1_557' title='bbox 559 4075 792 4140; x_wconf 85' lang='lat' dir='ltr'><strong>movet),</strong></span> <span class='ocrx_word' id='word_1_558' title='bbox 820 4073 1060 4146; x_wconf 86' lang='lat' dir='ltr'><strong>sic_lides</strong></span> <span class='ocrx_word' id='word_1_559' title='bbox 1093 4073 1464 4146; x_wconf 73' lang='lat' dir='ltr'><strong>operationem</strong></span> <span class='ocrx_word' id='word_1_560' title='bbox 1494 4072 1683 4140; x_wconf 89' lang='lat' dir='ltr'><strong>recipit</strong></span> <span class='ocrx_word' id='word_1_561' title='bbox 1703 4087 1732 4124; x_wconf 89' lang='lat' dir='ltr'><strong>a</strong></span> <span class='ocrx_word' id='word_1_562' title='bbox 1762 4075 1895 4146; x_wconf 78' lang='lat' dir='ltr'><strong>cha-</strong></span> 
     </span>
    </p>
   </div>
   <div class='ocr_carea' id='block_1_75' title="bbox 294 4139 1899 4213">
    <p class='ocr_par' dir='ltr' id='par_1_75' title="bbox 294 4139 1899 4213">
     <span class='ocr_line' id='line_1_75' title="bbox 294 4139 1899 4213; baseline -0.004 -12"><span class='ocrx_word' id='word_1_563' title='bbox 294 4139 499 4213; x_wconf 70' lang='lat' dir='ltr'><strong>riiaze,</strong></span> <span class='ocrx_word' id='word_1_564' title='bbox 567 4159 680 4213; x_wconf 84' lang='lat' dir='ltr'><strong>qua</strong></span> <span class='ocrx_word' id='word_1_565' title='bbox 717 4139 1026 4208; x_wconf 86' lang='lat' dir='ltr'><strong>operatione</strong></span> <span class='ocrx_word' id='word_1_566' title='bbox 1065 4139 1233 4213; x_wconf 73' lang='lat' dir='ltr'><strong>veluti</strong></span> <span class='ocrx_word' id='word_1_567' title='bbox 1253 4140 1572 4213; x_wconf 79' lang='lat' dir='ltr'><strong>_vivilicatur</strong></span> <span class='ocrx_word' id='word_1_568' title='bbox 1607 4139 1673 4193; x_wconf 34' lang='lat' dir='ltr'><strong>’et</strong></span> <span class='ocrx_word' id='word_1_569' title='bbox 1711 4143 1899 4213; x_wconf 8' lang='lat' dir='ltr'><strong>sealeiit</strong></span> 
     </span>
    </p>
   </div>
   <div class='ocr_carea' id='block_1_76' title="bbox 297 4205 1897 4278">
    <p class='ocr_par' dir='ltr' id='par_1_76' title="bbox 297 4205 1897 4278">
     <span class='ocr_line' id='line_1_76' title="bbox 297 4205 1897 4278; baseline -0.003 -10"><span class='ocrx_word' id='word_1_570' title='bbox 297 4228 353 4269; x_wconf 83' lang='lat' dir='ltr'><strong>et</strong></span> <span class='ocrx_word' id='word_1_571' title='bbox 381 4205 522 4270; x_wconf 67' lang='lat' dir='ltr'><strong>sine</strong></span> <span class='ocrx_word' id='word_1_572' title='bbox 548 4205 620 4265; x_wconf 80' lang='lat' dir='ltr'><strong>ea</strong></span> <span class='ocrx_word' id='word_1_573' title='bbox 649 4205 826 4278; x_wconf 70' lang='lat' dir='ltr'><strong>friget,</strong></span> <span class='ocrx_word' id='word_1_574' title='bbox 859 4217 912 4261; x_wconf 91' lang='lat' dir='ltr'><strong>et</strong></span> <span class='ocrx_word' id='word_1_575' title='bbox 948 4216 1006 4260; x_wconf 92' lang='lat' dir='ltr'><strong>ut</strong></span> <span class='ocrx_word' id='word_1_576' title='bbox 1037 4209 1113 4260; x_wconf 86' lang='lat' dir='ltr'><strong>ait</strong></span> <span class='ocrx_word' id='word_1_577' title='bbox 1150 4207 1211 4259; x_wconf 82' lang='grc' dir='ltr'><strong>Β.</strong></span> <span class='ocrx_word' id='word_1_578' title='bbox 1246 4205 1478 4262; x_wconf 73' lang='lat' dir='ltr'><strong>Iacobus</strong></span> <span class='ocrx_word' id='word_1_579' title='bbox 1502 4213 1640 4277; x_wconf 87' lang='lat' dir='ltr'><strong>(cap.</strong></span> <span class='ocrx_word' id='word_1_580' title='bbox 1664 4211 1726 4278; x_wconf 87' lang='grc' dir='ltr'>ιι)</span> <span class='ocrx_word' id='word_1_581' title='bbox 1751 4227 1897 4264; x_wconf 85' lang='lat' dir='ltr'><strong>mor-</strong></span> 
     </span>
    </p>
   </div>
   <div class='ocr_carea' id='block_1_77' title="bbox 295 4278 1897 4348">
    <p class='ocr_par' dir='ltr' id='par_1_77' title="bbox 295 4278 1897 4348">
     <span class='ocr_line' id='line_1_77' title="bbox 295 4278 1897 4348; baseline -0.002 -11"><span class='ocrx_word' id='word_1_582' title='bbox 295 4298 390 4338; x_wconf 71' lang='lat' dir='ltr'><strong>tua</strong></span> <span class='ocrx_word' id='word_1_583' title='bbox 439 4293 564 4343; x_wconf 81' lang='lat' dir='ltr'><strong>est,</strong></span> <span class='ocrx_word' id='word_1_584' title='bbox 622 4295 689 4332; x_wconf 86' lang='lat' dir='ltr'><strong>ex</strong></span> <span class='ocrx_word' id='word_1_585' title='bbox 738 4293 848 4346; x_wconf 90' lang='lat' dir='ltr'><strong>quo</strong></span> <span class='ocrx_word' id='word_1_586' title='bbox 910 4278 988 4341; x_wconf 87' lang='lat' dir='ltr'><strong>lit,</strong></span> <span class='ocrx_word' id='word_1_587' title='bbox 1038 4284 1103 4348; x_wconf 6' lang='lat' dir='ltr'><strong>(ut</strong></span> <span class='ocrx_word' id='word_1_588' title='bbox 1146 4279 1456 4348; x_wconf 66' lang='lat' dir='ltr'><strong>huiusmodi</strong></span> <span class='ocrx_word' id='word_1_589' title='bbox 1498 4281 1628 4332; x_wconf 88' lang='lat' dir='ltr'><strong>lides</strong></span> <span class='ocrx_word' id='word_1_590' title='bbox 1651 4281 1739 4343; x_wconf 88' lang='lat' dir='ltr'><strong>sit,</strong></span> <span class='ocrx_word' id='word_1_591' title='bbox 1777 4295 1897 4348; x_wconf 71' lang='lat' dir='ltr'><strong>quae</strong></span> 
     </span>
    </p>
   </div>
   <div class='ocr_carea' id='block_1_78' title="bbox 296 4345 1893 4416">
    <p class='ocr_par' dir='ltr' id='par_1_78' title="bbox 296 4345 1893 4416">
     <span class='ocr_line' id='line_1_78' title="bbox 296 4345 1893 4416; baseline -0.004 -11"><span class='ocrx_word' id='word_1_592' title='bbox 296 4356 349 4406; x_wconf 85' lang='lat' dir='ltr'><strong>in</strong></span> <span class='ocrx_word' id='word_1_593' title='bbox 390 4354 651 4407; x_wconf 82' lang='lat' dir='ltr'><strong>Christo</strong></span> <span class='ocrx_word' id='word_1_594' title='bbox 672 4345 831 4409; x_wconf 85' lang='lat' dir='ltr'><strong>valet,</strong></span> <span class='ocrx_word' id='word_1_595' title='bbox 857 4348 998 4398; x_wconf 76' lang='lat' dir='ltr'><strong>sicut</strong></span> <span class='ocrx_word' id='word_1_596' title='bbox 1022 4345 1392 4416; x_wconf 10' lang='lat' dir='ltr'><strong>Apostolussad</strong></span> <span class='ocrx_word' id='word_1_597' title='bbox 1419 4345 1634 4401; x_wconf 86' lang='lat' dir='ltr'><strong>Galatas</strong></span> <span class='ocrx_word' id='word_1_598' title='bbox 1670 4345 1809 4415; x_wconf 64' lang='lat' dir='ltr'><strong>(cap.</strong></span> <span class='ocrx_word' id='word_1_599' title='bbox 1841 4353 1893 4416; x_wconf 71' lang='grc' dir='ltr'><strong>γ)</strong></span> 
     </span>
    </p>
   </div>
   <div class='ocr_carea' id='block_1_79' title="bbox 293 4414 1898 4490">
    <p class='ocr_par' dir='ltr' id='par_1_79' title="bbox 293 4414 1898 4490">
     <span class='ocr_line' id='line_1_79' title="bbox 293 4414 1898 4490; baseline -0.003 -16"><span class='ocrx_word' id='word_1_600' title='bbox 293 4424 567 4490; x_wconf 78' lang='lat' dir='ltr'><strong>scripsit,</strong></span> <span class='ocrx_word' id='word_1_601' title='bbox 621 4418 1071 4490; x_wconf 62' lang='lat' dir='ltr'><strong>(iuw,__inquatti,</strong></span> <span class='ocrx_word' id='word_1_602' title='bbox 1125 4430 1228 4490; x_wconf 77' lang='lat' dir='ltr'><strong>per</strong></span> <span class='ocrx_word' id='word_1_603' title='bbox 1280 4414 1598 4490; x_wconf 77' lang='lat' dir='ltr'><strong>charitatem</strong></span> <span class='ocrx_word' id='word_1_604' title='bbox 1650 4414 1898 4470; x_wconf 84' lang='lat' dir='ltr'><strong>movetur</strong></span> 
     </span>
    </p>
   </div>
   <div class='ocr_carea' id='block_1_80' title="bbox 286 4482 1892 4553">
    <p class='ocr_par' dir='ltr' id='par_1_80' title="bbox 286 4482 1892 4553">
     <span class='ocr_line' id='line_1_80' title="bbox 286 4482 1892 4553; baseline -0.005 -10"><span class='ocrx_word' id='word_1_605' title='bbox 286 4482 560 4543; x_wconf 30' lang='lat' dir='ltr'><strong>srili&#39;cet&#39;</strong></span> <span class='ocrx_word' id='word_1_606' title='bbox 596 4482 728 4553; x_wconf 77' lang='lat' dir='ltr'><strong>erga</strong></span> <span class='ocrx_word' id='word_1_607' title='bbox 785 4482 989 4545; x_wconf 82' lang='lat' dir='ltr'><strong>Deum;</strong></span> <span class='ocrx_word' id='word_1_608' title='bbox 1020 4485 1290 4536; x_wconf 85' lang='lat' dir='ltr'><strong>secundus</strong></span> <span class='ocrx_word' id='word_1_609' title='bbox 1341 4484 1485 4535; x_wconf 85' lang='lat' dir='ltr'><strong>enim</strong></span> <span class='ocrx_word' id='word_1_610' title='bbox 1523 4482 1743 4536; x_wconf 44' lang='lat' dir='ltr'><strong>«illectus</strong></span> <span class='ocrx_word' id='word_1_611' title='bbox 1787 4496 1892 4550; x_wconf 89' lang='lat' dir='ltr'><strong>est,</strong></span> 
     </span>
    </p>
   </div>
   <div class='ocr_carea' id='block_1_81' title="bbox 281 4553 1896 4630">
    <p class='ocr_par' dir='ltr' id='par_1_81' title="bbox 281 4553 1896 4630">
     <span class='ocr_line' id='line_1_81' title="bbox 281 4553 1896 4630; baseline -0.003 -18"><span class='ocrx_word' id='word_1_612' title='bbox 281 4563 441 4630; x_wconf 83' lang='lat' dir='ltr'><strong>quod</strong></span> <span class='ocrx_word' id='word_1_613' title='bbox 471 4563 678 4630; x_wconf 72' lang='lat' dir='ltr'><strong>mmet</strong></span> <span class='ocrx_word' id='word_1_614' title='bbox 715 4554 1094 4630; x_wconf 71' lang='lat' dir='ltr'><strong>operationem</strong></span> <span class='ocrx_word' id='word_1_615' title='bbox 1142 4567 1265 4630; x_wconf 75' lang='lat' dir='ltr'><strong>erga</strong></span> <span class='ocrx_word' id='word_1_616' title='bbox 1305 4553 1799 4630; x_wconf 30' lang='lat' dir='ltr'><strong>ama-tumhundeA</strong></span> <span class='ocrx_word' id='word_1_617' title='bbox 1817 4558 1896 4607; x_wconf 84' lang='lat' dir='ltr'><strong>sie</strong></span> 
     </span>
    </p>
   </div>
   <div class='ocr_carea' id='block_1_82' title="bbox 281 4620 1890 4697">
    <p class='ocr_par' dir='ltr' id='par_1_82' title="bbox 281 4620 1890 4697">
     <span class='ocr_line' id='line_1_82' title="bbox 281 4620 1890 4697; baseline -0.006 -14"><span class='ocrx_word' id='word_1_618' title='bbox 281 4620 749 4697; x_wconf 59' lang='lat' dir='ltr'><strong>{intelligendum</strong></span> <span class='ocrx_word' id='word_1_619' title='bbox 772 4630 855 4674; x_wconf 85' lang='lat' dir='ltr'><strong>est</strong></span> <span class='ocrx_word' id='word_1_620' title='bbox 876 4623 1024 4697; x_wconf 71' lang='lat' dir='ltr'><strong>quod</strong></span> <span class='ocrx_word' id='word_1_621' title='bbox 1048 4620 1510 4697; x_wconf 39' lang='lat' dir='ltr'><strong>idem-Apostolus</strong></span> <span class='ocrx_word' id='word_1_622' title='bbox 1558 4621 1689 4673; x_wconf 77' lang='lat' dir='ltr'><strong>dixit</strong></span> <span class='ocrx_word' id='word_1_623' title='bbox 1717 4637 1728 4672; x_wconf 91' lang='lat'><strong>:</strong></span> <span class='ocrx_word' id='word_1_624' title='bbox 1761 4620 1890 4697; x_wconf 50' lang='lat' dir='ltr'><strong>Quae</strong></span> 
     </span>
    </p>
   </div>
   <div class='ocr_carea' id='block_1_83' title="bbox 281 4689 1888 4768">
    <p class='ocr_par' dir='ltr' id='par_1_83' title="bbox 281 4689 1888 4768">
     <span class='ocr_line' id='line_1_83' title="bbox 281 4689 1888 4768; baseline -0.006 -17"><span class='ocrx_word' id='word_1_625' title='bbox 281 4715 386 4768; x_wconf 88' lang='lat' dir='ltr'><strong>per</strong></span> <span class='ocrx_word' id='word_1_626' title='bbox 427 4689 860 4764; x_wconf 55' lang='lat' dir='ltr'><strong>operationem,</strong></span> <span class='ocrx_word' id='word_1_627' title='bbox 896 4690 1116 4768; x_wconf 30' lang='lat' dir='ltr'><strong>lsetlicet</strong></span> <span class='ocrx_word' id='word_1_628' title='bbox 1161 4689 1481 4768; x_wconf 30' lang='lat' dir='ltr'><strong>citat-italis,‘</strong></span> <span class='ocrx_word' id='word_1_629' title='bbox 1511 4699 1784 4758; x_wconf 84' lang='lat' dir='ltr'><strong>operatur,</strong></span> <span class='ocrx_word' id='word_1_630' title='bbox 1836 4693 1888 4743; x_wconf 89' lang='lat' dir='ltr'><strong>id</strong></span> 
     </span>
    </p>
   </div>
   <div class='ocr_carea' id='block_1_84' title="bbox 277 4759 1888 4832">
    <p class='ocr_par' dir='ltr' id='par_1_84' title="bbox 277 4759 1888 4832">
     <span class='ocr_line' id='line_1_84' title="bbox 277 4759 1888 4832; baseline -0.007 -9"><span class='ocrx_word' id='word_1_631' title='bbox 277 4759 398 4832; x_wconf 61' lang='lat' dir='ltr'><strong>cst,</strong></span> <span class='ocrx_word' id='word_1_632' title='bbox 431 4759 742 4823; x_wconf 70' lang='lat' dir='ltr'><strong>niovetur,</strong></span> <span class='ocrx_word' id='word_1_633' title='bbox 763 4761 978 4827; x_wconf 81' lang='lat' dir='ltr'><strong>passive</strong></span> <span class='ocrx_word' id='word_1_634' title='bbox 1005 4760 1148 4832; x_wconf 80' lang='lat' dir='ltr'><strong>enim</strong></span> <span class='ocrx_word' id='word_1_635' title='bbox 1207 4759 1579 4832; x_wconf 83' lang='lat' dir='ltr'><strong>accipiendum</strong></span> <span class='ocrx_word' id='word_1_636' title='bbox 1613 4770 1694 4812; x_wconf 85' lang='lat' dir='ltr'><strong>est</strong></span> <span class='ocrx_word' id='word_1_637' title='bbox 1732 4774 1888 4812; x_wconf 87' lang='lat' dir='ltr'><strong>voca-</strong></span> 
     </span>
    </p>
   </div>
   <div class='ocr_carea' id='block_1_85' title="bbox 278 4829 1885 4898">
    <p class='ocr_par' dir='ltr' id='par_1_85' title="bbox 278 4829 1885 4898">
     <span class='ocr_line' id='line_1_85' title="bbox 278 4829 1885 4898; baseline -0.01 -3"><span class='ocrx_word' id='word_1_638' title='bbox 278 4829 492 4890; x_wconf 70' lang='lat' dir='ltr'><strong>bulum</strong></span> <span class='ocrx_word' id='word_1_639' title='bbox 533 4832 946 4898; x_wconf 77' lang='grc' dir='ltr'><strong>ἐνεργουμένη,</strong></span> <span class='ocrx_word' id='word_1_640' title='bbox 979 4829 1186 4898; x_wconf 85' lang='lat' dir='ltr'><strong>utalias</strong></span> <span class='ocrx_word' id='word_1_641' title='bbox 1218 4841 1248 4879; x_wconf 89' lang='lat' dir='ltr'><strong>a</strong></span> <span class='ocrx_word' id='word_1_642' title='bbox 1279 4829 1434 4880; x_wconf 84' lang='lat' dir='ltr'><strong>nobis</strong></span> <span class='ocrx_word' id='word_1_643' title='bbox 1457 4829 1740 4894; x_wconf 81' lang='lat' dir='ltr'><strong>probatum</strong></span> <span class='ocrx_word' id='word_1_644' title='bbox 1768 4839 1885 4892; x_wconf 88' lang='lat' dir='ltr'><strong>est;</strong></span> 
     </span>
    </p>
   </div>
   <div class='ocr_carea' id='block_1_86' title="bbox 272 4896 1885 4966">
    <p class='ocr_par' dir='ltr' id='par_1_86' title="bbox 272 4896 1885 4966">
     <span class='ocr_line' id='line_1_86' title="bbox 272 4896 1885 4966; baseline -0.007 -6"><span class='ocrx_word' id='word_1_645' title='bbox 272 4907 497 4960; x_wconf 72' lang='lat' dir='ltr'><strong>tertius</strong></span> <span class='ocrx_word' id='word_1_646' title='bbox 527 4896 796 4960; x_wconf 68' lang='lat' dir='ltr'><strong>effectus,</strong></span> <span class='ocrx_word' id='word_1_647' title='bbox 858 4896 1003 4964; x_wconf 90' lang='lat' dir='ltr'><strong>quod</strong></span> <span class='ocrx_word' id='word_1_648' title='bbox 1044 4911 1195 4948; x_wconf 86' lang='lat' dir='ltr'><strong>amor</strong></span> <span class='ocrx_word' id='word_1_649' title='bbox 1224 4897 1460 4966; x_wconf 73' lang='lat' dir='ltr'><strong>seipsum</strong></span> <span class='ocrx_word' id='word_1_650' title='bbox 1493 4899 1726 4949; x_wconf 87' lang='lat' dir='ltr'><strong>ostendit</strong></span> <span class='ocrx_word' id='word_1_651' title='bbox 1758 4912 1885 4966; x_wconf 78' lang='lat' dir='ltr'><strong>erga</strong></span> 
     </span>
    </p>
   </div>
   <div class='ocr_carea' id='block_1_87' title="bbox 269 4965 1884 5039">
    <p class='ocr_par' dir='ltr' id='par_1_87' title="bbox 269 4965 1884 5039">
     <span class='ocr_line' id='line_1_87' title="bbox 269 4965 1884 5039; baseline -0.007 -11"><span class='ocrx_word' id='word_1_652' title='bbox 269 4993 444 5037; x_wconf 80' lang='lat' dir='ltr'><strong>cuin,</strong></span> <span class='ocrx_word' id='word_1_653' title='bbox 476 4986 632 5039; x_wconf 74' lang='lat' dir='ltr'><strong>erga</strong></span> <span class='ocrx_word' id='word_1_654' title='bbox 677 4983 837 5039; x_wconf 88' lang='lat' dir='ltr'><strong>quem</strong></span> <span class='ocrx_word' id='word_1_655' title='bbox 863 4975 965 5032; x_wconf 85' lang='lat' dir='ltr'><strong>est,</strong></span> <span class='ocrx_word' id='word_1_656' title='bbox 988 4967 1139 5039; x_wconf 82' lang='lat' dir='ltr'><strong>unde</strong></span> <span class='ocrx_word' id='word_1_657' title='bbox 1172 4966 1358 5018; x_wconf 88' lang='lat' dir='ltr'><strong>beatus</strong></span> <span class='ocrx_word' id='word_1_658' title='bbox 1378 4965 1610 5039; x_wconf 81' lang='lat' dir='ltr'><strong>Jacobus</strong></span> <span class='ocrx_word' id='word_1_659' title='bbox 1629 4969 1767 5032; x_wconf 83' lang='lat' dir='ltr'><strong>(cap.</strong></span> <span class='ocrx_word' id='word_1_660' title='bbox 1802 4965 1884 5035; x_wconf 84' lang='lat' dir='ltr'><strong>tt),</strong></span> 
     </span>
    </p>
   </div>
   <div class='ocr_carea' id='block_1_88' title="bbox 269 5035 1883 5105">
    <p class='ocr_par' dir='ltr' id='par_1_88' title="bbox 269 5035 1883 5105">
     <span class='ocr_line' id='line_1_88' title="bbox 269 5035 1883 5105; baseline -0.007 -7"><span class='ocrx_word' id='word_1_661' title='bbox 269 5035 496 5099; x_wconf 80' lang='lat' dir='ltr'><strong>contra</strong></span> <span class='ocrx_word' id='word_1_662' title='bbox 549 5035 806 5105; x_wconf 27' lang='lat' dir='ltr'><strong>éum’qui</strong></span> <span class='ocrx_word' id='word_1_663' title='bbox 843 5039 909 5088; x_wconf 89' lang='lat' dir='ltr'><strong>de</strong></span> <span class='ocrx_word' id='word_1_664' title='bbox 963 5037 1064 5087; x_wconf 86' lang='lat' dir='ltr'><strong>lide</strong></span> <span class='ocrx_word' id='word_1_665' title='bbox 1099 5035 1216 5086; x_wconf 87' lang='lat' dir='ltr'><strong>sine</strong></span> <span class='ocrx_word' id='word_1_666' title='bbox 1247 5036 1500 5101; x_wconf 88' lang='lat' dir='ltr'><strong>operibus</strong></span> <span class='ocrx_word' id='word_1_667' title='bbox 1549 5035 1810 5101; x_wconf 68' lang='lat' dir='ltr'><strong>gloriatur</strong></span> <span class='ocrx_word' id='word_1_668' title='bbox 1870 5053 1883 5086; x_wconf 91' lang='lat'><strong>:</strong></span> 
     </span>
    </p>
   </div>
   <div class='ocr_carea' id='block_1_89' title="bbox 267 5105 1882 5174">
    <p class='ocr_par' dir='ltr' id='par_1_89' title="bbox 267 5105 1882 5174">
     <span class='ocr_line' id='line_1_89' title="bbox 267 5105 1882 5174; baseline -0.009 -3"><span class='ocrx_word' id='word_1_669' title='bbox 267 5115 550 5171; x_wconf 69' lang='lat' dir='ltr'><strong>OBtendc</strong></span> <span class='ocrx_word' id='word_1_670' title='bbox 591 5118 676 5167; x_wconf 91' lang='lat' dir='ltr'><strong>tu,</strong></span> <span class='ocrx_word' id='word_1_671' title='bbox 697 5107 892 5174; x_wconf 86' lang='lat' dir='ltr'><strong>inquit,</strong></span> <span class='ocrx_word' id='word_1_672' title='bbox 915 5106 1071 5157; x_wconf 84' lang='lat' dir='ltr'><strong>tidem</strong></span> <span class='ocrx_word' id='word_1_673' title='bbox 1098 5113 1242 5156; x_wconf 87' lang='lat' dir='ltr'><strong>tuam</strong></span> <span class='ocrx_word' id='word_1_674' title='bbox 1267 5107 1386 5156; x_wconf 85' lang='lat' dir='ltr'><strong>sine</strong></span> <span class='ocrx_word' id='word_1_675' title='bbox 1404 5105 1754 5174; x_wconf 65' lang='lat' dir='ltr'><strong>opet‘ibus,_et</strong></span> <span class='ocrx_word' id='word_1_676' title='bbox 1782 5119 1882 5172; x_wconf 76' lang='lat' dir='ltr'><strong>ego</strong></span> 
     </span>
    </p>
   </div>
   <div class='ocr_carea' id='block_1_90' title="bbox 264 5172 1882 5240">
    <p class='ocr_par' dir='ltr' id='par_1_90' title="bbox 264 5172 1882 5240">
     <span class='ocr_line' id='line_1_90' title="bbox 264 5172 1882 5240; baseline -0.008 -1"><span class='ocrx_word' id='word_1_677' title='bbox 264 5185 614 5239; x_wconf 82' lang='lat' dir='ltr'><strong>ostendam</strong></span> <span class='ocrx_word' id='word_1_678' title='bbox 655 5172 785 5230; x_wconf 26' lang='lat' dir='ltr'><strong>tibi‘</strong></span> <span class='ocrx_word' id='word_1_679' title='bbox 814 5176 969 5227; x_wconf 84' lang='lat' dir='ltr'><strong>iidem</strong></span> <span class='ocrx_word' id='word_1_680' title='bbox 1021 5188 1203 5240; x_wconf 87' lang='lat' dir='ltr'><strong>meam</strong></span> <span class='ocrx_word' id='word_1_681' title='bbox 1245 5187 1309 5224; x_wconf 86' lang='lat' dir='ltr'><strong>ex</strong></span> <span class='ocrx_word' id='word_1_682' title='bbox 1360 5174 1636 5240; x_wconf 77' lang='lat' dir='ltr'><strong>operibus.</strong></span> <span class='ocrx_word' id='word_1_683' title='bbox 1681 5172 1882 5226; x_wconf 86' lang='lat' dir='ltr'><strong>Deinde</strong></span> 
     </span>
    </p>
   </div>
   <div class='ocr_carea' id='block_1_91' title="bbox 259 5239 1878 5310">
    <p class='ocr_par' dir='ltr' id='par_1_91' title="bbox 259 5239 1878 5310">
     <span class='ocr_line' id='line_1_91' title="bbox 259 5239 1878 5310; baseline -0.009 -1"><span class='ocrx_word' id='word_1_684' title='bbox 259 5249 637 5308; x_wconf 79' lang='lat' dir='ltr'><strong>observavit</strong></span> <span class='ocrx_word' id='word_1_685' title='bbox 677 5255 838 5297; x_wconf 86' lang='lat' dir='ltr'><strong>etiam</strong></span> <span class='ocrx_word' id='word_1_686' title='bbox 875 5247 1013 5296; x_wconf 88' lang='lat' dir='ltr'><strong>idem</strong></span> <span class='ocrx_word' id='word_1_687' title='bbox 1073 5239 1130 5293; x_wconf 86' lang='lat' dir='ltr'><strong>S.</strong></span> <span class='ocrx_word' id='word_1_688' title='bbox 1175 5239 1414 5294; x_wconf 79' lang='lat' dir='ltr'><strong>Thomas</strong></span> <span class='ocrx_word' id='word_1_689' title='bbox 1464 5243 1701 5309; x_wconf 85' lang='lat' dir='ltr'><strong>quinque</strong></span> <span class='ocrx_word' id='word_1_690' title='bbox 1760 5258 1878 5310; x_wconf 85' lang='lat' dir='ltr'><strong>pro-</strong></span> 
     </span>
    </p>
   </div>
   <div class='ocr_carea' id='block_1_92' title="bbox 258 5312 1882 5395">
    <p class='ocr_par' dir='ltr' id='par_1_92' title="bbox 258 5312 1882 5395">
     <span class='ocr_line' id='line_1_92' title="bbox 258 5312 1882 5395; baseline -0.009 -17"><span class='ocrx_word' id='word_1_691' title='bbox 258 5331 574 5395; x_wconf 72' lang='lat' dir='ltr'><strong>prietates</strong></span> <span class='ocrx_word' id='word_1_692' title='bbox 607 5317 818 5394; x_wconf 77' lang='lat' dir='ltr'><strong>altioris</strong></span> <span class='ocrx_word' id='word_1_693' title='bbox 843 5316 956 5367; x_wconf 85' lang='lat' dir='ltr'><strong>sive</strong></span> <span class='ocrx_word' id='word_1_694' title='bbox 980 5312 1262 5395; x_wconf 82' lang='lat' dir='ltr'><strong>charitatis</strong></span> <span class='ocrx_word' id='word_1_695' title='bbox 1301 5326 1353 5362; x_wconf 86' lang='lat' dir='ltr'><strong>ill</strong></span> <span class='ocrx_word' id='word_1_696' title='bbox 1405 5312 1488 5363; x_wconf 91' lang='lat' dir='ltr'><strong>his</strong></span> <span class='ocrx_word' id='word_1_697' title='bbox 1521 5327 1650 5395; x_wconf 62' lang='lat' dir='ltr'><strong>quae</strong></span> <span class='ocrx_word' id='word_1_698' title='bbox 1689 5313 1774 5390; x_wconf 86' lang='lat' dir='ltr'><strong>hic</strong></span> <span class='ocrx_word' id='word_1_699' title='bbox 1819 5327 1882 5364; x_wconf 73' lang='lat' dir='ltr'><strong>ex</strong></span> 
     </span>
    </p>
   </div>
   <div class='ocr_carea' id='block_1_93' title="bbox 257 5383 1886 5461">
    <p class='ocr_par' dir='ltr' id='par_1_93' title="bbox 257 5383 1886 5461">
     <span class='ocr_line' id='line_1_93' title="bbox 257 5383 1886 5461; baseline -0.006 -19"><span class='ocrx_word' id='word_1_700' title='bbox 257 5383 574 5461; x_wconf 72' lang='lat' dir='ltr'><strong>Dionysio</strong></span> <span class='ocrx_word' id='word_1_701' title='bbox 598 5386 944 5461; x_wconf 77' lang='lat' dir='ltr'><strong>recitantur;</strong></span> <span class='ocrx_word' id='word_1_702' title='bbox 979 5383 1148 5448; x_wconf 86' lang='lat' dir='ltr'><strong>prima</strong></span> <span class='ocrx_word' id='word_1_703' title='bbox 1183 5388 1286 5445; x_wconf 86' lang='lat' dir='ltr'><strong>est,</strong></span> <span class='ocrx_word' id='word_1_704' title='bbox 1315 5386 1563 5461; x_wconf 53' lang='lat' dir='ltr'><strong>progredi</strong></span> <span class='ocrx_word' id='word_1_705' title='bbox 1587 5384 1652 5432; x_wconf 81' lang='lat' dir='ltr'><strong>ad</strong></span> <span class='ocrx_word' id='word_1_706' title='bbox 1688 5384 1886 5434; x_wconf 85' lang='lat' dir='ltr'><strong>uuielt-</strong></span> 
     </span>
    </p>
   </div>
   <div class='ocr_carea' id='block_1_94' title="bbox 253 5451 1885 5522">
    <p class='ocr_par' dir='ltr' id='par_1_94' title="bbox 253 5451 1885 5522">
     <span class='ocr_line' id='line_1_94' title="bbox 253 5451 1885 5522; baseline -0.009 -4"><span class='ocrx_word' id='word_1_707' title='bbox 253 5469 404 5518; x_wconf 84' lang='lat' dir='ltr'><strong>dum</strong></span> <span class='ocrx_word' id='word_1_708' title='bbox 425 5451 598 5514; x_wconf 73' lang='grc' dir='ltr'>ἐυιιι</span> <span class='ocrx_word' id='word_1_709' title='bbox 633 5469 726 5522; x_wconf 84' lang='lat' dir='ltr'><strong>qui</strong></span> <span class='ocrx_word' id='word_1_710' title='bbox 751 5454 943 5520; x_wconf 70' lang='lat' dir='ltr'><strong>diligit,</strong></span> <span class='ocrx_word' id='word_1_711' title='bbox 984 5466 1106 5502; x_wconf 88' lang='lat' dir='ltr'><strong>cum</strong></span> <span class='ocrx_word' id='word_1_712' title='bbox 1124 5466 1190 5502; x_wconf 91' lang='lat' dir='ltr'><strong>eo</strong></span> <span class='ocrx_word' id='word_1_713' title='bbox 1213 5465 1372 5522; x_wconf 86' lang='lat' dir='ltr'><strong>quem</strong></span> <span class='ocrx_word' id='word_1_714' title='bbox 1398 5451 1589 5518; x_wconf 73' lang='lat' dir='ltr'><strong>diligit;</strong></span> <span class='ocrx_word' id='word_1_715' title='bbox 1609 5461 1659 5522; x_wconf 81' lang='lat' dir='ltr'><strong>et</strong></span> <span class='ocrx_word' id='word_1_716' title='bbox 1683 5461 1885 5516; x_wconf 87' lang='lat' dir='ltr'><strong>quanto</strong></span> 
     </span>
    </p>
   </div>
   <div class='ocr_carea' id='block_1_95' title="bbox 251 5520 1881 5590">
    <p class='ocr_par' dir='ltr' id='par_1_95' title="bbox 251 5520 1881 5590">
     <span class='ocr_line' id='line_1_95' title="bbox 251 5520 1881 5590; baseline -0.01 0"><span class='ocrx_word' id='word_1_717' title='bbox 251 5520 678 5590; x_wconf 52' lang='lat' dir='ltr'><strong>excellentior</strong></span> <span class='ocrx_word' id='word_1_718' title='bbox 699 5533 782 5575; x_wconf 85' lang='lat' dir='ltr'><strong>est</strong></span> <span class='ocrx_word' id='word_1_719' title='bbox 805 5539 978 5584; x_wconf 90' lang='lat' dir='ltr'><strong>amor,</strong></span> <span class='ocrx_word' id='word_1_720' title='bbox 1003 5531 1148 5573; x_wconf 86' lang='lat' dir='ltr'><strong>tanto</strong></span> <span class='ocrx_word' id='word_1_721' title='bbox 1177 5521 1541 5590; x_wconf 65' lang='lat' dir='ltr'><strong>excellentius</strong></span> <span class='ocrx_word' id='word_1_722' title='bbox 1560 5520 1706 5583; x_wconf 88' lang='lat' dir='ltr'><strong>unit;</strong></span> <span class='ocrx_word' id='word_1_723' title='bbox 1739 5522 1881 5573; x_wconf 84' lang='lat' dir='ltr'><strong>unde</strong></span> 
     </span>
    </p>
   </div>
   <div class='ocr_carea' id='block_1_96' title="bbox 249 5588 1876 5674">
    <p class='ocr_par' dir='ltr' id='par_1_96' title="bbox 249 5588 1876 5674">
     <span class='ocr_line' id='line_1_96' title="bbox 249 5588 1876 5674; baseline -0.011 -16"><span class='ocrx_word' id='word_1_724' title='bbox 249 5588 400 5674; x_wconf 80' lang='lat' dir='ltr'><strong>quia</strong></span> <span class='ocrx_word' id='word_1_725' title='bbox 433 5612 629 5674; x_wconf 68' lang='lat' dir='ltr'><strong>artior</strong></span> <span class='ocrx_word' id='word_1_726' title='bbox 665 5596 718 5674; x_wconf 75' lang='lat' dir='ltr'><strong>in</strong></span> <span class='ocrx_word' id='word_1_727' title='bbox 748 5593 910 5646; x_wconf 88' lang='lat' dir='ltr'><strong>Deum</strong></span> <span class='ocrx_word' id='word_1_728' title='bbox 948 5600 1030 5643; x_wconf 84' lang='lat' dir='ltr'><strong>est</strong></span> <span class='ocrx_word' id='word_1_729' title='bbox 1064 5590 1366 5668; x_wconf 68' lang='lat' dir='ltr'><strong>excellens,</strong></span> <span class='ocrx_word' id='word_1_730' title='bbox 1385 5588 1711 5674; x_wconf 60' lang='lat' dir='ltr'><strong>excellenter</strong></span> <span class='ocrx_word' id='word_1_731' title='bbox 1750 5603 1876 5641; x_wconf 91' lang='lat' dir='ltr'><strong>cum</strong></span> 
     </span>
    </p>
   </div>
   <div class='ocr_carea' id='block_1_97' title="bbox 249 5659 1873 5737">
    <p class='ocr_par' dir='ltr' id='par_1_97' title="bbox 249 5659 1873 5737">
     <span class='ocr_line' id='line_1_97' title="bbox 249 5659 1873 5737; baseline -0.009 -10"><span class='ocrx_word' id='word_1_732' title='bbox 249 5659 380 5733; x_wconf 74' lang='grc' dir='ltr'>ὑεο</span> <span class='ocrx_word' id='word_1_733' title='bbox 411 5662 766 5737; x_wconf 64' lang='lat' dir='ltr'><strong>conjungit;</strong></span> <span class='ocrx_word' id='word_1_734' title='bbox 808 5670 861 5716; x_wconf 90' lang='lat' dir='ltr'><strong>et</strong></span> <span class='ocrx_word' id='word_1_735' title='bbox 889 5674 1017 5730; x_wconf 75' lang='lat' dir='ltr'><strong>erga</strong></span> <span class='ocrx_word' id='word_1_736' title='bbox 1045 5661 1216 5728; x_wconf 81' lang='lat' dir='ltr'><strong>magis</strong></span> <span class='ocrx_word' id='word_1_737' title='bbox 1249 5664 1538 5729; x_wconf 46' lang='lat' dir='ltr'><strong>couJuucta</strong></span> <span class='ocrx_word' id='word_1_738' title='bbox 1572 5659 1741 5725; x_wconf 76' lang='lat' dir='ltr'><strong>major</strong></span> <span class='ocrx_word' id='word_1_739' title='bbox 1761 5667 1873 5725; x_wconf 76' lang='lat' dir='ltr'><strong>est;</strong></span> 
     </span>
    </p>
   </div>
   <div class='ocr_carea' id='block_1_98' title="bbox 1995 3387 3558 3456">
    <p class='ocr_par' dir='ltr' id='par_1_98' title="bbox 1995 3387 3558 3456">
     <span class='ocr_line' id='line_1_98' title="bbox 1995 3387 3558 3456; baseline -0.002 -13"><span class='ocrx_word' id='word_1_740' title='bbox 1995 3405 2234 3444; x_wconf 85' lang='lat' dir='ltr'><strong>amorem</strong></span> <span class='ocrx_word' id='word_1_741' title='bbox 2259 3387 2385 3446; x_wconf 73' lang='lat' dir='ltr'><strong>sive</strong></span> <span class='ocrx_word' id='word_1_742' title='bbox 2407 3393 2724 3446; x_wconf 88' lang='lat' dir='ltr'><strong>charitatem</strong></span> <span class='ocrx_word' id='word_1_743' title='bbox 2750 3391 2926 3451; x_wconf 84' lang='lat' dir='ltr'><strong>habet,</strong></span> <span class='ocrx_word' id='word_1_744' title='bbox 2958 3387 3031 3441; x_wconf 84' lang='lat' dir='ltr'><strong>ad</strong></span> <span class='ocrx_word' id='word_1_745' title='bbox 3055 3403 3178 3442; x_wconf 89' lang='lat' dir='ltr'><strong>eum</strong></span> <span class='ocrx_word' id='word_1_746' title='bbox 3209 3387 3558 3456; x_wconf 79' lang='lat' dir='ltr'><strong>tendat,erga</strong></span> 
     </span>
    </p>
   </div>
   <div class='ocr_carea' id='block_1_99' title="bbox 1997 3455 3554 3526">
    <p class='ocr_par' dir='ltr' id='par_1_99' title="bbox 1997 3455 3554 3526">
     <span class='ocr_line' id='line_1_99' title="bbox 1997 3455 3554 3526; baseline -0.004 -14"><span class='ocrx_word' id='word_1_747' title='bbox 1997 3475 2154 3525; x_wconf 88' lang='lat' dir='ltr'><strong>quem</strong></span> <span class='ocrx_word' id='word_1_748' title='bbox 2191 3459 2350 3513; x_wconf 90' lang='lat' dir='ltr'><strong>habet</strong></span> <span class='ocrx_word' id='word_1_749' title='bbox 2379 3462 2716 3522; x_wconf 80' lang='lat' dir='ltr'><strong>charitatem,</strong></span> <span class='ocrx_word' id='word_1_750' title='bbox 2749 3470 2934 3512; x_wconf 89' lang='lat' dir='ltr'><strong>contra</strong></span> <span class='ocrx_word' id='word_1_751' title='bbox 2958 3467 3119 3526; x_wconf 90' lang='lat' dir='ltr'><strong>atque</strong></span> <span class='ocrx_word' id='word_1_752' title='bbox 3148 3457 3275 3510; x_wconf 77' lang='lat' dir='ltr'><strong>facit</strong></span> <span class='ocrx_word' id='word_1_753' title='bbox 3295 3455 3554 3525; x_wconf 73' lang='lat' dir='ltr'><strong>cognitio,</strong></span> 
     </span>
    </p>
   </div>
   <div class='ocr_carea' id='block_1_100' title="bbox 1997 3526 3558 3599">
    <p class='ocr_par' dir='ltr' id='par_1_100' title="bbox 1997 3526 3558 3599">
     <span class='ocr_line' id='line_1_100' title="bbox 1997 3526 3558 3599; baseline -0.001 -21"><span class='ocrx_word' id='word_1_754' title='bbox 1997 3543 2114 3596; x_wconf 66' lang='lat' dir='ltr'><strong>quae</strong></span> <span class='ocrx_word' id='word_1_755' title='bbox 2136 3545 2246 3599; x_wconf 93' lang='lat' dir='ltr'><strong>rem</strong></span> <span class='ocrx_word' id='word_1_756' title='bbox 2271 3529 2540 3599; x_wconf 87' lang='lat' dir='ltr'><strong>cognitam</strong></span> <span class='ocrx_word' id='word_1_757' title='bbox 2581 3530 2743 3582; x_wconf 89' lang='lat' dir='ltr'><strong>trahit</strong></span> <span class='ocrx_word' id='word_1_758' title='bbox 2797 3526 2861 3580; x_wconf 89' lang='lat' dir='ltr'><strong>ad</strong></span> <span class='ocrx_word' id='word_1_759' title='bbox 2911 3533 3322 3594; x_wconf 83' lang='lat' dir='ltr'><strong>cognoscentem</strong></span> <span class='ocrx_word' id='word_1_760' title='bbox 3343 3542 3371 3599; x_wconf 84' lang='lat'><strong>;_</strong></span> <span class='ocrx_word' id='word_1_761' title='bbox 3403 3538 3558 3577; x_wconf 86' lang='lat' dir='ltr'><strong>amor</strong></span> 
     </span>
    </p>
   </div>
   <div class='ocr_carea' id='block_1_101' title="bbox 1997 3594 3560 3664">
    <p class='ocr_par' dir='ltr' id='par_1_101' title="bbox 1997 3594 3560 3664">
     <span class='ocr_line' id='line_1_101' title="bbox 1997 3594 3560 3664; baseline -0.003 -15"><span class='ocrx_word' id='word_1_762' title='bbox 1997 3594 2125 3651; x_wconf 80' lang='lat' dir='ltr'><strong>vero</strong></span> <span class='ocrx_word' id='word_1_763' title='bbox 2153 3598 2315 3651; x_wconf 89' lang='lat' dir='ltr'><strong>trahit</strong></span> <span class='ocrx_word' id='word_1_764' title='bbox 2336 3594 2693 3664; x_wconf 73' lang='lat' dir='ltr'><strong>amantemad</strong></span> <span class='ocrx_word' id='word_1_765' title='bbox 2712 3613 2832 3649; x_wconf 91' lang='lat' dir='ltr'><strong>enm</strong></span> <span class='ocrx_word' id='word_1_766' title='bbox 2856 3611 3013 3664; x_wconf 89' lang='lat' dir='ltr'><strong>quem</strong></span> <span class='ocrx_word' id='word_1_767' title='bbox 3043 3603 3214 3664; x_wconf 84' lang='lat' dir='ltr'><strong>amat;</strong></span> <span class='ocrx_word' id='word_1_768' title='bbox 3236 3594 3407 3664; x_wconf 85' lang='lat' dir='ltr'><strong>tertia</strong></span> <span class='ocrx_word' id='word_1_769' title='bbox 3435 3606 3560 3660; x_wconf 87' lang='lat' dir='ltr'><strong>pro-</strong></span> 
     </span>
    </p>
   </div>
   <div class='ocr_carea' id='block_1_102' title="bbox 1998 3662 3557 3735">
    <p class='ocr_par' dir='ltr' id='par_1_102' title="bbox 1998 3662 3557 3735">
     <span class='ocr_line' id='line_1_102' title="bbox 1998 3662 3557 3735; baseline -0.002 -16"><span class='ocrx_word' id='word_1_770' title='bbox 1998 3668 2197 3733; x_wconf 91' lang='lat' dir='ltr'><strong>prietas</strong></span> <span class='ocrx_word' id='word_1_771' title='bbox 2227 3676 2330 3732; x_wconf 92' lang='lat' dir='ltr'><strong>est,</strong></span> <span class='ocrx_word' id='word_1_772' title='bbox 2363 3683 2482 3722; x_wconf 87' lang='lat' dir='ltr'><strong>esse</strong></span> <span class='ocrx_word' id='word_1_773' title='bbox 2516 3662 2810 3735; x_wconf 83' lang='lat' dir='ltr'><strong>simplicem</strong></span> <span class='ocrx_word' id='word_1_774' title='bbox 2843 3662 3049 3735; x_wconf 88' lang='lat' dir='ltr'><strong>motum</strong></span> <span class='ocrx_word' id='word_1_775' title='bbox 3094 3662 3397 3735; x_wconf 84' lang='lat' dir='ltr'><strong>charitatis,</strong></span> <span class='ocrx_word' id='word_1_776' title='bbox 3427 3663 3557 3730; x_wconf 90' lang='lat' dir='ltr'><strong>quia</strong></span> 
     </span>
    </p>
   </div>
   <div class='ocr_carea' id='block_1_103' title="bbox 1997 3732 3557 3805">
    <p class='ocr_par' dir='ltr' id='par_1_103' title="bbox 1997 3732 3557 3805">
     <span class='ocr_line' id='line_1_103' title="bbox 1997 3732 3557 3805; baseline -0.005 -15"><span class='ocrx_word' id='word_1_777' title='bbox 1997 3732 2079 3790; x_wconf 86' lang='lat' dir='ltr'><strong>est</strong></span> <span class='ocrx_word' id='word_1_778' title='bbox 2114 3737 2322 3804; x_wconf 89' lang='lat' dir='ltr'><strong>primus</strong></span> <span class='ocrx_word' id='word_1_779' title='bbox 2340 3746 2520 3790; x_wconf 89' lang='lat' dir='ltr'><strong>motus</strong></span> <span class='ocrx_word' id='word_1_780' title='bbox 2546 3732 2815 3805; x_wconf 78' lang='lat' dir='ltr'><strong>appetitus</strong></span> <span class='ocrx_word' id='word_1_781' title='bbox 2857 3752 2870 3789; x_wconf 90' lang='lat'>:</span> <span class='ocrx_word' id='word_1_782' title='bbox 2902 3734 3206 3805; x_wconf 77' lang='lat' dir='ltr'><strong>etprimttm</strong></span> <span class='ocrx_word' id='word_1_783' title='bbox 3227 3732 3278 3784; x_wconf 89' lang='lat' dir='ltr'><strong>in</strong></span> <span class='ocrx_word' id='word_1_784' title='bbox 3302 3745 3557 3798; x_wconf 62' lang='lat' dir='ltr'><strong>unoquoc</strong></span> 
     </span>
    </p>
   </div>
   <div class='ocr_carea' id='block_1_104' title="bbox 1998 3803 3552 3875">
    <p class='ocr_par' dir='ltr' id='par_1_104' title="bbox 1998 3803 3552 3875">
     <span class='ocr_line' id='line_1_104' title="bbox 1998 3803 3552 3875; baseline -0.003 -17"><span class='ocrx_word' id='word_1_785' title='bbox 1998 3821 2103 3875; x_wconf 86' lang='lat' dir='ltr'><strong>que</strong></span> <span class='ocrx_word' id='word_1_786' title='bbox 2118 3803 2319 3875; x_wconf 66' lang='lat' dir='ltr'><strong>genere</strong></span> <span class='ocrx_word' id='word_1_787' title='bbox 2345 3815 2555 3874; x_wconf 91' lang='lat' dir='ltr'><strong>oportet</strong></span> <span class='ocrx_word' id='word_1_788' title='bbox 2582 3803 2634 3859; x_wconf 84' lang='lat' dir='ltr'><strong>ut</strong></span> <span class='ocrx_word' id='word_1_789' title='bbox 2669 3807 2740 3858; x_wconf 89' lang='lat' dir='ltr'><strong>sit</strong></span> <span class='ocrx_word' id='word_1_790' title='bbox 2763 3803 3012 3872; x_wconf 83' lang='lat' dir='ltr'><strong>simplex,</strong></span> <span class='ocrx_word' id='word_1_791' title='bbox 3035 3803 3158 3871; x_wconf 91' lang='lat' dir='ltr'><strong>quia</strong></span> <span class='ocrx_word' id='word_1_792' title='bbox 3181 3816 3242 3854; x_wconf 83' lang='lat' dir='ltr'><strong>ex</strong></span> <span class='ocrx_word' id='word_1_793' title='bbox 3261 3815 3326 3854; x_wconf 92' lang='lat' dir='ltr'><strong>eo</strong></span> <span class='ocrx_word' id='word_1_794' title='bbox 3354 3809 3552 3875; x_wconf 52' lang='lat' dir='ltr'><strong>eaftera</strong></span> 
     </span>
    </p>
   </div>
   <div class='ocr_carea' id='block_1_105' title="bbox 1998 3868 3556 3943">
    <p class='ocr_par' dir='ltr' id='par_1_105' title="bbox 1998 3868 3556 3943">
     <span class='ocr_line' id='line_1_105' title="bbox 1998 3868 3556 3943; baseline -0.001 -17"><span class='ocrx_word' id='word_1_795' title='bbox 1998 3868 2052 3927; x_wconf 79' lang='lat' dir='ltr'><strong>in</strong></span> <span class='ocrx_word' id='word_1_796' title='bbox 2082 3868 2149 3926; x_wconf 76' lang='grc' dir='ltr'>εσῖ</span> <span class='ocrx_word' id='word_1_797' title='bbox 2176 3868 2693 3943; x_wconf 64' lang='grc' dir='ltr'>εεικνεέοιυροεὶιει</span> <span class='ocrx_word' id='word_1_798' title='bbox 2721 3868 3018 3938; x_wconf 81' lang='lat' dir='ltr'><strong>exsistunt;</strong></span> <span class='ocrx_word' id='word_1_799' title='bbox 3044 3868 3234 3938; x_wconf 83' lang='lat' dir='ltr'><strong>quarta</strong></span> <span class='ocrx_word' id='word_1_800' title='bbox 3253 3868 3556 3937; x_wconf 85' lang='lat' dir='ltr'><strong>proprietas</strong></span> 
     </span>
    </p>
   </div>
   <div class='ocr_carea' id='block_1_106' title="bbox 1999 3943 3553 4012">
    <p class='ocr_par' dir='ltr' id='par_1_106' title="bbox 1999 3943 3553 4012">
     <span class='ocr_line' id='line_1_106' title="bbox 1999 3943 3553 4012; baseline -0.003 -16"><span class='ocrx_word' id='word_1_801' title='bbox 1999 3953 2102 4008; x_wconf 82' lang='lat' dir='ltr'><strong>est,</strong></span> <span class='ocrx_word' id='word_1_802' title='bbox 2145 3958 2262 4012; x_wconf 87' lang='lat' dir='ltr'><strong>esse</strong></span> <span class='ocrx_word' id='word_1_803' title='bbox 2294 3958 2387 4012; x_wconf 79' lang='lat' dir='ltr'><strong>per</strong></span> <span class='ocrx_word' id='word_1_804' title='bbox 2408 3959 2467 3997; x_wconf 86' lang='lat' dir='ltr'><strong>se</strong></span> <span class='ocrx_word' id='word_1_805' title='bbox 2503 3943 2776 4006; x_wconf 87' lang='lat' dir='ltr'><strong>mobilem,</strong></span> <span class='ocrx_word' id='word_1_806' title='bbox 2806 3943 2932 4010; x_wconf 92' lang='lat' dir='ltr'><strong>quia</strong></span> <span class='ocrx_word' id='word_1_807' title='bbox 2983 3944 3034 3994; x_wconf 88' lang='lat' dir='ltr'><strong>in</strong></span> <span class='ocrx_word' id='word_1_808' title='bbox 3074 3953 3402 4008; x_wconf 90' lang='lat' dir='ltr'><strong>unoquoque</strong></span> <span class='ocrx_word' id='word_1_809' title='bbox 3439 3952 3553 4006; x_wconf 61' lang='grc' dir='ltr'>,ςε-</span> 
     </span>
    </p>
   </div>
   <div class='ocr_carea' id='block_1_107' title="bbox 2000 4011 3554 4081">
    <p class='ocr_par' dir='ltr' id='par_1_107' title="bbox 2000 4011 3554 4081">
     <span class='ocr_line' id='line_1_107' title="bbox 2000 4011 3554 4081; baseline -0.004 -17"><span class='ocrx_word' id='word_1_810' title='bbox 2000 4027 2129 4064; x_wconf 88' lang='lat' dir='ltr'><strong>nere</strong></span> <span class='ocrx_word' id='word_1_811' title='bbox 2153 4011 2305 4077; x_wconf 85' lang='lat' dir='ltr'><strong>prius</strong></span> <span class='ocrx_word' id='word_1_812' title='bbox 2321 4023 2402 4066; x_wconf 88' lang='lat' dir='ltr'><strong>est</strong></span> <span class='ocrx_word' id='word_1_813' title='bbox 2434 4013 2576 4081; x_wconf 90' lang='lat' dir='ltr'><strong>quod</strong></span> <span class='ocrx_word' id='word_1_814' title='bbox 2601 4023 2679 4065; x_wconf 89' lang='lat' dir='ltr'><strong>est</strong></span> <span class='ocrx_word' id='word_1_815' title='bbox 2707 4027 2801 4079; x_wconf 86' lang='lat' dir='ltr'><strong>per</strong></span> <span class='ocrx_word' id='word_1_816' title='bbox 2828 4027 2906 4073; x_wconf 90' lang='lat' dir='ltr'><strong>se,</strong></span> <span class='ocrx_word' id='word_1_817' title='bbox 2961 4025 3120 4079; x_wconf 85' lang='lat' dir='ltr'><strong>quam</strong></span> <span class='ocrx_word' id='word_1_818' title='bbox 3147 4013 3290 4081; x_wconf 88' lang='lat' dir='ltr'><strong>quod</strong></span> <span class='ocrx_word' id='word_1_819' title='bbox 3318 4015 3403 4059; x_wconf 86' lang='lat' dir='ltr'><strong>est</strong></span> <span class='ocrx_word' id='word_1_820' title='bbox 3460 4021 3554 4073; x_wconf 86' lang='lat' dir='ltr'><strong>per</strong></span> 
     </span>
    </p>
   </div>
   <div class='ocr_carea' id='block_1_108' title="bbox 1999 4079 3557 4149">
    <p class='ocr_par' dir='ltr' id='par_1_108' title="bbox 1999 4079 3557 4149">
     <span class='ocr_line' id='line_1_108' title="bbox 1999 4079 3557 4149; baseline -0.003 -16"><span class='ocrx_word' id='word_1_821' title='bbox 1999 4081 2167 4144; x_wconf 87' lang='lat' dir='ltr'><strong>aliud;</strong></span> <span class='ocrx_word' id='word_1_822' title='bbox 2217 4081 2358 4134; x_wconf 89' lang='lat' dir='ltr'><strong>unde</strong></span> <span class='ocrx_word' id='word_1_823' title='bbox 2417 4079 2470 4133; x_wconf 84' lang='lat' dir='ltr'><strong>iii</strong></span> <span class='ocrx_word' id='word_1_824' title='bbox 2520 4096 2716 4149; x_wconf 72' lang='lat' dir='ltr'><strong>genere</strong></span> <span class='ocrx_word' id='word_1_825' title='bbox 2768 4092 2947 4133; x_wconf 87' lang='lat' dir='ltr'><strong>motus</strong></span> <span class='ocrx_word' id='word_1_826' title='bbox 2981 4079 3284 4146; x_wconf 87' lang='lat' dir='ltr'><strong>appetentis</strong></span> <span class='ocrx_word' id='word_1_827' title='bbox 3335 4083 3557 4149; x_wconf 72' lang='lat' dir='ltr'><strong>oportet</strong></span> 
     </span>
    </p>
   </div>
   <div class='ocr_carea' id='block_1_109' title="bbox 2003 4143 3552 4218">
    <p class='ocr_par' dir='ltr' id='par_1_109' title="bbox 2003 4143 3552 4218">
     <span class='ocr_line' id='line_1_109' title="bbox 2003 4143 3552 4218; baseline -0.003 -16"><span class='ocrx_word' id='word_1_828' title='bbox 2003 4160 2059 4202; x_wconf 92' lang='lat' dir='ltr'><strong>ut</strong></span> <span class='ocrx_word' id='word_1_829' title='bbox 2091 4151 2301 4217; x_wconf 91' lang='lat' dir='ltr'><strong>primus</strong></span> <span class='ocrx_word' id='word_1_830' title='bbox 2328 4143 2648 4218; x_wconf 47' lang='lat' dir='ltr'><strong>motusfqni</strong></span> <span class='ocrx_word' id='word_1_831' title='bbox 2676 4161 2759 4203; x_wconf 89' lang='lat' dir='ltr'><strong>est</strong></span> <span class='ocrx_word' id='word_1_832' title='bbox 2783 4164 2960 4209; x_wconf 91' lang='lat' dir='ltr'><strong>amor,</strong></span> <span class='ocrx_word' id='word_1_833' title='bbox 2979 4143 3174 4218; x_wconf 46' lang='lat' dir='ltr'><strong>sit—per</strong></span> <span class='ocrx_word' id='word_1_834' title='bbox 3202 4161 3260 4199; x_wconf 89' lang='lat' dir='ltr'><strong>se</strong></span> <span class='ocrx_word' id='word_1_835' title='bbox 3312 4143 3552 4218; x_wconf 83' lang='lat' dir='ltr'><strong>mobilis,</strong></span> 
     </span>
    </p>
   </div>
   <div class='ocr_carea' id='block_1_110' title="bbox 2001 4214 3626 4288">
    <p class='ocr_par' dir='ltr' id='par_1_110' title="bbox 2001 4214 3626 4288">
     <span class='ocr_line' id='line_1_110' title="bbox 2001 4214 3626 4288; baseline -0.004 -16"><span class='ocrx_word' id='word_1_836' title='bbox 2001 4214 2145 4272; x_wconf 84' lang='lat' dir='ltr'><strong>unde</strong></span> <span class='ocrx_word' id='word_1_837' title='bbox 2183 4219 2344 4272; x_wconf 92' lang='lat' dir='ltr'><strong>timor</strong></span> <span class='ocrx_word' id='word_1_838' title='bbox 2382 4223 2509 4288; x_wconf 87' lang='lat' dir='ltr'><strong>quia</strong></span> <span class='ocrx_word' id='word_1_839' title='bbox 2539 4214 2619 4273; x_wconf 67' lang='grc' dir='ltr'>εέι</span> <span class='ocrx_word' id='word_1_840' title='bbox 2651 4221 2794 4273; x_wconf 89' lang='lat' dir='ltr'><strong>sicut</strong></span> <span class='ocrx_word' id='word_1_841' title='bbox 2823 4227 3004 4270; x_wconf 89' lang='lat' dir='ltr'><strong>motus</strong></span> <span class='ocrx_word' id='word_1_842' title='bbox 3034 4214 3305 4288; x_wconf 28' lang='lat' dir='ltr'><strong>si’olentus</strong></span> <span class='ocrx_word' id='word_1_843' title='bbox 3347 4214 3557 4288; x_wconf 77' lang='lat' dir='ltr'><strong>extrin-</strong></span> <span class='ocrx_word' id='word_1_844' title='bbox 3621 4230 3626 4235; x_wconf 48' lang='grc' dir='ltr'>δ</span> 
     </span>
    </p>
   </div>
   <div class='ocr_carea' id='block_1_111' title="bbox 1998 4284 3556 4354">
    <p class='ocr_par' dir='ltr' id='par_1_111' title="bbox 1998 4284 3556 4354">
     <span class='ocr_line' id='line_1_111' title="bbox 1998 4284 3556 4354; baseline -0.004 -14"><span class='ocrx_word' id='word_1_845' title='bbox 1998 4303 2157 4342; x_wconf 81' lang='lat' dir='ltr'><strong>secus</strong></span> <span class='ocrx_word' id='word_1_846' title='bbox 2211 4284 2498 4354; x_wconf 76' lang='lat' dir='ltr'><strong>accedens,</strong></span> <span class='ocrx_word' id='word_1_847' title='bbox 2529 4305 2634 4341; x_wconf 83' lang='lat' dir='ltr'><strong>non</strong></span> <span class='ocrx_word' id='word_1_848' title='bbox 2662 4299 2742 4340; x_wconf 75' lang='lat' dir='ltr'><strong>i-st</strong></span> <span class='ocrx_word' id='word_1_849' title='bbox 2775 4288 2828 4340; x_wconf 90' lang='lat' dir='ltr'><strong>in</strong></span> <span class='ocrx_word' id='word_1_850' title='bbox 2858 4288 3145 4348; x_wconf 88' lang='lat' dir='ltr'><strong>charitate,</strong></span> <span class='ocrx_word' id='word_1_851' title='bbox 3175 4284 3318 4338; x_wconf 90' lang='lat' dir='ltr'><strong>sicut</strong></span> <span class='ocrx_word' id='word_1_852' title='bbox 3342 4284 3426 4354; x_wconf 78' lang='lat' dir='ltr'><strong>ait</strong></span> <span class='ocrx_word' id='word_1_853' title='bbox 3463 4284 3556 4354; x_wconf 74' lang='lat' dir='ltr'><strong>be-</strong></span> 
     </span>
    </p>
   </div>
   <div class='ocr_carea' id='block_1_112' title="bbox 1998 4349 3558 4435">
    <p class='ocr_par' dir='ltr' id='par_1_112' title="bbox 1998 4349 3558 4435">
     <span class='ocr_line' id='line_1_112' title="bbox 1998 4349 3558 4435; baseline -0.004 -27"><span class='ocrx_word' id='word_1_854' title='bbox 1998 4365 2120 4410; x_wconf 84' lang='lat' dir='ltr'><strong>atus</strong></span> <span class='ocrx_word' id='word_1_855' title='bbox 2141 4356 2385 4435; x_wconf 35' lang='lat' dir='ltr'><strong>Joannes.</strong></span> <span class='ocrx_word' id='word_1_856' title='bbox 2403 4359 2452 4427; x_wconf 87' lang='grc' dir='ltr'><strong>(Ι</strong></span> <span class='ocrx_word' id='word_1_857' title='bbox 2475 4349 2637 4409; x_wconf 74' lang='grc' dir='ltr'><strong>Ιοαιι.</strong></span> <span class='ocrx_word' id='word_1_858' title='bbox 2672 4357 2766 4435; x_wconf 77' lang='lat' dir='ltr'><strong>Iv),</strong></span> <span class='ocrx_word' id='word_1_859' title='bbox 2815 4356 2906 4435; x_wconf 75' lang='lat' dir='ltr'><strong>sed</strong></span> <span class='ocrx_word' id='word_1_860' title='bbox 2929 4353 3176 4435; x_wconf 74' lang='lat' dir='ltr'><strong>perfecta</strong></span> <span class='ocrx_word' id='word_1_861' title='bbox 3206 4352 3446 4435; x_wconf 68' lang='lat' dir='ltr'><strong>Charitas</strong></span> <span class='ocrx_word' id='word_1_862' title='bbox 3468 4349 3558 4428; x_wconf 41' lang='grc' dir='ltr'><strong>,ΐο-</strong></span> 
     </span>
    </p>
   </div>
   <div class='ocr_carea' id='block_1_113' title="bbox 2001 4417 3554 4493">
    <p class='ocr_par' dir='ltr' id='par_1_113' title="bbox 2001 4417 3554 4493">
     <span class='ocr_line' id='line_1_113' title="bbox 2001 4417 3554 4493; baseline -0.005 -17"><span class='ocrx_word' id='word_1_863' title='bbox 2001 4440 2088 4477; x_wconf 89' lang='lat' dir='ltr'><strong>ras</strong></span> <span class='ocrx_word' id='word_1_864' title='bbox 2105 4427 2324 4492; x_wconf 80' lang='lat' dir='ltr'><strong>expellit</strong></span> <span class='ocrx_word' id='word_1_865' title='bbox 2353 4417 2623 4482; x_wconf 81' lang='lat' dir='ltr'><strong>timorem.</strong></span> <span class='ocrx_word' id='word_1_866' title='bbox 2643 4417 2767 4493; x_wconf 83' lang='lat' dir='ltr'><strong>quia</strong></span> <span class='ocrx_word' id='word_1_867' title='bbox 2792 4417 3032 4476; x_wconf 41' lang='lat' dir='ltr'><strong>chori-tas</strong></span> <span class='ocrx_word' id='word_1_868' title='bbox 3057 4431 3241 4493; x_wconf 83' lang='lat' dir='ltr'><strong>motus</strong></span> <span class='ocrx_word' id='word_1_869' title='bbox 3269 4433 3344 4493; x_wconf 89' lang='lat' dir='ltr'><strong>est</strong></span> <span class='ocrx_word' id='word_1_870' title='bbox 3381 4421 3447 4470; x_wconf 87' lang='lat' dir='ltr'><strong>ab</strong></span> <span class='ocrx_word' id='word_1_871' title='bbox 3467 4417 3554 4484; x_wconf 84' lang='lat' dir='ltr'><strong>i_n-</strong></span> 
     </span>
    </p>
   </div>
   <div class='ocr_carea' id='block_1_114' title="bbox 1998 4491 3555 4562">
    <p class='ocr_par' dir='ltr' id='par_1_114' title="bbox 1998 4491 3555 4562">
     <span class='ocr_line' id='line_1_114' title="bbox 1998 4491 3555 4562; baseline -0.004 -18"><span class='ocrx_word' id='word_1_872' title='bbox 1998 4501 2152 4552; x_wconf 82' lang='lat' dir='ltr'><strong>timo,</strong></span> <span class='ocrx_word' id='word_1_873' title='bbox 2178 4491 2234 4544; x_wconf 89' lang='lat' dir='ltr'><strong>ut</strong></span> <span class='ocrx_word' id='word_1_874' title='bbox 2261 4495 2334 4562; x_wconf 86' lang='lat' dir='ltr'><strong>ait</strong></span> <span class='ocrx_word' id='word_1_875' title='bbox 2363 4506 2579 4548; x_wconf 88' lang='lat' dir='ltr'><strong>sanctus</strong></span> <span class='ocrx_word' id='word_1_876' title='bbox 2601 4491 2854 4554; x_wconf 86' lang='lat' dir='ltr'><strong>Thomas,</strong></span> <span class='ocrx_word' id='word_1_877' title='bbox 2876 4491 3204 4562; x_wconf 85' lang='lat' dir='ltr'><strong>procedens;</strong></span> <span class='ocrx_word' id='word_1_878' title='bbox 3227 4491 3555 4562; x_wconf 79' lang='lat' dir='ltr'><strong>quintapro-</strong></span> 
     </span>
    </p>
   </div>
   <div class='ocr_carea' id='block_1_115' title="bbox 1998 4556 3554 4631">
    <p class='ocr_par' dir='ltr' id='par_1_115' title="bbox 1998 4556 3554 4631">
     <span class='ocr_line' id='line_1_115' title="bbox 1998 4556 3554 4631; baseline -0.004 -20"><span class='ocrx_word' id='word_1_879' title='bbox 1998 4564 2199 4626; x_wconf 80' lang='lat' dir='ltr'><strong>prietas</strong></span> <span class='ocrx_word' id='word_1_880' title='bbox 2227 4560 2555 4631; x_wconf 80' lang='lat' dir='ltr'><strong>eSt,operari</strong></span> <span class='ocrx_word' id='word_1_881' title='bbox 2585 4579 2678 4630; x_wconf 82' lang='lat' dir='ltr'><strong>per</strong></span> <span class='ocrx_word' id='word_1_882' title='bbox 2705 4578 2786 4631; x_wconf 89' lang='lat' dir='ltr'><strong>se,</strong></span> <span class='ocrx_word' id='word_1_883' title='bbox 2819 4556 2963 4627; x_wconf 82' lang='lat' dir='ltr'><strong>quod</strong></span> <span class='ocrx_word' id='word_1_884' title='bbox 2998 4562 3272 4628; x_wconf 90' lang='lat' dir='ltr'><strong>proprium</strong></span> <span class='ocrx_word' id='word_1_885' title='bbox 3306 4566 3389 4609; x_wconf 86' lang='lat' dir='ltr'><strong>est</strong></span> <span class='ocrx_word' id='word_1_886' title='bbox 3418 4556 3554 4606; x_wconf 84' lang='lat' dir='ltr'><strong>elia-</strong></span> 
     </span>
    </p>
   </div>
   <div class='ocr_carea' id='block_1_116' title="bbox 1999 4630 3550 4700">
    <p class='ocr_par' dir='ltr' id='par_1_116' title="bbox 1999 4630 3550 4700">
     <span class='ocr_line' id='line_1_116' title="bbox 1999 4630 3550 4700; baseline -0.003 -20"><span class='ocrx_word' id='word_1_887' title='bbox 1999 4631 2195 4690; x_wconf 85' lang='lat' dir='ltr'><strong>ritatis,</strong></span> <span class='ocrx_word' id='word_1_888' title='bbox 2234 4634 2284 4684; x_wconf 90' lang='lat' dir='ltr'><strong>in</strong></span> <span class='ocrx_word' id='word_1_889' title='bbox 2310 4630 2496 4700; x_wconf 88' lang='lat' dir='ltr'><strong>quoab</strong></span> <span class='ocrx_word' id='word_1_890' title='bbox 2517 4647 2611 4698; x_wconf 77' lang='lat' dir='ltr'><strong>Spe</strong></span> <span class='ocrx_word' id='word_1_891' title='bbox 2633 4630 2833 4691; x_wconf 81' lang='lat' dir='ltr'><strong>diﬂ&#39;ert,</strong></span> <span class='ocrx_word' id='word_1_892' title='bbox 2866 4631 2956 4700; x_wconf 85' lang='lat' dir='ltr'><strong>qui</strong></span> <span class='ocrx_word' id='word_1_893' title='bbox 2985 4630 3128 4680; x_wconf 91' lang='lat' dir='ltr'><strong>enim</strong></span> <span class='ocrx_word' id='word_1_894' title='bbox 3156 4637 3373 4695; x_wconf 88' lang='lat' dir='ltr'><strong>propter</strong></span> <span class='ocrx_word' id='word_1_895' title='bbox 3397 4639 3550 4700; x_wconf 84' lang='lat' dir='ltr'><strong>spem</strong></span> 
     </span>
    </p>
   </div>
   <div class='ocr_carea' id='block_1_117' title="bbox 1993 4697 3554 4767">
    <p class='ocr_par' dir='ltr' id='par_1_117' title="bbox 1993 4697 3554 4767">
     <span class='ocr_line' id='line_1_117' title="bbox 1993 4697 3554 4767; baseline -0.004 -16"><span class='ocrx_word' id='word_1_896' title='bbox 1993 4700 2220 4758; x_wconf 88' lang='lat' dir='ltr'><strong>alterius</strong></span> <span class='ocrx_word' id='word_1_897' title='bbox 2248 4697 2522 4767; x_wconf 76' lang='lat' dir='ltr'><strong>operatur,</strong></span> <span class='ocrx_word' id='word_1_898' title='bbox 2559 4710 2780 4766; x_wconf 79' lang='lat' dir='ltr'><strong>propter</strong></span> <span class='ocrx_word' id='word_1_899' title='bbox 2813 4698 2958 4751; x_wconf 82' lang='lat' dir='ltr'><strong>aliud</strong></span> <span class='ocrx_word' id='word_1_900' title='bbox 2992 4707 3267 4764; x_wconf 85' lang='lat' dir='ltr'><strong>Operatur,</strong></span> <span class='ocrx_word' id='word_1_901' title='bbox 3315 4697 3409 4762; x_wconf 88' lang='lat' dir='ltr'><strong>qui</strong></span> <span class='ocrx_word' id='word_1_902' title='bbox 3452 4707 3554 4744; x_wconf 82' lang='lat' dir='ltr'><strong>au-</strong></span> 
     </span>
    </p>
   </div>
   <div class='ocr_carea' id='block_1_118' title="bbox 1991 4767 3550 4837">
    <p class='ocr_par' dir='ltr' id='par_1_118' title="bbox 1991 4767 3550 4837">
     <span class='ocr_line' id='line_1_118' title="bbox 1991 4767 3550 4837; baseline -0.003 -19"><span class='ocrx_word' id='word_1_903' title='bbox 1991 4775 2096 4820; x_wconf 89' lang='lat' dir='ltr'><strong>tem</strong></span> <span class='ocrx_word' id='word_1_904' title='bbox 2148 4772 2346 4837; x_wconf 88' lang='lat' dir='ltr'><strong>(inquit</strong></span> <span class='ocrx_word' id='word_1_905' title='bbox 2373 4780 2596 4822; x_wconf 86' lang='lat' dir='ltr'><strong>sanctus</strong></span> <span class='ocrx_word' id='word_1_906' title='bbox 2629 4767 2889 4825; x_wconf 70' lang='lat' dir='ltr'><strong>Thomas;</strong></span> <span class='ocrx_word' id='word_1_907' title='bbox 2938 4782 2999 4818; x_wconf 80' lang='lat' dir='ltr'><strong>ex</strong></span> <span class='ocrx_word' id='word_1_908' title='bbox 3041 4779 3226 4837; x_wconf 78' lang='lat' dir='ltr'><strong>amore</strong></span> <span class='ocrx_word' id='word_1_909' title='bbox 3258 4774 3550 4837; x_wconf 10' lang='lat' dir='ltr'><strong>superatur,</strong></span> 
     </span>
    </p>
   </div>
   <div class='ocr_carea' id='block_1_119' title="bbox 1988 4833 3551 4907">
    <p class='ocr_par' dir='ltr' id='par_1_119' title="bbox 1988 4833 3551 4907">
     <span class='ocr_line' id='line_1_119' title="bbox 1988 4833 3551 4907; baseline -0.005 -17"><span class='ocrx_word' id='word_1_910' title='bbox 1988 4851 2086 4904; x_wconf 83' lang='lat' dir='ltr'><strong>per</strong></span> <span class='ocrx_word' id='word_1_911' title='bbox 2122 4833 2178 4891; x_wconf 76' lang='lat' dir='ltr'><strong>se</strong></span> <span class='ocrx_word' id='word_1_912' title='bbox 2215 4833 2394 4907; x_wconf 78' lang='lat' dir='ltr'><strong>ipsum</strong></span> <span class='ocrx_word' id='word_1_913' title='bbox 2429 4847 2684 4904; x_wconf 70' lang='lat' dir='ltr'><strong>Oper-alur</strong></span> <span class='ocrx_word' id='word_1_914' title='bbox 2709 4837 2839 4907; x_wconf 85' lang='lat' dir='ltr'><strong>illud</strong></span> <span class='ocrx_word' id='word_1_915' title='bbox 2876 4846 3130 4903; x_wconf 86' lang='lat' dir='ltr'><strong>tanquam</strong></span> <span class='ocrx_word' id='word_1_916' title='bbox 3167 4833 3269 4887; x_wconf 87' lang='lat' dir='ltr'><strong>sibi</strong></span> <span class='ocrx_word' id='word_1_917' title='bbox 3300 4838 3399 4887; x_wconf 91' lang='lat' dir='ltr'><strong>hoc</strong></span> <span class='ocrx_word' id='word_1_918' title='bbox 3434 4833 3551 4907; x_wconf 82' lang='lat' dir='ltr'><strong>pla--</strong></span> 
     </span>
    </p>
   </div>
   <div class='ocr_carea' id='block_1_120' title="bbox 1988 4901 3550 4974">
    <p class='ocr_par' dir='ltr' id='par_1_120' title="bbox 1988 4901 3550 4974">
     <span class='ocr_line' id='line_1_120' title="bbox 1988 4901 3550 4974; baseline -0.004 -18"><span class='ocrx_word' id='word_1_919' title='bbox 1988 4901 2122 4957; x_wconf 72' lang='lat' dir='ltr'><strong>ceat.</strong></span> <span class='ocrx_word' id='word_1_920' title='bbox 2153 4901 2372 4963; x_wconf 56' lang='lat' dir='ltr'><strong>Praestat</strong></span> <span class='ocrx_word' id='word_1_921' title='bbox 2394 4901 2532 4961; x_wconf 40' lang='lat' dir='ltr'><strong>sci—re</strong></span> <span class='ocrx_word' id='word_1_922' title='bbox 2567 4922 2687 4974; x_wconf 77' lang='lat' dir='ltr'><strong>qua:</strong></span> <span class='ocrx_word' id='word_1_923' title='bbox 2711 4905 2902 4960; x_wconf 87' lang='lat' dir='ltr'><strong>elliciat</strong></span> <span class='ocrx_word' id='word_1_924' title='bbox 2936 4901 3194 4964; x_wconf 72' lang='lat' dir='ltr'><strong>Charitas,</strong></span> <span class='ocrx_word' id='word_1_925' title='bbox 3217 4914 3270 4954; x_wconf 89' lang='lat' dir='ltr'><strong>et</strong></span> <span class='ocrx_word' id='word_1_926' title='bbox 3302 4918 3421 4968; x_wconf 82' lang='lat' dir='ltr'><strong>qua:</strong></span> <span class='ocrx_word' id='word_1_927' title='bbox 3438 4901 3550 4954; x_wconf 80' lang='lat' dir='ltr'><strong>sint</strong></span> 
     </span>
    </p>
   </div>
   <div class='ocr_carea' id='block_1_121' title="bbox 1988 4973 3546 5044">
    <p class='ocr_par' dir='ltr' id='par_1_121' title="bbox 1988 4973 3546 5044">
     <span class='ocr_line' id='line_1_121' title="bbox 1988 4973 3546 5044; baseline -0.004 -18"><span class='ocrx_word' id='word_1_928' title='bbox 1988 4975 2108 5042; x_wconf 84' lang='lat' dir='ltr'><strong>ejus</strong></span> <span class='ocrx_word' id='word_1_929' title='bbox 2168 4981 2380 5044; x_wconf 87' lang='lat' dir='ltr'><strong>propria</strong></span> <span class='ocrx_word' id='word_1_930' title='bbox 2439 4976 2502 5028; x_wconf 88' lang='lat' dir='ltr'><strong>ad</strong></span> <span class='ocrx_word' id='word_1_931' title='bbox 2559 4973 2995 5041; x_wconf 64' lang='lat' dir='ltr'><strong>cognoscendum</strong></span> <span class='ocrx_word' id='word_1_932' title='bbox 3051 4973 3428 5026; x_wconf 74' lang='lat' dir='ltr'><strong>excellentiam</strong></span> <span class='ocrx_word' id='word_1_933' title='bbox 3491 4976 3546 5020; x_wconf 87' lang='lat' dir='ltr'><strong>et</strong></span> 
     </span>
    </p>
   </div>
   <div class='ocr_carea' id='block_1_122' title="bbox 1990 5044 3547 5112">
    <p class='ocr_par' dir='ltr' id='par_1_122' title="bbox 1990 5044 3547 5112">
     <span class='ocr_line' id='line_1_122' title="bbox 1990 5044 3547 5112; baseline -0.004 -16"><span class='ocrx_word' id='word_1_934' title='bbox 1990 5051 2355 5110; x_wconf 65' lang='lat' dir='ltr'><strong>prwstantiam</strong></span> <span class='ocrx_word' id='word_1_935' title='bbox 2389 5047 2506 5112; x_wconf 86' lang='lat' dir='ltr'><strong>ejus</strong></span> <span class='ocrx_word' id='word_1_936' title='bbox 2538 5061 2700 5111; x_wconf 83' lang='lat' dir='ltr'><strong>supra</strong></span> <span class='ocrx_word' id='word_1_937' title='bbox 2736 5044 2891 5096; x_wconf 90' lang='lat' dir='ltr'><strong>lldem</strong></span> <span class='ocrx_word' id='word_1_938' title='bbox 2927 5044 3122 5103; x_wconf 80' lang='lat' dir='ltr'><strong>solum,</strong></span> <span class='ocrx_word' id='word_1_939' title='bbox 3173 5057 3334 5110; x_wconf 82' lang='lat' dir='ltr'><strong>quam</strong></span> <span class='ocrx_word' id='word_1_940' title='bbox 3375 5047 3547 5092; x_wconf 49' lang='lat' dir='ltr'><strong>lia-re-</strong></span> 
     </span>
    </p>
   </div>
   <div class='ocr_carea' id='block_1_123' title="bbox 1985 5113 3548 5184">
    <p class='ocr_par' dir='ltr' id='par_1_123' title="bbox 1985 5113 3548 5184">
     <span class='ocr_line' id='line_1_123' title="bbox 1985 5113 3548 5184; baseline -0.001 -20"><span class='ocrx_word' id='word_1_941' title='bbox 1985 5115 2073 5165; x_wconf 89' lang='lat' dir='ltr'><strong>ttci</strong></span> <span class='ocrx_word' id='word_1_942' title='bbox 2108 5131 2240 5168; x_wconf 89' lang='lat' dir='ltr'><strong>vane</strong></span> <span class='ocrx_word' id='word_1_943' title='bbox 2264 5116 2616 5184; x_wconf 66' lang='lat' dir='ltr'><strong>jactant,unn</strong></span> <span class='ocrx_word' id='word_1_944' title='bbox 2651 5113 3010 5182; x_wconf 71' lang='lat' dir='ltr'><strong>intelligentes</strong></span> <span class='ocrx_word' id='word_1_945' title='bbox 3034 5128 3154 5180; x_wconf 65' lang='lat' dir='ltr'><strong>quae</strong></span> <span class='ocrx_word' id='word_1_946' title='bbox 3171 5114 3376 5174; x_wconf 83' lang='lat' dir='ltr'><strong>dicunt,</strong></span> <span class='ocrx_word' id='word_1_947' title='bbox 3397 5123 3548 5162; x_wconf 85' lang='lat' dir='ltr'><strong>ama-</strong></span> 
     </span>
    </p>
   </div>
   <div class='ocr_carea' id='block_1_124' title="bbox 1984 5192 2197 5236">
    <p class='ocr_par' dir='ltr' id='par_1_124' title="bbox 1984 5192 2197 5236">
     <span class='ocr_line' id='line_1_124' title="bbox 1984 5192 2197 5236; baseline 0.005 -1"><span class='ocrx_word' id='word_1_948' title='bbox 1984 5192 2197 5236; x_wconf 73' lang='lat' dir='ltr'><strong>tortam.</strong></span> 
     </span>
    </p>
   </div>
   <div class='ocr_carea' id='block_1_125' title="bbox 2061 5250 3543 5319">
    <p class='ocr_par' dir='ltr' id='par_1_125' title="bbox 2061 5250 3543 5319">
     <span class='ocr_line' id='line_1_125' title="bbox 2061 5250 3543 5319; baseline -0.004 -14"><span class='ocrx_word' id='word_1_949' title='bbox 2061 5254 2135 5319; x_wconf 74' lang='grc' dir='ltr'><strong>ιϐ)</strong></span> <span class='ocrx_word' id='word_1_950' title='bbox 2195 5253 2500 5306; x_wconf 83' lang='lat' dir='ltr'><strong>Matiouem.</strong></span> <span class='ocrx_word' id='word_1_951' title='bbox 2551 5254 2832 5318; x_wconf 80' lang='lat' dir='ltr'><strong>Quatenus</strong></span> <span class='ocrx_word' id='word_1_952' title='bbox 2895 5267 3050 5304; x_wconf 86' lang='lat' dir='ltr'><strong>amor</strong></span> <span class='ocrx_word' id='word_1_953' title='bbox 3108 5261 3162 5303; x_wconf 90' lang='lat' dir='ltr'><strong>et</strong></span> <span class='ocrx_word' id='word_1_954' title='bbox 3191 5250 3543 5319; x_wconf 77' lang='lat' dir='ltr'><strong>charitasex</strong></span> 
     </span>
    </p>
   </div>
   <div class='ocr_carea' id='block_1_126' title="bbox 1990 5317 3544 5391">
    <p class='ocr_par' dir='ltr' id='par_1_126' title="bbox 1990 5317 3544 5391">
     <span class='ocr_line' id='line_1_126' title="bbox 1990 5317 3544 5391; baseline -0.004 -15"><span class='ocrx_word' id='word_1_955' title='bbox 1990 5317 2123 5391; x_wconf 85' lang='lat' dir='ltr'><strong>ipso</strong></span> <span class='ocrx_word' id='word_1_956' title='bbox 2143 5325 2247 5377; x_wconf 83' lang='lat' dir='ltr'><strong>Deo</strong></span> <span class='ocrx_word' id='word_1_957' title='bbox 2273 5337 2490 5377; x_wconf 87' lang='lat' dir='ltr'><strong>manant</strong></span> <span class='ocrx_word' id='word_1_958' title='bbox 2523 5317 2588 5376; x_wconf 86' lang='lat' dir='ltr'><strong>ad</strong></span> <span class='ocrx_word' id='word_1_959' title='bbox 2620 5333 2921 5384; x_wconf 74' lang='lat' dir='ltr'><strong>creaturas,</strong></span> <span class='ocrx_word' id='word_1_960' title='bbox 2962 5325 3073 5388; x_wconf 83' lang='lat' dir='ltr'><strong>ipse</strong></span> <span class='ocrx_word' id='word_1_961' title='bbox 3098 5321 3300 5373; x_wconf 82' lang='lat' dir='ltr'><strong>amoris</strong></span> <span class='ocrx_word' id='word_1_962' title='bbox 3331 5329 3383 5372; x_wconf 86' lang='lat' dir='ltr'><strong>et</strong></span> <span class='ocrx_word' id='word_1_963' title='bbox 3409 5317 3544 5391; x_wconf 38' lang='lat' dir='ltr'><strong>chai-</strong></span> 
     </span>
    </p>
   </div>
   <div class='ocr_carea' id='block_1_127' title="bbox 1990 5386 3544 5458">
    <p class='ocr_par' dir='ltr' id='par_1_127' title="bbox 1990 5386 3544 5458">
     <span class='ocr_line' id='line_1_127' title="bbox 1990 5386 3544 5458; baseline -0.005 -13"><span class='ocrx_word' id='word_1_964' title='bbox 1990 5386 2166 5445; x_wconf 71' lang='lat' dir='ltr'><strong>ritatis</strong></span> <span class='ocrx_word' id='word_1_965' title='bbox 2195 5403 2381 5446; x_wconf 86' lang='lat' dir='ltr'><strong>auctor</strong></span> <span class='ocrx_word' id='word_1_966' title='bbox 2412 5394 2613 5446; x_wconf 88' lang='lat' dir='ltr'><strong>moveri</strong></span> <span class='ocrx_word' id='word_1_967' title='bbox 2657 5393 2876 5453; x_wconf 91' lang='lat' dir='ltr'><strong>dicitur,</strong></span> <span class='ocrx_word' id='word_1_968' title='bbox 2933 5386 3201 5458; x_wconf 81' lang='lat' dir='ltr'><strong>quatenus</strong></span> <span class='ocrx_word' id='word_1_969' title='bbox 3260 5404 3388 5442; x_wconf 82' lang='lat' dir='ltr'><strong>vero</strong></span> <span class='ocrx_word' id='word_1_970' title='bbox 3429 5386 3544 5454; x_wconf 73' lang='lat' dir='ltr'><strong>ipse</strong></span> 
     </span>
    </p>
   </div>
   <div class='ocr_carea' id='block_1_128' title="bbox 1991 5461 3547 5530">
    <p class='ocr_par' dir='ltr' id='par_1_128' title="bbox 1991 5461 3547 5530">
     <span class='ocr_line' id='line_1_128' title="bbox 1991 5461 3547 5530; baseline -0.006 -15"><span class='ocrx_word' id='word_1_971' title='bbox 1991 5473 2076 5515; x_wconf 87' lang='lat' dir='ltr'><strong>est</strong></span> <span class='ocrx_word' id='word_1_972' title='bbox 2107 5463 2375 5525; x_wconf 84' lang='lat' dir='ltr'><strong>amabilis,</strong></span> <span class='ocrx_word' id='word_1_973' title='bbox 2405 5473 2455 5515; x_wconf 90' lang='lat' dir='ltr'><strong>el</strong></span> <span class='ocrx_word' id='word_1_974' title='bbox 2490 5462 2811 5530; x_wconf 68' lang='lat' dir='ltr'><strong>diligendus,</strong></span> <span class='ocrx_word' id='word_1_975' title='bbox 2845 5471 3024 5514; x_wconf 88' lang='lat' dir='ltr'><strong>movet</strong></span> <span class='ocrx_word' id='word_1_976' title='bbox 3057 5470 3111 5514; x_wconf 91' lang='lat' dir='ltr'><strong>et</strong></span> <span class='ocrx_word' id='word_1_977' title='bbox 3140 5463 3242 5512; x_wconf 87' lang='lat' dir='ltr'><strong>ciet</strong></span> <span class='ocrx_word' id='word_1_978' title='bbox 3275 5461 3339 5511; x_wconf 88' lang='lat' dir='ltr'><strong>ad</strong></span> <span class='ocrx_word' id='word_1_979' title='bbox 3385 5471 3547 5530; x_wconf 65' lang='lat' dir='ltr'><strong>amo-o</strong></span> 
     </span>
    </p>
   </div>
   <div class='ocr_carea' id='block_1_129' title="bbox 1991 5525 3547 5602">
    <p class='ocr_par' dir='ltr' id='par_1_129' title="bbox 1991 5525 3547 5602">
     <span class='ocr_line' id='line_1_129' title="bbox 1991 5525 3547 5602; baseline -0.003 -18"><span class='ocrx_word' id='word_1_980' title='bbox 1991 5547 2100 5584; x_wconf 91' lang='lat' dir='ltr'><strong>rem</strong></span> <span class='ocrx_word' id='word_1_981' title='bbox 2135 5535 2335 5597; x_wconf 86' lang='lat' dir='ltr'><strong>omnia,</strong></span> <span class='ocrx_word' id='word_1_982' title='bbox 2397 5525 2612 5602; x_wconf 38' lang='lat' dir='ltr'><strong>quibus.</strong></span> <span class='ocrx_word' id='word_1_983' title='bbox 2633 5537 2710 5588; x_wconf 85' lang='lat' dir='ltr'><strong>vis</strong></span> <span class='ocrx_word' id='word_1_984' title='bbox 2736 5532 2954 5585; x_wconf 84' lang='lat' dir='ltr'><strong>amandi</strong></span> <span class='ocrx_word' id='word_1_985' title='bbox 2995 5531 3382 5585; x_wconf 84' lang='lat' dir='ltr'><strong>convenienter</strong></span> <span class='ocrx_word' id='word_1_986' title='bbox 3410 5525 3547 5597; x_wconf 63' lang='lat' dir='ltr'><strong>ipsis</strong></span> 
     </span>
    </p>
   </div>
   <div class='ocr_carea' id='block_1_130' title="bbox 1987 5603 2267 5658">
    <p class='ocr_par' dir='ltr' id='par_1_130' title="bbox 1987 5603 2267 5658">
     <span class='ocr_line' id='line_1_130' title="bbox 1987 5603 2267 5658; baseline -0.014 0"><span class='ocrx_word' id='word_1_987' title='bbox 1987 5603 2146 5658; x_wconf 88' lang='lat' dir='ltr'><strong>insita</strong></span> <span class='ocrx_word' id='word_1_988' title='bbox 2168 5611 2267 5656; x_wconf 85' lang='lat' dir='ltr'><strong>est.</strong></span> 
     </span>
    </p>
   </div>
  </div>
