3980 6208
492 332 598 395 815

1668 316 1990 377 ΙΟΑΝΝΙΞ
2028 316 2592 380 CYPARISSIOT/E

3580 317 3668 379 8l6

491 462 583 501 eas
613 447 726 509 ipse
747 443 906 496 etiam
938 438 1079 492 Deus
1102 443 1253 489 extra
1293 448 1349 484 se
1370 439 1478 491 est,
1506 430 1865 484 conversione
1907 428 2053 481 iner-
2086 433 2130 485 Α
2161 427 2415 480 omnibus
2448 426 2634 479 tribuit
2663 433 2721 477 ut
2750 422 2858 477 sint
2905 430 3075 475 totum
3113 419 3162 474 id
3197 420 3330 489 quod
3364 432 3510 484 sunt,
3538 434 3582 476 et
3603 439 3673 482 est,

493 542 647 587 tante
684 532 857 585 instar
902 525 1092 580 circuli
1152 525 1573 583 circummeans;
1627 529 1679 572 et
1712 518 1857 587 quod
1914 516 2057 571 Deus

498 636 664 675 amor
716 615 1035 687 praccxstitit
1074 614 1125 667 in
1167 611 1273 666 Deo
1326 609 1578 679 simplex,
1650 625 1747 679 per
1787 623 1845 663 se
1890 610 2063 662 mobi-

508 714 595 776 lis,
626 725 721 779 per
746 724 805 763 se
828 721 1082 776 operans,
1120 715 1165 758 et
1194 705 1336 771 quod
1358 712 1477 757 erat
1500 700 1677 754 divina
1698 709 1751 753 et
1770 701 1922 754 beata
1945 700 2063 767 ejus

498 776 805 858 substantia
837 816 850 851 :
891 810 1061 867 quare
1096 804 1206 849 tota
1234 795 1471 847 'l‘rinitas
1497 776 2069 862 suprasuhstautialis,

497 906 619 961 qua:
640 898 721 942 est
757 901 930 949 amor,
961 894 1014 938 ct
1040 882 1289 944 dulcedo,
1323 890 1377 933 et
1404 879 1756 942 desiderium,
1786 893 1893 931 non
1941 879 2066 931 sivit

492 996 611 1034 eam
644 980 695 1032 in
720 993 778 1032 se
818 978 932 1044 ipsa
959 975 1078 1029 sine
1115 972 1459 1027 fecunditate
1492 984 1737 1037 manere,
1763 970 1855 1023 sed
1885 970 2066 1038 potius

491 1072 665 1126 movit
704 1085 763 1124 se
805 1069 922 1138 ipsa
952 1067 1018 1120 ad
1049 1066 1356 1119 faciendum
1387 1073 1441 1116 et
1501 1062 1820 1116 creandum.
1877 1062 2065 1116 Provi—

489 1164 687 1219 dentiae
720 1160 884 1231 igitur
923 1157 1012 1213 Dei
1041 1167 1277 1211 externa:
1337 1154 1473 1207 nihil
1516 1153 1658 1206 aliud
1697 1163 1849 1218 sunt,
1890 1168 2065 1222 quam

494 1263 771 1316 creatura,
799 1259 851 1304 et
884 1249 1111 1312 creatio;
1152 1258 1206 1301 et
1235 1263 1297 1299 ex
1336 1246 1421 1299 his
1449 1245 1608 1314 plane
1628 1245 1782 1299 nobis
1811 1244 2067 1310 notescit,

490 1344 638 1414 quod
685 1342 863 1396 ontnis
916 1347 1167 1394 creatura
1198 1335 1366 1390 Deum
1404 1336 1566 1389 habet
1598 1334 1981 1404 producentem
2016 1343 2071 1387 et

491 1442 870 1502 generantem,
899 1432 1014 1500 ipse
1037 1429 1181 1484 enim
1215 1428 1329 1481 haec
1351 1442 1473 1481 cum
1503 1427 1555 1479 in
1576 1441 1635 1480 se
1664 1426 1905 1490 haberet,
1937 1440 2068 1493 pro-

491 1529 646 1581 duxit
673 1540 735 1579 ea
776 1524 947 1587 foras,
988 1522 1091 1575 hoc
1109 1528 1212 1582 est,
1239 1522 1442 1571 circum
1468 1527 1783 1571 creaturas:
1817 1517 2071 1584 quocirca

491 1632 689 1672 nomen
707 1615 909 1669 amoris
921 1610 1286 1667 etdilectionis
1310 1611 1361 1662 in
1383 1618 1549 1661 anum
1570 1617 1624 1661 et
1644 1607 1784 1661 idem
1806 1622 1927 1661 cum
1950 1607 2093 1676 pul-,

491 1708 628 1763 chro
661 1715 714 1758 et
761 1706 901 1757 bono
928 1702 1071 1757 redit
1098 1716 1111 1765 ;
1134 1714 1366 1768 cumque
1395 1699 1447 1751 in
1485 1696 1590 1751 Dee
1610 1697 1738 1758 sint,
1761 1697 1896 1751 etad
1930 1711 2073 1749 eum-

491 1798 615 1852 dem
642 1796 971 1859 referantur,
1020 1792 1259 1846 divinam
1309 1799 1363 1843 et
1412 1790 1624 1843 beatam
1664 1789 1784 1858 ejus
1819 1789 2071 1841 substan-

500 1890 654 1950 tiam,
678 1886 824 1955 quod
859 1894 942 1940 est
988 1893 1221 1946 tantum,
1252 1890 1641 1950 repraesentant
1671 1896 1683 1931 :
1716 1887 1868 1932 extra
1905 1879 2070 1933 Deum

493 1992 625 2032 vero
654 1992 777 2029 cum
821 1982 971 2039 sunt,
999 1974 1053 2026 in
1078 1972 1299 2041 negotio
1348 1980 1618 2024 creatura:
1646 1970 1935 2034 desinunt;
1991 1969 2073 2022 id-

494 2070 644 2123 circo
694 2066 981 2136 passiones
1012 2074 1066 2116 et
1098 2061 1397 2117 accidentia
1438 2062 1583 2115 circa
1628 2075 1747 2114 eam
1784 2069 2075 2114 censentur

493 2168 549 2214 et
574 2164 949 2212 numerantur.
984 2155 1223 2222 Apparet
1282 2153 1446 2206 etiam
1508 2166 1606 2220 per
1641 2150 1776 2212 haec,
1832 2150 1978 2218 quod
2004 2150 2071 2205 ad

494 2248 882 2319 proprietatem
905 2246 1101 2299 horum
1138 2242 1424 2297 nominum
1455 2241 1708 2310 pertinet,
1742 2243 1885 2295 ratio
1923 2242 2071 2295 enim

495 2340 695 2394 amoris
717 2348 768 2390 et
808 2334 1119 2390 dilectionis
1152 2335 1336 2387 eadem
1371 2344 1455 2386 est
1494 2340 1653 2400 atque
1687 2332 1826 2386 ratio
1850 2332 2069 2388 bonita-

497 2432 566 2485 tis
600 2440 653 2485 et
685 2427 1128 2499 pulchritudinis.
1165 2424 1308 2479 Deus
1348 2424 1493 2477 enim
1528 2433 1753 2493 propter
1795 2424 2070 2479 excellen-

497 2533 605 2577 tem
627 2536 867 2575 amorem
899 2518 1082 2573 omnia
1120 2516 1398 2585 produxit;
1449 2521 1503 2568 et
1537 2522 1761 2583 propter
1815 2515 2067 2570 eumdem

499 2626 740 2666 amorezn
768 2648 784 2675 ,
830 2622 950 2677 qua!
985 2622 1092 2661 non
1116 2614 1263 2669 sunt,
1296 2619 1404 2659 non
1431 2604 1710 2674 produxit,
1743 2604 1871 2658 dum
1903 2604 2069 2668 cavit,

498 2718 568 2757 ne
594 2700 967 2771 producendo,
993 2699 1290 2766 quidquam
1321 2711 1510 2750 eorum
1538 2710 1659 2764 quae
1689 2696 1926 2759 amabat,
1979 2697 2070 2751 lte-

498 2794 672 2846 deret.
710 2792 895 2844 Potest
941 2798 1121 2841 autem
1171 2786 1402 2856 intelligi
1438 2785 1646 2855 aliquid
1683 2788 1846 2841 etiam
1894 2789 2068 2859 magis

498 2884 781 2952 speciatim
812 2880 1087 2951 proprium
1118 2920 1134 2945 ,
1168 2878 1313 2948 quod
1362 2876 1572 2932 scilicet
1620 2877 1805 2933 divina
1851 2880 2065 2935 bonitas

500 2977 554 3030 in
588 2974 863 3030 inﬁnitum
928 2970 1329 3041 progrediatur,
1367 2968 1585 3023 divinus
1620 2984 1747 3024 vero
1782 2983 1933 3024 amor
1979 2972 2066 3025 in-

2162 530 2286 569 vere
2316 515 2542 569 clIcctor
2568 512 2898 567 exsistentite
2918 511 3017 580 (l),
3060 523 3327 577 personat,
3359 512 3672 573 substaulize,

2162 617 2408 673 natum;
2454 608 2580 660 item
2614 604 2962 673 principium,
3010 612 3063 655 rt
3113 615 3351 653 mensura
3394 603 3676 655 smculorum

2163 710 2215 754 et
2244 710 2548 768 temporum
2573 738 2588 761 ,
2620 706 2671 751 et
2704 695 2831 749 fat-it
2867 703 2924 748 ut
2968 693 3164 746 sarcula
3196 701 3248 744 et
3264 689 3503 760 ’tempora
3546 695 3676 746 sint:

2164 802 2242 843 est
2284 790 2540 845 szeculum
2575 802 2763 841 eorum
2799 800 2918 855 qua:
2955 795 3078 836 sunt
3107 800 3120 836 :
3156 791 3355 848 tempus
3386 797 3552 835 eorum
3587 799 3684 850 qua:

2167 882 2337 945 liunt;
2369 890 2448 933 est
2478 893 2597 931 esse
2641 879 2709 931 iis
2752 893 2873 945 quzc
2918 886 3045 929 sunt
3086 873 3579 942 quomodocuuque;
3621 884 3688 926 est

2168 972 2445 1040 genetatio
2489 967 2983 1038 quomodocunque
3044 965 3235 1033 genitis
3283 978 3445 1016 exeo
3487 965 3568 1031 qui
3599 975 3683 1026 est;

2169 1061 2449 1122 saaculum,
2489 1058 2811 1117 substantia,
2837 1068 2889 1110 et
2926 1071 3091 1110 unum
3131 1064 3227 1108 :et
3274 1061 3495 1121 tempus,
3542 1062 3588 1104 et
3614 1068 3691 1118 ge-

2170 1151 2401 1215 neratio,
2431 1158 2485 1203 et
2519 1150 2662 1217 quod
2692 1148 2930 1218 gignitur
2959 1163 2974 1199 :
3008 1154 3091 1200 est
3122 1161 3184 1199 ea
3216 1159 3333 1214 quae
3381 1154 3499 1198 suut
3541 1145 3585 1196 in
3632 1144 3686 1198 iis

2171 1254 2293 1308 qua!
2317 1246 2479 1305 sunt;
2516 1250 2568 1293 et
2603 1253 2723 1307 qua:
2769 1250 3101 1306 quocunque
3141 1236 3300 1288 modo
3340 1235 3589 1288 exsistunt
3612 1276 3624 1300 ,
3652 1246 3695 1286 rt

2173 1345 2293 1399 qua:
2324 1344 2417 1397 per
2452 1344 2509 1383 se
2543 1329 2835 1382 exsistunt.
2872 1326 3015 1379 Deus
3048 1323 3192 1378 enim
3243 1338 3348 1377 non
3394 1323 3469 1375 sic
3512 1330 3604 1385 est,
3646 1332 3695 1377 ut

2174 1425 2246 1477 sit
2277 1421 2704 1492 quodammodo,
2740 1419 2832 1473 sed
2867 1416 3187 1486 simpliciter
3228 1424 3279 1469 et
3322 1415 3519 1467 inﬁnite
3553 1423 3694 1466 totum

2174 1529 2297 1569 esse
2349 1516 2401 1566 in
2453 1527 2512 1567 se
2558 1510 2874 1579 complexus
2900 1508 3000 1577 (ἓ).
3034 1508 3101 1561 Et
3129 1508 3287 1576 paulo
3320 1514 3432 1575 post
3464 1520 3477 1559 :
3508 1504 3567 1555 Et
3596 1515 3699 1557 ante

2176 1607 2315 1660 alias
2355 1605 2472 1673 ejus
2512 1602 2958 1673 participationes
2991 1600 3314 1670 productum
3354 1607 3433 1653 est
3477 1610 3621 1657 esse,
3657 1604 3701 1647 ct

2177 1706 2260 1752 est
2291 1698 2469 1766 ipsum
2506 1694 2804 1750 secundum
2855 1706 2915 1746 se
2959 1705 3081 1745 esse
3117 1690 3391 1758 antiquius
3416 1702 3562 1757 quam
3601 1700 3700 1737 esse

2179 1807 2275 1861 per
2307 1806 2367 1846 se
2404 1791 2567 1844 vitam
2596 1788 2697 1859 (‘5).
2730 1795 2782 1842 et
2823 1801 2919 1856 per
2964 1800 3022 1839 se
3067 1782 3385 1851 sapientiam
3413 1817 3428 1842 ,
3467 1787 3516 1833 et
3544 1793 3627 1846 per
3654 1789 3702 1830 se

2176 1881 2591 1939 similitudinem
2624 1878 2865 1933 divinam
2889 1928 2903 1953 ,
2936 1885 2989 1931 ct
3021 1875 3147 1940 alia,
3188 1886 3415 1941 quorum
3450 1870 3704 1938 participa-

2182 1978 2383 2031 tionem
2416 1987 2536 2042 quae
2566 1972 2789 2035 habent,
2820 1977 2944 2023 ante
2976 1967 3222 2021 omnium
3270 1963 3479 2016 illorum
3519 1959 3705 2028 partici-

2179 2067 2461 2138 pationem
2507 2062 2838 2133 participant
2872 2073 2992 2113 esse
3035 2077 3048 2111 :
3094 2058 3206 2110 imo
3242 2068 3371 2109 vero
3402 2053 3508 2121 ipsa
3548 2065 3631 2119 per
3662 2063 3708 2100 se

2175 2158 2364 2215 omnia
2393 2170 2513 2225 qua:
2545 2155 2612 2208 ab
2642 2153 2711 2208 iis
2752 2165 2873 2220 quae
2923 2158 3073 2213 sunt,
3118 2145 3527 2216 participantur,
3557 2142 3706 2209 ipsum

2174 2265 2271 2319 per
2310 2263 2368 2302 se
2400 2261 2523 2301 esse
2553 2243 2917 2314 participant;
2950 2247 3002 2292 et
3056 2238 3194 2291 nihil
3239 2232 3318 2290 est
3348 2234 3504 2303 cujus
3530 2246 3624 2285 non
3657 2232 3712 2282 sit

2173 2339 2504 2412 substantia,
2549 2346 2601 2391 et
2647 2335 2911 2389 szeculum
2961 2332 3134 2400 ipsius
3186 2346 3282 2400 per
3327 2343 3383 2382 se
3421 2340 3550 2380 esse.
3595 2323 3713 2374 Deus

2173 2431 2339 2500 igitur
2380 2442 2502 2481 cum
2554 2425 2643 2487 sit,
2679 2435 2735 2479 ut
2765 2430 3161 2478 consentanum
3205 2429 3308 2481 est,
3336 2414 3579 2471 omnibus
3611 2411 3713 2469 aliis

2174 2520 2349 2589 magis
2384 2515 2745 2587 principialis,
2782 2514 2850 2567 ab
2881 2512 3188 2580 antiquiore
3227 2510 3370 2564 dono
3413 2520 3507 2559 suo
3552 2502 3711 2557 lauda-

2174 2623 2304 2676 tur,
2357 2608 2621 2679 siquidem
2697 2606 2846 2674 prius
2895 2617 3016 2657 esse
3049 2640 3063 2664 ,
3106 2610 3162 2655 et
3222 2598 3561 2653 excellentius
3614 2604 3713 2645 esse

2170 2701 2292 2757 eum
2370 2699 2520 2769 prius
2592 2696 2823 2759 habeat,
2862 2703 2917 2748 et
2966 2690 3319 2747 excellentius
3354 2686 3544 2741 habeat
3593 2681 3717 2749 prius

2166 2792 2299 2848 fecit
2362 2804 2484 2845 esse
2545 2786 2690 2858 quod
2753 2793 2890 2840 est:
2951 2783 3179 2852 ipsum,
3232 2782 3487 2850 inquam,
3551 2788 3635 2844 per
3671 2785 3719 2825 se

2169 2900 2311 2950 esse,
2347 2892 2399 2938 ct
2430 2896 2523 2952 per
2553 2880 2730 2949 ipsum
2763 2886 2927 2931 omne
2951 2874 3096 2943 quod
3132 2869 3613 2941 quomodocunque
3631 2870 3719 2927 est,

2170 2979 2440 3032 exsistere
2492 2974 2639 3028 fecit.
2690 2968 2851 3037 Atqui
2898 2965 3166 3035 principia
3201 2976 3389 3016 eorum
3438 2972 3551 3029 qua:
3575 2961 3720 3017 sunt,

502 3077 620 3124 star
653 3064 846 3122 circuli
873 3064 1201 3126 circumeat;
1254 3074 1379 3114 nam
1438 3073 1468 3113 e
1518 3075 1577 3112 se
1628 3060 1847 3127 quidem
1885 3063 2073 3135 incipit

2179 3070 2364 3124 omnia
2402 3066 2730 3137 participant
2762 3075 2903 3121 esse,
2941 3068 2992 3111 et
3022 3068 3171 3118 sunt,
3197 3064 3253 3109 et
3287 3050 3545 3122 principia
3574 3056 3719 3108 sunt;

498 3159 734 3228 operari,
766 3157 957 3211 deinde
999 3170 1094 3224 per
1130 3168 1194 3207 ea
1238 3167 1357 3221 quae
1404 3151 1681 3221 produxit,
1728 3157 2081 3223 providentiis

499 3252 616 3306 suis
645 3249 775 3304 loris
819 3260 1048 3301 manens
1095 3245 1201 3299 line
1235 3243 1486 3312 imposito
1518 3243 1583 3297 ad
1610 3258 1667 3299 se
1698 3261 1887 3305 rursus
1924 3254 2080 3309 redii,

1114 3351 1341 3409 CAPUT
1382 3351 1467 3405 IV.

501 3449 579 3506 De
605 3458 722 3505 cute
753 3456 802 3502 et
832 3449 892 3503 de
919 3446 1160 3515 partibus
1193 3444 1307 3523 ejus
1334 3482 1355 3523 ,_
1379 3453 1428 3496 et
1473 3458 1590 3523 qua:
1641 3444 1710 3496 sit
1752 3445 1807 3497 iu
1854 3448 1917 3500 iis
1968 3464 2084 3517 qua:

969 3525 1118 3576 sunt,
1151 3520 1420 3581 propietas
1449 3520 1606 3566 cutis.

574 3632 801 3702 Magnus
838 3627 1133 3696 Dionysius
1166 3624 1341 3693 capite
1373 3624 1586 3695 quinto,
1635 3626 1710 3679 De
1754 3626 1946 3680 divinis
1981 3642 2075 3680 no-

505 3726 731 3779 minibus
772 3740 789 3777 :
830 3722 963 3789 Age,
995 3718 1189 3787 inquit,
1232 3714 1520 3772 laudemus
1572 3717 1773 3771 bonum
1817 3729 2075 3788 tanquam

503 3818 649 3887 quod
687 3829 813 3869 vere
844 3822 970 3873 est,
1031 3818 1087 3865 et
1137 3809 1380 3863 omnium
1430 3808 1765 3863 substantias
1789 3808 1983 3873 eilicit,
2027 3818 2081 3864 et

508 3906 808 3964 secundum
846 3906 951 3957 vim
990 3914 1144 3956 suam
1200 3914 1320 3969 quae
1369 3913 1532 3970 supra
1573 3899 1928 3953 substantiam
1976 3909 2078 3965 est,

2179 3171 2232 3215 et
2262 3135 2497 3229 primum
2531 3165 2680 3218 sunt,
2721 3161 2775 3206 et
2814 3159 3000 3220 postea
3038 3146 3310 3217 principia
3339 3152 3487 3205 sunt,
3516 3149 3567 3194 et
3591 3139 3631 3192 si
3655 3135 3724 3189 vis

2181 3249 2502 3312 viventium,
2543 3257 2811 3316 quatenus
2842 3240 3052 3303 vivunt,
3086 3236 3422 3306 principium
3456 3231 3624 3307 dicere
3645 3238 3725 3293 per

2181 3358 2241 3398 se
2275 3341 2436 3396 vitam
2469 3356 2483 3393 :
2516 3344 2571 3392 et
2602 3334 2889 3394 similium,
2922 3339 3194 3399 quatenus
3230 3325 3428 3382 similia
3459 3327 3612 3385 sunt,
3646 3329 3725 3385 per

2182 3448 2240 3486 se
2267 3426 2682 3485 similitudinem
2718 3441 2731 3477 :
2761 3434 2816 3477 et
2848 3420 3250 3490 copulatorum,
3286 3425 3550 3486 quatenus
3578 3422 3725 3477 copu-

2183 3525 2288 3577 lata
2319 3527 2482 3585 sunt,
2514 3534 2611 3588 per
2642 3532 2701 3572 se
2730 3513 3131 3585 capulationem
3165 3525 3179 3575 ;
3233 3517 3290 3563 et
3342 3507 3689 3561 ordinatoruttt
3712 3534 3726 3561 ,

2181 3621 2453 3683 quatenus
2484 3609 2734 3662 ordinata
2771 3611 2934 3666 sunt,
2985 3614 3079 3668 per
3113 3612 3176 3652 se
3222 3596 3613 3653 ordinationem
3645 3593 3728 3640 :et

2174 3679 2427 3762 similiter
2461 3703 2515 3756 in
2556 3700 2700 3761 aliis,
2732 3707 3070 3765 quacunque
3117 3691 3249 3754 hoc,
3306 3697 3401 3744 aut
3445 3679 3573 3741 illud
3599 3723 3612 3746 ,
3643 3687 3722 3734 aut

2178 3809 2492 3867 utrumque,
2528 3790 2622 3848 aut
2657 3791 2827 3845 multa
2855 3784 3233 3858 participant?
3258 3793 3310 3838 et
3341 3784 3462 3846 hoc,
3487 3786 3575 3833 aut
3598 3772 3727 3833 illud,

2180 3888 2263 3945 vel
2294 3864 2609 3952 utrumque.
2636 3891 2726 3935 aut
2760 3878 2928 3933 multa
2972 3890 3099 3930 sunt
3135 3872 3487 3943 participata,
3525 3864 3730 3935 reperies

2010 4010 2287 4075 Scholia.

578 4149 653 4216 (l)
688 4144 780 4198 Est
811 4140 1160 4216 vereAeﬂ'ector
1180 4138 1802 4216 exsistentiw,personw,
1836 4137 2081 4191 substan-

511 4206 619 4277 tia},
640 4206 880 4267 'nuturw.
912 4206 1043 4274 Quae
1078 4209 1374 4269 exsistunt,
1397 4208 1731 4261 considerari
1766 4217 1995 4275 possunt
2022 4217 2081 4261 ut

508 4282 832 4354 singularia,
864 4288 917 4333 et
937 4290 1015 4354 __ut
1045 4277 1289 4343 species;
1327 4277 1406 4331 vel
1438 4291 1646 4354 genus,_
1669 4285 1723 4330 et
1755 4287 1809 4328 ut
1851 4289 2077 4354 natura,

509 4345 661 4411 verbi
696 4361 891 4419 gratia,
934 4345 1191 4401 Socrates
1222 4356 1305 4399 est
1345 4360 1602 4414 persona,
1635 4345 1797 4419 homo
1851 4347 2074 4419 animal,

512 4414 742 4506 species,
778 4429 830 4473 ct
860 4432 1065 4506 genus;
1099 4430 1219 4494 qua:
1248 4424 1512 4496 potestate
1534 4414 2075 4506 qontlinentlsingula-

512 4484 618 4558 tia,
646 4490 769 4558 quia
801 4484 1031 4555 possunt
1056 4486 1279 4552 c0gilari
1307 4485 1357 4536 in
1388 4484 1781 4551 singularibus,
1819 4484 2064 4535 Immani-

512 4573 595 4618 tas
623 4570 703 4615 est
732 4567 947 4615 natura,
991 4569 1111 4623 quat
1141 4568 1238 4606 nec
1264 4564 1408 4623 aetu,
1446 4568 1620 4621 neque
1655 4559 1921 4623 potestate
1949 4566 2078 4605 con-

512 4634 651 4685 tinet
692 4620 1034 4694 singttlaria;
1066 4623 1250 4694 itaque
1282 4622 1444 4674 homo
1491 4620 1789 4694 secundum
1823 4621 2078 4674 substan-

512 4704 646 4754 tiam
678 4690 890 4752 constat
924 4708 987 4746 ex
1025 4690 1380 4753 humanitate,
1426 4706 1546 4758 qua:
1577 4699 1661 4743 est
1709 4690 1945 4743 hominis
1976 4706 2074 4742 na-

512 4781 657 4831 tura,
688 4766 844 4834 cujus
870 4772 1049 4829 partes
1077 4771 1204 4834 sunt
1232 4775 1427 4827 corpus
1470 4769 1523 4812 ct
1565 4762 1744 4834 anima
1774 4762 1826 4810 in
1861 4760 2080 4811 univcr-

511 4840 635 4903 sali;
666 4831 962 4903 secundum
985 4831 1356 4885 exsistcnttam
1384 4839 1600 4903 constat
1617 4842 1681 4903 es
1706 4831 1808 4881 hoc
1832 4842 2076 4895 corpore,

512 4919 568 4964 et
600 4898 663 4961 ex
708 4908 806 4958 hac
839 4901 1039 4963 anima,
1090 4909 1275 4951 natura
1327 4899 1559 4965 generis,
1602 4898 1682 4951 vel
1730 4898 1969 4965 speciei,
2028 4898 2078 4950 id

512 4985 617 5037 est,
647 4970 989 5032 universalis,
1040 4984 1103 5023 ea
1152 4966 1361 5037 tantum
1400 4976 1523 5020 actu
1570 4966 1836 5027 continet,
1869 4981 1990 5033 qua:
2024 4968 2077 5019 in

513 5036 879 5102 deﬁnitionem
913 5040 1113 5091 cadunt
1138 5077 1152 5099 ,
1187 5046 1248 5090 ut
1292 5036 1620 5100 humanitas,
1653 5050 1773 5103 qua:
1805 5049 1911 5086 non
1946 5051 2077 5089 con-

513 5119 652 5170 tinet
678 5124 803 5167 actu
832 5123 1027 5162 carnes
1059 5118 1111 5159 et
1141 5120 1264 5161 ossa
1288 5145 1301 5169 ,
1337 5121 1459 5174 qua:
1492 5121 1599 5174 non
1638 5106 1837 5157 cadunt
1869 5106 1919 5155 in
1949 5105 2081 5157 deli-

514 5185 803 5245 nitionem,
839 5182 979 5231 sicut
1011 5176 1261 5245 continet
1286 5173 1481 5239 homo;
1513 5173 1637 5245 quia
1666 5185 1812 5245 notio
1842 5174 2077 5245 hominis

515 5272 626 5309 non
662 5242 928 5307 abstrahit
958 5251 1026 5302 ab
1056 5247 1192 5305 istis,
1222 5244 1365 5298 sicut
1396 5242 1665 5297 abstrahit
1708 5244 1853 5296 notio
1888 5243 2078 5294 huma-

514 5326 739 5387 nitatis;
786 5321 1029 5374 continet
1081 5324 1261 5387 tamen
1301 5314 1561 5387 potentia,
1597 5326 1792 5387 carnes
1826 5319 1878 5363 et
1925 5325 2073 5387 ossa,

514 5396 642 5463 quia
683 5381 1113 5463 potest‘cogitari
1150 5384 1458 5463 humanitas
1504 5383 1557 5435 in
1598 5381 1815 5463 homine
1856 5382 2076 5460 univer-

517 5450 640 5523 sali,
672 5450 762 5530 qui
792 5450 1066 5519 delinitur,
1089 5455 1359 5530 principia
1392 5461 1569 5530 autem
1604 5450 1868 5530 individui
1900 5466 2075 5530 neque

519 5522 756 5601 potent-ta
793 5531 1056 5589 continet,
1086 5522 1423 5601 humanitate
1455 5522 1599 5575 enim
1622 5531 1712 5601 cst
1743 5522 1904 5600 homo
1932 5537 1945 5583 ;
1979 5523 2071 5601 sed

520 5590 625 5654 iam
655 5613 761 5666 est,
794 5615 969 5667 neque
1008 5600 1430 5667 cogitartpotcst
1458 5608 1579 5667 esse
1620 5590 1954 5667 humanitate
1987 5592 2075 5641 hic

521 5672 705 5734 homo,
730 5660 790 5721 cx
818 5660 1101 5721 S."l‘hom:
1131 5666 1209 5715 Ad
1242 5665 1385 5715 hunc
1417 5663 1632 5714 modutn
1666 5675 1725 5713 se
1744 5660 1949 5734 habent
1982 5674 2074 5726 per

523 5758 579 5795 sc
613 5730 973 5808 participatto,
1000 5735 1363 5803 participatio,
1397 5742 1450 5785 ct
1483 5734 1593 5785 hch
1620 5730 1978 5799 partietpatio,
2016 5738 2071 5781 ut

2186 4132 2337 4189 verbi
2379 4128 2551 4199 gratia
2573 4167 2587 4190 ,
2639 4138 2735 4199 per
2762 4134 2819 4199 se
2846 4118 2980 4199 vita,
3010 4114 3140 4199 vita:
3174 4113 3376 4199 et‘haee
3414 4107 3541 4199 vita,

2188 4175 2587 4255 iiiaGJ‘dﬁiid
2611 4175 2732 4246 vine
2763 4175 3054 4257 significat,
3086 4183 3138 4237 id
3162 4192 3273 4257 est,
3317 4194 3382 4234 ea
3421 4193 3536 4257 qua:
3558 4175 3736 4257 cadunt

2188 4248 2649 4325 invdeiiwni—tionem
2677 4248 2841 4323 vitae;
2886 4258 3015 4316 vita,
3040 4248 3141 4325 est
3180 4248 3490 4325 universale
3533 4248 3733 4319 Speciei,

2274 4316 2683 4393 viia‘hominis,
2728 4316 2833 4380 vita
2868 4325 3028 4394 equi;
3065 4322 3145 4375 vel
3181 4316 3493 4394 universale
3521 4316 3733 4394 generis,

2411 4386 2611 4472 angeli,
2650 4386 3059 4472 horninis,'cq_ui
3085 4409 3097 4453 ;
3128 4400 3183 4443 et
3205 4388 3353 4470 sicut
3379 4386 3527 4472 'Deus!
3554 4391 3630 4435 est
3650 4392 3736 4472 ao-

2104 4468 2155 4526 D
2313 4454 2781 4545 per—scohoininis,
2799 4454 3734 4545 id-ésl,.llttllltllltlaligfesl4291139};

2179 4517 2972 4609 causa]:tdwnavtura'hoininis'
2996 4534 3067 4609 sit
3103 4543 3227 4609 esse
3262 4525 3465 4579 animal
3494 4517 3738 4609 rationale

2182 4591 2775 4685 ξίίῷἷξιιιῖξιιῃέρῆςὶηθι
2796 4601 3161 4685 humanitasl,
3188 4608 3241 4649 et
3264 4591 3736 4685 auctotl'mho‘tlnijtitls':

2178 4666 2418 4752 elidens
2456 4678 2729 4752 hominis;
2762 4675 2841 4728 sic
2869 4685 3036 4752 causa
3060 4676 3144 4722 est
3174 4682 3269 4734 per
3301 4678 3362 4715 se
3386 4666 3527 4738 vitae,
3550 4666 3602 4752 et
3629 4667 3739 4752 vita:

2178 4736 2232 4808 et
2263 4736 2424 4820 huius
2462 4750 2582 4801 vita:
2608 4787 2623 4811 ,
2671 4736 2779 4820 per
2807 4757 2866 4796 se
2902 4742 3008 4820 vita
3043 4752 3149 4817 non
3184 4736 3522 4820 estprop‘rie

2179 4796 2637 4880 cossim-sistens,
2672 4796 2737 4866 rut
2769 4812 2952 4873 homo,
2988 4807 3143 4874 lapis,
3176 4796 3322 4858 sicui.
3349 4810 3524 4880 neque
3558 4796 3735 4880 huma-

2180 4874 2373 4954 nitas,“
2393 4889 2484 4944 sed
2532 4874 2640 4955 quo
2687 4881 2893 4955 aliquid
2939 4890 3058 4941 est;
3094 4884 3151 4927 ut
3185 4886 3283 4942 per
3310 4883 3369 4924 sc
3402 4874 3514 4921 vita
3547 4874 3737 4921 Vivens,

2180 4962 2317 5015 sicut
2351 4954 2686 5013 humanitate
2720 4954 2906 5005 homo.
2994 5014 2999 5015 ν
3052 5012 3060 5015 Α
3167 5008 3197 5015 _
3688 4998 3697 5015 _.

2351 5008 2805 5097 visi-simpliciter
2831 5030 2880 5071 et
2910 5012 3127 5097 inﬁnite
3158 5008 3300 5097 prus
3333 5016 3505 5061 totum
3534 5015 3643 5054 esse
3683 5012 3737 5097 of;

2178 5115 2232 5153 se
2255 5079 2628 5165 complectens}
2657 5079 3073 5165 quiaomnibus
3097 5081 3202 5160 dat.
3217 5092 3344 5131 esse
3398 5091 3493 5165 per
3524 5085 3646 5165 esse

2178 5146 2644 5237 participationem
2719 5170 2772 5213 et
2801 5161 2923 5236 ipse.
2945 5163 3030 5208 est
3059 5150 3241 5204 omnia
3284 5146 3739 5237 seconduﬂicﬁff'

2178 5209 2742 5300 'stib'Zs's-é
2757 5209 2964 5300 omnia
2996 5236 3117 5291 quae
3172 5227 3325 5280 sunt,
3360 5224 3417 5269 et
3451 5209 3735 5300 quomodo—

2178 5278 2567 5374 ZBBll’ué'an'iI
2592 5278 2733 5352 riéit'
2748 5310 2889 5374 esse,
2922 5278 3105 5348 sic'est
3136 5278 3319 5342 causa
3347 5278 3568 5353 proprie
3595 5278 3742 5330 abso-

2178 5367 2899 5434 luta-etincircumscripta.
2993 5430 3005 5434 _
3399 5421 3448 5434 η
3525 5408 3712 5434 ΑΔΗ,

2248 5421 2564 5512 ﬁfth-rue.
2585 5421 2696 5512 Eu;
2732 5421 3197 5512 et'seconilumse
3218 5421 3562 5512 essemidcmx

2177 5488 2340 5568 cuiCui
2366 5488 2684 5571 -ll.l'3,"lllv
2720 5503 2850 5556 αὐτὸ
2889 5497 3029 5552 εἶναι
3055 5539 3067 5562 ,
3097 5500 3140 5571 μή
3159 5569 3165 5571 _
3184 5495 3243 5571 to
3273 5492 3401 5571 >230"
3434 5488 3565 5571 αὑτρ
3594 5488 3736 5571 eive}.

2177 5554 2737 5638 Ξέἆῖἶὺὲἵὲδῖῐνᾶιξ
2762 5554 3009 5625 similiter
3048 5554 3255 5638 asins
3291 5564 3440 5638 cui},
3479 5560 3567 5638 xu}
3598 5554 3629 5637 ἡ
3656 5554 3736 5638 ato:

2174 5655 2373 5721 τοζωὴ,
2406 5653 2499 5704 καὶ
2547 5650 2580 5718 ἡ
2636 5645 2757 5698 καθ’
2793 5642 2962 5709 αὐτὴν
3007 5638 3121 5707 ζωὴ
3176 5634 3348 5742 ἴτον-θ
3396 5625 3495 5697 ὅλη
3536 5625 3646 5702 ζωῇ
3672 5625 3736 5671 o;

2210 5727 2223 5742 ε
2341 5722 2388 5742 ιι*
2429 5740 2439 5742 -
2462 5720 2544 5742 »ον-Α
2584 5714 2713 5742 -ῖ.....
2745 5713 2913 5742 ἅνω...
2945 5707 3063 5742 mm.
3094 5709 3151 5742 φλ
3178 5721 3195 5742 ς
3228 5720 3317 5742 εισι
3376 5695 3729 5742 nrnurcdllul',

2176 5695 2388 5778 «ES‘EU‘
2423 5695 3063 5783 ἀύτὸἐῐννάιίῆγουείὸλόν
3094 5695 3151 5758 ἐὺ
3176 5695 3340 5768 ε’ἱῖιαι,
3375 5695 3729 5770 progreditur,
