3980 6208
337 408 459 494 ,εῖτ

1028 415 1263 476 DECAS
1304 420 1365 481 V.
1395 445 1461 454 *-
1498 420 1594 480 DE
1628 421 2287 490 PROPRIETATIBUS
2317 432 2548 496 DIVIN.
2583 436 2851 496 NOMIN.

3491 445 3595 509 818

357 533 453 586 ρετ
500 531 558 572 se
592 519 1041 588 participationes
1075 527 1310 594 primum
1343 531 1667 600 participare
1694 549 1829 599 esse,
1878 552 1914 591 ei

2035 540 2104 594 tia
2138 558 2243 596 non
2271 558 2435 612 posse
2463 561 2478 599 :
2509 548 2601 615 qui
2634 549 3105 617 prmdestinatione
3137 552 3464 620 cognitionis
3487 573 3598 611 sua!

353 607 432 658 sic
475 607 707 672 primum
744 623 864 666 esse
902 612 1042 680 quod
1076 625 1199 667 sunt
1229 653 1243 677 ,
1277 616 1477 673 deinde
1514 621 1694 687 hujus,
1726 634 1818 678 aut
1859 627 1922 679 ilo

355 696 460 748 laus
499 697 763 766 principia
795 715 952 754 esse:
981 709 1034 755 ct
1064 707 1439 775 participando
1471 725 1610 774 esse,
1639 716 1923 782 exsistere,

350 797 402 838 et
438 787 776 856 participari.
799 789 853 843 Si
880 792 994 847 lucc
1021 804 1226 862 autem,
1257 813 1377 866 quae
1404 801 1632 856 aliorum
1661 806 1926 874 principia

349 892 730 945 numerantur,
763 899 861 953 per
891 889 1360 958 participationem
1397 909 1518 949 esse
1545 909 1676 952 sunt
1702 937 1715 959 ,
1755 901 1926 958 multo

349 973 524 1041 magis
548 989 666 1041 quae
709 975 826 1044 ipsa
871 977 956 1030 illa
994 982 1257 1051 prlncipia
1293 986 1646 1055 partiCipant.
1681 989 1924 1048 Primum

348 1061 518 1130 igitur
549 1064 748 1118 donum
801 1081 896 1136 per
949 1085 1007 1122 se
1056 1086 1199 1136 esse,
1228 1089 1348 1128 cum
1379 1093 1474 1146 per
1513 1095 1570 1133 se
1613 1082 1698 1135 illa
1735 1099 1927 1152 supra-

347 1168 510 1218 quam
561 1154 774 1240 bonitas
823 1159 1114 1227 produCat,
1163 1168 1356 1220 merito
1396 1169 1464 1223 ab
1515 1173 1826 1241 antiquiore
1870 1184 1924 1230 et

345 1243 524 1312 prima
557 1247 798 1302 omnium
836 1253 1310 1321 participationum
1348 1261 1621 1320 laudatur.
1661 1265 1726 1319 Et
1764 1269 1926 1335 paulo

349 1344 470 1396 post
504 1352 519 1388 :
564 1336 621 1391 Si
664 1351 846 1394 autem
885 1343 994 1396 vult
1021 1343 1276 1401 Clemens
1314 1351 1676 1422 piliiOSOpilus
1709 1357 1773 1412 ad
1824 1360 1926 1413 ali-

347 1427 480 1522 quid
512 1428 618 1483 diei
650 1433 984 1502 exemplaria
1015 1451 1136 1503 quae
1167 1450 1294 1494 sunt
1343 1439 1396 1494 in
1442 1444 1604 1500 rebus
1647 1450 1922 1522 principa-

348 1519 512 1593 liora,
541 1523 886 1592 progreditur
905 1526 1119 1596 quidem
1153 1544 1276 1583 cum
1305 1533 1384 1587 sic
1415 1535 1674 1605 loquitur,
1697 1557 1801 1595 non
1826 1519 1922 1612 per

348 1611 570 1702 propria
601 1622 655 1666 et
687 1615 923 1682 perfecta
957 1625 1011 1670 et
1046 1620 1312 1692 simplicia
1346 1628 1565 1682 nomina
1599 1632 1675 1702 (l)
1709 1648 1721 1682 :
1754 1611 1845 1688 sed
1874 1636 1920 1691 si

348 1701 712 1757 concedamus
775 1715 919 1762 recte
979 1709 1082 1764 hoc
1134 1711 1282 1780 dici,
1337 1726 1551 1785 oportet
1606 1701 1920 1779 meminisse

351 1789 668 1858 Scriptum,
700 1810 818 1861 quae
849 1797 923 1850 ait
961 1816 974 1852 :
1016 1799 1132 1852 Non
1161 1804 1362 1856 ostendi
1394 1805 1489 1861 illa
1522 1809 1616 1862 tibi
1634 1809 1805 1880 (2),ut
1831 1831 1919 1867 eas

2033 632 2328 691 ineffabilia
2366 639 2548 692 omnia
2583 640 2636 693 in
2666 655 2727 694 se
2763 641 2876 710 ipse
2907 642 3224 710 complexus
3254 653 3367 707 est,
3399 655 3449 700 et
3479 662 3600 702 om-

2030 723 2117 775 nia
2149 723 2202 776 in
2235 739 2294 779 se
2321 741 2385 780 ex
2420 735 2530 781 toto
2557 742 2677 783 esse
2711 740 2969 799 tanquam
3000 731 3053 785 in
3084 733 3374 801 exemplari
3401 743 3452 790 ct
3479 737 3598 792 idea

2032 810 2191 873 ft'cit,
2230 811 2333 868 hoc
2378 815 2520 870 enim
2556 817 2738 871 statim
2775 820 2946 887 prima
2992 823 3212 875 notione
3252 838 3408 878 mens
3443 827 3598 888 cogi-

2029 909 2128 964 tat,
2169 917 2292 957 esse
2337 905 2557 973 inquam
2587 944 2601 967 ,
2655 917 2840 976 postea
2895 909 3016 973 hoc,
3054 921 3146 965 aut
3199 911 3313 974 illo,
3348 923 3441 967 aut
3489 915 3599 968 alio

2032 992 2192 1048 n-odo
2219 1009 2337 1049 esse
2367 999 2792 1067 contemplatur.
2824 999 2954 1055 Esse
2988 1003 3149 1071 igitur
3178 1003 3520 1073 simpliciter,
3546 1020 3599 1060 ct

2029 1100 2132 1137 non
2161 1085 2342 1153 aliquo
2373 1087 2536 1141 modo
2562 1103 2700 1153 esse,
2735 1089 3028 1146 declaravit
3053 1107 3173 1146 cum
3205 1095 3365 1162 dixit,
3405 1112 3502 1165 per
3537 1113 3595 1152 se

2026 1191 2167 1240 esse,
2201 1178 2343 1230 sicut
2387 1179 2641 1248 deinceps
2677 1180 2815 1236 dixit
2866 1199 2962 1251 per
2999 1198 3056 1239 se
3091 1185 3280 1250 vitam,
3315 1202 3410 1256 per
3436 1203 3494 1244 se
3527 1191 3601 1245 si-

2029 1269 2389 1348 militudinem
2414 1311 2428 1332 ,
2475 1281 2526 1325 et
2579 1272 2680 1325 alia
2711 1273 3000 1341 ejusmodi,
3036 1290 3160 1331 esse
3187 1277 3332 1330 enim
3367 1293 3598 1348 prorsus

2028 1359 2193 1414 vitam
2227 1344 2324 1430 (Β),
2358 1372 2410 1414 et
2453 1361 2780 1431 simpliciter
2813 1368 2991 1419 vivere
3017 1382 3124 1420 non
3157 1367 3426 1437 significat
3457 1372 3598 1425 banc

2029 1452 2187 1507 talem
2224 1454 2430 1518 vitam;
2483 1465 2535 1508 ct
2589 1454 2838 1509 similiter
2871 1455 2924 1508 in
2976 1456 3141 1510 aliis:
3181 1457 3322 1512 sicut
3368 1462 3595 1529 exempli

2027 1545 2198 1613 gratia
2240 1544 2316 1614 (4)
2351 1545 2404 1598 in
2439 1548 2816 1616 qualitatibus,
2857 1547 3008 1616 prius
3060 1563 3156 1618 per
3204 1565 3263 1604 se
3311 1551 3600 1618 qualitates

2028 1634 2235 1698 insunt,
2265 1646 2451 1704 postea
2485 1637 2793 1692 accidentes
2825 1647 3160 1706 operantur,
3209 1638 3274 1694 ad
3309 1639 3452 1695 hunc
3483 1657 3602 1696 mo-

2025 1725 2152 1779 dum
2185 1727 2536 1796 proportione
2562 1727 2615 1782 in
2647 1727 2716 1782 iis
2747 1743 2868 1796 qua!
2892 1728 3152 1794 diximus,
3184 1729 3595 1799 intelligendum

2024 1825 2126 1872 est.
2151 1817 2286 1872 ltem
2318 1818 2448 1872 dicit
2471 1818 2524 1870 in
2556 1817 2736 1887 primo
2761 1832 2887 1887 cap.
2918 1817 3060 1871 idem
3089 1818 3355 1874 Maximus
3387 1835 3402 1872 :
3429 1819 3595 1875 Crea-

351 1892 464 1973 PO“
505 1884 597 1936 ίίία
629 1885 710 1950 ⁸’ς
769 1887 860 1941 sed
904 1897 962 1942 ut
1010 1904 1104 1959 per
1139 1896 1544 1964 pr0portionem
1591 1879 1920 1972 cognitionis
1953 1879 1992 1932 Β
2023 1909 2225 1963 tionem
2268 1909 2410 1973 vitae,
2443 1917 2497 1963 et
2533 1879 2864 1964 creationem
2898 1900 3252 1973 substantias,
3291 1910 3341 1964 id
3370 1922 3475 1971 est.
3509 1927 3596 1968 res

349 1972 544 2027 borum
579 1976 646 2030 ad
677 1982 1110 2046 cognoscendam
1158 1986 1403 2040 omnium
1448 2004 1701 2053 causam.
1738 1996 1916 2063 quoad

353 2081 663 2132 possumus,
693 2071 1048 2130 adducamur.
1079 2074 1203 2131 Haec
1227 2078 1497 2136 adnotans
1531 2082 1590 2138 S.
1615 2083 1918 2153 ‘Maximns,

353 2157 464 2213 Hoc
501 2175 720 2224 nomen,
747 2163 944 2234 inquit,
976 2167 1236 2237 imposuit
1262 2170 1362 2226 sibi
1389 2172 1548 2238 Deus,
1582 2189 1705 2229 cum
1732 2177 1868 2233 dixit
1902 2198 1917 2234 :

353 2247 463 2318 Ego
493 2270 631 2307 sum.
663 2257 753 2324 qui
786 2273 900 2311 sum
943 2259 1034 2323 δ”,
1059 2276 1088 2314 a
1123 2277 1230 2330 quo
1271 2274 1636 2322 conscntanee
1663 2268 1916 2326 laudatur

349 2351 474 2396 ante
513 2346 615 2398 alia
644 2363 764 2415 qua!
797 2349 863 2403 de
892 2349 1009 2419 ipso
1039 2353 1318 2420 dicuntur,
1347 2358 1527 2424 qualia
1560 2370 1685 2416 sunt
1714 2377 1913 2417 nomen

349 2437 492 2498 vita’,
520 2438 818 2506 sapientiae,
842 2450 894 2496 et
923 2444 1029 2498 alia
1059 2445 1348 2514 ejusmodi,
1373 2449 1502 2508 illud
1534 2463 1740 2519 autem,
1761 2455 1914 2524 prius

348 2540 490 2590 esse,
522 2536 574 2580 ct
613 2545 774 2598 supra
811 2548 933 2588 esse
963 2535 1260 2590 declaravit
1311 2554 1431 2593 esse
1462 2539 1628 2594 Deum
1656 2585 1670 2607 ,
1713 2536 1914 2598 carere

348 2615 614 2688 principio
637 2658 653 2686 ,
685 2631 737 2674 et
764 2623 926 2678 Deum
953 2627 1168 2695 penitus
1192 2631 1579 2698 comprehendi
1612 2633 1915 2701 intelligen-

412 2758 463 2790 δ’
486 2757 662 2816 Exod.
685 2777 812 2826 xxv,
833 2764 927 2818 ω.
1002 2765 1070 2796 ⁸³*
1085 2765 1257 2820 Exod.
1291 2781 1372 2833 tn,
1411 2767 1496 2821 Η.

2024 1999 2168 2067 ipsas
2198 1998 2327 2052 fecit
2350 1998 2494 2054 Deus
2526 1999 2810 2054 exsistere.
2841 1998 3085 2053 Primum
3123 2000 3286 2070 igitur
3316 2003 3594 2056 notionem

2021 2091 2097 2145 rei
2139 2092 2309 2160 ipsius
2345 2091 2512 2146 menti
2563 2090 2929 2146 informamus
2959 2108 2974 2156 ;
3006 2101 3193 2160 postea
3225 2092 3587 2148 universalcm

2019 2181 2137 2248 ejus
2153 2182 2230 2235 rei
2250 2181 2549 2246 notionem,
2592 2188 2650 2234 ut
2681 2182 2954 2234 notionem
2980 2179 3105 2234 vitae
3151 2179 3234 2234 vel
3271 2182 3595 2236 substantia:

2022 2268 2276 2324 universe
2298 2269 2720 2332 consideratam,
2740 2268 2930 2322 deinde
2962 2269 3011 2324 id
3043 2269 3281 2337 parte,id
3301 2279 3403 2331 est.
3429 2273 3597 2326 notio-

2025 2375 2144 2414 nem
2169 2359 2470 2415 secundum
2497 2359 2741 2430 singulas
2761 2360 2972 2428 species
2997 2360 3324 2428 accepimus,
3350 2372 3409 2417 ut
3435 2363 3592 2430 vitae;

2021 2451 2103 2504 vel
2133 2450 2450 2505 substantia:
2479 2451 2738 2520 angelicae
2763 2491 2778 2516 ,
2806 2449 2888 2504 vel
2937 2449 3210 2514 humanas,
3241 2460 3332 2505 aut
3359 2453 3597 2522 reliquo-

2020 2557 2139 2595 rum
2165 2541 2218 2595 in
2245 2541 2499 2596 universa
2529 2541 2729 2610 specie.
2755 2539 3022 2595 Prmterea
3050 2541 3192 2596 idem
3218 2555 3280 2595 ca
3298 2556 3350 2610 p.
3375 2543 3593 2611 quinto,

2018 2633 2462 2704 participationes
2491 2633 2642 2699 dicit,
2665 2647 2801 2700 quas
2827 2647 2890 2686 ea
2922 2646 3042 2701 quae
3069 2643 3220 2701 sunt,
3247 2635 3590 2703 participant,

1840 2862 2109 2927 Scholia.

419 2963 499 3029 ll)
549 2962 666 3035 Non
704 2979 785 3032 per
823 2967 1038 3033 propria
1070 2977 1118 3018 et
1147 2968 1377 3035 perfecta
1425 2974 1476 3019 et
1517 2965 1783 3034 simplicia
1813 2982 1910 3021 no-

342 3036 515 3105 mine.
547 3033 601 3105 id
633 3044 736 3090 est.
764 3051 860 3100 per
878 3050 950 3105 se
987 3052 1132 3097 esse,
1162 3045 1214 3089 et
1241 3033 1336 3100 per
1369 3050 1428 3089 se
1459 3037 1599 3105 vita;
1623 3033 1686 3087 et
1718 3051 1812 3105 per
1851 3051 1910 3090 se

343 3102 640 3166 sapientia,
677 3113 731 3156 et
767 3103 965 3158 similia
1000 3122 1121 3167 quae
1151 3113 1279 3160 sunt
1317 3104 1583 3172 principia
1631 3113 1682 3158 et
1720 3102 1910 3159 causa:

341 3187 542 3242 eontm
594 3187 712 3237 qua:
762 3184 908 3232 sunt,
965 3191 1085 3240 quae
1115 3175 1325 3236 vivunt,
1377 3183 1430 3228 et
1485 3189 1606 3241 quae
1645 3174 1908 3242 sapientia

344 3241 579 3309 praedita
611 3251 755 3305 sunt,
782 3259 887 3294 non
911 3253 1139 3306 possunt
1169 3245 1271 3296 dici
1306 3244 1520 3310 proprie
1545 3241 1906 3310 exomplaria;

343 3311 477 3377 quia
535 3327 788 3374 quorum.
828 3312 928 3365 ista
985 3323 1109 3365 sunt
1171 3312 1462 3379 principia,
1516 3326 1622 3364 non
1671 3312 1808 3365 littnt
1854 3323 1912 3366 ttt

344 3381 637 3432 imitentur
665 3383 758 3434 illa
784 3381 898 3444 ipsa
925 3383 1214 3449 principia,
1242 3381 1334 3435 sed
1361 3382 1493 3435 fiunt
1529 3389 1588 3434 ιιι
1620 3381 1910 3446 impleatur

343 3451 399 3502 itt
466 3451 548 3502 eis
601 3451 744 3516 quod
801 3451 976 3505 divina
1043 3451 1320 3518 Sapientia
1371 3449 1664 3508 ordinavit.
1703 3450 1755 3503 id
1803 3459 1908 3512 est,

343 3520 492 3584 quod
525 3531 641 3572 erat
681 3523 732 3572 in
786 3521 902 3573 idea
937 3531 990 3573 et
1025 3522 1318 3588 exemplari
1366 3521 1576 3579 divino,
1628 3535 1736 3572 non
1783 3528 1912 3572 sunt

344 3590 515 3642 etiam
552 3589 788 3654 perlecta
823 3591 1175 3656 exemplaria,
1216 3606 1340 3642 cum
1395 3589 1512 3656 ipsa
1549 3589 1675 3644 aliis
1721 3603 1911 3642 exem-

346 3661 597 3721 plaribus
629 3659 925 3728 indigeant,
969 3675 1079 3716 non
1109 3668 1234 3716 sunt
1267 3657 1563 3727 simplicia,
1595 3658 1722 3727 quia
1748 3657 1910 3712 simul

345 3739 480 3780 sunt
529 3730 810 3792 exemplar
854 3732 916 3781 ad
967 3728 1197 3781 formata
1254 3730 1396 3795 (qtm
1423 3729 1583 3790 vulgo
1644 3736 1911 3781 vocantur

343 3799 684 3863 exempla'a)
719 3807 770 3850 σοι
808 3799 1163 3864 exemplaria,
1191 3811 1254 3851 ex
1288 3808 1476 3851 sattrto
1500 3796 1730 3850 'l'boma.

411 3867 500 3935 (‘2)
546 3865 668 3918 Non
723 3867 923 3920 ostendi
978 3869 1076 3922 illa
1131 3868 1253 3921 tibi.
1308 3865 1507 3920 Locum
1574 3865 1744 3922 Exod.
1803 3880 1912 3935 xxv

343 3933 480 3989 citat
515 3937 811 4007 Dionysius
858 3937 917 3988 οὐ
965 3937 1108 3991 κατὰ
1135 3937 1216 4007 τὸν
1246 3935 1603 4007 timenem
1632 3935 1771 4007 stata
1811 3933 1910 4003 τὴν

342 4007 616 4067 διάνοιαν,
659 4005 710 4058 id
744 4013 845 4068 est,
879 4021 984 4059 nou
1020 4004 1317 4060 secundum
1354 4005 1535 4068 verba,
1574 4004 1667 4060 sed
1715 4021 1910 4060 secun-

344 4080 478 4128 dum
535 4089 783 4133 sensum.
837 4074 917 4128 sic
973 4075 1255 4141 apostolici
1315 4076 1562 4142 discipuli
1625 4090 1652 4127 a
1709 4074 1910 4128 sanctis

344 4143 642 4214 apostolis
669 4143 975 4198 didicerunt
1003 4145 1174 4199 citare
1215 4145 1508 4211 aliquando
1541 4145 1906 4214 Scripturam,

342 4219 493 4268 sicut
545 4213 648 4280 ipsi
709 4214 880 4266 sancti
934 4216 1163 4282 apostoli
1223 4213 1773 4276 interdtunlaciunt,
1833 4213 1910 4267 sic

341 4285 492 4336 enim
558 4282 635 4334 ait
679 4282 964 4350 Scriptura
1013 4301 1026 4336 :
1079 4284 1310 4351 InSpice,
1357 4292 1412 4336 et
1467 4283 1550 4337 l'ac
1609 4283 1906 4337 secundum

343 4351 652 4416 exemplar,
705 4353 849 4420 quod
911 4353 1008 4405 tibi
1067 4361 1426 4406 monstratum
1484 4361 1566 4406 est
1625 4354 1677 4406 in
1727 4361 1910 4406 monte

342 4423 555 4487 (Exod.
593 4437 723 4480 xxv,
753 4423 869 4484 40).
917 4421 1053 4475 Cum
1085 4424 1182 4483 ait,
1216 4422 1442 4490 inspice,
1484 4430 1537 4475 et
1586 4420 1668 4475 fac
1712 4437 1910 4490 secun-

2021 2969 2309 3038 prineipia.
2335 2979 2392 3022 ut
2423 2983 2600 3024 causae
2623 2969 2689 3024 ad
2715 2967 2933 3031 eﬂ'ecta,
2955 2978 3012 3023 et
3043 2969 3230 3026 eﬂ‘ecta
3267 2973 3336 3025 ad
3365 2987 3583 3037 causas,

2017 3037 2064 3092 Si
2102 3040 2181 3093 sic
2206 3037 2417 3100 accepit
2445 3037 2715 3102 Clemens,
2745 3047 2804 3091 ut
2838 3039 2996 3103 plano
3035 3039 3311 3102 accepisse
3338 3043 3582 3104 videtur,

2017 3121 2162 3162 recte
2191 3110 2430 3179 accepit;
2465 3116 2518 3162 et
2558 3108 2638 3162 sic
2666 3108 2829 3161 etiam
2863 3108 2967 3161 ista
3002 3107 3432 3179 princi‘pialiora,
3463 3127 3586 3179 quae

2016 3177 2346 3242 exemplaria
2377 3184 2552 3237 vocat.
2584 3184 2764 3230 creata
2800 3186 2947 3237 sunt,
2973 3177 3116 3231 sicut
3147 3176 3240 3230 illa
3274 3176 3583 3244 spiritualia

2014 3246 2341 3312 exemplaria
2392 3253 2608 3299 ostensa
2644 3244 2916 3315 MoysiLiu
2943 3252 3158 3308 'monte,
3209 3261 3318 3298 non
3363 3248 3585 3315 quidem

2013 3325 2273 3380 tanquam
2309 3315 2638 3379 exetnplaria
2675 3313 2763 3382 illa
2799 3313 3009 3382 divina,
3035 3329 3156 3382 qua:
3183 3324 3321 3382 sunt
3346 3313 3584 3374 increata

2012 3394 2065 3438 et
2095 3392 2320 3446 :rte-rna,
2370 3383 2658 3452 invisibilia
2694 3381 2808 3445 Dei,
2863 3392 2915 3436 et
2950 3381 3254 3443 adoranda,
3303 3400 3426 3452 qua:
3458 3395 3586 3440 sunt

2014 3453 2128 3520 ipse
2157 3452 2298 3506 Deus
2335 3451 2798 3520 simplicissimus,
2827 3452 2929 3521 sed
2946 3459 3220 3521 _tanquam
3247 3451 3582 3521 exemplaria

2011 3519 2196 3575 creata
2249 3529 2304 3575 et
2357 3519 2643 3590 informata
2703 3519 2871 3574 menti
2913 3519 3116 3590 Moyais
3175 3519 3461 3585 divinitus,
3525 3533 3586 3578 ut

2011 3591 2312 3661 secundum
2356 3603 2419 3661 ea
2451 3587 2677 3655 laceret,
2734 3603 2855 3661 qtae
2907 3587 3091 3661 facere
3130 3590 3272 3644 Deus
3305 3593 3352 3645 ei
3387 3594 3585 3661 praeci-

2011 3660 2215 3729 piebat,
2255 3659 2564 3729 quaeferant
2594 3659 2790 3729 omnia
2837 3657 3100 3728 imagines
3133 3657 3451 3716 tenuiter'et
3485 3663 3582 3717 ob-

2012 3727 2171 3784 scure
2204 3727 2542 3782 adumbrata:
2592 3727 2807 3780 illorum
2837 3727 3256 3796 exemplarium.
3295 3729 3396 3784 Alii
3439 3732 3584 3787 hunc

2010 3797 2190 3852 locum
2231 3813 2260 3851 a
2293 3797 2552 3865 Dionysio
2577 3798 2801 3850 citatum
2843 3812 2907 3850 ex
2945 3796 3107 3852 Deut.
3159 3812 3280 3865 cap.
3321 3815 3395 3864 tv,
3425 3815 3582 3854 sum-

2008 3878 2162 3939 ptum
2191 3867 2830 3939 Hessegadnotaverunt;
2896 3868 2987 3921 sed
3024 3867 3168 3922 nulla
3203 3869 3412 3924 ratione
3441 3885 3586 3939 qua-

2012 3925 2155 3994 drat.
2185 3937 2297 4006 Ego
2321 3925 2608 4006 Georgium
2643 3925 3036 4006 Pacbvmerum
3069 3944 3290 3992 secutus
3317 3925 3580 4006 sum,'qui

2012 4007 2077 4060 ad
2110 4005 2259 4060 illum
2289 4005 2481 4074 locum
2508 4005 2682 4059 Exodi
2729 4005 2834 4058 xxv
2859 4006 3062 4070 retulit,
3095 4020 3253 4074 quem
3305 4007 3414 4060 dixi
3447 4005 3582 4062 cita-

2012 4087 2125 4129 tum
2155 4090 2277 4131 esse
2309 4090 2340 4130 a
2373 4073 2628 4145 Dionysio
2663 4075 2962 4145 secundum
3001 4073 3246 4145 sensium,
3284 4077 3425 4131 sicut
3471 4077 3576 4130 ali-

2010 4147 2230 4214 quando
2257 4146 2436 4200 soleat
2479 4142 2818 4214 abostoli,iet
2861 4145 3034 4214 sancti
3069 4142 3278 4214 Patres,
3325 4145 3578 4204 similiter

2011 4211 2199 4269 citavit
2251 4216 2412 4269 etiam
2475 4213 2670 4268 ibidem
2729 4213 3018 4282 Dionysius
3080 4211 3258 4268 locum
3311 4217 3474 4282 epist.
3509 4215 3579 4269 ad

2015 4283 2170 4338 Rom.
2210 4299 2329 4353 cap.
2364 4297 2381 4336 ι
2421 4300 2436 4353 ς
2473 4281 2769 4337 lnvisibilia
2805 4281 2975 4353 ipSius
3017 4295 3046 4334 a
3095 4281 3354 4335 creatura
3391 4285 3578 4339 mundi

2015 4368 2213 4420 per-ea
2242 4350 2364 4422 qua
2412 4350 2556 4422 facta
2611 4361 2759 4422 sunt,
2814 4350 3084 4404 intellecta
3115 4353 3573 4422 conspiciuntur;

2013 4423 2223 4487 citavit,
2251 4420 2694 4491 .inq-uam,_huue
2735 4420 2914 4472 locum
2963 4420 3268 4474 secundum
3323 4437 3571 4484 sensum,

338 4497 474 4547 dum
531 4491 814 4561 exemplar
869 4491 1009 4561 (sive
1059 4488 1406 4557 exemplaria,
1458 4506 1565 4546 non
1623 4491 1768 4544 enitn
1809 4489 1908 4561 fuit
1935 4493 1985 4548 ὓ
2016 4495 2241 4560 quiest,
2271 4488 2444 4546 ut‘ait
2476 4488 2910 4561 Dionysipstper
2943 4491 3344 4561 proportionem
3389 4493 3577 4559 cogni-

341 4578 523 4614 unum
583 4559 895 4627 exemplar,
947 4561 1043 4616 sed
1096 4561 1299 4628 multa)
1359 4561 1453 4615 tibi
1512 4570 1788 4614 ostensum
1853 4560 1905 4613 in

341 4639 578 4690 monte,
631 4631 762 4685 satis
809 4629 954 4684 clare
1001 4630 1152 4692 dicit,
1198 4630 1409 4685 ostendi
1459 4628 1754 4694 exemplar,
1790 4629 1908 4684 sive

340 4699 688 4768 exemplaria
721 4715 828 4753 non
863 4699 928 4753 ad
960 4700 1243 4755 colendum
1291 4699 1379 4752 illa
1427 4697 1553 4766 (hoc
1584 4699 1906 4768 enituerat,

333 4770 422 4825 ire
454 4766 584 4837 post
625 4785 707 4831 ea,
741 4771 921 4824 colere
953 4770 1061 4833 illa,
1081 4779 1133 4821 et
1165 4769 1362 4837 habere
1394 4782 1458 4823 ea
1487 4783 1584 4836 pro
1630 4766 1781 4837 diis),
1815 4768 1909 4821 sed

339 4836 567 4894 ostendi
605 4839 931 4907 exemplaria
967 4838 1033 4892 ad
1081 4836 1390 4891 faciendum
1447 4836 1746 4907 secundum
1799 4838 1908 4900 illa,

341 4926 470 4976 qua!
513 4905 917 4961 iaciendasunt
952 4909 1004 4961 in
1038 4908 1389 4976 tabernaculo
1415 4915 1466 4960 et
1499 4908 1644 4960 vasis
1674 4905 1835 4976 ejus,
1858 4918 1912 4960 et

341 4974 398 5030 in
426 4977 810 5030 sacerdotibus
841 4989 894 5030 et
920 4991 1110 5030 eorum
1142 4974 1446 5039 sacriﬁciis,
1478 4985 1532 5028 et
1557 4976 1611 5028 in
1645 4975 1788 5040 aliis,
1827 4975 1912 5029 lex

337 5048 494 5100 enim
535 5045 784 5099 umbram
813 5047 1040 5100 habebat
1064 5045 1368 5099 futurorum
1393 5045 1688 5106 bonorum,
1708 5045 1915 5099 scilicet

342 5115 750 5180 spiritualium,
790 5131 911 5182 quae
955 5115 1166 5182 quidem
1203 5123 1423 5184 ostensa
1448 5123 1604 5184 Asuut
1651 5112 1822 5184 Moysi
1859 5115 1912 5167 in

341 5187 574 5250 spiritu,
610 5199 842 5251 quorum
878 5184 1264 5254 exemplarium
1299 5182 1562 5254 imagines
1603 5182 1760 5254 erant
1802 5198 1916 5236 om-

344 5255 435 5305 nia
487 5269 616 5322 quae
654 5253 708 5306 in
739 5253 855 5321 lege
883 5253 1102 5318 ﬂebant,
1144 5255 1286 5322 sicut
1331 5251 1582 5308 ait'idem
1608 5251 1913 5322 Dionysius

339 5323 398 5374 in
441 5320 696 5376 extrema
730 5320 920 5391 pagina
951 5336 1070 5390 cap.
1099 5324 1130 5376 4
1183 5320 1383 5385 Eccles.
1407 5321 1558 5376 Hier.
1589 5320 1734 5391 Quia
1751 5320 1916 5391 igitur

339 5393 611 5445 Clmuens
653 5390 883 5459 videbat
936 5393 1006 5445 τὰ
1056 5393 1256 5459 νοητὰ,
1325 5393 1373 5444 id
1431 5401 1550 5456 est,
1606 5390 1913 5459 spiritualia

343 5427 1006 5529 ostcttsa-Moys‘iut‘i'oca‘ri
1034 5460 1085 5514 in
1129 5427 1408 5522 Scriptura
1431 5427 1620 5513 “laedi
1638 5427 1901 5530 γπαραδεί-

343 5546 570 5597 γματα,
605 5544 726 5598 quze
765 5539 890 5584 sunt
936 5529 1002 5582 ad
1053 5530 1278 5598 aliquid.
1326 5531 1453 5599 quia
1483 5529 1801 5583 referuntur
1848 5529 1914 5582 ad

343 5599 628 5666 imagines
660 5599 958 5667 (excludar
987 5599 1131 5652 enim
1159 5599 1374 5652 .dicitur
1397 5599 1669 5668 imaginis,
1695 5607 1750 5651 et
1769 5599 1912 5651 ima-

341 5685 413 5735 go
429 5669 815 5734 exemplaris),
837 5669 1085 5722 similiter
1105 5669 1354 5722 Clemens
1379 5682 1499 5736 qua:
1523 5675 1650 5722 sunt
1676 5668 1727 5719 in
1758 5668 1915 5736 rebus

345 5739 791 5806 principialiora,
829 5738 1156 5804 exemplaria
1188 5737 1292 5790 dici
1339 5735 1530 5802 voluit,
1559 5752 1678 5802 qua!
1721 5735 1786 5789 ad
1819 5737 1914 5789 ali—

342 5809 482 5872 quid
560 5807 888 5867 referuntur,
943 5807 1006 5860 ad
1063 5808 1152 5860 illa
1206 5807 1430 5872 scilicet,
1487 5821 1717 5874 quorum
1792 5821 1916 5858 sunt

2013 4555 2176 4614 tionis
2214 4555 2589 4625 creaturarum
2616 4555 2829 4612 adduci
2865 4555 2983 4622 nos,
3025 4555 3224 4625 Quoad
3260 4555 3573 4625 possumus,

2012 4630 2078 4683 ad
2134 4624 2569 4697 cognoscendum
2616 4640 2840 4697 causam
2870 4625 3162 4697 omnium.
3215 4624 3400 4697 Itaque
3450 4624 3575 4683 cum

2011 4699 2144 4752 dixit
2174 4693 2527 4766 {invisibilia
2545 4696 2718 4763 ipsius
2751 4695 2836 4766 (ut
2867 4695 2969 4766 hoc
2999 4693 3177 4766 obiter
3203 4693 3572 4766 observetur),

2014 4768 2228 4848 videtur
2287 4767 2449 4848 plane
2513 4765 2714 4821 Paulus
2764 4764 3146 4848 intellexisse
3189 4765 3279 4820 illa
3349 4765 3404 4820 in
3465 4767 3576 4848 _Deo

2013 4834 2342 4904 exemplaria
2389 4844 2612 4898 acterna,
2643 4851 2763 4904 qure
2791 4834 2926 4888 ideae
2958 4844 3239 4898 vocantur,
3273 4835 3574 4888 secundum

2014 4922 2150 4976 quas
2178 4903 2363 4960 Omnia
2411 4903 2848 4976 peressentiam
2891 4917 3046 4956 suam
3120 4903 3578 4976 simplicissimam

2015 4972 2315 5045 cognoscit,
2347 4985 2401 5028 et
2427 4973 2561 5028 fecit
2601 4974 2785 5027 omnia
2822 4981 3215 5045 tanquam‘per
3246 4972 3572 5045 principium

2014 5042 2339 5102 et'causant
2396 5046 2665 5109 omnium,
2717 5053 2769 5098 et
2831 5050 2913 5097 est
2963 5042 3185 5109 omnia,
3241 5050 3299 5104 ut
3331 5043 3578 5097 omnium

1999 5129 2198 5174 .causa.

2087 5184 2165 5254 (5)
2216 5183 2413 5237 Vitam.
2445 5182 2618 5236 Vitam
2647 5181 2799 5248 dicit,
2827 5196 2950 5254 cum
2979 5181 3084 5254 vita
3114 5179 3362 5254 absolute
3390 5182 3576 5238 consi-

2017 5249 2274 5319 deratur;
2319 5255 2393 5307 ita
2447 5263 2506 5307 ut
2557 5261 2668 5308 tota
2719 5249 3087 5306 consideratio
3146 5250 3218 5306 sit
3271 5253 3409 5317 vita,
3471 5267 3580 5308 non

2016 5331 2284 5391 quatenus
2335 5331 2420 5376 est
2445 5321 2709 5386 omnium,
2763 5319 3342 5391 au_t__particularium,
3377 5323 3426 5375 id
3463 5331 3569 5389 est,

2019 5385 2126 5468 non
2182 5392 2559 5468 consideratur
2600 5385 2972 5468 generante—in
3039 5398 3235 5468 neque,
3281 5385 3578 5460 particula;-

2019 5463 2186 5526 riter;
2246 5461 2341 5515 sed
2383 5458 2700 5528 simpliciter
2754 5458 2884 5528 vita,
2938 5471 3060 5525 qua:
3113 5458 3312 5511 dicitur
3369 5476 3463 5530 per
3517 5475 3578 5515 se

2019 5532 2147 5584 \itu.
3541 5569 3547 5574 .

2088 5599 2165 5669 (4)
2218 5597 2371 5652 Verbi
2405 5599 2600 5670 gratia.
2644 5598 2762 5668 Ipsa
2812 5612 2909 5662 per
2941 5610 2999 5649 se
3035 5596 3340 5663 cut-paralis
3375 5599 3576 5656 albedo
3607 5661 3615 5668 ο

2019 5670 2312 5722 adveniens
2344 5669 2557 5736 corpori
2591 5670 2768 5738 albpm
2805 5669 2932 5738 facit
2960 5678 3182 5734 corpus,
3210 5677 3265 5721 et
3295 5681 3578 5737 postquam

2019 5738 2216 5794 accidit
2267 5735 2498 5806 corpori,
2549 5735 2820 5807 disgrcgat
2852 5735 3049 5802 visum,
3087 5749 3210 5805 quae
3245 5735 3326 5792 est
3357 5735 3581 5809 prepria

2019 5811 2138 5876 ejus
2169 5811 2436 5874 operatio.
