3980 6208
431 362 464 423 8
475 360 540 424 1'9

1597 357 1919 420 JOANNIS
1958 356 2140 416 CYPA
2156 353 2525 415 RiSSiOT.E

3525 353 3615 418 820

435 480 597 547 quale
629 486 711 531 cst
744 476 919 546 ipsum
961 488 1053 544 per
1092 489 1149 529 se
1187 487 1328 535 esse,
1366 472 1535 540 ipsam
1569 488 1663 540 per
1697 487 1753 526 se
1794 472 2003 543 vitam,
2036 473 2079 528 Α
2113 469 2475 538 antiquiorem
2527 466 2649 521 aliis
2686 462 2885 518 divinis
2920 461 3077 516 donis
3109 459 3184 514 ait
3212 474 3324 515 esse
3352 464 3617 531 prOprieta.

435 566 608 633 ipsam
636 566 975 633 sapientiam,
1006 564 1181 632 ipsum
1213 563 1481 625 ordinem,
1519 571 1571 617 et
1604 564 1845 631 reliqua;
1882 576 2003 630 qua:

435 657 650 726 quidem
719 654 1161 724 participationcs
1219 655 1396 707 divina
1450 656 1588 709 dona
1645 662 1810 717 sunt,
1866 668 2003 718 quas

435 746 697 817 principia
726 761 912 800 eorum
945 761 1066 813 qua:
1114 756 1260 807 sunt,
1312 747 1543 799 vocavit.
1579 746 1655 799 Ex
1697 746 1782 799 his
1836 744 2004 814 igitur

433 843 666 895 constat,
695 836 1148 902 quemadmodum
1179 835 1318 888 Dens
1352 835 1647 888 secundum
1680 844 2002 903 potestatem

434 929 549 981 sive
582 926 831 980 virtutem
865 941 1042 992 suam,
1085 941 1204 995 qua:
1249 940 1413 990 supra
1467 925 1827 979 substantiam
1877 934 1959 977 est
1985 962 1999 984 ,

432 1033 597 1075 causa
630 1027 713 1073 est
743 1016 985 1073 eﬂ‘ectrix
1016 1028 1065 1072 et
1099 1019 1330 1071 creatrix
1372 1018 1543 1070 totius
1588 1032 1731 1079 esse,
1779 1025 1831 1070 et
1877 1031 2003 1084 par-

435 1110 567 1162 tium
610 1109 751 1179 ejus,
790 1107 1121 1162 exsistentim
1146 1147 1161 1171 ,
1196 1121 1442 1175 personae
1466 1146 1479 1170 ,
1514 1106 1831 1160 substantiae
1854 1145 1868 1168 ,
1907 1121 2007 1157 na-

436 1210 595 1265 turae,
627 1209 719 1254 aut
747 1201 950 1266 saeculi,
982 1209 1035 1254 et
1064 1199 1345 1267 temporis.
1380 1197 1531 1263 Quod
1569 1198 1611 1251 si
1664 1198 1802 1251 Dens
1835 1197 2007 1249 totius

436 1305 559 1346 esse
597 1290 820 1344 etiector
848 1299 963 1354 est;
999 1289 1140 1342 haud
1171 1287 1419 1349 dubium,
1452 1286 1582 1352 quin
1619 1287 1853 1355 partium
1887 1284 2007 1353 ejus

439 1379 662 1435 effector
694 1378 785 1441 sit,
834 1388 888 1432 ct
939 1388 1109 1432 totum
1158 1378 1377 1447 penitus
1406 1377 1636 1439 efﬁciat,
1672 1384 1839 1429 totum
1882 1390 2009 1429 vero

440 1487 564 1527 esse
602 1482 709 1537 est,
741 1470 884 1539 quod
922 1471 1103 1526 statim
1140 1470 1317 1540 prima
1371 1470 1589 1525 notione
1641 1483 1794 1522 mens
1840 1467 2011 1521 infor-

443 1573 594 1630 mat.;
636 1564 932 1617 secundum
964 1577 1123 1632 quam
1157 1563 1385 1630 primam
1418 1561 1691 1615 notionem
1724 1574 1922 1629 genera
1953 1559 2007 1611 in

442 1655 908 1724 disputationibus
933 1655 1393 1722 contemplamur;
1421 1663 1605 1722 postea
1633 1663 1814 1722 partes
1841 1651 2011 1706 totius

442 1748 633 1801 ordine
658 1744 1028 1813 expromimus
1054 1783 1068 1808 ,
1101 1754 1155 1799 et
1182 1744 1326 1799 sicut
1354 1744 1524 1813 Iogice
1554 1759 1583 1797 a
1613 1742 1906 1811 generibus
1940 1740 2007 1793 ad

443 1837 674 1906 species,
708 1836 787 1891 sic
812 1844 895 1890 est
926 1851 1021 1904 per
1046 1850 1104 1890 se
1134 1850 1275 1900 esse,
1308 1835 1358 1889 id
1386 1842 1471 1888 est
1497 1874 1511 1895 ,
1545 1842 1716 1889 totum
1756 1847 1914 1897 esse;
1951 1840 2007 1887 et
2042 1804 2085 1860 Β

444 1928 510 1987 ad
543 1927 693 1994 quod
722 1920 1128 1995 intelligendum
1167 1939 1319 1979 mens
1345 1924 1584 1994 primum
1621 1924 1728 1977 vim
1758 1922 2007 1988 intendit,

444 2016 723 2083 antiquius
756 2026 838 2069 est
878 2017 1000 2071 aliis
1041 2030 1162 2085 qua:
1207 2025 1390 2083 postea
1427 2030 1582 2069 mens
1622 2013 2005 2082 cotemplatur.

443 2104 561 2160 Non
602 2108 744 2160 enim
782 2121 1071 2175 possumus
1111 2108 1275 2160 vitam
1325 2105 1625 2159 secundum
1659 2118 1717 2157 se
1766 2111 2012 2156 contem-

445 2197 607 2266 plari,
637 2207 731 2250 aut
768 2198 1115 2264 sapientiam,
1152 2206 1244 2251 aut
1273 2195 1680 2249 similitudinem
1706 2233 1721 2257 ,
1760 2193 1859 2253 nisi
1896 2193 2010 2262 pri-

448 2306 599 2345 mum
641 2304 760 2343 esse
808 2304 1097 2358 ponamus,
1151 2295 1236 2343 est
1284 2287 1427 2342 enim
1478 2287 1588 2340 vita
1635 2286 1909 2355 primum;
1961 2292 2015 2337 et

446 2389 578 2436 tunc
613 2380 913 2434 secundum
943 2394 1001 2434 se
1039 2380 1486 2449 contemplantes,
1538 2380 1613 2442 ὡς
1663 2380 1725 2432 τὸ
1759 2379 1810 2431 τι
1853 2380 1969 2431 ἐστι
1998 2419 2013 2442 ,

449 2487 710 2527 vocamus
739 2485 835 2539 per
868 2484 928 2525 se
952 2472 1115 2524 vitam
1142 2470 1225 2535 ;si
1258 2469 1420 2539 igitur
1450 2470 1639 2525 subter
1666 2485 1806 2534 esse,
1832 2485 1927 2539 per
1957 2486 2017 2524 se

448 2561 586 2627 vita,
618 2570 672 2614 et
725 2574 821 2629 per
870 2574 929 2613 se
978 2558 1269 2627 sapientia,
1298 2569 1351 2613 et
1390 2575 1484 2628 per
1519 2574 1578 2613 se
1612 2559 1935 2622 similitudo,
1966 2540 2020 2611 et

450 2654 556 2707 alia
589 2652 947 2713 collocantur,
974 2651 1140 2704 totius
1172 2660 1349 2704 autem
1378 2665 1497 2706 esse
1529 2659 1721 2706 auctor
1750 2660 1833 2705 est
1856 2650 2016 2711 Deus,

451 2742 729 2813 quomodo
752 2757 858 2796 non
894 2742 998 2795 erit
1028 2751 1218 2795 auctor
1243 2742 1436 2794 horum
1469 2757 1589 2810 quae
1616 2756 1709 2809 per
1739 2757 1798 2796 se
1832 2741 2021 2795 dicun-

452 2848 564 2901 tur,
602 2835 717 2889 sive
759 2848 822 2888 ea
873 2841 1142 2887 vocentur
1182 2841 1440 2901 tanquam
1491 2834 1807 2889 exsisteutia
1838 2873 1853 2891 .
1906 2832 2024 2887 sive

454 2940 710 2997 tauquam
744 2937 943 2989 motus,
981 2927 1239 2981 formatio
1279 2925 1404 2980 vita:
1427 2965 1441 2989 ,
1474 2924 1727 2979 formatio
1763 2926 2020 2979 substan-

458 3021 566 3085 tiae,
600 3019 974 3075 similitudinis
1011 3019 1265 3082 imitatio,
1316 3025 1369 3070 et
1398 3016 1543 3071 alia?
1588 3015 1830 3091 Primum
1878 3016 2021 3069 enim

455 3111 587 3167 fecit
616 3109 757 3164 Deus
785 3125 908 3164 esse
937 3123 1024 3163 res
1054 3109 1220 3177 ipsas,
1246 3116 1433 3177 postea
1461 3121 1580 3160 esse
1606 3107 1909 3173 generalem
1943 3120 2031 3159 ea.
2059 3145 2103 3202 ϐ

458 3217 580 3257 rum
615 3201 895 3255 notionem
924 3242 941 3264 ,
973 3199 1134 3267 quale
1165 3207 1248 3252 est
1273 3197 1636 3267 contemplari
1692 3198 1856 3250 vitam
1883 3236 1898 3260 ,
1948 3191 2035 3249 vel

457 3292 825 3349 substantiam
859 3293 912 3346 in
948 3291 1094 3343 omni
1130 3304 1347 3361 genere,
1374 3299 1428 3343 et
1453 3288 1708 3342 omnibus
1737 3287 1937 3341 modis.
1965 3285 2041 3339 Ex

457 3389 546 3442 his
593 3385 866 3442 sententia
920 3383 1160 3454 Dionysii
1214 3382 1389 3437 notior
1425 3381 1651 3443 exstitit,
1708 3380 1852 3448 quod
1898 3379 2044 3433 sicut

460 3478 606 3531 Deus
633 3485 827 3530 auctor
857 3484 938 3530 est
968 3488 1158 3529 eorum
1201 3487 1322 3541 qua!
1356 3471 1650 3540 singularia
1685 3480 1810 3523 sunt
1836 3509 1849 3531 ,
1882 3469 1962 3523 sic
1991 3476 2045 3523 et

462 3585 652 3624 eorum
699 3582 819 3637 quae
862 3567 1041 3635 prima
1077 3572 1255 3629 sunt,
1297 3578 1361 3617 ex
1397 3563 1594 3632 quibus
1641 3562 2037 3616 dubitationem

462 3659 763 3714 Clementis
795 3656 1102 3727 philosophi
1131 3656 1199 3710 de
1232 3654 1297 3709 iis
1330 3670 1449 3723 qu;e
1501 3653 1672 3720 magis
1716 3650 2040 3721 principalia

464 3752 521 3804 in
555 3749 719 3803 rebus
750 3748 1047 3811 exsistunt,
1075 3746 1126 3799 id
1165 3753 1288 3807 est,
1320 3746 1387 3797 de
1420 3745 1630 3798 naturis
1675 3758 1888 3806 earum,
1912 3742 2046 3796 dua-

462 3841 567 3895 hus
612 3838 1030 3894 auctoritatibus
1058 3836 1358 3904 Scriptura:
1391 3834 1550 3889 solvit
1585 3851 1598 3895 ;
1629 3847 1733 3886 una
1783 3841 1865 3888 est
1889 3849 1902 3882 :
1927 3833 2045 3887 Non

464 3932 681 3988 ostendi
722 3932 837 3985 haec
870 3930 987 3993 tibi,
1023 3938 1080 3983 ut
1107 3944 1201 3983 eas
1239 3935 1360 3996 post
1395 3941 1493 3991 ea;
1530 3925 1696 3980 altera
1726 3935 1811 3979 est
1848 3940 1863 3977 :
1897 3924 2042 3979 Invi-

464 4025 647 4078 sibilia
689 4023 781 4076 Dei
809 4038 899 4091 per
940 4038 1003 4076 ea
1052 4036 1167 4089 qua:
1203 4020 1343 4088 facta
1372 4028 1514 4084 sunt,
1536 4015 1804 4071 intellecta
1842 4017 2043 4085 conspi-

468 4120 681 4169 ciuntur
714 4114 782 4178 “,
816 4130 883 4169 ex
930 4111 1307 4181 magnitudine
1354 4110 1512 4171 enim
1535 4118 1595 4164 et
1633 4108 2041 4179 pulchritudine

469 4215 846 4262 creaturarum
874 4203 1224 4273 proportione
1250 4200 1477 4257 effector
1513 4202 1913 4276 consideratur,
1939 4200 2044 4253 hoc

469 4300 614 4353 enim
654 4296 923 4367 signiticat
960 4294 1106 4364 quod
1158 4293 1332 4358 dixit,
1370 4300 1429 4347 ut
1490 4307 1585 4361 per
1639 4292 2045 4361 proportionem

472 4388 803 4459 cognitionis
829 4388 1021 4441 horum
1062 4385 1127 4439 ad
1166 4383 1607 4455 cognoscendum
1631 4383 1880 4457 omnium
1917 4396 2048 4434 cau-

2103 570 2209 613 tem
2245 557 2339 611 τοῢ
2369 559 2541 619 ὄντος,
2579 557 2628 609 id
2654 567 2755 618 est,
2791 555 2933 609 entis
2971 569 2983 605 :
3021 552 3282 620 siquidem
3309 552 3501 608 bonitas
3530 571 3617 609 non

2104 651 2268 705 habet
2316 648 2549 701 similem
2602 646 2865 700 rationem
2900 646 2953 698 in
2995 644 3186 698 ordine
3219 644 3484 708 donorum,
3511 658 3623 711 quo—

2101 742 2247 808 niam
2297 739 2595 807 porrigitur
2628 746 2680 791 et
2714 737 2953 791 tenditur
2999 750 3161 801 supra
3220 748 3279 787 ea
3327 748 3435 801 quae
3475 744 3623 788 sunt:

2103 838 2359 900 praeterea
2389 835 2559 895 potest
2593 840 2713 880 esse
2743 825 3046 894 proprietas
3074 824 3190 891 ejus
3215 820 3349 890 quod
3372 829 3446 877 est
3471 836 3552 889 per
3578 836 3629 875 se

2104 936 2246 982 esse,
2287 920 2411 989 quia
2450 920 2551 973 hoc
2583 926 2709 971 ante
2750 916 2852 969 alia
2901 931 3024 983 qua:
3068 922 3195 969 sunt
3240 912 3477 983 produxit
3510 912 3631 965 Deus

2106 1010 2293 1077 prius:
2343 1008 2536 1063 deinde
2572 1006 2674 1073 hoc
2721 1020 2818 1074 per
2864 1018 2921 1058 se
2964 1018 3084 1059 esse
3113 1043 3129 1066 ,
3180 1012 3423 1070 tanquam
3464 1009 3631 1055 natura

2106 1098 2340 1165 quadam
2399 1108 2581 1157 utens,
2630 1094 3472 1161 universum,quomodocunque
3541 1101 3628 1153 est,

2106 1186 2401 1256 produxit;
2435 1185 2643 1248 adhaec,
2690 1183 2794 1237 alia
2849 1198 3030 1237 rerum
3081 1180 3341 1251 principia
3390 1193 3633 1248 nunquam

2108 1286 2335 1347 possunt
2363 1291 2506 1339 esse,
2534 1275 2664 1344 quin
2694 1274 2764 1327 sit
2793 1274 2969 1342 ipsum
3015 1287 3108 1341 per
3156 1286 3214 1324 se
3262 1284 3377 1325 esse
3403 1286 3415 1321 :
3439 1268 3539 1323 hoc
3555 1283 3637 1321 au-

2111 1377 2217 1421 tem
2250 1367 2369 1420 sine
2398 1365 2505 1418 illis
2537 1370 2619 1417 est
2641 1403 2656 1428 ,
2684 1362 2879 1416 deinde
2908 1359 3321 1431 participatione
3363 1357 3509 1426 hujus
3541 1355 3639 1407 alite

2111 1459 2369 1512 dicuntur
2411 1453 2877 1522 participationes,
2910 1460 2964 1505 et
2996 1465 3091 1520 per
3128 1466 3187 1503 se
3218 1447 3637 1517 participationcs,

2111 1556 2164 1601 et
2194 1546 2448 1600 dicuntur
2490 1557 2611 1598 esse
2642 1550 2697 1595 et
2747 1552 2989 1596 manere.
3037 1541 3152 1594 Hoc
3196 1547 3373 1594 autem
3423 1536 3639 1597 sublato,

2114 1638 2260 1692 nulla
2306 1636 2410 1690 erit
2442 1634 2823 1706 participatio;
2873 1642 2986 1687 tum
3046 1632 3210 1687 etiam
3261 1632 3428 1700 ipsum
3475 1642 3558 1696 per
3596 1638 3644 1679 se

2114 1742 2258 1791 esse,
2306 1740 2428 1794 quae
2475 1731 2557 1780 est
2604 1722 2951 1793 participatio
2982 1722 3182 1795 prima,
3218 1735 3245 1772 a
3280 1718 3420 1772 nullo
3453 1724 3563 1768 ante
3596 1726 3645 1765 se

2113 1818 2483 1888 participatur,
2517 1814 2699 1869 omnia
2731 1823 2911 1866 autem
2943 1820 3066 1880 post
3096 1826 3220 1865 eum
3249 1818 3298 1864 et
3333 1806 3645 1876 participant,

2111 1916 2163 1962 et
2198 1909 2327 1963 tium
2362 1906 2484 1961 aliis
2514 1904 2676 1971 intra,
2714 1902 3184 1972 participationes.
3238 1898 3439 1952 Habent
3489 1908 3647 1950 autem

2112 2000 2227 2054 haec
2261 2013 2368 2051 non
2409 2010 2628 2067 parvam
2660 1995 3017 2064 quaestionem
3038 2031 3053 2056 ,
3090 1991 3363 2060 quomodo
3396 1984 3651 2054 Dionysius

2113 2105 2236 2145 cum
2268 2086 2703 2160 praemunitione.
2742 2084 2799 2139 Si
2849 2084 2954 2148 vis,
2987 2082 3189 2152 inquit,
3242 2080 3523 2134 viventium
3553 2090 3650 2130 tau-

2114 2197 2274 2250 quam
2309 2180 2607 2234 viventium
2647 2175 2978 2248 principium
3020 2174 3205 2228 dicere
3236 2188 3329 2241 per
3372 2186 3426 2225 se
3466 2169 3646 2227 vitam,

2117 2283 2385 2340 quatenus
2424 2269 2633 2325 scilicet
2666 2264 3017 2321 manifestum
3058 2272 3141 2318 est
3168 2301 3184 2326 ,
3239 2264 3347 2317 haec
3390 2259 3651 2319 absoluta,

2119 2380 2223 2418 non
2250 2360 2467 2433 proprie
2496 2359 2745 2414 absoluta
2780 2371 2924 2421 esse,
2962 2356 3112 2411 solus
3139 2356 3285 2410 enim
3317 2356 3451 2408 Deus
3487 2351 3655 2403 horttm

2118 2462 2307 2507 auctor
2342 2452 2588 2505 absoluta
2630 2463 2795 2503 causa
2827 2448 3065 2503 dicitur:
3098 2461 3226 2515 qua:
3260 2452 3437 2499 autem
3474 2441 3535 2494 ab
3559 2440 3658 2507 ipso

2118 2544 2306 2599 effecta
2321 2551 2469 2608 sunt,
2493 2542 2759 2596 voluntati
2779 2541 3130 2611 permittitur,
3164 2550 3227 2594 ut
3244 2539 3321 2593 sic
3338 2552 3397 2591 ea
3429 2533 3658 2592 nominet,

2122 2650 2307 2689 verum
2339 2649 2460 2689 cum
2479 2634 2847 2702 adjunctione,
2872 2632 3164 2687 viventium
3188 2640 3453 2700 quatenus
3478 2627 3662 2683 vivunt,

2120 2723 2449 2794 principium
2479 2737 2600 2777 esse
2628 2736 2723 2791 per
2758 2736 2817 2776 se
2842 2720 3034 2783 vitam,
3058 2734 3167 2774 non
3194 2727 3374 2773 autem
3418 2720 3662 2783 quatenus

2122 2813 2442 2869 substantia:
2472 2821 2623 2875 sunt,
2663 2820 2757 2864 aut
2799 2810 3082 2880 sapientia:
3108 2848 3124 2872 ,
3158 2820 3257 2862 aut
3291 2806 3539 2863 rationes,
3571 2800 3665 2852 haec

2122 2905 2264 2961 enim
2293 2904 2481 2958 subter
2510 2901 2660 2956 aliud
2687 2908 2743 2956 et
2774 2900 2920 2955 aliud
2982 2899 3309 2969 principium
3342 2895 3664 2951 collocantur,

2124 2995 2265 3064 quod
2296 2994 2512 3063 quidem
2552 2994 2605 3045 in
2637 2992 2746 3047 Deo
2772 2990 2971 3046 eﬂ‘erre
2996 3007 3104 3045 non
3129 2999 3219 3045 est
3252 2994 3663 3044 consentaneum,

2134 3099 2239 3137 una
2267 3082 2533 3152 siquidem
2559 3095 2721 3136 causa
2748 3088 2801 3134 et
2842 3095 2951 3134 uno
2983 3080 3256 3150 principio
3283 3078 3463 3135 omnia
3497 3071 3666 3143 produ-

2138 3177 2230 3241 cit,
2274 3183 2331 3230 ut
2368 3173 2852 3230 demonstrabitur.

3033 3258 3051 3287 ἵ

2742 3259 2965 3314 CAPUT
3008 3259 3073 3314 γ.

2134 3332 2405 3397 Quomodo
2460 3330 2595 3384 Deus
2626 3330 2824 3383 dicitur
2855 3346 2945 3397 per
2998 3346 3051 3384 se
3098 3345 3236 3387 esse.
3268 3338 3312 3381 et
3345 3342 3437 3397 per
3468 3339 3523 3397 se
3558 3320 3668 3397 vite,

2202 3412 2249 3456 et
2274 3418 2362 3468 per
2393 3417 2447 3453 se
2477 3400 2764 3467 sapientia,
2811 3392 2865 3451 et
2892 3400 3149 3468 quomodo
3200 3392 3386 3452 rursus
3422 3394 3549 3449 idem
3593 3392 3672 3442 Ito-

2208 3486 2325 3523 rum
2354 3471 2566 3537 eﬁ'ector
2595 3470 2813 3522 dicitur.

2204 3555 2432 3621 Magnus
2468 3554 2760 3623 Dionysius
2794 3570 2915 3623 cap.
2944 3555 2997 3622 9,
3036 3554 3110 3608 De
3143 3555 3341 3608 divinis
3371 3548 3674 3607 nominibus:

2139 3646 2243 3701 Sed
2277 3646 2429 3716 quia,
2474 3644 2672 3715 inquit,
2709 3645 2843 3699 alias
2883 3659 2969 3699 me
3001 3660 3096 3713 per
3129 3644 3419 3713 epistolam
3468 3642 3672 3695 interro-

2137 3738 2293 3809 gasti.
2327 3737 2460 3807 quid
2487 3737 2750 3807 appellem
2778 3751 2875 3806 per
2904 3751 2966 3791 se
2998 3750 3139 3799 esse,
3173 3752 3274 3805 per
3302 3749 3361 3789 se
3391 3734 3565 3795 vitam,
3597 3736 3676 3795 per

2139 3846 2198 3886 se
2250 3829 2595 3898 sapientiam,
2627 3840 2684 3882 et
2731 3837 2905 3882 tecum
2961 3827 3044 3882 ais
3082 3827 3384 3893 dubitasse,
3434 3817 3679 3894 quomodo

2139 3923 2310 3978 Deum
2352 3919 2640 3990 aliquando
2678 3918 2899 3989 quidem
2954 3932 3091 3974 voco
3140 3934 3242 3988 per
3293 3934 3351 3975 se
3378 3916 3560 3980 vitam,
3596 3910 3681 3964 ali-

2139 4016 2358 4087 quando
2384 4028 2512 4067 vero
2543 4011 2851 4068 effectorem
2907 4026 3003 4081 per
3036 4026 3094 4066 se
3126 4012 3289 4078 vitae;
3341 4005 3679 4065 necessarium

2139 4121 2261 4161 esse
2292 4104 2588 4157 arbitratus
2618 4116 2762 4165 sum,
2799 4101 2965 4156 homo
2994 4100 3084 4155 Dei
3115 4110 3334 4166 sancte,
3370 4100 3436 4154 ab
3465 4097 3561 4151 hac
3600 4094 3685 4147 du-

2142 4196 2408 4252 bitatione
2459 4194 2635 4263 quoad
2686 4192 2894 4262 possim
2949 4204 3001 4246 te
3055 4192 3314 4246 liberare.
3351 4191 3429 4243 Ac
3470 4186 3683 4255 primum

2140 4287 2384 4356 quidem,
2436 4293 2497 4338 ut
2558 4297 2702 4338 nunc
2753 4291 3062 4351 repetamus
3116 4297 3244 4350 qua:
3311 4279 3505 4334 millies
3560 4273 3688 4325 dicta

2144 4386 2290 4440 sunt,
2318 4390 2423 4429 non
2455 4380 2695 4444 pugnant
2722 4387 2906 4427 secum
2940 4370 3108 4425 Deum
3140 4385 3241 4439 per
3276 4386 3337 4425 se
3366 4372 3690 4437 potestatein.

472 4494 590 4534 sam
628 4477 1002 4544 adducamur._
1031 4474 1122 4532 Sic
1154 4489 1332 4531 autem
1366 4474 1599 4529 solvisse
1628 4472 2047 4537 dubitationem,
2081 4466 2128 4525 Ι)
2155 4480 2209 4525 ει
2248 4484 2342 4537 per
2370 4482 2429 4522 se
2467 4469 2671 4533 vitam;
2706 4474 2758 4519 et
2784 4466 2964 4518 dicere
2993 4462 3160 4517 Deum
3191 4470 3497 4516 creatorem
3528 4466 3614 4523 per
3640 4460 3692 4501 se

470 4570 749 4641 quomodo
793 4584 902 4624 non
931 4568 1279 4637 apertissime
1311 4563 1571 4636 patefacit
1608 4574 1788 4619 creata
1828 4578 1949 4618 esse
1982 4577 2045 4617 ea

473 4676 595 4730 qua
624 4660 703 4715 sic
734 4667 865 4715 sunt
901 4660 956 4712 in
992 4659 1153 4713 rebus
1185 4661 1355 4727 magis
1390 4655 1731 4727 principalia,
1762 4668 1884 4722 quae
1914 4668 2049 4706 con-

474 4752 616 4806 cedit
640 4750 745 4805 dici
769 4749 1096 4817 exemplaria
1126 4748 1192 4803 ad
1229 4747 1435 4818 aliquid
1462 4787 1476 4812 ,
1510 4755 1569 4799 ut
1600 4760 1696 4815 per
1721 4759 1785 4799 ea
1822 4758 2049 4813 propor-

475 4845 623 4899 tione
654 4842 889 4911 quadam
918 4879 934 4904 ,
982 4849 1242 4909 tanquam
1284 4855 1380 4907 per
1413 4838 1634 4907 specula
1671 4848 1727 4891 et
1758 4839 2049 4907 aenigmata

477 4947 873 5002 cognoscamus
907 4931 1131 4985 divina?
1164 4931 1239 4983 Ex
1287 4929 1356 4984 iis
1399 4929 1563 4983 etiam
1597 4942 1718 4998 quae
1756 4935 1913 4981 antea
1955 4924 2050 4978 de-

483 5033 788 5079 monstrata
840 5029 1010 5086 sunt,
1068 5030 1293 5091 apparet
1347 5020 1489 5089 quod
1542 5021 1609 5074 ad
1662 5018 2048 5088 proprietatem

477 5118 716 5186 pertinet
753 5129 769 5167 :
811 5114 865 5168 in
898 5114 1005 5167 illis
1035 5116 1200 5179 enim,
1234 5113 1440 5168 scilicet
1468 5112 1612 5167 bono
1638 5121 1691 5166 et
1724 5110 1973 5179 pulchro,
2000 5108 2056 5160 in

480 5222 544 5261 ea
571 5222 692 5276 quae
728 5215 879 5270 sunt,
921 5216 974 5259 et
1005 5221 1125 5273 qua:
1150 5219 1259 5259 non
1294 5214 1444 5270 sunt,
1475 5202 1715 5257 tenditur
1746 5200 2056 5271 proprietas

482 5296 723 5352 nominis
757 5297 880 5350 boni
914 5305 969 5350 et
998 5296 1208 5364 pulchri
1236 5311 1251 5357 ;
1300 5296 1352 5347 in
1404 5295 1493 5348 his
1522 5301 1729 5354 autem,
1770 5293 1827 5344 iu
1857 5304 1919 5344 ea
1965 5304 2057 5344 so-

482 5388 595 5442 lum
632 5404 750 5459 qua:
783 5395 949 5451 sunt,
984 5402 1179 5441 nomen
1213 5386 1452 5441 divinum
1501 5384 1595 5439 τοῦ
1640 5384 1811 5446 ὄντος,
1849 5382 1901 5435 id
1929 5389 2010 5435 est
2033 5420 2048 5433 .

482 5479 652 5540 cutis,
685 5478 1001 5547 porrigitur.
1042 5476 1107 5532 Et
1143 5479 1256 5533 haec
1283 5486 1368 5533 est
1408 5478 1707 5549 proprietas
1735 5477 1879 5543 ejus.
1915 5472 2052 5526 Nota

438 5638 441 5639 ν
488 5574 667 5623 tamen
703 5571 867 5624 etiam
901 5569 1039 5636 hoc,
1071 5585 1195 5625 esse
1227 5570 1452 5639 primam
1485 5564 1953 5638 participationem
1998 5571 2052 5617 et

580 5744 625 5789 ⁸³
654 5745 811 5803 Rom.
850 5764 888 5815 ι,
921 5747 1012 5800 20.

2146 4562 2289 4623 vitm,
2326 4557 2407 4611 vel
2454 4572 2551 4626 per
2591 4570 2649 4610 se
2684 4556 2851 4625 pacis,
2881 4554 2963 4608 vel
2998 4568 3089 4622 per
3135 4567 3195 4607 se
3254 4549 3557 4622 potestatis,
3594 4546 3697 4595 hac

2147 4652 2290 4706 enim
2318 4649 2517 4702 dicitur
2568 4647 2713 4701 Deus
2740 4662 2803 4700 ex
2836 4646 2901 4700 iis
2933 4660 3054 4715 quae
3085 4652 3238 4708 sunt,
3270 4655 3325 4697 ct
3375 4630 3601 4695 maxime
3636 4643 3695 4683 ex

2150 4744 2217 4796 iis
2248 4754 2368 4811 quae
2405 4737 2576 4808 prima
2608 4745 2757 4800 sunt,
2792 4745 3049 4804 tanquam
3086 4749 3255 4789 causa
3305 4722 3548 4787 omnium
3589 4733 3696 4791 Quae

2148 4845 2313 4897 sunt;
2343 4832 2432 4885 illa
2472 4840 2651 4885 autem
2687 4829 2908 4893 dicitur,
2943 4838 3199 4896 tanquam
3246 4841 3371 4896 qua:
3414 4823 3483 4877 sit
3518 4829 3694 4885 supra-

2150 4922 2583 4980 substantialiter
2611 4935 2771 4989 supra
2801 4924 2985 4972 omnla
3017 4933 3137 4986 quae
3168 4926 3320 4980 sunt,
3353 4925 3408 4968 et
3457 4926 3572 4981 quae
3604 4902 3701 4972 pri-

2156 5031 2245 5069 mo
2280 5025 2425 5069 sunt.
2464 5011 2672 5077 Quzris
2704 5020 2891 5064 autem
2924 5008 3067 5078 quod
3100 5020 3325 5076 prorsus
3355 5005 3585 5059 dicinms
3618 5007 3701 5064 per

2156 5120 2217 5159 se
2252 5118 2394 5165 esse,
2446 5107 2540 5154 aut
2592 5114 2686 5168 per
2724 5113 2782 5153 se
2821 5097 3011 5163 vitam,
3073 5104 3165 5149 aut
3194 5104 3537 5163 quaecunque
3562 5088 3705 5140 abso-

2156 5196 2267 5249 lute
2325 5204 2378 5249 et
2418 5184 2790 5260 principaliter
2829 5204 2974 5252 esse,
3017 5196 3069 5242 et
3127 5202 3192 5241 ex
3254 5184 3367 5239 Deo
3425 5197 3492 5235 ac
3546 5177 3703 5246 primo

2159 5294 2344 5340 creata
2388 5298 2509 5338 esse
2541 5282 2814 5350 ponimus.
2850 5278 3289 5348 Respondemus,
3321 5289 3432 5328 non
3472 5284 3590 5326 esse
3619 5266 3709 5319 hoc

2159 5383 2488 5435 contortum,
2526 5371 2620 5426 sed
2660 5379 2888 5433 rectum,
2922 5378 2977 5422 et
3023 5368 3325 5438 simplicem
3380 5363 3581 5417 habens
3622 5368 3705 5408 ex-

2160 5466 2548 5537 planationem,
2609 5477 2713 5518 non
2749 5463 2895 5517 enim
2932 5475 3027 5531 per
3073 5475 3133 5515 se
3178 5472 3301 5513 esse
3354 5446 3705 5511 substantiam

2159 5559 2449 5630 quamdam
2503 5556 2744 5613 divinam
2782 5562 2878 5610 aut
2931 5553 3229 5623 angelicam
3282 5562 3408 5605 esse
3468 5543 3704 5602 dicimus.
