3980 6208
435 279 542 345 823

1584 294 2488 365 JOANNIS'CYPARISSIOT.E

3546 323 3635 384 S‘Zt

439 407 821 463 nominamus:
865 410 984 462 dico
1015 427 1043 464 τι
1085 428 1178 476 per
1214 429 1276 468 se
1312 429 1454 477 esse.
1480 425 1534 470 et
1571 432 1596 470 a
1633 433 1725 486 per
1763 431 1824 471 se
1865 419 1996 481 vita,
2027 418 2074 473 Δ
2103 435 2262 486 esse;
2305 425 2406 479 hoc
2442 436 2647 482 tantum
2676 431 2952 496 dinei-unt,
3003 436 3145 504 quod
3177 437 3288 505 lucc
3311 437 3514 506 quidem
3541 440 3640 508 pri-

439 507 494 551 et
517 513 544 550 a
592 515 684 567 per
712 516 770 554 se
798 505 1080 570 sapientia,
1126 521 1224 561 nec
1253 508 1396 561 enim
1431 509 1545 564 haec
1589 511 1845 564 dicuntur
1870 511 2005 566 sim-

441 589 654 656 pliciter
675 593 944 660 absoluta,
981 596 1074 650 sed
1104 597 1336 665 alicujus
1384 615 1504 656 esse
1543 601 1767 672 aliquid,
1802 602 2005 657 idcirco

444 682 622 749 primo
669 698 788 738 esse
820 685 974 751 dixit,
1006 705 1346 760 qmecunque
1372 692 1614 761 ejusdem
1645 693 1852 749 ordinis
1883 709 2005 749 cum

441 786 577 836 aevo,
603 775 848 831 absolute
878 778 1152 842 dicuntur,
1203 785 1477 850 quomodo
1512 784 1657 838 enim
1710 800 1806 854 per
1826 799 1884 840 se
1914 801 2008 840 ex-

440 866 586 919 sistit
618 882 790 922 mvum
841 880 894 924 et
937 881 1169 941 tempus,
1205 877 1306 930 nisi
1358 877 1773 932 considerentur
1829 877 1881 931 in
1942 878 2008 933 iis

439 953 561 1027 quis
612 973 782 1016 mvnm
825 976 992 1034 agunt
1051 976 1106 1020 et
1155 970 1408 1036 tempus?
1466 971 1634 1024 Aliter
1687 973 1848 1025 etiam
1905 973 2010 1026 hoc

439 1060 610 1118 patet,
641 1053 687 1105 si
737 1057 880 1108 enim
937 1057 1075 1112 Deus
1116 1060 1360 1113 omnium
1416 1077 1537 1130 qua:
1584 1073 1732 1128 sunt,
1789 1062 2010 1118 cﬂ‘ector

440 1151 543 1205 est,
598 1145 768 1199 multo
801 1150 972 1217 magis
1008 1164 1195 1204 eorum
1238 1169 1359 1222 quae
1412 1155 1583 1221 prima
1640 1165 1789 1219 sunt,
1839 1155 1906 1208 ab
1947 1155 2012 1210 iis

445 1235 612 1301 igitur
656 1253 773 1305 quze
807 1249 955 1304 sunt,
999 1249 1053 1294 et
1089 1243 1432 1310 pmissimum
1477 1260 1598 1314 quze
1652 1247 1823 1314 prima
1861 1257 2008 1310 sunt,

444 1336 701 1396 tanquam
763 1331 1008 1383 omnium
1056 1342 1248 1387 auctor
1303 1335 1639 1389 nominatur.
1691 1337 1829 1401 Quia
1882 1350 2011 1390 vero

444 1421 561 1473 vult
592 1422 764 1490 magis
797 1424 943 1492 quod
977 1424 1126 1489 dicit,
1185 1427 1499 1495 eXplanare,
1558 1429 1717 1483 valde
1778 1430 2015 1485 dilucide

450 1527 570 1581 qua:
599 1513 714 1568 lucc
746 1514 797 1568 in
823 1515 1048 1569 dubium
1081 1526 1366 1583 venerunt,
1397 1519 1556 1573 solvil
1594 1539 1606 1574 ε
1639 1528 1694 1574 et
1725 1535 2016 1591 aggressus

453 1623 515 1660 ea
545 1621 664 1674 qua:
693 1609 770 1662 sic
799 1609 1045 1662 absolute
1073 1609 1330 1663 dicuntur
1370 1611 1659 1677 ὑπάρξεις,
1694 1613 1746 1664 id
1793 1621 1895 1676 est,
1926 1627 2016 1667 es-

2111 532 2258 571 mum
2287 519 2477 575 eli‘ecta
2517 532 2667 590 sunt,
2711 536 2766 579 et
2814 543 2907 596 per
2939 528 3053 582 haec
3079 528 3266 584 etfecta
3313 536 3558 596 extrema,
3592 541 3645 585 ut

2109 606 2152 659 si
2177 607 2297 674 quis
2326 609 2378 662 in
2418 611 2659 667 minimis
2699 617 2970 671 creaturis
2995 617 3172 675 videat
3200 618 3370 671 nubes
3401 618 3541 686 prius
3566 635 3641 674 ex-

2108 697 2302 752 sistere
2334 715 2495 769 quani
2533 703 2793 772 pluviam,
2835 717 2887 760 et
2920 723 3014 776 per
3039 709 3213 762 nubes
3249 706 3410 761 Deum
3452 712 3644 777 pluere;

2110 798 2162 841 et
2196 788 2339 844 sicut
2374 803 2552 848 motus
2581 796 2852 852 exsistunt
2886 808 3101 866 propter
3142 797 3387 863 mobilia,
3413 807 3465 851 et
3496 797 3650 853 nubes

2113 894 2334 951 propter
2369 884 2630 952 pluviam,
2667 887 2731 940 ad
2780 888 3030 942 eumdem
3086 890 3306 943 modum
3360 888 3654 942 substantiae

2113 976 2414 1031 creatiunes
2458 988 2680 1045 propter
2711 979 3072 1046 substantias,
3129 989 3182 1034 et
3212 980 3335 1033 vitae
3370 980 3654 1034 creationes

2115 1077 2335 1136 propter
2383 1069 2541 1134 vitas,
2596 1080 2652 1124 et
2685 1071 3046 1126 tleilicatiouis
3102 1071 3408 1126 creationes
3457 1079 3654 1140 propter

2113 1159 2384 1222 deilicata,
2417 1175 2580 1214 omne
2617 1172 2796 1216 autem
2827 1163 2974 1232 quod
3009 1175 3234 1232 propter
3259 1178 3477 1218 causam
3505 1171 3582 1217 est
3605 1169 3653 1218 et

2116 1263 2383 1315 movetur,
2422 1263 2600 1306 ortum
2637 1269 2858 1323 quoque
2896 1255 3096 1309 habere
3121 1255 3544 1308 demonstratum
3563 1262 3654 1307 est.

2116 1339 2276 1394 Ponit
2305 1355 2488 1397 autem
2524 1343 2812 1414 Dionysius
2839 1361 2962 1401 esse
2995 1346 3162 1400 Demn
3191 1353 3466 1398 auctorem
3498 1359 3584 1413 per
3607 1357 3658 1398 se

2117 1434 2396 1500 bonitatis,
2441 1445 2496 1490 et
2543 1453 2638 1506 per
2673 1454 2732 1492 se
2761 1437 3087 1504 divinitatis,
3133 1437 3388 1493 similiter
3419 1444 3476 1490 ιιι
3507 1436 3659 1489 actio-

2117 1542 2247 1580 num
2281 1535 2336 1580 et
2371 1529 2674 1582 motionum
2703 1529 2794 1582 Dei
2834 1529 2974 1584 Deus
3007 1538 3094 1585 est
3117 1539 3334 1593 auctor,
3373 1526 3659 1580 divinitatea

2122 1634 2249 1674 vero
2289 1619 2578 1674 inferiores
2623 1619 2863 1690 iutellige
2908 1621 3250 1690 angelorum,
3298 1628 3352 1673 et
3405 1617 3670 1695 homian

453 1699 666 1750 sentiae.
690 1696 948 1762 Primam,
991 1707 1042 1753 et
1077 1714 1196 1766 quae
1236 1700 1472 1753 maxime
1499 1701 1908 1768 quodammodo
1943 1701 2019 1754 vi-

2122 1711 2416 1782 justorum,
2451 1728 2645 1768 rursus
2670 1727 2798 1766 vero
2823 1712 3084 1782 intellige.
3113 1712 3530 1778 interpretatum
3557 1721 3664 1764 esse

451 1789 609 1843 detur
635 1790 963 1858 substantia,
992 1807 1098 1845 non
1125 1793 1487 1847 substantiam
1513 1793 1778 1863 aliquam.
1815 1794 2014 1866 inquit,
2055 1789 2092 1803 "
2124 1803 2464 1871 apertissime
2504 1802 2822 1871 Dionysium
2845 1802 3132 1876 nectam";
3161 1802 3282 1857 hac
3329 1799 3561 1863 nomina,
3583 1797 3666 1852 do-

450 1883 684 1939 divinam
731 1894 824 1937 aut
862 1885 1163 1952 angelicam
1195 1885 1428 1940 dicimus
1481 1899 1574 1953 per
1617 1900 1674 1939 se
1707 1900 1848 1949 esse,
1901 1899 2021 1953 qua:
2125 1909 2256 1948 num
2292 1909 2321 1946 a
2363 1893 2474 1948 Deo
2503 1895 2830 1963 profectum,
2873 1901 2930 1947 et
2961 1892 3180 1963 pulchri
3215 1896 3273 1946 in
3304 1906 3370 1945 ea
3396 1903 3511 1956 quae
3550 1885 3666 1940 foris

452 1975 523 2030 sit
555 1991 719 2029 causa
772 1985 830 2029 ιιι
879 1977 1061 2029 omnia
1099 1975 1209 2031 siut
1245 1995 1257 2040 ;
1295 1976 1338 2030 si
1393 1989 1572 2030 autem
1620 1977 1920 2044 antiquius,
1969 1967 2023 2030 ἐι
2125 1995 2274 2050 sum,
2328 1984 2688 2049 eﬂ‘usionem;
2741 1984 3038 2048 declarare,
3087 1983 3337 2052 inquam,
3388 1988 3581 2034 motum
3622 1983 3668 2030 et

452 2072 689 2140 primum
727 2085 790 2123 ex
823 2069 1000 2134 donis,
1035 2070 1179 2138 quod
1226 2069 1352 2136 quia
1405 2081 1486 2123 est
1538 2077 1593 2123 et
1645 2068 2021 2137 participatur,

2127 2080 2395 2133 actionem
2433 2077 2548 2142 Dei,
2596 2087 2854 2147 tanquam
2895 2075 3246 2132 eﬂectioncm
3277 2081 3332 2130 et
3361 2070 3665 2128 creationem

451 2161 556 2215 al?a
591 2161 733 2214 dona
763 2169 969 2216 suntet
1017 2161 1296 2228 dicuntur,
1345 2176 1454 2215 non
1487 2172 1567 2216 est
1612 2176 1787 2229 neque
1841 2161 2024 2215 divina
2129 2172 2300 2242 ipsius
2323 2171 2434 2226 Dei,
3005 2233 3008 2236 _
3217 2165 3223 2171 '

450 2269 553 2308 nec
613 2255 858 2324 angelica
922 2255 1251 2319 substantia,
1314 2255 1422 2310 imo
1473 2270 1574 2310 nec
1622 2269 1788 2310 causa
1830 2262 1888 2308 ut
1918 2254 2026 2306 sint

451 2341 635 2400 Omnia
669 2345 840 2412 (solus
881 2347 1024 2399 enim
1064 2346 1226 2412 Deus,
1269 2346 1362 2416 qui
1409 2357 1488 2400 est
1537 2360 1864 2416 supraquam
1900 2347 2027 2399 sub-

454 2441 677 2505 stantia,
709 2449 765 2494 et
814 2439 1167 2508 principium,
1193 2446 1251 2492 et
1281 2439 1541 2501 essentia,
1571 2447 1623 2491 et
1655 2453 1818 2492 causa
1849 2450 1932 2491 est
1966 2445 2026 2490 ut

453 2533 563 2584 sint
588 2543 780 2585 cuncta
811 2546 930 2601 qua:
961 2541 1108 2590 sunt.
1150 2539 1203 2584 et
1237 2531 1474 2600 idipsum
1517 2530 1833 2599 simpliciter
1858 2529 2041 2597 esca),

454 2622 510 2674 in
542 2621 687 2690 quali
732 2622 949 2676 tandem
979 2622 1172 2676 ordine
1210 2637 1272 2677 ca
1305 2637 1426 2690 quae
1457 2622 1538 2686 sic
1562 2621 1821 2676 dicuntur
1856 2621 2027 2690 magis

457 2713 826 2783 principialia,
863 2713 1169 2783 ponemus?
1203 2713 1266 2766 Et
1299 2712 1346 2767 si
1399 2728 1507 2767 non
1557 2721 1687 2766 sunt
1725 2727 1904 2766 causa:
1935 2728 2028 2764 eo-

451 2821 727 2877 rumque:
765 2819 914 2869 sunt,
950 2823 1047 2861 nec
1089 2807 1215 2861 item
1249 2815 1412 2862 erunt
1458 2805 1756 2860 etl'ectricia
1805 2806 2026 2868 horum,

2709 2281 2953 2350 _caeur
3005 2233 3100 2335 vt

2131 2401 2204 2456 De
2233 2409 2513 2474 potestate,
2567 2401 2678 2474 sine
2723 2397 2937 2474 virtute,
2986 2403 3034 2474 et
3077 2393 3342 2474 justitirr;
3379 2399 3427 2445 et
3472 2385 3693 2474 quodue

2195 2467 2451 2540 potestate
2494 2469 2700 2540 inﬁnite
2728 2467 2946 2540 potenti,
2975 2473 3096 2540 et_a
3118 2467 3363 2530 justitia,
3395 2471 3560 2540 pernae

2199 2526 2387 2602 ἔρειδε,
2415 2549 2462 2593 et
2494 2526 2586 2608 pe'r
2605 2554 2659 2591 se
2674 2526 2893 2608 justitia
2917 2526 3192 2600 productas
3221 2539 3344 2586 sunt
3377 2539 3427 2583 et
3455 2526 3667 2595 electa;

2197 2623 2248 2668 et
2283 2627 2399 2681 qua:
2424 2607 2588 2663 ineis
2619 2607 2991 2677 proprietates.

2199 2726 2428 2795 Magnus
2469 2720 2765 2792 Dionysius
2810 2734 2933 2784 cap.
2965 2723 3165 2772 octavo
3209 2713 3281 2769 De
3313 2712 3498 2766 diuinis
3523 2703 3670 2762 ιιοιιιὶο

2079 2874 2084 2878 .
2131 2819 2304 2881 nibus,
2338 2816 2414 2870 ait
2443 2831 2457 2866 :
2484 2813 2551 2868 Et
2579 2811 2724 2882 quod
2754 2809 2898 2865 Deus
2929 2806 3300 2864 deiﬁcationis
3341 2803 3576 2874 princeps
3597 2811 3672 2851 su~

452 2899 598 2970 quod
637 2899 683 2956 si
726 2913 835 2951 non
880 2897 1120 2952 alliciunt
1147 2913 1209 2952 ea
1252 2914 1371 2967 quae
1399 2908 1550 2964 sunt,
1579 2913 1756 2967 neque
1781 2907 1910 2952 sunt
1942 2895 2022 2949 fa-

2134 2926 2231 2982 p-ra
2263 2921 2485 2964 omnem
2525 2910 2852 2975 potestatem
2886 2899 3085 2964 fertur,
3122 2908 3179 2953 et
3217 2909 3432 2952 omnem
3463 2896 3672 2962 potest»
3708 2907 3713 2913 ·

455 2993 634 3046 cultas
667 3006 770 3046 nec
816 2990 1063 3060 operatio
1119 2992 1208 3046 Dei
1241 2991 1484 3046 cll‘ectrix
1519 3001 1572 3046 et
1615 2991 1852 3046 creatrix
1905 2991 2022 3044 uui-

2131 3011 2239 3058 tem
2263 3039 2280 3063 .
2303 2998 2796 3070 quomodocunque
2816 3002 2900 3048 est
2915 3001 2966 3047 et
2987 3007 3050 3047 ex
3060 2990 3360 3059 cogitatur,
3377 2988 3673 3053 exsuperat;

452 3083 620 3151 versi,
650 3084 978 3152 relinquitur
1023 3092 1081 3137 ut
1110 3083 1221 3137 sint
1253 3085 1363 3139 haec
1412 3083 1763 3138 habitudines
1796 3093 1847 3137 et
1877 3098 1998 3138 ema
2055 3078 2098 3135 C
2133 3109 2240 3148 non
2269 3100 2404 3161 ριιιο
2433 3089 2606 3144 ullum
2635 3101 2701 3141 ex
2735 3085 2804 3139 iis
2830 3084 2925 3152 qui
2951 3084 3006 3137 in
3036 3080 3352 3150 Scripturis
3385 3073 3572 3130 divinis
3594 3070 3673 3161 alti

459 3177 730 3240 nationes,
758 3190 877 3245 quae
906 3186 1181 3230 suntcum
1209 3175 1343 3228 liunt
1365 3182 1597 3240 tantum,
1631 3175 1774 3229 sicut
1801 3175 2022 3231 demou-

2135 3190 2262 3238 sunt
2275 3160 2344 3237 iet
2357 3179 2598 3241 educati,
2628 3178 2903 3244 ignorare,
2923 3172 3107 3227 multis
3121 3171 3272 3226 enim
3294 3169 3346 3222 in
3369 3165 3498 3223 locis
3516 3160 3675 3226 Scrip-

456 3279 687 3324 stratum
725 3276 828 3322 est.
890 3266 1026 3321 Cum
1067 3276 1244 3320 autem
1304 3265 1593 3334 Dionysius
1656 3266 1847 3319 horum
1893 3281 2028 3321 con-
2137 3284 2260 3330 tum
2291 3282 2345 3327 et
2373 3269 2804 3325 dominationem
2835 3269 3010 3334 ipsam
3040 3277 3162 3318 esse
3189 3260 3376 3321 lradil.
3403 3266 3454 3313 ei
3479 3257 3542 3309 ab
3566 3251 3677 3320 ίβείε

457 3361 865 3431 templationem
907 3361 1144 3413 dilatat:
1175 3358 1285 3414 Nec
1325 3345 1510 3424 aliam,
1545 3359 1741 3427 inquit,
1773 3359 2030 3413 divinita-
2137 3384 2302 3437 supra
2347 3363 2665 3421 cmlestibus
2719 3359 3081 3431 potestatibus
3121 3363 3377 3427 separat.
3421 3345 3677 3418 Quomodo

427 3464 588 3517 -tem,
647 3469 770 3522 quae
817 3455 982 3506 vitam
1036 3453 1233 3518 pariat,
1268 3453 1524 3518 dicimus,
1558 3460 1752 3520 pra-ter
1808 3465 2030 3505 causam
2141 3461 2307 3529 igitur
2336 3455 2574 3523 theologi
2627 3464 2889 3521 tanquam
2944 3455 3273 3517 potestatein
3312 3443 3544 3502 laudant,
3576 3449 3679 3529 qua:

459 3560 790 3614 supraquam
843 3545 1080 3598 divinam
1130 3543 1373 3598 omnium
1431 3559 1769 3614 quaecunque
1822 3545 2030 3611 vivunt,

458 3650 512 3694 et
534 3654 629 3707 per
659 3653 718 3692 se
750 3637 870 3690 vitae
907 3651 1166 3700 causam;
1199 3637 1342 3706 quod
1371 3636 1416 3690 si
1463 3651 1566 3690 non
1617 3645 1700 3690 est
1728 3637 1833 3691 alia
1868 3651 2033 3692 causa

461 3729 786 3794 viventium,
821 3743 917 3782 nec
948 3726 1050 3781 alia
1085 3727 1341 3781 divinitas
1392 3741 1513 3795 qua:
1546 3727 1708 3779 vitam
1750 3729 1932 3795 pariat
1957 3728 2037 3782 vi-

463 3823 738 3885 ventibus,
767 3821 868 3875 nisi
896 3821 1002 3874 vita
1034 3835 1093 3873 su
1107 3833 1364 3888 praquam
1396 3817 1603 3882 divina,
1639 3828 1695 3873 et
1728 3818 2035 3874 substantia

467 3930 801 3986 supraquain
850 3914 1186 3968 substantia:
1221 3924 1274 3967 et
1320 3913 1496 3982 ipsum
1531 3911 2031 3980 singularissimum

465 4024 522 4064 et
562 4007 1065 4077 splendidissimum
1103 4018 1292 4068 unum,
1339 4011 1392 4057 et
1443 4006 1544 4057 hoc
1585 4014 1674 4060 est
1723 4005 1836 4058 sola
1871 4018 2035 4058 causa

466 4103 736 4163 omnium,
757 4100 978 4152 evidens
1009 4107 1092 4150 est
1125 4096 1266 4164 quod
1303 4096 1418 4149 haec
1445 4110 1567 4164 quae
1598 4096 1772 4163 primo
1801 4104 1855 4150 et
1886 4097 2036 4166 prin-
2139 4098 2254 4155 eius
2299 4111 2399 4167 per
2449 4109 2509 4149 se
2555 4106 2674 4145 esse
2717 4096 3060 4158 potestatem,
3115 4096 3198 4136 vet
3232 4096 3356 4134 esse
3379 4096 3631 4173 univcrfat

466 4192 733 4261 cipialiter
755 4199 903 4252 sunt,
934 4199 985 4242 ct
1020 4187 1210 4242 eB‘ecta
1258 4197 1488 4253 tantum,
1528 4188 1660 4242 nihil
1697 4204 1886 4243 eorum
1911 4201 2038 4258 quae
2141 4197 2236 4244 aut
2264 4185 2597 4254 singuiarem
2642 4178 2877 4247 alicujus
2911 4181 3239 4244 potestatein
3273 4189 3288 4234 ;
3321 4178 3372 4223 et
3402 4174 3458 4220 ut
3501 4159 3684 4215 iuﬁlllle

469 4294 655 4354 postea
699 4293 846 4345 sunt,
889 4291 1143 4350 tanquam
1176 4295 1342 4333 causa
1385 4281 1623 4334 etlieiunt
1656 4299 1668 4334 :
1710 4281 1914 4336 idcirco
1946 4283 2039 4336 bo-
2142 4291 2504 4353 potens,-nou
2529 4274 2709 4330 solum
2731 4269 2964 4338 eo-quod
2989 4279 3208 4322 onmem
3242 4265 3553 4334 potestatem
3575 4263 3687 4354 pref

472 4353 576 4428 nus
610 4373 749 4427 Deus
779 4389 967 4426 eorum
1000 4375 1244 4441 ipsorum
1275 4387 1395 4439 qua:
1423 4372 1596 4440 prima
1626 4383 1777 4434 sunt,
1813 4373 2038 4428 rll'ector
2067 4412 2120 4473 Β
2147 4374 2319 4437 ducit,
2355 4369 2446 4426 sed
2483 4365 2629 4438 quod
2679 4371 2766 4417 est
2807 4375 2970 4429 supra
3010 4372 3230 4410 onmem
3267 4353 3688 4473 pot-:smteminfi

491 4467 522 4473 .-
566 4467 575 4473 .
751 4467 760 4473 .
801 4463 814 4473 .
879 4465 890 4473 .
1472 4463 1481 4472 ο
1690 4466 1698 4473 .
1740 4465 1750 4473 ι
1940 4465 1950 4473 .
1994 4467 2002 4473 .
2346 4465 2356 4473 .
2686 4470 2732 4473 κ-
2774 4460 3091 4473 Δ-.-,ιΑ.Α...
3120 4465 3132 4473 .
3166 4456 3212 4473 Α.
3252 4459 3374 4473 η-ιΛ.
3427 4451 3574 4473 ειιηνέἱ
3667 4456 3686 4467 ⁸

471 4467 693 4526 dicitur,
732 4463 926 4519 deinde
973 4480 1160 4518 eorum
1221 4479 1344 4532 quae
1393 4463 1650 4518 universe
1682 4465 1758 4533 (ιι)
1814 4465 2038 4533 partici-
2069 4445 2119 4473 ν
2151 4481 2314 4535 supra
2346 4465 2516 4534 ipsam
2551 4473 2647 4528 per
2680 4470 2738 4509 se
2771 4460 3093 4524 potestatem
3120 4465 3134 4501 :
3163 4456 3219 4500 et
3250 4445 3394 4515 quod
3426 4451 3577 4508 supra
3601 4445 3686 4500 νο·

475 4569 629 4628 pant,
663 4568 846 4627 postea
874 4571 1063 4610 eorum
1097 4571 1225 4624 qua:
1247 4557 1300 4608 in
1326 4562 1489 4624 parte
1529 4571 1542 4608 :
1589 4555 1670 4609 sic
1699 4555 2042 4611 demonstrat
2150 4567 2258 4614 test
2284 4549 2760 4610 itmum'erahitliter
2791 4543 3032 4599 infinitas
3086 4539 3224 4592 aiias
3251 4541 3540 4607 potestates
3571 4539 3674 4595 ιπο-

475 4653 648 4706 Solum
718 4650 885 4703 Deutn
945 4664 1064 4703 esse
1119 4662 1342 4702 causam
1406 4647 1692 4716 omnium,
1762 4650 1875 4703 sive
1930 4652 2044 4719 pri-
2153 4654 2354 4708 ducere
2385 4668 2397 4714 ;
2432 4657 2486 4701 et
2520 4641 2666 4715 quod
2701 4640 2952 4701 inli'nitte,
2997 4645 3050 4690 et
3079 4632 3303 4688 infinito
3337 4639 3553 4684 numero
3577 4631 3688 4690 pro.

476 4760 562 4796 ma
617 4741 889 4806 dicuntur,
944 4739 1056 4793 sive
1117 4741 1390 4805 universe,
1459 4739 1578 4796 sive
1640 4742 1692 4794 in
1743 4749 1926 4810 parte;
1993 4753 2046 4798 et
2155 4747 2332 4802 ducta:
2359 4748 2650 4813 potestates
2679 4746 2961 4801 nunquam
2992 4735 3196 4797 queant
3224 4725 3479 4780 hebetare
3503 4723 3590 4770 aut
3614 4727 3684 4813 rc-

411 4848 414 4851 ·
475 4836 588 4890 sive
633 4835 712 4889 sie
765 4833 1084 4903 parti-cipata
1135 4833 1412 4895 dicuntur,
1465 4835 1579 4886 sive
1621 4809 1998 4902 participautia
2028 4877 2040 4899 ,
2161 4809 2389 4894 tundere
2427 4841 2756 4899 supraquam
2798 4823 3119 4876 inﬁnitatem
3172 4814 3533 4907 eﬁectioaent_
3555 4809 3687 4907 poto-

477 4926 623 4996 quud
659 4927 703 4981 si
737 4899 875 4982 idem
905 4899 977 4981 et-
995 4927 1144 4980 solus
1191 4935 1381 4980 auctor
1402 4934 1484 4979 est
1512 4935 1564 4979 et
1601 4899 2042 4995 participantium
2156 4930 2314 4984 statis
2347 4924 2466 4992 ejus
2503 4914 2848 4989 potentilicae,
2884 4911 2998 4965 haec
3027 4907 3192 4976 igitur
3229 4911 3469 4976 potestas
3499 4899 3586 4951 Dei
3617 4899 3689 4996 in-

478 4994 533 5074 et
591 5019 1067 5088 participatoruni,
1124 5017 1347 5084 evidens
1398 5027 1482 5070 est
1548 5017 1591 5069 si
1642 4994 2042 5087 'participantia
2159 5019 2307 5074 liuite
2339 5022 2554 5084 potens,
2597 5009 2648 5060 in
2685 5003 2871 5060 omnia
2901 5013 3022 5069 quae
3053 5005 3204 5060 sunt,
3241 4994 3688 5088 meatetpr-oqre:

479 5077 746 5166 creaturae
784 5077 933 5172 sunt,
995 5118 1049 5161 et
1111 5079 1434 5176 participata
1491 5077 1711 5176 penitus
1760 5077 2044 5167 creaturas
2155 5077 2607 5174 diuum-nihilque
2635 5112 2828 5153 eorum
2862 5107 2986 5164 qua:
3017 5098 3164 5153 sunt,
3195 5086 3418 5142 omnino
3452 5077 3687 5136 nudatum

2138 3523 2292 3606 extra
2317 3559 2533 3604 omnem
2566 3550 2896 3613 potestatein
2928 3541 3110 3607 posita
3149 3535 3283 3590 est?
3311 3541 3408 3587 aut
3437 3523 3679 3599 quomodo

2135 3643 2196 3698 in
2225 3657 2286 3697 ea
2316 3653 2515 3694 nomen
2547 3632 2834 3705 potestatis
2859 3627 3248 3698 accipiemus?
3285 3623 3514 3678 Dicimus
3538 3616 3680 3685 igitur

2138 3735 2309 3792 Deum
2346 3737 2469 3788 esse
2499 3734 2843 3800 potestatem,
2882 3732 2942 3778 nt
2977 3721 3072 3790 qui
3107 3718 3422 3788 prmhaheat
3454 3717 3504 3766 in
3536 3723 3608 3769 se,
3636 3712 3680 3756 cl

2135 3839 2472 3897 supraquam
2513 3821 2712 3876 habeat
2752 3827 2966 3871 omnem
3002 3819 3333 3882 potestatem
3365 3825 3379 3869 ;
3408 3815 3459 3897 et
3486 3812 3549 3897 ut
3579 3812 3684 3897 oui-

2138 3894 2225 3972 uis
2251 3894 2540 3984 potestatis
2567 3919 2781 3975 auctor,
2813 3913 2873 3961 et
2907 3913 2965 3958 ut
2989 3903 3179 3956 omnia
3222 3894 3499 3953 iulletibili
3532 3899 3582 3943 et
3609 3894 3679 3987 in-

2139 4005 2561 4072 c-ireumscripta
2590 4006 2860 4068 potestate
2891 3993 3231 4063 producens,
3265 3997 3395 4043 etut
3423 3989 3597 4036 auctor
3618 3990 3684 4038 ιιιο

2139 4098 2254 4155 eius
2299 4111 2399 4167 per
2449 4109 2509 4149 se
2555 4106 2674 4145 esse
2717 4095 3060 4158 potestatein,
3115 4083 3198 4136 vel
3232 4095 3356 4134 esse
3379 4076 3682 4167 universae).

1958 5265 2227 5329 Schoha.

2155 5391 2271 5445 haec
2307 5386 2478 5447 magis
2527 5382 2710 5438 adhuc
2765 5391 2832 5432 ex
2865 5390 2994 5447 cap.
3062 5375 3093 5427 ’1
3145 5367 3363 5426 deoadis
3413 5363 3464 5429 7,
3512 5357 3621 5413 deo.
3663 5347 3694 5404 8

484 5413 514 5450 a
543 5397 707 5450 rcbus
738 5393 1150 5454 exsistentibus,
1184 5406 1290 5445 non
1323 5399 1501 5463 tamen
1529 5389 1854 5463 simpliciter
1887 5391 2047 5463 abso-
2155 5391 2271 5445 haec
2307 5389 2478 5463 magis
2509 5389 2786 5463 adnuont;

2157 5476 2280 5529 cap.
2311 5460 2366 5524 4,
2400 5449 2588 5511 iicebit
2613 5449 2942 5518 intelligere.

485 5469 596 5520 luta
627 5477 677 5520 et
704 5466 999 5526 abstracta,
1027 5463 1152 5529 quia
1192 5463 1246 5515 in
1275 5477 1330 5514 re
1358 5460 1758 5528 participantur
1781 5461 1851 5514 ab
1873 5461 2050 5516 exsis-

488 5537 754 5600 tentibus,
782 5545 833 5587 et
867 5542 996 5587 sunt
1019 5532 1211 5588 eliccta
1243 5548 1269 5583 a
1302 5531 1432 5588 Deo.
1461 5546 1490 5583 a
1525 5546 1635 5600 quo
1665 5532 1920 5600 pendent,
1950 5533 2046 5586 sed

563 5720 640 5790 (η)
681 5719 964 5782 ιὶιιίιικιειιπ,
995 5730 1048 5772 ιιι
1081 5722 1188 5772 vita
1217 5719 1454 5774 omnium
1480 5717 1806 5798 vivent-lum;
1841 5717 1892 5771 in
1924 5729 2019 5786 par

2131 5719 2185 5769 ut
2208 5711 2316 5767 vita
2344 5705 2621 5764 hominum
2650 5711 2740 5757 aut
2766 5696 3106 5767 angelorum,
3128 5701 3233 5747 etc.
