3980 6208
356 301 462 364 8Ξ5

1073 302 1312 363 DECAS
1346 305 1408 363 V.
1438 329 1504 340 --
1537 304 1635 363 DE
1671 298 2342 365 PROI’RIETAFIBUS
2375 299 2617 364 DIVIN.
2659 298 2934 363 ΝΟΜΙΝ.

3495 289 3600 368 ὃῖῑ

357 426 463 479 est,
507 415 638 484 quin
676 413 916 484 aliquam
958 423 1272 483 potestatein
1313 415 1507 468 habeat
1535 434 1548 480 ;
1577 416 1708 482 quin
1747 417 1924 485 potius
1953 421 1999 478 Α
2029 419 2170 488 quod
2233 418 2460 473 inﬁnita:
2515 416 2818 487 potestates
2873 417 2926 470 in
2995 414 3266 470 inﬁnitum
3320 415 3600 483 productas

359 515 682 574 potestatem
718 505 880 560 habet
910 505 995 560 vel
1022 504 1432 572 intelligentcm,
1467 504 1548 558 vel
1587 506 1926 559 ratiocinan-

358 605 492 661 tem,
537 597 618 651 vel
653 597 996 662 sentientem,
1045 596 1129 650 vel
1170 595 1468 659 viventem,
1519 596 1600 649 vel
1647 596 1922 665 propriam

360 689 682 743 substantia
711 706 724 753 ;
755 697 809 742 et
831 688 1004 766 ipsum
1036 702 1176 748 esse,
1210 686 1253 740 si
1286 686 1367 740 fas
1396 694 1479 740 est
1506 687 1711 750 dicere,
1740 679 1924 756 potes—

362 788 526 834 tatem
559 779 722 834 habet
749 787 808 832 ut
840 781 934 845 sit,
966 779 1033 832 ab
1064 776 1182 847 ipsa
1219 793 1386 845 supra
1415 777 1783 832 substantiam
1825 793 1928 847 po-

362 878 597 935 testate;
628 875 757 924 etut
779 867 950 924 semel
985 867 1183 933 dicam,
1217 865 1351 918 nihil
1379 872 1464 920 est
1487 867 1541 919 in
1577 866 1925 931 universum,

363 961 506 1031 quod
534 959 928 1030 omnipotentis
975 959 1161 1022 tutela,
1192 965 1245 1012 et
1277 957 1691 1013 conservatione
1719 958 1919 1013 divinae

361 1047 618 1116 potentiae
639 1047 912 1116 privatum
939 1045 1028 1111 sit,
1070 1044 1213 1115 quod
1235 1045 1385 1100 enim
1418 1044 1674 1102 universe
1709 1047 1914 1101 nullam

364 1137 526 1191 habet
544 1145 890 1206 potestatem,
919 1151 1020 1191 nec
1046 1145 1146 1202 est,
1173 1151 1270 1190 nec
1294 1134 1583 1207 quidquam
1603 1145 1706 1200 est,
1727 1154 1826 1192 nec
1847 1146 1931 1192 est

365 1221 612 1283 funditus
643 1229 783 1283 ullus
811 1229 931 1296 ejus
963 1228 1125 1283 situs.
1155 1225 1222 1280 Et
1252 1242 1443 1283 rursus
1472 1229 1614 1283 idem
1651 1228 1704 1282 in
1731 1229 1919 1283 eodem

363 1317 585 1386 capite:
624 1318 662 1372 A
714 1317 926 1386 justitia
990 1323 1170 1371 autem
1223 1330 1417 1374 rursus
1467 1317 1720 1374 laudatur
1762 1319 1926 1384 Deus,

363 1409 509 1476 quod
542 1409 817 1475 omnibus,
845 1417 903 1463 ut
932 1408 1157 1485 dignum
1185 1417 1269 1465 est
1298 1410 1502 1465 tribuat
1532 1419 1585 1465 et
1609 1424 1920 1479 congruen-

364 1510 471 1554 tem
506 1501 749 1569 modum,
779 1512 833 1556 et
867 1501 1352 1571 pulchritudinem,
1392 1509 1446 1557 et
1471 1502 1926 1583 compositionem

363 1593 594 1658 ordinis,
625 1601 680 1646 et
717 1591 1170 1661 dispositionem;
1217 1599 1274 1646 et
1313 1591 1566 1645 omnibus
1610 1591 1918 1662 dispertiat,

362 1693 416 1737 et
453 1683 687 1753 singulis
713 1683 935 1740 ordines
967 1683 1270 1754 praestituat
1304 1682 1605 1738 secundum
1640 1697 1823 1737 veram
1874 1689 1928 1739 et

363 1773 724 1842 justissimam
754 1774 1244 1843 praescriptionem,
1272 1779 1325 1828 et
1341 1772 1598 1828 omnibus
1616 1785 1730 1828 suae
1744 1773 1930 1843 cujus-

364 1877 473 1930 que
502 1863 736 1919 actionis
763 1873 954 1919 auctor
986 1865 1076 1928 sit,
1112 1863 1293 1918 omnia
1328 1865 1473 1918 enlm
1499 1863 1684 1919 divina
1718 1865 1931 1935 justitia

365 1953 602 2015 ordinat,
633 1961 687 2008 et
715 1954 832 2009 suis
863 1953 1111 2008 terminis
1141 1952 1364 2020 deﬁnit;
1399 1960 1456 2009 et
1481 1955 1666 2009 omnia
1700 1955 1767 2011 ab
1804 1971 1928 2011 om-

364 2043 516 2097 nium
545 2042 804 2099 mistione
835 2053 889 2098 et
912 2042 1234 2100 confusione
1275 2045 1444 2099 libera
1489 2055 1710 2110 servat;
1749 2047 1929 2100 omni-

366 2134 486 2195 bus,
519 2149 641 2202 quae
667 2135 866 2204 cuique
893 2135 1246 2201 conveniunt,
1272 2143 1324 2191 et
1349 2145 1406 2191 ut
1423 2137 1683 2206 quodque
1707 2137 1927 2206 dignum

361 2233 470 2287 est,
507 2225 648 2278 dona
679 2225 926 2296 largitur.
966 2226 1040 2279 Ex
1077 2225 1163 2280 his
1212 2238 1392 2281 autem
1431 2226 1542 2294 jam
1573 2230 1742 2296 patet,
1777 2226 1922 2295 quod

363 2323 608 2384 potestas
633 2313 730 2368 Dei
761 2316 1050 2384 potestatis
1073 2315 1343 2383 eﬁ‘eetrix,
1370 2330 1494 2386 quae
1513 2329 1731 2371 omnem
1763 2331 1928 2372 exsu-

367 2416 520 2474 perat
562 2415 914 2476 potestaitem,
946 2423 1067 2478 quae
1112 2416 1194 2462 est
1241 2423 1438 2474 unum,
1488 2415 1545 2463 et
1594 2422 1926 2478 supraquam

365 2497 697 2563 substantia,
725 2513 848 2567 qum
877 2511 1093 2573 omnem
1126 2504 1448 2566 potestatem
1480 2498 1538 2552 in
1565 2513 1625 2553 se
1653 2499 1931 2568 prtehabet

361 2596 600 2656 etsupra
617 2589 799 2654 habet,
822 2588 934 2643 haec
949 2592 1166 2642 omnem
1187 2595 1502 2658 potestatem
1528 2594 1584 2642 et
1600 2589 1925 2657 generaiem,

361 2687 417 2731 et
444 2677 498 2730 in
532 2687 709 2747 parte,
741 2687 796 2734 et
828 2679 1000 2748 ipsam
1023 2675 1178 2732 illam
1211 2692 1305 2748 per
1329 2693 1392 2734 se
1424 2689 1742 2750 potestatem
1776 2681 1927 2752 cogi-

360 2767 572 2823 tatione
599 2770 954 2835 abstractam,
981 2783 1048 2822 ex
1073 2769 1143 2824 iis
1165 2785 1286 2838 qua
1304 2785 1412 2824 non
1439 2780 1587 2838 sunt,
1622 2773 1924 2826 secundum

367 2873 522 2915 suam
553 2855 906 2917 inﬂexibilem
947 2870 999 2915 et
1026 2860 1562 2931 incircumscriptam
1598 2871 1924 2932 petestatem

361 2953 642 3022 producit,
663 2963 720 3007 et
741 2952 873 3010 facit
898 2953 1162 3008 exsistere
1188 2971 1202 3007 :
1235 2961 1294 3008 et
1315 2968 1384 3008 ex
1417 2954 1533 3021 ipsa
1560 2953 1922 3015 emanatione,

2030 512 2362 567 creationem
2401 525 2732 579 supraquam
2776 509 3042 563 inﬁnitam
3077 507 3402 576 potentitlcre
3443 518 3598 576 pote-

2029 601 2186 654 statis
2221 599 2342 668 ejus
2390 601 2682 654 retundere
2720 615 2997 668 nunquam
3037 606 3286 667 possunt.
3327 599 3384 650 Si
3434 599 3599 663 igitur

2031 699 2272 758 potestas
2310 699 2526 743 ostensa
2562 703 2670 743 non
2703 687 2928 741 haberet
2957 696 3277 757 potestatem
3312 688 3408 740 has
3449 697 3599 755 pote-

2030 790 2197 835 states
2228 779 2546 848 recipiendi,
2585 794 2866 848 nunquam
2900 779 3243 846 promitteret
3279 778 3592 847 Dionysius,

2032 867 2272 922 inﬁnitas
2302 867 2420 922 illas
2455 874 2750 936 potestates
2780 881 2808 919 a
2836 868 3138 935 potentilica
3165 876 3442 935 potestate.
3471 883 3597 936 pro-

2029 959 2220 1014 ductas
2248 973 2354 1012 non
2386 973 2545 1027 posse
2584 959 2851 1013 actionem
2886 959 3002 1027 ejus
3054 959 3302 1015 obtusam
3343 960 3595 1022 reddere,
3666 971 3670 974 '

2030 1065 2200 1120 quare
2233 1048 2434 1114 evenit,
2475 1057 2534 1103 ut
2569 1058 2809 1118 potestas
2861 1048 3004 1102 bono
3053 1050 3447 1118 appropinqnet
3491 1051 3593 1119 (a),

2029 1141 2178 1212 quod
2207 1140 2350 1196 enim
2389 1140 2443 1195 in
2475 1139 2789 1194 universum
2823 1139 3023 1192 nullam
3058 1150 3376 1208 potestatem
3407 1140 3592 1206 habet,

2028 1245 2131 1288 nec
2174 1240 2276 1297 est,
2317 1246 2417 1287 nec
2466 1231 2672 1300 aliquid
2723 1239 2827 1291 est,
2866 1243 2966 1283 nec
3016 1244 3245 1298 prorsus
3293 1234 3427 1284 situs
3475 1231 3596 1299 ejus

2027 1331 2154 1379 est:
2209 1321 2414 1378 idcirco
2460 1318 2665 1376 eisdem
2707 1318 2909 1374 ﬁnibus
2955 1320 3212 1372 metimur
3246 1322 3592 1388 potestatem,

2028 1421 2081 1468 et
2119 1413 2170 1468 id
2201 1412 2346 1484 quod
2390 1419 2491 1478 est,
2529 1425 2628 1466 nec
2658 1410 2960 1481 porrigitur
3000 1418 3243 1478 potestas
3286 1409 3337 1461 in
3374 1425 3437 1463 ea
3473 1425 3596 1477 qua:

2029 1519 2137 1559 non
2171 1513 2318 1571 sunt,
2369 1505 2518 1560 sicut
2546 1502 2753 1557 bonum
2807 1499 3129 1570 porrigitur,
3181 1498 3368 1553 eadem
3415 1507 3595 1553 autem

2029 1605 2110 1651 est
2133 1595 2436 1664 proprietas
2461 1593 2743 1647 nominum
2771 1591 3026 1662 justitia,
3055 1589 3271 1656 salutis,
3303 1598 3356 1643 et
3387 1588 3600 1644 redem-

2030 1685 2255 1756 ptionis,
2286 1683 2498 1755 justitia
2534 1667 2682 1737 enim
2721 1678 2815 1735 Dei
2852 1694 3193 1750 supraquam
3230 1686 3446 1748 potens.
3477 1690 3599 1745 quae

1963 1749 2003 1804 Β
2026 1749 2178 1849 justa
2205 1749 2306 1838 est,
2336 1784 2391 1830 et
2420 1774 2669 1844 justitias
2700 1772 2902 1841 diligit,
2935 1769 3369 1839 uniuscujusque
3406 1782 3594 1824 eorum

2032 1882 2153 1939 quze
2186 1874 2336 1933 sunt,
2370 1864 2616 1920 ordinem
2671 1861 2879 1928 deﬁnit,
2927 1871 2980 1916 et
3030 1860 3301 1931 producit,
3347 1869 3402 1914 et
3446 1857 3599 1928 ponit

2032 1956 2330 2014 secundum
2382 1952 2661 2027 prppriam
2697 1951 2967 2004 actionem
3005 1966 3017 2001 :
3063 1957 3119 2003 et
3164 1946 3464 2002 secundum
3500 1961 3596 2000 su-

2031 2061 2293 2116 praquam
2319 2041 2594 2116 inﬁnitam
2619 2041 2888 2110 justitiam
2925 2055 3079 2094 suam
3117 2039 3409 2107 unicuique
3431 2036 3596 2107 justi-

2031 2111 2118 2193 tiae
2145 2111 2212 2191 ab
2237 2135 2356 2204 ipso
2396 2111 2678 2204 productae
2719 2133 2975 2187 virtutem
3009 2129 3227 2194 indidit,
3276 2125 3596 2182 reddentem

2030 2227 2287 2283 omnibus
2313 2241 2412 2296 pro
2441 2226 2745 2295 dignitate;
2771 2224 2854 2279 vel
2876 2221 3152 2294 propriam
3180 2219 3450 2275 actionem
3477 2232 3601 2287 par-

2030 2319 2165 2374 tium
2185 2320 2399 2382 animm,
2425 2319 2508 2372 vel
2539 2316 2969 2372 medionritatem
3005 2314 3146 2368 inter
3169 2312 3292 2382 plus
3314 2319 3368 2365 et
3397 2310 3597 2373 minus,

2030 2412 2114 2466 vel
2151 2411 2449 2481 appetitum
2497 2410 2821 2464 tribuentem
2851 2405 3219 2476 aequalitatem
3251 2419 3265 2465 ;
3301 2401 3384 2455 vel
3411 2415 3599 2455 rursus

2031 2504 2273 2558 habitum
2329 2501 2782 2572 prospicientem~
2811 2499 2963 2553 utilia
3016 2497 3072 2551 in
3131 2508 3460 2556 commune,
3515 2492 3602 2546 vel

2025 2594 2296 2649 scientem
2327 2607 2516 2646 eorum
2558 2605 2680 2660 qure
2708 2597 2835 2644 sunt
2885 2585 3197 2648 tribuenda,
3237 2591 3289 2636 et
3322 2596 3443 2650 qua:
3488 2595 3598 2634 non

2033 2687 2358 2750 tribuenda;
2389 2683 2470 2738 vel
2502 2687 2796 2740 fneutrum.
2829 2689 2883 2732 et
2915 2686 2974 2732 ut
3007 2675 3175 2732 semel
3224 2674 3430 2740 dicam,
3465 2671 3601 2726 nihil

2032 2777 2250 2847 reliquit
2277 2777 2396 2832 sine
2443 2775 2654 2828 honore
2691 2769 2916 2839 iustitiae
2944 2785 2971 2822 a
3005 2784 3063 2822 se
3112 2765 3426 2835 productas;
3469 2763 3601 2831 quin

2031 2871 2211 2940 potius
2240 2883 2430 2922 omnes
2455 2865 2680 2935 capillos
2697 2861 2890 2932 capitis
2913 2858 3084 2916 nostri
3113 2867 3385 2923 numerat,
3409 2863 3462 2908 et
3479 2869 3605 2924 pas-

2031 2971 2203 3017 serem
2238 2957 2468 3012 duorum
2498 2956 2699 3009 assium
2730 2967 2836 3006 non
2866 2950 2994 3005 sinit
3022 2947 3329 3002 inciderein
3351 2945 3603 3015 laqueum

366 3056 487 3111 qua:
523 3043 581 3096 in
611 3045 871 3098 universo
893 3045 1160 3108 cernitur,
1203 3030 1455 3112 suppetit
1481 3043 1652 3097 'nobis
1693 3041 1928 3098 facultas
1954 3062 1997 3122 (ι
2030 3054 2147 3108 sine
2181 3048 2490 3122 justissima
2536 3045 2812 3099 voluntate
2840 3057 2939 3098 sua
2968 3057 2981 3094 :
3017 3049 3072 3093 et
3144 3036 3444 3104 injustitias
3503 3048 3603 3087 no-

374 3132 686 3188 λυπῆταιηῶ
707 3135 874 3189 Deum
896 3145 1245 3204 potestatem.
1264 3133 1408 3188 Idem
1431 3133 1594 3187 etiam
1622 3134 1933 3190 celebratus

366 3233 454 3279 est
479 3239 511 3278 a
546 3224 705 3280 nobis
727 3227 948 3280 nomine
976 3225 1226 3295 iustitiae,
1276 3239 1385 3278 non
1413 3225 1560 3293 quod
1594 3225 1709 3292 ipse
1733 3225 1804 3280 sit
1837 3239 1934 3279 co-

371 3318 554 3384 gnitus
580 3314 791 3384 justitia
815 3316 916 3386 (1),
951 3310 1101 3386 (hoc
1137 3315 1286 3370 enim
1319 3329 1498 3384 neque
1521 3315 1677 3369 eﬂ'ari
1710 3329 1819 3370 nec.
1842 3315 1930 3369 ln-

373 3406 615 3476 tetligere
640 3419 953 3474 possumus,
978 3404 1121 3459 sicut
1141 3403 1541 3470 magnitudinis
1569 3403 1691 3472 ejus
1719 3416 1827 3458 non
1847 3413 1932 3459 est

373 3497 520 3560 ﬁnis,
548 3504 602 3552 et
637 3497 944 3551 intellectus
975 3497 1093 3563 eius
1119 3509 1230 3549 non
1261 3503 1348 3549 est
1375 3505 1640 3547 numerus
1665 3495 1684 3561 9
1711 3493 1932 3548 sedeo-

367 3587 655 3656 gnoscitur
691 3586 915 3656 justitia
940 3598 1007 3640 ex
1037 3584 1245 3654 justitia
1281 3597 1446 3654 quam
1469 3584 1726 3654 produxit
1751 3585 1932 3649 nobis,

379 3681 668 3746 imponens
697 3679 932 3748 singulis
958 3678 1120 3732 rebus
1134 3676 1384 3731 ordinem
1407 3684 1461 3730 et
1489 3675 1932 3745 descriptionem,

371 3778 428 3821 et
459 3775 655 3821 caetera
689 3767 869 3821 omnis
910 3765 1139 3836 justitia:
1188 3765 1455 3834 pondera.
1503 3761 1581 3817 Ex
1634 3765 1720 3820 his
1767 3766 1934 3820 etiam

371 3868 557 3927 potest
597 3860 720 3928 quis
747 3859 1027 3928 percipere
1055 3859 1438 3927 proprietates,
1489 3858 1734 3914 cernitur
1763 3859 1936 3924 enim,

375 3950 838 4020 quemadmodum
869 3949 928 4003 in
967 3963 1312 4018 quacunque
1340 3949 1605 4018 pervadit,
1646 3950 1722 4004 ibi
1742 3960 1935 4020 potes-
2019 3964 2023 3968 '

379 4053 460 4098 tas
485 4043 604 4112 ejus
623 4050 888 4107 versatur,
911 4049 969 4097 et
993 4041 1041 4096 si
1065 4041 1146 4096 t'as
1173 4039 1462 4096 estdicere
1482 4040 1560 4111 (2)
1586 4042 1762 4109 ipsum
1789 4055 1936 4106 esse,

376 4144 428 4188 et
457 4133 607 4203 quod
642 4141 725 4187 est
753 4132 1067 4187 universum
1097 4146 1236 4194 esse,
1265 4139 1324 4184 ut
1354 4131 1447 4193 sit,
1483 4138 1803 4198 potestatem
1836 4128 1936 4185 ha’-'

377 4226 465 4278 bet
499 4225 571 4278 ab
620 4223 737 4293 ipsa
785 4231 1070 4293 potestate,
1092 4235 1224 4290 quae
1255 4235 1584 4289 supraquam
1631 4218 1938 4275 substantia

373 4324 481 4379 est,
503 4315 677 4384 igitur
697 4325 838 4377 esse,
865 4328 1004 4383 opus
1033 4322 1114 4367 est
1143 4308 1428 4381 potestatis
1451 4328 1469 4378 ;
1495 4311 1587 4365 sed
1620 4325 1731 4365 non
1757 4311 1934 4381 ipsum

2037 3151 2215 3203 stras,
2251 3153 2373 3208 qua:
2420 3135 2707 3197 dicuntur,
2757 3130 3032 3186 convincit
3067 3143 3188 3183 esse
3225 3126 3602 3180 aberrationes

2034 3241 2348 3286 nostrorum
2381 3225 2800 3288 desideriorum,
2847 3228 3076 3276 cunctos
3108 3233 3236 3273 vero
3261 3216 3476 3284 justitia
3503 3230 3602 3270 sua

2035 3321 2224 3388 implet
2263 3322 2319 3372 et
2347 3315 2483 3370 nihil
2512 3327 2707 3369 eorum
2737 3325 2862 3380 quae
2911 3319 3058 3368 sunt.
3111 3307 3164 3362 in
3198 3320 3256 3360 re
3300 3305 3408 3358 ulla
3446 3303 3603 3373 justa

2035 3407 2152 3476 ejus
2192 3407 2368 3461 salute
2421 3415 2476 3459 et
2516 3400 2937 3458 conservatione
2979 3397 3258 3466 privatum
3302 3400 3406 3458 est,
3457 3392 3613 3446 unde

2036 3501 2247 3554 videtur
2279 3497 2409 3550 mihi
2454 3495 2638 3549 valere
2684 3491 2820 3546 illud
2875 3488 3286 3558 pervulgatum:
3341 3485 3609 3556 lnjuriam.

2035 3590 2250 3662 quidem
2301 3588 2481 3644 facere
2527 3597 2743 3647 omnes,
2780 3582 2914 3636 nulli
2963 3596 3090 3635 vero
3146 3577 3405 3648 injuriam
3457 3574 3599 3631 ﬁeri.

2617 3694 2854 3753 CAPUT
2893 3693 3012 3748 VII.

2012 3788 2358 3893 (Deoitatet
2399 3813 2468 3868 de
2492 3812 2798 3893 sapientia,
2825 3824 2944 3893 (tua:
2993 3801 3602 3893 inpieo‘esttetgqtt‘od

2104 3890 2223 3955 ipsa
2249 3886 2359 3939 vita
2381 3893 2432 3937 et
2457 3881 2724 3951 sapientia
2750 3891 2803 3934 et
2829 3881 2967 3955 Deus
2989 3886 3072 3955 est
3095 3885 3281 3955 mter
3311 3884 3359 3927 et
3389 3881 3606 3955 screator

2107 3941 2198 4026 per
2232 3971 2285 4026 se
2325 3955 2464 4016 vitae,
2510 3941 2693 4026 ét_per
2721 3966 2776 4004 se
2824 3946 3132 4016 sapientire;
3165 3953 3216 3998 et
3261 3958 3376 4014 qua
3417 3941 3605 3995 horum
3644 3948 3652 3956 ‘

2110 4023 2380 4080 nominum
2405 4023 2776 4093 praprietatea.

2113 4137 2404 4210 Dionysius
2458 4151 2579 4206 cap.
2625 4141 2782 4190 sexto
2834 4132 2908 4186 De
2954 4129 3140 4184 divinis
3177 4125 3474 4183 nominibus
3501 4124 3603 4194 (ιι).

2041 4229 2214 4296 Nunc,
2236 4227 2434 4299 inquit,
2453 4225 2720 4281 laudanda
2750 4223 2906 4278 nobis
2935 4231 3020 4276 est
3038 4221 3142 4274 vita
3169 4227 3391 4281 aeterna,
3410 4231 3474 4269 ex
3499 4229 3609 4284 qua

2041 4337 2138 4392 per
2174 4336 2232 4377 se
2285 4322 2417 4384 vita,
2451 4329 2505 4372 et
2548 4316 2726 4372 omnis
2752 4315 2858 4368 vita
2889 4319 3111 4376 manat;
3139 4319 3254 4363 et-a
3287 4322 3394 4376 qua
3429 4307 3608 4359 vivere

374 4421 495 4462 esse
535 4414 777 4474 potestas
800 4413 904 4468 est,
942 4417 1132 4459 verum
1166 4410 1423 4471 tanquam
1467 4400 1524 4456 in
1563 4401 1818 4471 subjecto
1850 4413 1931 4460 est

2040 4413 2099 4469 in
2143 4415 2326 4469 omnia
2359 4426 2582 4482 quoquo
2606 4409 2764 4462 modo
2795 4407 2958 4461 vitam
2981 4400 3606 4472 participantia,conve-

378 4505 655 4566 potestas,
725 4505 985 4564 praeterea
1045 4491 1190 4548 inest
1251 4491 1549 4562 proprietas
1605 4510 1937 4566 supraquam

378 4600 564 4655 posse,
611 4585 878 4656 siquidem
922 4593 1160 4655 potestas
1205 4599 1539 4654 supraquam
1583 4595 1776 4652 potens
1823 4586 1940 4652 Dei,

377 4677 470 4745 qui
511 4685 594 4731 est
628 4691 961 4746 supraquam
997 4674 1326 4738 substantia,
1359 4674 1554 4730 indidit
1589 4677 1749 4733 nobis
1780 4677 1941 4732 intel-

378 4769 575 4823 lectum
606 4769 947 4839 possibilem,
987 4776 1040 4822 ut
1067 4767 1158 4837 qui
1195 4781 1318 4819 eum
1346 4767 1597 4834 producit
1625 4779 1682 4822 et
1709 4770 1941 4836 creavit,

380 4862 453 4915 sit
476 4876 806 4931 supraquam
836 4869 1028 4930 potens
1059 4858 1124 4912 ad
1158 4859 1568 4926 producendum
1598 4859 1736 4914 alias
1764 4871 1943 4929 potes-

380 4959 522 5010 tates
546 4954 790 5008 diversas
821 4955 888 5006 ab
915 4950 982 5005 iis
1014 4965 1136 5020 qua:
1164 4959 1318 5016 sunt,
1351 4949 1562 5004 inﬁnite
1589 4949 1848 5019 inﬁnitas,
1886 4961 1941 5006 et

2044 4509 2258 4562 nienter
2292 4503 2585 4570 unicuique
2613 4497 3019 4553 disseminatur.
3047 4491 3233 4558 Itaque
3266 4489 3396 4553 vita,
3443 4496 3613 4555 atque

2045 4593 2432 4660 immortalitas
2453 4587 2844 4645 immortalium
2876 4583 3218 4653 angelorum,
3251 4586 3304 4632 et
3337 4577 3473 4644 illud
3496 4589 3611 4631 non

2046 4702 2206 4758 posse
2237 4698 2433 4754 capere
2461 4680 2742 4736 interitum
2781 4674 3194 4745 perpetuitatem
3231 4668 3491 4738 angelicae
3527 4669 3610 4722 vi-

2043 4787 2133 4842 tae,
2169 4791 2233 4832 ex
2269 4776 2383 4845 ipsa
2412 4785 2464 4829 et
2489 4779 2704 4843 propter
2733 4769 2904 4837 ipsam
2937 4771 3087 4820 estet
3118 4761 3388 4823 subsiStit,
3419 4773 3621 4829 quamn

2042 4874 2227 4923 ohre-n
2279 4881 2498 4936 semper
2557 4866 2806 4918 viventes
2843 4868 2897 4914 et
2926 4855 3265 4912 immortales
3303 4855 3562 4908 dicuntur
3589 4869 3611 4913 τ

2046 4971 2100 5016 et
2127 4976 2319 5016 rursus
2347 4974 2456 5015 non
2480 4955 2834 5016 immortales,
2859 4951 2986 5022 quia
3013 4963 3129 5003 non
3163 4961 3280 5017 ese
3311 4946 3513 5001 habent
3548 4951 3623 4998 ut

1865 5087 2136 5152 Schoha.

451 5191 526 5260 (l)
574 5189 948 5260 Coguoscimus
992 5186 1199 5254 quidem
1249 5185 1414 5239 Deum
1457 5202 1568 5240 esse
1609 5186 1839 5252 justum,
1881 5197 1938 5242 et

379 5257 504 5316 esse
544 5257 714 5328 ipsam
762 5257 1026 5327 justitiam
1048 5263 1420 5328 ;rnon_t_amen
1449 5271 1776 5328 cognoscere
1811 5271 1938 5328 pos-

381 5324 577 5385 sumus
603 5324 904 5399 quodquid
930 5335 1012 5399 est
1038 5327 1178 5399 ejus,
1207 5324 1258 5379 id
1281 5334 1386 5388 est,
1415 5324 1763 5399 quidditatem
1796 5324 1936 5392 ejus,

380 5417 542 5468 quam
569 5395 805 5461 vocant,
825 5413 944 5451 esse
969 5395 1262 5468 justitiam,
1299 5407 1357 5449 ut
1388 5395 1532 5448 enim
1571 5395 1710 5448 scire
1745 5409 1939 5468 ρρδδιιτ

381 5463 505 5525 tuus
531 5470 599 5525 de
627 5469 738 5522 Deo
767 5468 913 5538 quod
946 5463 1048 5533 est,
1079 5465 1161 5520 sic
1189 5480 1300 5518 non
1335 5471 1517 5534 potest
1547 5463 1935 5532 comprehendi

2046 5193 2395 5331 qua)???“
2437 5269 2516 5315 est
2559 5259 2754 5334 dicere,
2789 5256 2930 5334 Quia
2974 5271 3081 5312 non
3116 5251 3624 5334 prqpﬁydieiwr.

2047 5323 2191 5399 quod
2231 5323 2353 5386 esse
2398 5333 2462 5384 sit
2495 5371 2510 5395 ,
2560 5329 2654 5385 sed
2701 5329 2849 5397 quod
2900 5343 2997 5382 uer
3024 5323 3144 5382 esse
3173 5323 3378 5394 aliquid
3410 5323 3502 5386 sit,
3535 5323 3622 5377 sie

2049 5403 2108 5454 ὃ.
2139 5397 2401 5456 Thomas.

449 5604 526 5670 (α)
550 5604 801 5658 Potestas
843 5601 1240 5672 appropinquat
1275 5600 1441 5672 bono,
1485 5601 1611 5670 quia
1660 5601 1796 5657 nihil
1839 5607 1924 5656 est
1953 5615 2146 5672 expers
2174 5602 2454 5668 bonitatis,
2487 5604 2554 5657 ita
2590 5615 2766 5671 neque
2792 5599 3098 5668 potestatis.

455 5673 530 5742 (t1)
554 5672 690 5727 Vide
721 5670 944 5739 epistI'Z
977 5671 1215 5742 Dionysii
1253 5671 1319 5726 ad
1354 5670 1566 5726 Caium.
