3980 6208
401 331 503 395 827

1589 315 1913 380 IOANNIS
1944 312 2513 376 CYI’ARISSIOTAZ

3536 318 3631 383 8'28

346 443 359 459 ’
405 435 737 494 immortales
770 436 903 499 sint,
927 442 981 490 et
1014 440 1279 503 perpetuo
1316 431 1524 494 vivant,
1560 431 1653 486 sed
1687 446 1751 484 ex
1791 428 1971 483 viviﬁ-
1999 424 2047 482 A
2076 431 2293 499 mundi,
2329 449 2450 501 quae
2496 443 2759 501 apparet,
2789 441 2843 488 et
2896 447 3086 488 vocem
3128 432 3239 488 fere
3294 445 3384 501 per
3437 447 3494 486 ea
3522 449 3631 501 qua:

405 550 491 597 ca,
522 542 575 588 et
605 530 783 585 omnis
809 530 932 581 vitae
960 526 1232 581 eﬂectrice
1256 534 1309 580 et
1337 523 1744 579 conservatrice
1776 536 1967 582 causa,

406 636 461 680 et
490 625 635 678 sicut
678 620 991 675 dicebamus
1020 618 1086 672 de
1129 631 1195 672 eo
1228 616 1321 685 qui
1358 623 1444 670 est
1477 614 1577 685 (l),
1628 628 1750 669 esse
1796 625 1971 666 aevum

407 712 580 781 ipsius
626 724 722 778 per
774 722 832 762 se
856 721 1017 771 esse,
1054 706 1135 760 sic
1177 706 1340 759 etiam
1376 704 1465 758 hic
1514 704 1625 757 vita
1675 701 1857 755 divina
1892 708 1975 753 est

409 817 509 872 per
533 817 592 856 se
620 800 747 853 vitae
777 796 1100 851 viviﬂcatrix
1137 804 1191 849 et
1218 794 1482 858 effectrix,
1510 802 1564 848 et
1596 792 1825 860 largitur
1856 790 1971 860 prio

413 907 562 946 mum
605 904 699 959 per
725 903 786 943 se
815 887 961 950 vitae,
1012 900 1135 941 esse
1180 884 1391 949 vitam;
1437 892 1492 937 et
1537 882 1687 936 omni
1734 880 1874 938 vitm.
1924 887 1978 932 et

412 983 612 1050 cuique
641 980 789 1043 vitae,
825 991 948 1033 esse
978 989 1421 1045 unamquamque
1448 984 1573 1043 apte
1604 973 1670 1027 ad
1719 981 1972 1026 naturam

410 1088 611 1136 suam;
646 1078 699 1125 et
727 1067 1189 1139 (quod-divinius
1240 1067 1366 1134 est)
1401 1080 1502 1119 nos
1553 1072 1715 1126 totos,
1765 1063 1978 1116 animas

410 1163 557 1227 dico,
590 1171 645 1216 et
671 1175 924 1229 corpora,
957 1159 1021 1213 ad
1064 1157 1359 1228 perfectam
1402 1170 1458 1212 et
1502 1154 1864 1210 immortalem
1896 1152 1977 1206 vl-

411 1262 522 1309 tam
580 1254 969 1308 translatnram
1024 1268 1083 1308 se
1126 1251 1398 1322 promisit,
1450 1251 1501 1304 id
1548 1248 1692 1319 quod
1743 1246 1983 1316 antiqui-

413 1346 510 1399 tati
538 1345 614 1414 (2)
668 1344 888 1414 quidem
920 1352 1115 1412 przeter
1141 1351 1395 1396 naturam
1420 1353 1543 1395 esse
1572 1339 1810 1401 videtur,
1842 1336 1981 1389 mihi

412 1448 546 1487 vero
584 1440 638 1487 et
678 1431 775 1487 tibi
810 1437 864 1486 et
897 1431 1112 1485 veritati
1160 1430 1341 1484 divina
1379 1443 1489 1495 res,
1522 1437 1578 1482 et
1611 1440 1777 1495 supra
1816 1433 1981 1479 natu-

415 1539 578 1588 ram;
616 1537 782 1591 supra
811 1530 1066 1575 naturam
1106 1527 1350 1574 nostram
1397 1517 1543 1583 dico,
1578 1504 1980 1587 quaa'videtur,

418 1631 531 1672 non
562 1621 743 1668 autem
780 1612 926 1665 illam
957 1608 1391 1677 omnipotentem
1428 1607 1553 1662 vita:
1597 1606 1818 1671 divinat,
1852 1604 1982 1659 huic

2074 536 2414 593 cernuntur,
2467 526 2690 591 emittit,
2748 524 2892 593 quod
2953 524 3157 579 scilicet
3222 537 3252 576 a
3308 523 3414 576 Deo
3473 522 3631 579 factus

2081 622 2173 685 sit,
2212 630 2266 673 et
2296 634 2401 672 non
2438 617 2662 672 fortuito
2712 624 2857 670 tanta
2890 616 3161 686 sapientia
3204 629 3268 669 ea
3303 630 3421 683 quae
3458 615 3627 670 rfl‘ecta

2076 718 2229 771 sunt,
2265 709 2490 763 decorat
2514 726 2527 772 ;
2554 715 2611 763 ut
2636 707 2780 760 enim
2807 746 2822 770 ,
2850 706 2978 761 Caeli
3001 714 3255 759 enarrant
3282 706 3502 775 gloriam
3529 707 3632 768 Dei,

2077 809 2127 855 et
2174 815 2305 867 opus
2361 813 2612 851 manuum
2641 797 2756 865 ejus
2806 796 3089 849 annuntiat
3122 797 3509 864 ﬁrmamentum
3554 796 3629 850 “z

2076 896 2355 954 enarrant,
2391 888 2635 957 inquam,
2664 888 2784 941 sine
2820 901 2952 940 voce
2978 903 2994 951 ;
3022 889 3145 953 quia
3203 903 3308 940 non
3338 897 3455 939 sunt
3483 904 3632 950 voces,

2079 996 2240 1047 neque
2264 994 2527 1032 sermones
2559 978 2662 1047 (5),
2693 993 2918 1046 quorum
2943 993 3046 1031 non
3070 978 3363 1030 audiantur
3392 994 3530 1031 voces
3558 995 3635 1031 eo-

2080 1086 2200 1124 rum
2216 1071 2260 1102 "
2288 1087 2303 1124 :
2338 1071 2402 1125 ad
2429 1071 2679 1124 eumdem
2713 1071 2933 1124 modum
2966 1078 3095 1125 sunt
3124 1070 3347 1138 quidam
3371 1084 3633 1124 sermones

2082 1162 2370 1229 sapientiae
2402 1160 2708 1229 antiquitus
2736 1160 2918 1225 editae,
2958 1175 3080 1230 quae
3108 1168 3234 1215 ante
3262 1160 3367 1214 alia
3396 1160 3449 1213 in
3476 1159 3629 1213 fabri-

2081 1257 2297 1310 catione
2331 1254 2519 1308 mundi
2543 1268 2667 1309 cum
2693 1263 2942 1308 creatura
2980 1253 3357 1306 conseminata
3382 1261 3496 1313 θεὶς
3529 1254 3629 1306 haec

2084 1354 2293 1413 tacens,
2325 1361 2485 1401 suum
2517 1344 2858 1399 conditorem
2901 1352 2955 1398 et
3002 1332 3292 1397 Dominum
3338 1343 3549 1404 clamat,
3582 1352 3631 1395 ut

2082 1454 2181 1510 per
2209 1453 2327 1492 eam
2361 1439 2425 1492 ad
2458 1437 2805 1507 cogitandum
2838 1452 2960 1491 eum
2987 1437 3079 1505 qui
3113 1435 3266 1490 solus
3291 1442 3373 1489 est
3399 1435 3625 1502 sapiens,

2084 1538 2138 1584 te
2176 1513 2403 1585 ἄξιαι-δε.
2438 1528 2516 1582 Ex
2560 1527 2761 1596 quibus
2802 1528 2995 1597 liquet,
3046 1527 3191 1595 quod
3245 1526 3377 1585 vita.
3432 1541 3543 1593 qure
3584 1527 3629 1579 in

2087 1621 2197 1675 Deo
2227 1630 2311 1674 est
2343 1633 2675 1688 supraquam
2707 1617 2881 1681 unite,
2914 1626 2969 1670 et
2999 1615 3287 1685 sapientia,
3325 1625 3377 1668 et
3403 1614 3630 1676 scientia,

416 1707 588 1770 enim.
626 1713 688 1759 ιη
718 1701 936 1795 (ιυδεεξι
962 1701 1213 1795 ρηηιῖυπι
1244 1699 1505 1762 νίίθτυῐην
1537 1707 1590 1753 ει
1620 1711 1810 1795 eam"?
1843 1709 1981 1763 Ρηεσ
2015 1736 2058 1795 Β
2085 1718 2140 1764 et
2170 1723 2343 1771 mens,
2370 1718 2426 1763 et
2455 1708 2703 1772 verbum,
2732 1716 2785 1762 et
2820 1706 3174 1777 intelligentia
3207 1721 3273 1760 ex
3301 1705 3469 1759 nihilo
3499 1715 3630 1759 creat

416 1796 606 1851 sertim
653 1808 777 1863 quae
809 1791 1106 1847 diviniores
1148 1801 1299 1855 sunt,
1331 1799 1551 1852 natura,
1580 1788 1725 1842 nulla
1754 1788 1863 1843 vita
1903 1793 1987 1841 est

416 1897 611 1958 praeter
635 1894 887 1940 naturam
912 1892 1004 1936 aut
1027 1896 1190 1949 supra
1219 1890 1488 1937 naturam.
1514 1878 1773 1945 Qumdam
1805 1878 1989 1946 itaque

423 1978 692 2032 adnotans
712 1976 802 2030 hic
837 1974 898 2030 S.
932 1973 1224 2037 Maximus,
1248 1970 1565 2041 Συνοχικὴν,
1596 1971 1649 2025 id
1672 1981 1778 2033 est,
1808 1968 1989 2023 conti—

418 2075 635 2121 nentem
668 2078 889 2119 causam
914 2061 1152 2127 vocavit,
1187 2060 1387 2129 inquit,
1414 2058 1580 2113 vitam
1604 2058 1868 2123 divinam,
1898 2063 1989 2110 ut-

417 2163 542 2224 pote
556 2167 677 2223 quat
689 2165 798 2207 non
817 2150 992 2206 solum
1008 2150 1172 2204 vitam
1201 2147 1256 2202 in
1280 2163 1459 2202 rerum
1484 2154 1676 2201 natura
1699 2144 1986 2208 creaverit,

419 2244 512 2299 sed
545 2258 665 2314 qua:
691 2242 859 2297 vitam
911 2240 1186 2295 contineat
1232 2247 1287 2292 et
1318 2244 1626 2300 conservet,
1659 2245 1720 2289 ut
1751 2233 1910 2287 duret
1936 2240 1990 2287 et

420 2338 759 2400 permaneat,
781 2338 835 2385 et
852 2343 1041 2383 rursus
1064 2327 1117 2381 in
1143 2326 1347 2380 eisdem
1374 2344 1387 2380 :
1410 2323 1561 2378 Hanc
1579 2324 1767 2387 vitam,
1790 2322 1986 2391 inquit,

423 2422 726 2479 secundum
759 2419 1121 2476 substantiam
1151 2416 1451 2471 fabricatus
1477 2415 1638 2476 Deus,
1663 2413 1730 2468 ad
1765 2414 1987 2466 immor-

425 2516 631 2569 talitem
662 2512 872 2582 angelis
915 2521 970 2565 et
1019 2507 1219 2563 animis
1272 2507 1476 2562 nostris
1525 2505 1724 2561 effecit.
1778 2505 1988 2560 Rursus

427 2605 568 2659 idem
603 2604 891 2673 Dionysius
920 2600 973 2655 in
1006 2600 1242 2669 septimo
1274 2598 1452 2667 capite
1484 2594 1558 2651 De
1600 2595 1792 2650 divinis
1821 2596 1989 2650 uomi-

425 2697 578 2750 nibus
605 2712 623 2751 :
655 2694 806 2749 lianc
834 2693 1002 2764 igitur
1032 2690 1264 2745 rationis
1293 2697 1594 2759 expertem,
1627 2696 1681 2742 et
1708 2696 1984 2743 amentem

425 2795 589 2852 atque
622 2782 831 2837 fatuam
884 2780 1209 2851 sapientiam
1243 2778 1526 2847 superlata
1555 2777 1866 2841 laudantes,
1900 2778 1988 2832 di-

427 2875 609 2929 ximus
641 2872 821 2927 omnis
852 2872 1051 2924 mentis
1078 2870 1414 2938 et'rationis,
1441 2869 1730 2939 omnisque
1766 2870 1989 2939 sapien-

426 2964 516 3014 tiae
559 2969 612 3015 et
643 2959 1017 3030 intelligentia:
1046 2974 1267 3013 causam
1312 2974 1476 3025 esse;
1535 2964 1589 3013 et
1638 2959 1813 3027 ipsius
1865 2973 1988 3014 esse

426 3062 589 3103 omne
612 3048 927 3112 consilium,
958 3055 1014 3101 et
1043 3046 1111 3101 ab
1138 3060 1200 3100 ea
1248 3060 1466 3101 omnem
1497 3046 1781 3103 scientiam
1819 3055 1871 3102 et
1906 3047 1990 3101 in-

430 3139 782 3208 telligentiam
831 3138 1129 3207 prolicisci,
1164 3147 1217 3192 et
1253 3137 1309 3191 in
1360 3152 1425 3193 ea
1473 3152 1669 3194 omnes
1702 3139 1990 3194 thesauros

429 3230 711 3299 sapientiae
763 3236 817 3283 et
862 3229 1103 3283 scientiae
1153 3228 1507 3285 absconditos
1563 3244 1727 3296 esse;
1788 3232 1991 3286 etenim

430 3321 820 3375 convenienter
854 3320 923 3375 iis
963 3336 1085 3390 quae
1119 3331 1277 3375 antea
1318 3322 1466 3376 dicta
1513 3333 1663 3390 sunt,
1697 3336 1864 3378 causa
1902 3339 1995 3379 su-

431 3425 694 3481 praquam
722 3409 965 3480 sapiens,
995 3420 1052 3465 et
1092 3411 1279 3465 omnia
1320 3410 1502 3468 sciens
1538 3426 1634 3481 per
1676 3427 1738 3467 se
1777 3415 1993 3481 sapien-

432 3504 541 3565 tiae,
577 3513 631 3557 et
679 3503 848 3558 totius
879 3502 1182 3571 sapientiae,
1207 3510 1262 3557 et
1306 3503 1480 3573 partis
1518 3503 1762 3559 effectrix
1801 3517 1903 3561 est.
1934 3506 1994 3561 In

434 3592 595 3662 hujus
627 3593 829 3663 capitis
861 3593 1308 3649 adnotationibus
1350 3595 1409 3648 S.
1443 3592 1712 3651 Maximus
1740 3614 1754 3649 :
1798 3594 1990 3665 Omne,

434 3684 634 3753 inquit,
664 3684 1046 3753 participatum
1077 3684 1356 3752 antiquius
1385 3692 1471 3739 est
1510 3684 1593 3739 iis
1613 3699 1736 3755 quae
1772 3696 1898 3741 sunt
1927 3702 1991 3741 ex

433 3776 574 3842 ipso,
608 3789 779 3843 quare
813 3773 955 3828 Deus
1002 3785 1055 3828 et
1094 3790 1269 3829 aevum
1319 3782 1373 3830 et
1408 3783 1625 3844 tempus
1662 3778 1879 3846 proprie
1902 3793 1998 3834 no-

434 3865 695 3931 minatur,
715 3875 774 3918 ut
808 3866 901 3933 qui
932 3864 1130 3918 saecula
1153 3872 1208 3919 et
1239 3873 1484 3933 tempora
1528 3864 1678 3931 fecit,
1715 3868 1794 3922 sic
1832 3867 2005 3936 igitur.

434 3957 570 4009 etin
607 3955 714 4009 vita
761 3964 816 4009 et
843 3956 897 4008 in
948 3956 1214 4023 sapientia
1264 3955 1552 4013 dicendum
1586 3967 1691 4023 est,
1744 3959 1872 4029 quia
1905 3974 1999 4015 ea-

438 4045 557 4098 rnm
605 4052 688 4099 est
719 4054 930 4098 auctor.
967 4045 1029 4097 Et
1059 4060 1255 4100 rursus
1286 4045 1426 4100 idem
1452 4064 1467 4103 :
1498 4045 1658 4112 Quia,
1692 4049 1889 4118 inquit,
1942 4051 1996 4105 in

439 4135 710 4203 sapientia
740 4134 830 4188 Dei
860 4150 963 4188 non
989 4130 1240 4204 cegnovit
1272 4138 1511 4193 mundus
1548 4154 1645 4208 per
1674 4142 1995 4210 sapientiam

443 4221 614 4276 Deum
636 4221 720 4287 “;
753 4238 849 4293 per
876 4225 1222 4293 sapientiam,
1245 4225 1491 4295 inquam,
1529 4243 1650 4298 quae
1678 4231 1730 4285 in
1758 4246 1997 4288 concen-

440 4322 496 4366 tu
529 4323 582 4367 et
613 4315 804 4369 ordine
848 4324 1113 4371 creaturae
1141 4327 1368 4386 apparet
1405 4328 1460 4373 ct
1489 4331 1752 4378 cernitur.
1801 4325 1916 4381 imo
1942 4336 1998 4384 et

444 4420 671 4474 magnus
707 4404 939 4461 Basilius
986 4407 1039 4460 in
1085 4408 1410 4477 principium
1460 4412 1901 4483 Proverbiorum,
1936 4431 1989 4477 et
2026 4392 2070 4447 θ

443 4498 675 4564 denique
721 4497 774 4550 in
824 4497 979 4561 illud,
1024 4497 1279 4553 Dominus
1318 4503 1512 4556 creavit
1562 4522 1643 4559 me
1671 4510 1988 4579 principium

443 4588 646 4640 t‘iaruns
685 4604 899 4642 suarum
924 4589 1012 4643 διε
1053 4588 1341 4662 Loquitur,
1376 4596 1575 4664 inquit,
1599 4586 1672 4653 de
1713 4603 1978 4669 sapientia

2086 1799 2258 1869 ipsam
2288 1800 2395 1855 late
2438 1800 2726 1867 patentem,
2779 1806 2835 1851 et
2891 1812 3012 1852 cum
3065 1804 3317 1851 creatura
3373 1795 3625 1849 conditam

2086 1908 2183 1961 per
2218 1908 2277 1948 se
2308 1894 2496 1957 vitam,
2527 1900 2583 1947 et
2612 1906 2706 1960 per
2741 1906 2801 1946 se
2831 1890 3153 1959 sapientiam
3184 1907 3199 1953 ;
3237 1898 3292 1944 et
3322 1904 3382 1943 ea
3412 1904 3527 1957 qua:
3552 1903 3629 1942 se-

2085 1986 2325 2040 cundum
2363 1984 2537 2053 ipsam
2579 1996 2676 2051 per
2703 1996 2761 2037 se
2804 1982 2967 2035 vitam
3018 1982 3233 2046 vivunt,
3268 1989 3324 2035 et
3349 1979 3624 2035 secundum

2086 2079 2256 2147 ipsam
2289 2090 2385 2145 per
2413 2090 2471 2129 se
2501 2074 2820 2141 sapientiam
2852 2071 3094 2141 sapiunt,
3128 2080 3187 2126 et
3221 2085 3436 2125 omnem
3479 2070 3627 2123 aliam

2085 2170 2269 2230 vitam,
2299 2176 2353 2222 et
2381 2165 2725 2233 sapientiam,
2761 2177 2883 2232 quae
2920 2162 2976 2216 in
3014 2162 3081 2215 iis
3111 2178 3238 2230 qua:
3266 2170 3414 2224 sunt,
3442 2160 3627 2228 reperi-

2087 2270 2195 2329 tur,
2223 2259 2369 2327 atqui
2396 2265 2578 2326 patent
2603 2256 2767 2311 etiam
2796 2238 3176 2324 proprietates,
3204 2254 3315 2307 vita
3347 2253 3484 2308 enim
3513 2261 3619 2305 ten-

2086 2351 2232 2404 ditur
2262 2350 2315 2402 in
2348 2347 2583 2402 viventia
2617 2353 2827 2400 tantum
2855 2363 2870 2409 ;
2899 2355 2955 2399 et
2981 2344 3400 2399 immortalitate
3427 2342 3623 2411 quidem

2088 2441 2323 2511 praeditis
2349 2439 2562 2510 species
2596 2439 2738 2501 vitae,
2769 2445 2824 2491 et
2849 2437 3155 2505 subjectum
3188 2434 3420 2489 eilicitur
3449 2451 3463 2497 ς
3499 2447 3629 2501 prat-

2087 2533 2214 2589 ditis
2259 2545 2385 2586 vero
2414 2544 2645 2599 corpore
2684 2526 2912 2583 eliicitur
2954 2527 3274 2581 continuata
3329 2524 3489 2578 motio
3521 2536 3631 2576 cor-

2087 2623 2276 2692 poris;
2311 2620 2572 2690 sapientia
2602 2633 2731 2673 vero
2759 2617 2939 2671 minus
2972 2618 3081 2671 late
3116 2624 3285 2683 patet,
3318 2627 3475 2683 quam
3501 2612 3625 2672 vita,

2088 2715 2356 2782 siquidem
2392 2714 2448 2767 in
2477 2726 2541 2766 ea
2575 2718 2784 2766 tantum
2827 2707 3143 2778 porrigitur,
3174 2720 3301 2775 quae
3332 2702 3625 2773 sapientiam

2089 2806 2309 2870 habent,
2333 2812 2494 2872 atque
2526 2803 2579 2856 in
2606 2799 2812 2869 angelis
2839 2798 3057 2868 quidem
3085 2795 3480 2851 immortalibus
3501 2805 3632 2860 irque

2087 2908 2234 2969 patet
2269 2899 2373 2953 vita
2397 2905 2450 2951 et
2473 2894 2734 2964 sapientia
2762 2911 2776 2959 ;
2800 2893 2854 2946 in
2881 2891 2947 2947 iis
2967 2904 3093 2946 vero
3110 2904 3235 2959 quae
3261 2888 3495 2944 sentiunt
3521 2892 3626 2938 ten-

2088 2991 2234 3046 ditur
2250 2990 2424 3045 solum
2443 2986 2578 3053 vita;
2597 2987 2650 3040 in
2670 2984 2909 3039 easolum
2925 2980 3221 3051 porrigitur
3235 2981 3507 3048 sapientia,
3528 2989 3632 3046 qua

2017 3072 2062 3131 α
2095 3086 2303 3141 ratione
2325 3083 2547 3154 praedita
2568 3089 2736 3145 sunt;
2766 3086 2819 3133 et
2850 3078 2903 3132 in
2925 3078 3008 3133 liis
3030 3090 3137 3131 non
3161 3089 3357 3130 omnes
3378 3072 3632 3141 sapientiae

2094 3175 2381 3245 participes
2407 3180 2556 3239 sunt,
2584 3169 2679 3225 sed
2703 3170 2795 3239 qui
2823 3174 3100 3221 amatores
3124 3165 3406 3229 sapientia:
3433 3161 3631 3217 fuerunt

2092 3266 2177 3320 vel
2207 3273 2429 3335 propter
2454 3260 2698 3317 studium
2731 3257 2996 3313 divinitus
3050 3255 3363 3317 incensum,
3418 3259 3505 3307 aut
3529 3261 3634 3319 pro-

2093 3366 2221 3429 pter
2266 3356 2538 3409 sinceram
2574 3349 2938 3419 disciplinam,
2973 3355 3069 3401 aut
3100 3354 3321 3416 prOpter
3351 3352 3633 3408 utrumque.

2094 3448 2383 3517 Praeterea,
2417 3442 2649 3497 viventia
2689 3440 2907 3510 quidem
2952 3445 3145 3492 natura
3188 3435 3383 3489 sortita
3420 3429 3632 3491 suntyi-

2096 3550 2204 3595 tam
2231 3554 2246 3603 ;
2279 3536 2371 3606 qui
2401 3548 2535 3596 vero
2566 3529 2890 3600 sapientiam
2922 3528 3146 3592 habent,
3175 3525 3361 3581 idonei
3398 3532 3450 3578 et
3474 3520 3633 3576 studio

2095 3632 2333 3688 scientiae
2359 3627 2526 3686 dediti
2557 3625 2802 3689 fuerunt,
2838 3623 3035 3678 deinde
3080 3620 3355 3690 sapientia
3385 3618 3497 3685 ejus
3525 3628 3634 3683 par-

2095 3725 2168 3779 tis
2191 3723 2385 3776 animaa
2410 3729 2512 3786 est,
2542 3733 2661 3788 qua:
2693 3718 2746 3769 in
2769 3712 3486 3781 contemplatione'versatur
3505 3724 3519 3771 ;
3540 3704 3632 3757 vita

2094 3824 2274 3873 autem
2306 3812 2523 3868 habitus
2552 3818 2637 3865 est
2670 3805 3047 3863 substantialis
3080 3804 3403 3872 congenitus
3432 3800 3537 3854 sine
3558 3797 3631 3847 in.

2098 3905 2445 3964 termissione
2470 3898 2805 3972 Operationis
2835 3898 2902 3951 iis
2939 3910 3060 3965 qua:
3093 3902 3222 3964 apta
3261 3903 3387 3949 sunt
3421 3890 3482 3946 ad
3509 3885 3630 3943 reci-

2096 3998 2352 4070 piendum
2374 4010 2521 4059 eum,
2549 3999 2816 4063 quantum
2846 3988 3012 4058 recipi
3045 3996 3250 4057 potest.

2665 4143 2898 4202 CAPUT
2943 4142 3077 4198 Vlll.

2101 4268 2176 4324 De
2202 4281 2347 4334 pace,
2381 4272 2429 4317 et
2454 4260 2735 4334 parvitate,
2756 4267 2803 4312 et
2834 4255 3219 4334 magnitudine,
3254 4263 3317 4334 et.
3338 4251 3566 4334 statione,
3591 4250 3633 4334 et

2170 4317 2346 4395 metu:
2372 4343 2419 4386 et
2446 4317 2512 4385 de
2534 4317 2726 4386 altera.
2747 4338 2795 4380 et
2826 4329 2887 4379 de
2913 4317 3261 4395 similitudine
3278 4340 3295 4377 :
3313 4331 3364 4376 ἐι
3390 4319 3516 4389 quod
3538 4317 3633 4395 nec

2172 4387 2369 4460 Deo
2400 4418 2506 4455 una
2532 4415 2636 4468 pax
2668 4400 2809 4459 sint;
2838 4406 2990 4449 extra
3027 4394 3190 4447 Deum
3224 4387 3408 4468 autent
3427 4400 3477 4442 ut
3503 4387 3630 4439 abeo

2172 4477 2336 4545 facta,
2362 4462 2565 4525 diversa
2597 4476 2746 4531 sunt;
2787 4474 2833 4519 et
2858 4481 2973 4534 qua:
3009 4480 3188 4517 eorum
3226 4462 3572 4531 proprietates.

2168 4609 2393 4678 Magnus
2425 4599 2715 4670 Dionysius
2745 4611 2865 4667 cap.
2890 4597 2977 4663 Η,
3001 4596 3078 4653 De
3100 4597 3291 4652 divinis
3325 4590 3596 4650 nominibus
3613 4599 3633 4640 :

514 4710 560 4741 “
586 4707 602 4761 ι
629 4709 924 4776 Cor.t,25.
1002 4709 1047 4744 ⁸⁸
1089 4709 1251 4768 Prov.
1276 4728 1393 4783 vin,
1425 4716 1517 4771 22.
1594 4720 1639 4752 “
1697 4720 1843 4784 Psai.
1869 4732 2147 4798 “111,14.
2220 4728 2262 4761 ⁸⁷
2301 4722 2435 4780 ίῦῖά·
2497 4720 2553 4773 2-

1895 4840 2168 4906 Scholia.

512 4953 589 5019 (l)
623 4950 692 5005 Et
736 4952 866 5005 sicut
897 4952 1193 5026 diceb_a_mus
1221 4955 1299 5026 Vde
1327 4972 1384 5009 eo
1411 4959 1497 5026 qui
1540 4971 1647 5025 est,
1687 4976 1799 5014 esse
1835 4978 2001 5017 meum

442 5026 615 5105 ipsius
645 5038 734 5089 per
764 5038 820 5077 se
867 5038 996 5103 esse.
1036 5022 1146 5105 lloc
1179 5025 1390 5105 dixerat
1417 5022 1537 5095 cap.
1571 5022 1644 5105 5,:
1666 5044 1789 5083 cum
1840 5032 2000 5098 dixit,

442 5100 649 5146 cntium
678 5107 879 5153 aevum,
914 5100 1057 5147 sicut
1099 5104 1280 5148 autem
1324 5105 1405 5149 est
1442 5102 1740 5152 secundum
1770 5114 1997 5156 causam

442 5172 692 5235 tempus,
744 5170 799 5215 et
823 5176 885 5235 ea
916 5176 1037 5231 quae
1069 5163 1202 5218 fiunt
1232 5165 1473 5233 subjecta
1509 5168 1736 5235 tempori
1764 5185 1777 5231 ;
1816 5170 1895 5223 sic
1919 5181 2004 5225 est

445 5234 616 5355 aia:
650 5233 947 5285 secundum
980 5247 1202 5288 causam
1249 5248 1423 5289 sevum
1451 5272 1466 5299 ,
1499 5244 1553 5289 et
1599 5233 1685 5301 ea,
1716 5238 1769 5292 in
1802 5240 2002 5308 quibus

605 5316 752 5354 vum.
893 5323 897 5326 ~

605 5316 752 5354 vum.
893 5323 897 5326 ”

520 5369 598 5436 (2)
644 5370 983 5438 Antiquitati.
1033 5373 1421 5441 Antiquitatem
1474 5386 1625 5428 vocat
1675 5378 1900 5430 stultam
1950 5386 2004 5431 et

451 5437 1006 5521 fatuatnFOpinionem
1035 5437 1342 5521 gentilium,
1368 5446 1514 5521 ut_S.
1543 5443 1809 5521 Maximus
1844 5460 2003 5504 nota-

451 5509 1057 5590 tuin'reiiQI'lit,.ilat_]Ué
1090 5527 1195 5567 non
1234 5513 1856 5590 antiquis_simpliciter,
1901 5522 1997 5575 sed

454 5577 616 5630 fatuis
640 5578 891 5645 antiquis
922 5577 1099 5636 visum
1126 5597 1250 5635 esse
1278 5577 1381 5636 hoc
1405 5584 1552 5637 dicit.

522 5644 803 5729 (5)
835 5664 1113 5729 sermones.
1148 5652 1237 5705 Sic
1259 5653 1421 5729 etiam
1460 5652 1679 5721 intelligi
1701 5665 1873 5729 potest
1908 5659 1995 5713 hic

457 5715 605 5771 locus
623 5718 932 5789 Scriptum,
953 5719 1159 5775 scilicet
1185 5722 1316 5775 nulli
1341 5737 1561 5791 usquam
1582 5715 1712 5779 sunt
1726 5727 1990 5784 homines.

2107 4977 2436 5036 quacunque
2471 4960 2653 5036 lingua
2684 4966 2738 5012 et
2769 4956 3367 5036 sermone__loqnantur,
3406 4954 3492 5021 qui
3537 4964 3629 5036 ηρη

2106 5019 2417 5091 ἓύόίθτιῑέί
2450 5019 2754 5098 percipiant
2781 5065 2796 5090 ,
2835 5027 2963 5095 quid
2998 5019 3191 5098 dies-et
3215 5019 3629 5098 noctes—suailla

2106 5090 2406 5173 composita
2432 5090 2485 5154 et
2527 5090 2869 5173 rat-amulum
2891 5096 3255 5173 successionis
3273 5090 3632 5173 _vicis_s‘it'udine

2108 5161 2401 5244 prmtiicent
2426 5178 2501 5244 Act
2544 5168 2842 5244 declarent,
2890 5181 3098 5244 nempe.
3134 5166 3375 5244 notitiam
3410 5161 3516 5220 Dei,
3550 5161 3630 5225 qui

2103 5235 2286 5298 omnia
2339 5241 2485 5301 fecit,
2523 5237 2856 5298 moderatur,
2889 5244 2942 5288 ct
2993 5236 3146 5299 regit.
3186 5235 3278 5287 Est
3321 5241 3492 5285 autem
3520 5240 3633 5301 con—

2103 5296 2338 5368 structio
2375 5296 2669 5363 verborum
2712 5296 2987 5359 idiomatis
3017 5296 3187 5359 Graeci
3219 5320 3233 5357 :
3274 5302 3386 5356 Non
3416 5308 3531 5354 sunt
3559 5296 3633 5348 lo-

2101 5386 2298 5452 quelte.
2330 5394 2506 5452 neque
2537 5390 2838 5452 sermones,
2872 5376 3151 5452 hominum
3179 5374 3401 5452 scilicet,
3423 5376 3631 5452 quorum

2108 5442 2215 5507 non
2248 5442 2564 5512 audiantur,
2601 5446 2650 5498 id
2681 5455 2783 5506 est,
2818 5459 2846 5493 a
2878 5445 3077 5513 quibus
3110 5460 3212 5497 non
3248 5442 3526 5513 audiantur
3549 5445 3632 5513 χο·

2100 5502 2426 5581 éé's'oérdm,
2459 5502 2667 5571 dierum
2692 5502 2909 5569 scilicct'
2932 5523 2986 5567 et
3024 5514 3258 5569 noctium
3285 5530 3299 5577 ;
3336 5512 3411 5566 sic
3444 5502 3632 5581 intelle-

2102 5594 2181 5645 xit
2211 5577 2477 5643 Eusebius
2501 5583 2859 5642 Caesariensis
2883 5583 2939 5638 in
2963 5581 3376 5640 Commentariis
3397 5577 3504 5637 suis
3524 5584 3633 5627 eru-

2103 5660 2409 5716 ditissimis.
