3980 6208
313 325 416 391 8:9

1023 333 1260 424 DECAS
1301 336 1366 398 V.
1407 362 1471 373 -
1508 336 1607 398 DE
1632 338 2299 409 PROPRIETATlBUS
2333 351 2570 416 DlVlN.
2614 355 2884 418 NOMIN.

3471 362 3582 426 830

313 445 388 498 De
423 443 540 513 ipsa
589 443 755 514 igitur
785 445 968 503 divina
1003 465 1156 520 pare,
1189 459 1243 506 et
1274 450 1490 508 silentio
1515 491 1529 514 ,
1565 467 1727 521 quam
1762 469 1890 509 san-
1919 456 1960 514 Α
1995 473 2116 512 nem
2155 461 2276 526 ejus
2307 465 2512 519 unitam
2541 505 2556 530 ,
2601 477 2654 523 et
2691 469 2990 526 uniformes
3026 459 3398 530 emanationes
3429 477 3578 530 mul-

310 545 432 592 ctus
463 536 654 594 Justus
691 549 848 594 vocat
877 539 1176 608 ἀφθεγξίαν
1196 582 1214 610 ,
1246 543 1298 598 id
1328 551 1444 608 est,
1483 544 1850 600 insonantiam
1875 585 1891 609 ,

307 638 364 684 et
386 630 700 699 ἀκινησίαν,
730 631 779 685 id
802 641 906 695 est,
935 631 1375 688 immobilitatem
1400 634 1468 689 ad
1496 651 1713 690 omnem
1743 651 1896 690 ema-

313 719 620 789 nationem,
661 737 783 792 quae
814 721 1080 787 noscitur,
1113 724 1371 793 quidnam
1407 735 1512 790 est,
1536 734 1592 780 et
1619 727 1894 795 quomodo

308 813 454 868 Deus
488 815 741 883 quiescit,
762 825 815 872 et
849 815 990 882 silet,
1024 827 1078 871 et
1111 817 1384 886 quomodo
1406 817 1460 872 in
1488 833 1546 873 se
1575 827 1628 872 et
1663 818 1801 873 intra
1837 833 1894 874 se

309 913 418 972 est,
463 914 516 960 et
546 913 692 961 totus
724 922 909 963 secum
937 915 1021 962 est
1065 923 1398 978 supraquam
1435 909 1649 974 unitus,
1694 917 1747 965 et
1793 924 1893 964 nec

311 996 367 1052 in
395 1013 456 1053 se
489 998 820 1070 ingrediens,
870 1006 925 1054 et
967 1014 1026 1055 se
1078 1000 1194 1069 ipse
1244 999 1611 1068 multiplicans
1638 1042 1654 1065 ,
1688 999 1894 1055 deserit

311 1088 612 1155 unionem;
648 1089 777 1159 quin
827 1089 1012 1160 potius
1061 1089 1130 1144 ad
1173 1089 1358 1144 omnia
1393 1089 1692 1160 egreditur,
1743 1099 1892 1146 totus

311 1181 462 1236 intus
493 1196 719 1237 manens
752 1173 972 1252 propter
1005 1180 1386 1237 excellentiam
1439 1181 1659 1237 unionis
1708 1183 1892 1238 omnia

312 1274 718 1354 exsuperantis,
745 1289 919 1343 neque
954 1275 1154 1338 dicere,
1191 1290 1368 1344 neque
1400 1273 1642 1343 cogitare
1675 1274 1768 1328 ulli
1800 1289 1895 1329 eo-

314 1380 433 1419 rum
473 1366 567 1434 qui
610 1373 757 1429 sunt,
791 1363 875 1420 fas
913 1375 1017 1431 est,
1068 1381 1244 1435 neque
1290 1365 1573 1434 possibile.
1620 1363 1726 1418 Sed
1766 1380 1892 1419 cum

315 1456 418 1511 hoc
453 1457 656 1526 alioqui
699 1456 877 1525 eloqui
911 1470 1020 1510 non
1069 1453 1367 1527 possimus,
1400 1471 1500 1510 nec
1530 1455 1892 1526 intelligentia

315 1545 578 1614 assequi,
614 1545 680 1599 ad
717 1546 887 1613 ipsam
930 1553 1109 1600 tamen
1146 1546 1391 1601 divinam
1443 1562 1630 1616 pacem
1663 1555 1724 1602 ut
1752 1547 1892 1602 ultra

316 1636 500 1690 omnia
529 1636 762 1706 positam
798 1650 1016 1692 sursum
1045 1635 1242 1700 evecti,
1269 1636 1721 1706 participationes
1750 1635 1891 1706 ejus,

314 1742 435 1797 qua:
475 1727 848 1797 intelliguntur
893 1737 948 1782 et
989 1727 1368 1790 nominantur,
1417 1725 1582 1795 idque
1629 1734 1890 1795 quantum

316 1817 565 1871 homines
589 1855 604 1880 ,
638 1825 691 1870 et
736 1831 837 1870 nos
874 1815 1180 1884 praesertim
1214 1815 1303 1884 qui
1353 1815 1538 1870 multis
1567 1815 1727 1869 bonis
1758 1814 1889 1870 viris

316 1907 553 1977 impares
600 1921 814 1972 sumus,
849 1905 1114 1975 consequi
1152 1919 1484 1975 possumus,
1519 1904 1885 1958 attendamus.

314 2000 390 2056 Ac
417 1999 650 2069 primum
681 1996 899 2068 quidem
929 1996 1220 2053 dicendum
1259 2005 1342 2052 est
1373 1997 1497 2063 hoc,
1539 1995 1682 2066 quod
1711 2011 1806 2066 per
1831 2011 1890 2051 se

314 2093 464 2165 pacis
493 2131 509 2157 ,
541 2106 595 2146 et
627 2091 772 2160 pacis
812 2090 866 2144 in
902 2089 1220 2144 universum
1267 2087 1629 2143 considerata:
1661 2127 1677 2156 ,
1730 2098 1782 2142 et
1833 2088 1889 2142 iu

315 2195 489 2254 parte.
543 2181 764 2237 cﬂector
818 2190 902 2236 est
953 2181 1096 2235 Deus
1126 2220 1142 2245 ,
1177 2189 1233 2235 et
1261 2180 1406 2250 quod
1447 2180 1630 2235 omnia
1664 2179 1802 2234 inter
1834 2194 1892 2235 se

316 2284 505 2331 mutuo
544 2274 933 2342 coniunctione
971 2273 1222 2344 ipsorum
1258 2287 1368 2328 non
1402 2271 1630 2327 confusa
1662 2271 1896 2326 commi-

313 2375 456 2428 scet;
484 2382 591 2435 qua
621 2364 1004 2435 conjunctione
1029 2363 1362 2420 cohaerentia
1391 2362 1509 2417 sine
1547 2361 1816 2416 divisione
1843 2368 1897 2415 et

313 2455 573 2510 distantia
596 2494 612 2518 ,
642 2455 852 2524 singula
890 2465 1068 2507 tamen
1105 2452 1404 2507 secundum
1441 2450 1717 2521 prepriam
1772 2466 1897 2520 spe-

313 2551 452 2604 ciem
499 2563 634 2616 pura
680 2547 1016 2609 consistunt,
1065 2561 1174 2600 non
1211 2545 1426 2614 turbata
1463 2560 1556 2612 per
1586 2543 1896 2598 concretio-

313 2654 438 2693 nem
477 2637 903 2693 contrariorum.
954 2635 1020 2692 Et
1048 2635 1214 2706 paulo
1249 2643 1405 2705 post:
1434 2632 1497 2714 Et
1527 2642 1610 2690 est
1635 2675 1651 2700 ,
1683 2633 1898 2704 inquit,

309 2728 556 2800 perfecta
587 2731 674 2784 illa
707 2745 810 2800 pax
841 2726 1276 2797 uniuscujusque
1309 2725 1661 2796 preprietatis
1699 2727 1901 2796 imper-

309 2824 494 2877 mistm
557 2821 966 2884 conservatrix,
1026 2835 1126 2889 per
1170 2819 1544 2889 providentias
1579 2834 1710 2875 suas
1754 2819 1902 2888 pacis

303 2909 637 2985 largitrices,
667 2915 847 2987 omnia
881 2915 1022 2968 inter
1044 2927 1103 2968 se
1133 2912 1246 2982 ipsa
1280 2922 1332 2966 et
1360 2926 1481 2965 cum
1512 2911 1634 2967 aliis
1665 2911 1781 2966 sine
1813 2927 1902 2966 se-

303 3006 522 3061 ditione
548 3017 602 3059 et
627 3003 949 3058 confusione
975 3001 1312 3058 custodiens.
1346 2999 1489 3066 Quid
1538 3011 1719 3056 autem
1747 2999 1901 3055 dica-

1920 1781 1969 1842 Β

1997 548 2200 616 tiplicis
2233 548 2395 608 fmtus
2446 553 2502 606 in
2547 556 2750 609 omnia.
2789 554 2853 609 Et
2890 557 3086 612 iterum
3124 557 3412 614 :Similem
3445 573 3578 613 vero

1998 640 2162 694 Deum
2191 643 2236 697 si
2269 645 2393 712 quis
2441 645 2608 709 dicat,
2660 653 2720 700 ut
2755 646 3028 713 eumdem,
3065 657 3119 702 et
3164 658 3223 703 ut
3271 659 3443 704 totum
3483 667 3580 720 per

1994 739 2164 786 totum
2191 735 2292 788 sibi
2329 737 2478 791 unite
2523 745 2578 791 et
2613 737 3020 807 impartibiliter
3049 741 3310 803 similem,
3343 758 3448 795 non
3491 751 3577 797 est

1996 823 2418 894 improbandutn
2469 844 2669 885 nomen
2717 831 2963 884 divinum
3030 831 3250 888 similis.
3311 831 3574 902 Theologi

1993 927 2124 969 vero
2168 915 2331 970 Deum
2364 958 2379 982 ,
2415 919 2509 988 qui
2543 929 2630 975 est
2653 936 2818 991 supra
2870 922 3054 976 omnia
3079 963 3094 988 ,
3134 932 3406 992 quatenus
3458 926 3576 993 ipse

1994 1017 2098 1070 est,
2132 1006 2333 1062 nullius
2358 1009 2592 1064 similem
2621 1026 2743 1066 esse
2769 1013 2958 1076 aiunt,
3001 1012 3096 1068 sed
3127 1013 3303 1082 ipsum
3334 1014 3573 1070 divinam

1995 1096 2414 1152 similitudinem
2455 1099 2584 1154 dare
2615 1100 2680 1154 iis
2712 1101 2802 1170 qui
2843 1101 2908 1154 ad
2945 1117 3072 1156 eum
3113 1111 3514 1160 convertuntur
3551 1121 3570 1160 :

1994 1199 2068 1251 et,
2102 1191 2246 1260 quod
2282 1191 2666 1248 admirabilius
2712 1204 2816 1256 est,
2866 1194 3010 1263 quod
3047 1195 3182 1249 nihil
3216 1195 3413 1250 'simile
3455 1196 3575 1265 ejus

1995 1290 2074 1337 est
2117 1283 2248 1336 dicit
2289 1281 2602 1352 Scriptura;
2638 1285 2739 1340 etsi
2794 1299 2900 1340 non
2947 1293 3212 1354 repugnat
3258 1286 3344 1341 hic
3392 1302 3574 1342 sermo

1995 1373 2363 1440 similitudini,
2395 1390 2516 1444 qua:
2547 1391 2668 1430 cum
2707 1374 2823 1430 Deo
2860 1385 2965 1443 est,
3002 1375 3196 1430 eadem
3227 1380 3372 1430 enim
3409 1387 3462 1432 et
3494 1377 3574 1433 si-

1997 1464 2142 1519 milia
2185 1473 2239 1521 et
2289 1467 2576 1522 dissimilia
2624 1467 2731 1523 Deo
2775 1469 3084 1524 dicuntur:
3118 1468 3319 1522 similia
3355 1468 3575 1538 quidem

1995 1557 2297 1612 secundum
2323 1556 2706 1622 imitationem,
2739 1575 2861 1629 qum
2882 1575 3004 1615 esse
3033 1568 3214 1630 potest
3242 1559 3382 1629 ejus,
3412 1573 3577 1628 quam
3644 1610 3656 1620 .

1996 1647 2133 1701 nihil
2170 1657 2350 1714 potest
2379 1649 2580 1704 imitari
2608 1669 2620 1715 ;
2648 1649 2935 1705 dissimilia
2968 1664 3118 1714 vero,
3150 1659 3420 1719 quatenus
3451 1647 3582 1702 επε-

1999 1747 2118 1793 ctus
2158 1738 2297 1792 inira
2329 1754 2549 1794 causam
2586 1749 2717 1795 sunt
2744 1781 2760 1805 .
2808 1748 2865 1794 et
2912 1739 3141 1793 inﬁnitis
3184 1738 3483 1803 mensuris,
3524 1748 3579 1793 et

1997 1839 2120 1892 qum
2172 1824 2412 1880 conferri
2463 1841 2569 1880 non
2622 1837 2872 1896 queunt,
2925 1827 2994 1881 ab
3025 1843 3086 1881 ea
3131 1825 3360 1881 distant.
3393 1827 3575 1880 Item:

1993 1912 2135 1979 Quid
2169 1930 2298 1969 vero
2322 1915 2389 1971 de
2423 1916 2609 1972 divina
2635 1918 2893 1984 statione,
2924 1917 3010 1972 vel
3042 1917 3110 1971 de
3148 1916 3277 1971 sede
3299 1915 3578 1970 dicimus?

1996 1997 2118 2068 lpse
2152 2001 2295 2054 enim
2337 2012 2420 2057 est
2460 2003 2639 2060 omnis
2671 2006 2947 2068 stationis,
2995 2011 3050 2059 et
3085 2004 3232 2059 sedis
3263 2019 3452 2067 causa,
3482 2003 3574 2073 qui

1998 2097 2080 2143 est
2119 2105 2281 2160 supra
2312 2107 2530 2146 omnem
2564 2093 2747 2148 sedem
2774 2137 2789 2160 ,
2823 2106 2874 2148 et
2902 2095 3221 2159 stationem,
3251 2103 3306 2148 et
3351 2094 3408 2149 in
3456 2094 3578 2163 ipso

1997 2179 2194 2236 cuncta
2224 2197 2288 2236 ex
2337 2183 2608 2237 bonorum
2655 2183 2852 2254 cuique
2890 2199 3080 2238 eorum
3132 2183 3574 2240 convenientium

1997 2272 2235 2327 statione
2266 2275 2598 2340 consistunt,
2645 2283 2702 2330 et
2751 2275 3162 2340 custodiuntur,
3195 2290 3264 2330 ne
3295 2290 3362 2330 ex
3402 2275 3579 2331 bono-

2000 2380 2120 2418 rum
2161 2365 2602 2420 convenientium
2637 2367 2870 2426 statione
2895 2369 3268 2422 excutiantur.
3301 2365 3447 2432 Quid
3471 2381 3577 2421 au.

2004 2463 2132 2521 tem,
2162 2471 2285 2510 cum
2318 2472 2506 2511 rursus
2533 2456 2772 2526 theologi
2802 2456 2869 2510 ad
2896 2457 3080 2511 omnia
3109 2456 3362 2526 progredi
3389 2466 3444 2511 et
3466 2471 3584 2512 mo-

2004 2548 2115 2602 veri
2148 2547 2336 2604 dicunt
2390 2550 2763 2605 immobilem?
2812 2566 2879 2604 an
2925 2565 3031 2606 non
3071 2562 3131 2604 ut
3187 2549 3355 2604 Deum
3403 2549 3580 2614 decet,

2003 2639 2108 2694 hoc
2145 2639 2555 2709 intelligendum
2591 2641 2711 2696 est?
2751 2640 2955 2696 Moveri
2984 2655 3222 2710 namque
3251 2641 3339 2710 pie
3371 2641 3577 2696 intelli-

2003 2733 2238 2802 gendum
2275 2740 2358 2788 est
2377 2748 2486 2802 pro
2517 2748 2583 2787 eo
2615 2732 2757 2802 quod
2787 2743 2890 2796 est,
2929 2731 3110 2787 facere
3145 2733 3313 2788 Deum
3344 2741 3406 2787 ut
3448 2747 3587 2788 cun-

2004 2832 2092 2878 cta
2117 2823 2244 2886 sint,
2268 2832 2322 2878 et
2347 2825 2623 2879 continere
2653 2825 2862 2890 omnia,
2892 2834 2946 2879 et
2973 2806 3226 2880 omnibus
3257 2824 3586 2880 modisom—

2006 2915 2167 2969 nibus
2201 2916 2506 2984 providere,
2532 2923 2586 2971 et
2622 2917 2874 2971 omnibus
2922 2916 3113 2972 adesse
3140 2926 3254 2972 tum
3292 2917 3580 2986 complexu

2007 3009 2253 3062 omnium
2295 3023 2416 3077 quae
2455 3017 2606 3071 sunt,
2639 3007 2760 3063 sine
2791 3009 3122 3062 habitudine
3150 3007 3582 3076 conjunctionis,

301 3114 438 3154 mus
480 3099 547 3154 de
588 3098 853 3152 cltaritate
892 3095 1092 3151 Christi
1125 3109 1252 3165 erga
1289 3095 1580 3158 homines,
1618 3108 1742 3164 quae
1793 3107 1892 3163 pa-
1916 3131 1962 3192 Ο
2009 3108 2123 3154 tum
2167 3113 2264 3168 per
2310 3098 2704 3166 providentiam
2739 3099 2922 3154 omnia
2970 3097 3389 3161 circumeundo,
3431 3103 3485 3150 et
3525 3095 3584 3149 in

301 3205 434 3247 cem
481 3189 705 3246 ell'udit?
743 3189 819 3243 Ex
871 3202 976 3258 qua
1036 3202 1144 3241 non
1172 3187 1284 3256 jam
1338 3185 1664 3248 nobiscum,
1717 3201 1894 3256 neque

300 3297 440 3342 cum
469 3282 596 3338 aliis
642 3283 782 3335 inter
817 3295 938 3346 nos,
985 3294 1166 3348 neque
1214 3293 1338 3333 cum
1393 3279 1604 3347 angelis
1659 3293 1904 3348 pugnare

301 3377 618 3438 discamus,
651 3374 743 3429 sed
778 3371 960 3440 potius
989 3386 1112 3426 cum
1158 3371 1293 3439 ipsis
1341 3369 1526 3424 divina
1558 3383 1659 3439 pro
1689 3368 1904 3423 viribus

301 3483 608 3539 operemur
637 3465 938 3521 secundum
973 3461 1375 3532 providentiam
1404 3459 1556 3525 Jesu,
1591 3461 1680 3529 qui
1718 3460 1905 3515 omnia

301 3567 361 3620 in
399 3559 664 3617 omnibus
705 3564 963 3626 operatur
990 3555 1056 3620 “,
1089 3565 1144 3609 et
1175 3569 1364 3624 pacem
1392 3552 1545 3617 facit,
1580 3567 1698 3620 qua:
1723 3550 1906 3605 verbis

301 3652 583 3722 explicari
612 3666 720 3706 non
749 3658 950 3719 potest.
980 3656 1034 3702 et
1062 3662 1180 3718 qua:
1212 3663 1242 3700 a
1283 3645 1485 3703 saeculo
1521 3645 1905 3713 praedestinata

301 3752 428 3807 est;
465 3741 562 3811 qui
591 3737 969 3794 reconciliavit
1007 3753 1106 3793 nos
1143 3736 1250 3792 sibi
1289 3737 1342 3790 in
1381 3735 1574 3805 spiritu
1607 3735 1676 3797 δ’.
1710 3741 1764 3788 et
1807 3749 1906 3804 per

301 3836 522 3904 ipsum.
555 3841 610 3886 et
640 3832 691 3884 in
727 3833 865 3900 ipso,
902 3829 1085 3894 Patri,
1142 3837 1197 3882 et
1257 3843 1449 3882 rursus
1503 3826 1644 3881 idem
1676 3840 1796 3896 cap.
1836 3825 1889 3890 9,

302 3927 372 3980 de
407 3924 624 3980 eisdem
657 3922 856 3978 divinis
888 3921 1200 3976 nominibus
1232 3939 1246 3974 :
1278 3919 1402 3974 Haec
1435 3918 1778 3988 magnitudo,
1816 3918 1904 3970 in-

301 4015 455 4084 quit,
497 4023 553 4066 et
596 4012 803 4066 infinita
847 4021 950 4076 est,
985 4019 1040 4066 et
1085 4009 1404 4080 quantitatis
1450 4017 1506 4063 et
1554 4008 1770 4063 numeri
1806 4023 1904 4062 ex-

303 4122 477 4176 pers;
513 4113 571 4160 et
606 4106 721 4158 haec
766 4103 1083 4172 magnitudo
1119 4112 1200 4156 est
1248 4101 1569 4156 excellentia
1605 4099 1902 4156 secundum

301 4197 649 4251 effusionem
684 4193 992 4248 absolutam
1024 4200 1077 4245 et
1109 4206 1444 4260 supraquam
1471 4200 1752 4246 extensam
1789 4204 1905 4243 ma-

303 4285 651 4359 gniﬁcentiae
684 4300 790 4339 non
838 4285 1266 4352 comprehensae.
1311 4281 1456 4336 Idem
1513 4282 1676 4337 etiam
1745 4291 1906 4346 atque

301 4379 569 4436 amnium
599 4392 762 4433 causa
782 4387 862 4432 est
894 4391 1120 4447 parvum
1147 4393 1160 4440 ;
1194 4373 1474 4444 nunquam
1501 4375 1644 4428 enim
1673 4372 1903 4428 formam

2009 3191 2266 3246 omnibus
2289 3192 2586 3260 operando.
2613 3190 2812 3245 Ibidem
2835 3196 3060 3244 sanctus
3082 3187 3352 3242 Maximus
3371 3186 3584 3252 :Quodo

2007 3280 2208 3350 inquit,
2243 3295 2456 3348 semper
2485 3289 2567 3334 est
2598 3280 2739 3333 idem
2766 3318 2782 3343 ,
2833 3287 2888 3332 et
2935 3278 3184 3332 absolute
3231 3284 3336 3342 est,
3375 3275 3428 3328 in
3468 3275 3585 3329 sola

2007 3387 2172 3427 causa
2224 3371 2468 3424 omnium
2523 3368 2796 3424 etl'ectrice
2853 3366 3122 3431 cernitur,
3163 3380 3284 3436 qua:
3315 3363 3584 3418 creaturis

2006 3464 2202 3532 largita
2230 3471 2334 3524 est,
2374 3471 2425 3514 ut
2465 3462 2520 3514 in
2553 3460 2745 3516 eodem
2775 3469 2920 3514 statu
2946 3463 3328 3528 permaneant,
3356 3464 3411 3510 et
3434 3463 3490 3509 ut
3517 3468 3584 3509 ea

2009 3570 2126 3625 quae
2161 3552 2456 3616 contrarie,
2495 3553 2576 3606 vel
2608 3552 2714 3606 alio
2745 3550 2905 3606 modo
2931 3550 3156 3614 habent,
3188 3549 3331 3605 inter
3360 3565 3420 3605 se
3450 3563 3583 3605 coa-

2009 3654 2282 3716 gmentata
2315 3644 2462 3706 sint,
2507 3642 2695 3698 eodem
2748 3643 2915 3712 igitur
2951 3641 3112 3698 modo
3143 3641 3366 3707 omnia,
3415 3641 3582 3694 etiam

2009 3753 2129 3809 quae
2157 3752 2264 3791 non
2299 3743 2523 3790 manent
2551 3736 2603 3790 in
2632 3735 2822 3792 eadem
2855 3743 3072 3800 natura,
3107 3734 3163 3788 in
3205 3734 3314 3788 Deo
3343 3748 3583 3788 cernun-

2010 3841 2097 3886 tur
2127 3845 2276 3895 csse;
2303 3829 2569 3896 siquidem
2593 3828 2837 3884 omnium
2864 3841 2986 3898 quae
3007 3835 3156 3890 sunt,
3181 3827 3374 3882 eodem
3400 3825 3582 3888 modo.

2009 3922 2059 3977 id
2091 3931 2174 3977 est
2212 3919 2486 3986 similiter,
2540 3929 2626 3975 est
2679 3928 2871 3975 auctor
2926 3920 3090 3974 Deus.
3138 3917 3216 3972 Ex
3261 3917 3467 3987 quibus
3524 3916 3585 3972 ﬁt

2007 4014 2377 4081 manifestum,
2414 4013 2556 4083 quod
2588 4028 2691 4083 pax
2717 4052 2731 4076 ,
2765 4021 2820 4066 et
2852 4011 3203 4083 magnitudo,
3237 4019 3292 4065 et
3320 4010 3581 4079 parvitas,

2006 4113 2059 4160 et
2083 4105 2266 4179 statio,
2295 4113 2350 4158 et
2389 4116 2593 4166 motus.
2629 4113 2684 4158 et
2711 4103 2852 4156 idem
2880 4117 3024 4168 esse,
3054 4110 3108 4158 et
3137 4101 3412 4156 diversum
3438 4113 3582 4162 esse,

2007 4208 2061 4252 et
2095 4196 2355 4260 similem,
2380 4204 2436 4249 et
2457 4194 2800 4257 dissimilem,
2831 4195 2944 4249 haec
2975 4193 3158 4248 omnia
3189 4207 3297 4247 una
3325 4206 3430 4262 pax
3455 4197 3584 4245 sunt

2008 4290 2062 4344 in
2099 4289 2238 4348 Deo,
2261 4288 2465 4342 idcirco
2500 4296 2556 4341 et
2591 4286 2702 4350 hic,
2735 4295 2787 4340 et
2818 4285 2954 4340 alias
2993 4285 3139 4338 clare
3166 4283 3370 4339 dictum
3402 4291 3458 4336 et
3490 4281 3586 4336 de-

2012 4389 2375 4436 monstratum
2405 4387 2483 4432 est
2510 4393 2539 4432 a
2570 4377 2847 4447 Dionysio,
2879 4377 2982 4429 alia
3009 4415 3025 4440 ,
3055 4383 3107 4429 et
3137 4372 3432 4438 contraria,
3461 4387 3584 4427 om-

303 4471 472 4542 parvi
505 4468 746 4538 reperies
781 4484 889 4522 non
924 4465 1332 4536 ParliCipalam-
1370 4465 1460 4520 Sic
1491 4465 1654 4535 igitur
1693 4464 1746 4518 in
1793 4465 1902 4520 Deo
1935 4455 1978 4510 Ῑ)
2011 4474 2099 4526 nia
2131 4470 2320 4524 eodem
2351 4469 2508 4521 modo
2541 4475 2595 4518 et
2644 4467 2815 4527 unite,
2847 4472 2901 4518 et
2932 4464 3078 4517 nulla
3121 4461 3492 4531 duplicatione
3526 4460 3582 4513 in

298 4561 703 4631 accipiendum
737 4569 820 4613 est
853 4573 1104 4628 parvutn,
1141 4569 1199 4611 ut
1235 4559 1288 4610 in
1324 4557 1526 4623 omnia,
1566 4567 1618 4610 et
1651 4572 1746 4626 per
1778 4571 1900 4610 om-

301 4658 391 4710 nia
433 4652 694 4722 expedite
720 4664 929 4711 means.
957 4657 1011 4702 et
1035 4665 1289 4720 operans.
1322 4658 1373 4703 et
1398 4649 1701 4718 pervadens
1731 4664 1901 4718 usque

301 4749 354 4801 iu
382 4745 722 4802 divisionem
752 4741 948 4795 animae
994 4749 1049 4796 et
1098 4741 1368 4811 corporis.
1400 4755 1721 4810 compagum
1758 4755 1898 4810 quo-

298 4856 412 4910 que
452 4851 509 4892 et
547 4836 926 4899 medullarum,
963 4847 1016 4891 et
1051 4834 1439 4903 cogitationum
1467 4833 1649 4886 cordis
1675 4833 1742 4896 ⁵ο,
1787 4832 1918 4893 ἱιηυ⁸

300 4929 568 4982 omnium
605 4940 725 4996 qua:
755 4934 919 4989 sunt;
949 4939 1058 4979 non
1084 4925 1232 4978 enim
1261 4930 1348 4977 est
1375 4931 1628 4976 creatura
1670 4921 1779 4974 ulla
1810 4921 1899 4974 in-

303 5019 560 5074 visibilis
597 5018 648 5070 in
699 5026 993 5085 conspectu
1046 5016 1187 5086 ejus,
1231 5018 1332 5069 hoc
1382 5031 1605 5084 parvum
1657 5025 1739 5070 est
1789 5016 1909 5070 sine

302 5093 652 5179 quantitate,
696 5109 815 5162 sine
854 5123 1106 5170 numero.
1156 5107 1274 5162 sine
1322 5107 1669 5171 inhibitione,
1723 5107 1908 5162 inﬁni-

303 5213 428 5256 tum
459 5244 475 5266 ,
540 5201 1078 5268 incircumscriptum
1104 5241 1118 5263 ,
1166 5199 1350 5254 omnia
1393 5199 1904 5267 comprehendens,

305 5293 502 5359 ipsum
538 5304 569 5342 a
605 5290 753 5345 nullo
790 5289 1177 5356 comprehendi
1225 5298 1424 5358 potest.
1467 5290 1679 5344 Rursus
1717 5289 1856 5344 idem
1887 5307 1902 5346 :

306 5383 477 5436 Nunc
511 5390 692 5435 autem
728 5380 969 5434 divinam
998 5381 1370 5436 diversitatem
1403 5397 1524 5435 cum
1553 5382 1808 5442 dicimus.
1843 5398 1911 5438 ne

310 5475 680 5545 suspicemur
708 5473 1068 5527 variationem
1105 5473 1417 5543 quampiam
1451 5475 1503 5528 in
1537 5491 1603 5528 eo
1639 5476 1732 5544 qui
1765 5476 1908 5530 idem

310 5574 426 5631 est,
465 5574 523 5620 et
551 5577 884 5636 supraquam
917 5564 1313 5632 immutabilis;
1358 5565 1452 5622 sed
1499 5567 1913 5638 multiplicatio-

2015 4565 2122 4617 Deo
2168 4577 2326 4625 esse;
2369 4569 2548 4613 tamen
2583 4558 2652 4612 ab
2688 4557 2806 4626 ipso
2853 4555 3114 4625 producta
3140 4592 3156 4619 ,
3194 4553 3396 4606 variata
3441 4565 3582 4614 esse,
3622 4584 3624 4586 τ

2015 4654 2084 4708 ab
2119 4653 2251 4723 ipsis
2280 4651 2723 4705 emanationibus
2750 4649 3122 4703 diversitatem
3153 4655 3334 4699 nacta.
3371 4644 3460 4696 Est
3488 4641 3588 4711 igi-

2012 4754 2099 4800 tur
2128 4744 2290 4808 Deus,
2329 4753 2386 4797 ut
2425 4742 2578 4809 prius
2615 4741 3050 4797 demonstratum
3095 4746 3212 4805 est,
3259 4738 3402 4793 sicut
3449 4735 3584 4790 sub-

2008 4838 2231 4896 stantia,
2265 4850 2428 4904 quam
2461 4848 2636 4903 neque
2667 4833 2850 4889 verbis
2875 4832 3202 4901 exprimere,
3237 4845 3336 4885 nec
3377 4827 3583 4896 eloqui,

2014 4943 2112 4982 nec
2136 4940 2462 4996 cognoscere
2491 4939 2805 4993 possumus,
2832 4923 2910 4978 sic
2925 4923 3091 4977 etiam
3111 4921 3291 4976 divina
3317 4918 3432 4987 ejus
3457 4931 3587 4986 pax,

2015 5027 2272 5088 prazterea
2307 5015 2570 5084 sapientia
2596 5016 2735 5084 ejus,
2770 5025 2824 5070 et
2849 5016 2958 5068 vita
2982 5014 3124 5083 ejus,
3162 5023 3217 5067 et
3248 5024 3584 5080 quaecunque

2013 5109 2118 5163 alia
2147 5109 2418 5172 absoluta,
2451 5118 2503 5161 et
2534 5123 2870 5177 quascunque
2897 5123 3038 5161 nunc
3073 5106 3126 5160 in
3179 5104 3295 5174 ipsa
3331 5101 3584 5166 videntur

1998 5200 2314 5253 secundum
2347 5199 2791 5253 contrarietatem
2817 5197 3018 5266 ell‘eqri.
3057 5195 3366 5251 Laudamus
3402 5207 3585 5253 autem

2016 5292 2159 5345 hanc
2191 5291 2488 5345 secundum
2536 5289 2977 5360 participationes
3017 5290 3132 5355 eius
3181 5291 3484 5345 intellectas
3536 5300 3592 5346 ct

2016 5383 2349 5447 nominatas,
2389 5381 2440 5435 id
2473 5390 2576 5447 est,
2607 5380 2895 5435 laudamus
2919 5383 2984 5436 ab
3025 5381 3090 5436 iis
3137 5399 3258 5453 qua:
3287 5384 3540 5453 produxit
3571 5423 3588 5448 ,

2015 5485 2135 5540 quae
2157 5473 2259 5524 sub
2292 5471 2704 5540 intelligentiam
2740 5473 2962 5536 cadunt,
2987 5482 3040 5528 et
3065 5490 3184 5546 qua:
3208 5476 3314 5530 sub
3337 5490 3586 5538 sensum,

2019 5563 2220 5632 quibus
2263 5577 2367 5616 nos
2403 5577 2468 5617 cx
2500 5562 2567 5618 iis
2597 5579 2719 5634 qua:
2750 5564 3024 5635 videntur,
3066 5565 3341 5628 instructi.
3391 5567 3457 5622 ad
3500 5583 3592 5624 co-

382 5737 446 5786 ἠ
501 5753 630 5810 Cor.
656 5754 832 5820 xn,6.
911 5756 954 5790 δ’
983 5756 1027 5814 ll
1100 5759 1229 5816 Cor.
1259 5776 1309 5829 ν,
1346 5760 1444 5826 l8;
1494 5759 1692 5832 Epltcs.
1726 5777 1790 5829 ιι,
1824 5761 1914 5816 l8.
1979 5761 2022 5793 '°
2062 5759 2226 5817 llcbr.
2269 5779 2341 5830 IV,
2381 5763 2466 5818 12.
