3980 6208
265 314 271 323 “
288 300 395 365 8‘33

987 296 1224 358 DECAS
1258 301 1322 358 V.
1365 321 1432 335 ·-
1456 298 1556 360 DE
1581 294 1860 360 PROPRI

1967 300 2242 367 ATIBUS
2270 306 2503 372 DlViN.
2534 312 2804 378 NOMiN.

3435 328 3541 395 87H

262 414 346 473 ,in
392 408 517 466 aliis
564 409 838 479 ejusmodi
866 446 884 475 ,
922 410 1026 464 nisi
1079 419 1228 506 esset
1270 411 1367 480 qui
1417 410 1768 506 miseratione
1814 421 1870 467 et
1897 419 1939 471 Α
1970 433 2153 473 sctum
2188 422 2391 478 infert?
2420 434 2473 480 et
2507 426 2844 497 refrigeratio
2874 428 3270 506 refrigeratum,
3298 448 3352 494 et
3382 442 3538 498 rem.

288 503 672 560 misericordia
704 503 1003 573 indigeret;
1040 503 1121 559 sic
1148 503 1316 557 etiam
1347 516 1449 557 nec
1497 503 1869 572 omnipotens,

288 595 399 652 nisi
430 595 609 651 omnis
651 608 903 651 creatura
936 595 1285 658 dominante,
1315 604 1372 651 et
1400 594 1457 650 ia
1486 609 1551 650 eo
1581 597 1725 663 quod
1752 603 1868 659 est,

285 702 410 747 eam
461 696 823 742 consonante
865 686 1153 757 indigeret.
1210 687 1280 743 Ut
1304 686 1567 742 ‘ntedieus
1611 686 1775 756 igitur
1817 687 1868 741 ei

293 780 391 849 qui
431 780 721 836 curatione
753 779 980 849 indiget,
1027 779 1354 843 adhibetur;
1404 778 1485 833 sic
1514 778 1891 845 omnipotens

283 871 360 932 si,
386 870 478 923 cui
507 884 647 939 opus
673 876 757 925 est
790 868 959 925 teneri
984 869 1296 923 dominatu.
1332 866 1399 923 Et
1423 868 1567 924 sicut
1597 866 1735 921 bene
1773 880 1867 920 va-

283 958 528 1015 lentibus
551 976 657 1015 non
689 974 831 1029 opus
851 969 938 1015 est
960 959 1197 1025 medico,
1229 961 1322 1016 sed
1353 959 1494 1015 male
1519 958 1865 1023 habentibus;

283 1052 368 1107 sic
399 1060 801 1121 consequenter
833 1061 979 1106 recte
1009 1050 1115 1106 diei
1147 1058 1345 1120 potest,
1375 1064 1500 1105 eum
1546 1050 1602 1105 in
1630 1064 1744 1119 quo
1768 1063 1867 1103 na-

283 1152 413 1197 tura
442 1141 699 1196 aberrare
721 1156 773 1197 et
807 1142 913 1197 labi
944 1157 1053 1198 nun
1090 1151 1290 1213 potest,
1349 1157 1456 1197 non
1484 1142 1726 1211 indigere
1759 1141 1869 1195 alio

282 1249 315 1289 a
347 1249 463 1303 quo
491 1243 762 1289 teneatur.
792 1232 856 1287 Et
889 1248 1125 1303 magnus
1152 1233 1464 1305 ttionysius,
1497 1233 1551 1287 in
1578 1233 1740 1303 epist.
1771 1247 1865 1288 se-

278 1324 465 1377 cunda
509 1323 578 1377 ad
614 1321 806 1377 Caium
841 1333 869 1376 :‘
890 1322 1175 1388 Quomodo
1224 1325 1389 1388 usus,
1436 1322 1529 1390 qui
1570 1330 1657 1377 est
1691 1334 1863 1390 supra

281 1416 500 1478 omnia,
534 1425 618 1469 est
668 1427 836 1482 supra
872 1413 1205 1483 principium
1240 1413 1581 1477 divinitatis,
1613 1419 1669 1467 et
1698 1425 1862 1482 supra

283 1508 627 1577 principium
697 1505 995 1561 bonitatis?
1047 1504 1257 1559 scilicet
1312 1504 1358 1560 si
1411 1504 1752 1560 divinitatem
1803 1512 1859 1560 et

284 1601 649 1653 bonitatatem
706 1596 980 1667 intelligas
1027 1610 1150 1651 esse
1199 1598 1403 1653 donum
1457 1594 1660 1664 ipsum,
1711 1594 1855 1663 quod

276 1692 419 1745 deos
446 1699 504 1745 et
531 1691 702 1743 honos
730 1685 877 1752 facit,
912 1697 966 1741 et
993 1687 1165 1753 ipsam
1192 1686 1551 1741 imitationem
1585 1686 1662 1755 (i)
1696 1688 1857 1754 quam

248 1781 507 1850 .assequi
543 1795 650 1834 non
696 1793 1011 1848 possumus,
1049 1777 1145 1833 Dei
1171 1787 1228 1832 et
1252 1778 1403 1844 houi,
1432 1780 1524 1847 qui
1553 1788 1633 1831 est
1663 1792 1857 1844 supra-

274 1888 444 1941 quam
482 1872 642 1935 Deus,
678 1879 734 1923 et
775 1883 1104 1937 supraquaut
1156 1868 1334 1923 bonus
1362 1884 1474 1939 qua
1513 1869 1588 1922 dii
1638 1878 1693 1922 et
1731 1868 1857 1923 boui

273 1961 576 2023 cﬂirintur.
608 1959 822 2015 Etenim
854 1961 901 2014 si
937 1959 1042 2014 hoc
1069 1966 1151 2015 est
1190 1958 1535 2028 principium,
1571 1974 1680 2028 quo
1709 1958 1859 2013 deiﬁ-

274 2067 503 2112 carnur,
534 2060 591 2104 et
615 2050 742 2105 boni
788 2048 1075 2115 eﬂieimur,
1120 2050 1212 2118 qui
1253 2057 1338 2104 est
1380 2048 1563 2103 omnis
1596 2046 1857 2118 principii

272 2157 623 2211 stipi-nquam
664 2141 997 2211 principium
1025 2181 1040 2206 ,
1088 2140 1250 2195 etiam
1278 2146 1363 2194 est
1404 2151 1568 2207 supra
1599 2137 1860 2193 divinita—

275 2242 395 2288 tem
419 2241 477 2287 et
506 2232 823 2307 bonitatem,
862 2231 969 2286 hoc
1001 2241 1106 2297 est,
1144 2245 1310 2297 supra
1343 2230 1671 2298 principium
1714 2228 1858 2284 divi-

252 2324 499 2390 .nitntis,
535 2331 592 2377 et
624 2322 954 2392 principium
983 2321 1263 2378 bonitatis.
1297 2320 1435 2387 Quia
1462 2323 1609 2376 enim
1640 2335 1748 2375 non
1777 2329 1862 2376 est

274 2414 598 2477 imitabilis,
635 2428 811 2482 neque
843 2412 1029 2468 haberi
1061 2421 1263 2482 potest,
1294 2412 1569 2468 anteceHit
1599 2411 1859 2467 imitatio-

274 2506 449 2560 nibus
472 2512 528 2557 et
561 2502 996 2566 habitudinibus,
1025 2511 1079 2557 et
1103 2502 1187 2556 eis
1208 2502 1310 2571 qui
1346 2500 1645 2569 imitantur,
1678 2511 1733 2556 et
1763 2503 1861 2558 lia-

274 2595 569 2651 bitndines
601 2594 946 2663 participant.
973 2591 1197 2660 Magnus
1231 2591 1562 2647 Athanasius
1617 2591 1673 2645 in
1723 2591 1861 2648 libro

275 2678 357 2740 De
382 2684 755 2759 incarnatione
797 2680 944 2737 Verbi
974 2681 1072 2735 Dei
1096 2697 1115 2734 :
1148 2680 1257 2736 Deo
1306 2681 1492 2751 igitur,
1526 2682 1719 2751 inquit,
1752 2697 1864 2735 non

272 2788 366 2831 ess
400 2775 602 2831 similis
642 2771 817 2828 Filius
854 2771 1017 2836 Deus,
1050 2772 1143 2826 sed
1187 2787 1353 2827 unum
1387 2780 1441 2827 et
1490 2772 1631 2826 idem
1656 2813 1672 2839 ,
1719 2773 1864 2828 sicut

272 2868 555 2936 scriptum
580 2875 665 2918 est
701 2879 716 2918 :
748 2862 860 2933 Ego
896 2871 949 2915 et
984 2861 1144 2917 Pater
1182 2877 1345 2917 unum
1389 2876 1573 2916 sumus
1595 2861 1642 2893 ⁸¹
1671 2881 1685 2917 :
1721 2862 1861 2917 divi-

274 2961 520 3013 nitatem
574 2956 977 3022 interpretatus
1013 2961 1099 3007 est
1147 2953 1450 3015 unitatem;
1509 2952 1853 3007 divinitatem

1970 521 2248 577 get-antem
2272 552 2285 571 .
2319 522 2374 568 et
2400 515 2542 570 visio
2579 518 2778 583 visum,
2813 534 2867 575 et
2896 523 3201 595 videntem;
3232 537 3289 583 et
3320 530 3529 588 intelli-

1971 601 2149 668 gentia
2186 602 2519 661 intellectam
2562 620 2697 672 rem,
2725 618 2782 665 et
2809 610 3201 682 intelligentcm
3229 621 3359 688 (non
3390 616 3539 676 enim

1970 702 2145 759 potest
2183 694 2449 752 habitudo
2474 700 2595 753 sine
2620 701 2947 759 habentibus
2980 707 3355 765 habitudinem
3389 713 3495 768 dici
3524 754 3543 781 ,

1968 793 2064 838 aut
2093 785 2367 857 intelligi),
2388 789 2487 853 sic,
2511 800 2571 845 ut
2598 796 2936 871 consequens
2960 805 3057 862 est,
3093 798 3360 855 deittcatio
3387 800 3545 858 deiti-

1966 881 2170 940 catum,
2200 885 2255 931 et
2286 877 2627 936 deiﬁeanteut
2656 870 2840 938 secum
2875 885 3098 943 inducit.
3128 889 3273 944 Idem
3311 906 3325 944 :
3368 892 3542 963 Opur-
3626 870 3635 878 ⁸

1966 966 2136 1032 tebat,
2170 978 2229 1020 ut
2263 980 2389 1023 vere
2419 970 2597 1025 dicunt
2626 1012 2642 1034 ,
2694 988 2815 1029 eum
2864 978 2955 1047 qui
2995 987 3081 1034 est
3130 991 3322 1038 auctor
3349 1001 3537 1041 eorum

1967 1067 2088 1121 qua:
2120 1056 2422 1110 secundum
2446 1069 2699 1115 naturam
2729 1073 2878 1129 sunt,
2912 1081 3035 1123 esse
3061 1071 3221 1124 etiam
3254 1083 3536 1131 auctorem

1965 1140 2327 1201 deiiicationis
2362 1151 2664 1205 secundum
2699 1155 2951 1223 gratiam.
2975 1157 3122 1213 idem
3159 1162 3357 1218 iterum
3391 1182 3405 1220 :
3438 1165 3555 1221 [ie--

1967 1237 2296 1326 monstravi,
2342 1239 2538 1307 inquit,
2570 1242 2811 1299 divinam
2848 1251 3170 1318 potentiam,
3210 1270 3332 1322 quae
3366 1270 3531 1326 supra

1966 1324 2332 1381 substantiam
2367 1338 2486 1395 est,
2535 1330 2744 1388 edicere
2784 1335 3186 1396 deiﬁcationcm
3218 1358 3406 1399 eorum
3439 1324 3533 1414 qui

1966 1416 2273 1471 secundum
2304 1419 2537 1486 gratiam
2572 1420 2806 1477 deiiieati
2838 1435 2990 1481 sunt.
3028 1427 3321 1499 Gregorius
3351 1433 3531 1490 Theo-

1965 1508 2148 1576 ltigus,
2185 1508 2239 1563 in
2273 1512 2522 1565 oratione
2558 1521 2847 1581 postquam
2895 1514 3069 1573 factus
3098 1530 3182 1573 est
3211 1521 3537 1592 presbyter:

1969 1597 2375 1664 Solitudinem,
2428 1602 2639 1670 inquit,
2685 1604 2923 1659 maxime
2959 1608 3202 1662 omnium
3252 1612 3543 1680 amplexus

1965 1705 2111 1754 sum,
2137 1702 2194 1745 et
2241 1701 2494 1759 tanquam
2545 1692 2864 1761 adjutricem
2929 1704 2983 1750 et
3036 1710 3315 1766 parentem
3371 1703 3539 1755 divini

1966 1796 2227 1836 ascensus
2255 1789 2308 1835 et
2339 1780 2587 1837 deiﬁcam
2645 1785 2995 1839 vehementer
3049 1788 3348 1845 admiratus
3397 1806 3539 1846 sum.

1967 1871 2179 1927 Rursus
2210 1876 2439 1941 magnus
2469 1880 2524 1926 et
2551 1871 2769 1929 divinus
2803 1875 3091 1947 Dionysius
3112 1917 3128 1942 ,
3176 1896 3298 1948 cap.
3336 1882 3424 1947 i0,
3468 1881 3542 1935 De

1965 1963 2156 2015 diuinis
2184 1963 2510 2028 nominibus,
2571 1964 2646 2018 ait
2689 1980 2703 2019 :
2736 1963 2942 2021 Dititur
2975 1980 3153 2023 autem
3194 1973 3538 2041 omnipotens

1966 2052 2130 2113 Deus.
2166 2061 2225 2106 ut
2254 2056 2439 2109 omnia
2458 2054 2741 2110 dominatu
2765 2071 2866 2111 suo
2888 2066 3098 2124 tenens,
3130 2069 3183 2114 et
3206 2062 3297 2131 qui
3323 2064 3392 2117 iis
3423 2081 3545 2126 qua:

1964 2144 2247 2213 gubernat,
2285 2153 2481 2216 praeest
2516 2160 2622 2201 non
2652 2147 2819 2203 miate
2850 2148 2963 2217 (2);
2993 2144 3136 2204 et'ut
3161 2153 3421 2210 omnibus
3452 2156 3549 2207 ἀι·-

1965 2234 2295 2300 sidcrabilis,
2331 2246 2385 2291 et
2412 2236 2697 2300 amabilis;
2733 2246 2787 2291 et
2827 2241 3038 2294 cunctis
3063 2240 3191 2311 iuga
3232 2244 3535 2299 voluntaria

1966 2327 2253 2395 imponens
2283 2327 2381 2399 (ὅ),
2402 2336 2458 2382 et
2479 2328 2668 2384 dulces
2698 2331 3088 2397 parturitiones
3113 2334 3318 2390 amoris
3342 2336 3538 2405 divini,

1965 2426 2022 2471 et
2068 2418 2487 2487 omnipatentis,
2552 2428 2611 2475 et
2662 2419 2972 2479 insolubilis
3030 2424 3204 2493 ipsius
3259 2425 3541 2483 bonitatis.

1969 2509 2270 2581 Gregorius
2303 2510 2602 2582 Nyssenus,
2657 2515 2710 2566 in
2760 2515 2934 2582 primo
2967 2513 3106 2570 libro
3137 2527 3322 2571 contra
3362 2517 3547 2572 Euno-

1968 2605 2133 2657 tm'unt
2153 2617 2172 2656 :
2195 2602 2335 2669 Alia,
2360 2603 2558 2673 inquit,
2586 2603 2805 2659 nomina
2829 2613 3038 2659 tantum
3068 2607 3373 2678 significant
3399 2611 3543 2679 quod

1967 2701 2051 2749 est
2089 2696 2155 2750 ad
2195 2695 2401 2765 aliquid
2432 2695 2587 2761 utile,
2615 2703 2668 2751 ut
2698 2694 2935 2767 adjutor,
2969 2695 3245 2765 defensor,
3275 2710 3328 2757 et
3357 2714 3544 2758 susce-

1967 2792 2110 2851 ptor,
2139 2793 2191 2837 et
2226 2798 2564 2854 quaecunque
2590 2785 2751 2854 hujus
2784 2787 3198 2855 signiﬁcationis
3252 2793 3535 2862 reperiun-

1970 2882 2081 2939 tur,
2118 2876 2319 2943 quibus
2348 2875 2624 2929 sia’dimas
2646 2872 3049 2948 egentem'ope,
3074 2893 3243 2935 vacua
3283 2891 3336 2936 et
3365 2878 3544 2938 otiosa

1971 2963 2134 3019 fuerit
2169 2965 2250 3019 vis
2275 3005 2290 3029 ,
2326 2978 2449 3034 quae
2482 2965 2536 3018 in
2569 2965 2686 3034 ipso
2721 2967 2938 3020 nomine
2989 2970 3252 3025 cernitur.
3320 2970 3541 3028 Rursus

248 3063 416 3103 ,νετο
443 3060 554 3099 nou
598 3043 778 3114 qualis
809 3051 1132 3105 esteorum,
1174 3042 1271 3109 qui
1320 3039 1447 3094 iacti
1476 3048 1606 3094 sunt
1630 3040 1706 3095 dii
1736 3056 1750 3093 :
1781 3039 1859 3093 si-

1973 3052 2275 3123 Dionysius
2292 3067 2415 3122 cap.
2450 3053 2517 3106 η
2540 3094 2555 3119 ,
2590 3055 2659 3107 de
2690 3054 2896 3109 eisdem
2939 3056 3137 3113 divinis
3185 3059 3543 3116 nominibus:

251 3140 509 3211 quidem
546 3138 684 3191 hanc
709 3134 786 3188 illi
819 3147 1123 3204 opponens,
1166 3131 1330 3197 Deus,
1366 3132 1563 3200 inquit,
1625 3121 1708 3186 es't
1752 3145 1860 3185 non

274 3233 433 3291 sicut
481 3231 650 3283 homo
680 3226 747 3280 ad
778 3223 1198 3286 similitudinem
1243 3222 1338 3278 Dei
1385 3221 1583 3287 iactus,
1628 3232 1683 3277 et
1722 3221 1863 3276 Deus

278 3324 613 3380 nominatus
662 3326 885 3388 propter
932 3313 1370 3372 similitudinem.
1432 3311 1500 3367 Et
1563 3311 1862 3382 Gregorius

270 3410 572 3483 Nysscnus
621 3410 675 3463 in
729 3407 966 3478 quodam
1022 3405 1159 3460 libro
1204 3417 1272 3460 ex
1312 3402 1433 3459 Suis
1479 3401 1864 3459 confutaturiis

271 3514 479 3558 contra
511 3499 837 3554 Eunomium
864 3513 879 3552 :
905 3497 970 3549 Et
998 3495 1046 3551 si
1069 3494 1318 3550 inimicus
1341 3494 1553 3550 Domini
1575 3492 1861 3548 Dominum

258 3588 540 3647 joininet
574 3586 741 3641 Deum
763 3626 780 3653 ,
811 3585 1002 3640 nititur
1034 3598 1353 3654 comparare
1382 3583 1533 3639 illum
1569 3598 1691 3638 cum
1720 3584 1863 3637 divi-

258 3683 457 3745 _nitate
491 3677 720 3745 Lioysis.
758 3676 994 3732 Sanctus
1021 3674 1288 3730 Maximus
1319 3674 1373 3729 in
1407 3674 1629 3730 scholiis
1663 3676 1862 3744 Diony-

271 3775 371 3837 sii,
430 3771 623 3837 Recte,
675 3771 873 3838 inquit,
904 3765 1041 3823 dixit
1069 3768 1407 3821 divinitatem
1444 3780 1609 3836 supra
1643 3782 1860 3822 omnem

273 3865 617 3926 bonitatem,
651 3869 707 3915 et
733 3859 1112 3919 divinitatem:
1156 3858 1444 3914 inferiores
1472 3859 1638 3926 igitur
1662 3858 1863 3913 divini-

272 3945 424 4010 tates
474 3952 720 4020 intellige
748 3950 1087 4020 angelorum,
1130 3959 1184 4003 et
1233 3950 1518 4005 hominum
1559 3950 1859 4018 justorum.

273 4046 526 4103 Sanctus
551 4042 793 4099 Joannes
822 4043 1186 4096 Dantascenus
1207 4083 1221 4108 ,
1248 4041 1391 4096 libro
1422 4057 1482 4096 tn
1518 4041 1591 4096 De
1621 4042 1726 4110 [ide
1771 4059 1860 4097 or-

274 4141 546 4203 thodoxa,
575 4152 697 4206 cap.
733 4135 822 4190 {2.
851 4131 1046 4198 Natus,
1077 4134 1279 4204 inquit,
1307 4148 1370 4188 ex
1401 4130 1643 4205 Virgine,
1677 4150 1861 4206 egres-

268 4250 370 4290 sus
408 4240 600 4286 autem
633 4227 776 4282 Deus
808 4241 931 4282 cum
959 4240 1124 4281 carne
1153 4234 1466 4295 assumpta,
1494 4225 1605 4293 iam
1641 4227 1757 4296 ipsa
1790 4228 1860 4282 ab

268 4339 339 4379 se
366 4323 660 4386 deiﬁcata,
703 4317 872 4374 simul
903 4325 962 4370 ut
988 4315 1249 4385 producta
1279 4325 1384 4378 est,
1416 4327 1470 4371 et
1509 4330 1630 4372 esse
1652 4318 1854 4386 erepit:

1967 3141 2102 3207 Quia
2129 3180 2145 3206 ,
2180 3142 2377 3212 inquit,
2408 3152 2596 3195 auctor
2632 3143 2876 3198 omnium
2912 3147 3215 3200 secundum
3256 3165 3419 3202 ouant
3452 3166 3546 3202 ex-

1964 3232 2277 3287 cellentiam
2312 3232 2571 3286 universa
2602 3242 3020 3301 exsuperantem
3054 3245 3139 3289 est
3175 3252 3339 3305 supra
3377 3255 3541 3308 quam

1963 3324 2185 3393 plenus,
2219 3334 2443 3377 sanctus
2475 3331 2813 3387 sa‘uctontm,
2839 3331 2892 3376 et
2923 3325 3043 3380 aliis
3075 3326 3343 3395 ejusmodi
3373 3329 3546 3383 nomi-

1966 3414 2130 3470 nibus
2159 3414 2785 3468 laudando-nominatur
2816 3416 3205 3472 convenienter
3233 3432 3415 3473 causm
3449 3436 3542 3473 su-

1964 3502 2272 3574 perﬂuenti,
2306 3510 2361 3556 et
2387 3500 2720 3556 excellentia:
2746 3501 2988 3567 eximiae,
3032 3512 3089 3556 ut
3124 3505 3172 3558 si
3204 3505 3328 3575 quis
3358 3507 3500 3560 dicat
3527 3548 3543 3570 ,

1946 3601 2169 3662 quanto
2183 3590 2518 3645 atttecellunt
2543 3598 2750 3654 sancta,
2774 3599 2870 3645 aut
2894 3591 3100 3647 divina.
3131 3604 3223 3648 aut
3244 3595 3532 3650 dominan-

1964 3684 2059 3748 tia,
2093 3688 2189 3737 aut
2217 3682 2365 3751 regia
2392 3682 2462 3736 iis
2487 3695 2610 3751 qua
2636 3695 2744 3737 non
2780 3692 2908 3739 sunt
2939 3684 3085 3749 talia,
3109 3694 3164 3739 et
3196 3700 3387 3741 rursus
3416 3687 3545 3756 ipsa:

1964 3789 2063 3845 per
2092 3788 2152 3829 se
2186 3773 2630 3843 participationes
2661 3773 3154 3842 partieipantibus;
3199 3786 3347 3835 tanto
3379 3788 3536 3833 ante-

1963 3864 2108 3920 cellit
2144 3863 2399 3933 omnibus
2432 3877 2554 3933 qua:
2583 3872 2746 3927 sunt,
2795 3863 2889 3932 qui
2924 3871 3006 3918 est
3036 3851 3201 3933 supra
3233 3868 3414 3927 omnia
3435 3909 3451 3934 ,
3489 3866 3546 3921 ei

1964 3954 2221 4008 omnibus
2254 3953 2727 4023 participantibus,
2768 3962 2823 4006 et
2878 3954 3418 4026 participationibus,
3450 3959 3548 4030 qui

1966 4055 2053 4101 est
2082 4058 2250 4099 causa
2289 4060 2394 4099 non
2420 4045 2767 4115 participata.
2803 4044 3034 4100 Sanctus
3062 4058 3242 4103 autem
3279 4059 3333 4103 et
3368 4065 3546 4121 reges,

1963 4146 2128 4207 atque
2156 4136 2430 4200 dominos,
2464 4145 2521 4191 et
2548 4135 2679 4193 deos
2711 4147 2908 4192 vocant
2943 4136 3243 4208 Scriptum
3271 4141 3550 4212 principa-

1960 4222 2158 4303 lioros.
2188 4223 2243 4277 in
2291 4237 2623 4294 unoquoque
2667 4225 2912 4281 ordines.
2954 4226 3109 4293 Quod
3152 4229 3372 4298 quidem
3422 4246 3546 4286 cum

1964 4327 2189 4372 sanctus
2220 4316 2491 4371 Maximus
2531 4316 2775 4383 adnotat,
2810 4320 3087 4392 principes
3126 4321 3218 4391 qui
3255 4321 3537 4378 inferiori-

262 4415 346 4469 ita
380 4424 452 4468 ut
484 4409 651 4467 simul
696 4413 811 4462 haec
841 4407 948 4460 tria
989 4414 1197 4475 essent,
1230 4406 1559 4474 assumptio,-
1587 4406 1859 4461 exsisten-
1893 4400 1936 4457 Β
1972 4411 2075 4467 bus
2125 4416 2401 4479 praesunt,
2448 4407 2522 4462 ait
2577 4410 2761 4464 vocari
2810 4411 3111 4465 secundum
3168 4412 3553 4468 excellentium

269 4507 369 4570 tia,
408 4500 691 4561 deiﬁcatio
733 4497 905 4568 ipsius
952 4497 1021 4552 ab
1058 4500 1175 4565 ipso
1221 4495 1400 4552 Verbo
1443 4497 1609 4553 facta.
1655 4497 1862 4555 Rursus

262 4604 506 4652 sanctus
544 4591 812 4647 Maximus
838 4588 892 4643 in
925 4589 1294 4658 disputatione
1325 4599 1520 4644 contra
1553 4589 1857 4662 Pyrrhum:

264 4688 434 4741 Sicut
473 4682 830 4738 inﬂammatio
858 4676 1248 4736 inﬂammatum
1275 4720 1295 4746 ,
1334 4688 1388 4734 et
1432 4680 1855 4740 inﬂammantem

348 4801 400 4835 ⁸³
432 4796 598 4853 Joan.
652 4811 707 4849 ι.
750 4792 841 4851 50.

1968 4512 2213 4563 sanctos,
2245 4508 2301 4554 et
2334 4500 2584 4555 dominos
2609 4512 2665 4553 et
2694 4516 2869 4570 reges,
2892 4509 2944 4555 et
2966 4500 3133 4565 deos;
3160 4502 3302 4555 sicut
3331 4511 3382 4556 et
3408 4503 3551 4554 inter

1971 4594 2219 4648 homines
2244 4589 2280 4644 ii
2300 4588 2394 4659 qui
2427 4604 2549 4643 sunt
2581 4591 3045 4655 excellentissimi,
3074 4592 3153 4646 sic
3182 4593 3549 4661 appellantur.
3606 4616 3613 4620 θ

1967 4686 2048 4741 Ex
2084 4682 2285 4753 quibus
2316 4680 2545 4736 eiiieitur
2579 4676 2921 4735 manifestum
2944 4716 2962 4745 ,
3006 4679 3169 4735 aliam
3212 4682 3433 4744 quidem
3467 4685 3548 4736 si-

1750 4893 2030 4958 Scholia.

341 4995 426 5065 (ι)
463 4990 649 5058 Ipsam
672 4990 1033 5065 imitationem
1078 4988 1197 5047 Dei.
1229 4989 1464 5065 imitatio
1500 4989 1591 5065 Dei
1627 5006 1851 5065 vocatur

261 5059 573 5127 deiti'catio,
593 5063 721 5126 quia
740 5076 844 5113 non
873 5059 1212 5132 deiticamur,
1231 5061 1331 5116 nisi
1364 5061 1627 5117 imitando
1649 5064 1848 5132 Deum;

261 5133 553 5189 deiﬁcatio
587 5133 727 5198 ipsa,
758 5144 877 5198 quia:
899 5130 1005 5183 dici
1051 5130 1192 5183 solet
1245 5144 1338 5199 per
1366 5146 1426 5184 se
1452 5132 1742 5199 deiﬁcatio,
1774 5130 1856 5188 est

260 5213 485 5257 nonum
521 5202 635 5265 Dei,
660 5210 714 5252 et
732 5198 1278 5267 principiumnostra:
1309 5202 1668 5256 dedicationis
1688 5198 1733 5255 a'
1749 5203 1856 5255 Deo

259 5276 542 5327 donatum
572 5265 755 5324 nobis.
808 5265 1147 5339 pett—sigitur
1199 5279 1490 5339 estusupra
1544 5270 1856 5336 hujusmudi

261 5341 604 5410 principium
630 5335 858 5394 turmale
875 5333 1438 5410 divinitatispciilcae,
1456 5354 1567 5410 qua
1600 5333 1855 5409 tauquam

257 5405 423 5465 dolio
458 5405 551 5461 Dei
577 5409 896 5478 deiticamur
945 5406 1015 5460 ab
1042 5409 1157 5476 ipso
1189 5405 1316 5470 Deo;
1336 5414 1391 5460 et
1420 5405 1670 5478 similiter
1696 5405 1858 5478 supra

260 5481 623 5549 principium
675 5474 949 5538 bonitatis,
980 5474 1088 5544 qua
1122 5485 1375 5545 tanquam
1410 5478 1557 5533 dono
1604 5477 1701 5534 Dei
1734 5474 1863 5534 boui

255 5548 545 5603 cilicitnur
576 5548 647 5601 ab
671 5561 756 5601 eo.
1405 5586 1414 5594 .

324 5618 419 5686 (Ξ)
440 5616 560 5670 Non
578 5618 884 5686 miste,quia
910 5630 1015 5670 non
1039 5629 1174 5683 opus
1193 5624 1295 5682 est,
1315 5627 1368 5670 ut
1387 5629 1449 5672 se
1462 5616 1622 5671 veluti
1639 5631 1763 5673 cum
1779 5631 1866 5671 re-

1953 5005 2007 5052 ct
2034 5000 2191 5048 caute
2219 4991 2499 5062 gubernet,
2535 4988 2673 5062 sicut
2707 5001 2930 5062 necesse
2957 4998 3041 5044 est
3071 4988 3274 5062 homini
3298 5007 3316 5056 ;
3343 4992 3554 5061 alioqui

1957 5080 2063 5120 non
2093 5058 2292 5128 poterit
2313 5060 2462 5128 solus
2492 5058 2737 5128 suiilcere
2772 5060 3195 5128 gubernationi.

2056 5126 2312 5200 (3)1ugu.
2345 5126 2482 5202 Juga
2514 5126 2815 5202 voluntaria
2846 5139 2997 5182 vocat
3032 5130 3301 5197 appetitus
3325 5142 3557 5195 natum,
3609 5198 3612 5202 Α

1960 5214 2017 5257 ιιι
2037 5196 2530 5270 (έυίιιιιέιόῃνιιηὶί,
2551 5196 2767 5270 insitos,
2794 5206 3050 5267 tanquam
3072 5196 3224 5267 leges
3247 5202 3544 5265 itnpOsitas,
3609 5198 3619 5270 ξ

1961 5265 2162 5342 quibus
2189 5269 2595 5342 outuisnatura
2637 5265 2873 5342 libenter
2910 5265 2975 5322 et
2999 5265 3189 5342 spcuie
3215 5282 3499 5342 Stt.t_pat'et
3523 5308 3545 5337 ,

1962 5335 2015 5396 et
2038 5339 2183 5393 nulla
2214 5338 2438 5401 resistit,
2467 5351 2565 5390 nec
2599 5335 2957 5390 obedientiam
2988 5335 3275 5391 dctrertat.
3304 5335 3370 5391 Et
3423 5355 3549 5404 qum

1970 5407 2276 5478 huiusmodi
2327 5404 2675 5478 appetitus,et
2700 5406 2931 5474 impetus
2957 5408 3123 5475 insiti,
3156 5421 3208 5461 et
3241 5408 3553 5461 inclinatio-

1970 5474 2067 5531 nes
2130 5474 2454 5530 teudunt’ad
2484 5474 2773 5544 amandum
2816 5490 3091 5530 summum
3129 5478 3352 5539 bonum,
3403 5480 3550 5544 quod

1971 5547 2121 5601 varie
2190 5545 2536 5614 participant,
2569 5543 2773 5614 idcirco
2831 5545 3097 5614 ejusmodi
3171 5543 3552 5601 ittcliuut'tunes

1973 5612 2230 5670 dicuntur
2252 5628 2282 5667 a
2312 5612 2564 5686 [iiunysio
2585 5613 2825 5686 divinum
2845 5612 3081 5669 amorem
3134 5617 3420 5686 parturire,
3442 5619 3552 5672 sie-

258 5676 377 5745 btis
394 5676 461 5742 'et
493 5676 974 5756 negotits'n'nsceat
996 5685 1061 5740 ad
1075 5676 1513 5755 cognoscendum
1543 5702 1628 5755 ea,
1665 5697 1723 5743 ut
1756 5697 1868 5743 tute
1976 5686 2053 5741 uti
2085 5695 2223 5742 terra
2255 5683 2368 5739 sole
2394 5676 2661 5754 tepefacta
2706 5683 2917 5739 fructus
2935 5676 3185 5745 parturit.
