3980 6208
440 268 593 347 ,8‘5

1662 261 1983 323 JOANNlS
2014 257 2579 321 CYPARISSIOTIE
3591 254 3686 318 836

478 378 891 449 'gniﬂcationem
934 371 1251 445 praeseferre
1281 385 1344 427 ea
1387 371 1609 426 nomina
1636 410 1650 436 ,
1685 385 1806 439 qua:
1834 372 1901 425 de
1939 372 2046 424 Deo
2079 374 2121 429 Α
2149 370 2339 423 horum
2376 378 2579 434 autem,
2631 366 2683 420 id
2713 370 2820 431 est,
2858 378 2983 428 qua:
3016 364 3311 420 secundum
3347 366 3685 425 excellentiam

488 475 744 527 dicuntur
774 468 838 522 ad
889 466 1127 535 aliquid;
1165 465 1328 519 aliam
1379 478 1530 528 vero,
1584 478 1703 532 qua:
1751 465 2049 518 secundum

488 559 958 630 exsuperationem
993 555 1294 610 efferuntur
1333 568 1349 607 :
1380 562 1541 623 atque
1567 555 1658 608 illa
1692 554 1913 622 quidem
1950 554 2051 606 ali-

492 655 711 723 quando
744 661 1082 717 supervacua
1110 660 1229 700 esse
1274 654 1329 700 et
1377 647 1548 701 otiosa
1583 643 1824 714 perfecto
1868 660 2051 713 opere,

489 755 548 797 ut
577 752 735 797 antea
762 782 775 805 ,
807 748 863 794 et
897 753 1040 793 nunc
1072 740 1503 792 demonstratum
1548 748 1666 802 est;
1721 737 1836 790 haec
1883 751 2014 789 vero
2037 776 2053 798 ,

487 849 608 904 quae
660 832 962 887 secundum
1024 829 1540 898 exsuperationem,
1598 842 1814 895 semper
1865 828 2053 880 eodem

488 925 650 979 modo
700 922 1080 978 excellentiam
1129 922 1423 983 declarare,
1479 930 1640 987 atque
1688 919 1777 972 illa
1838 919 2054 987 quidem

488 1016 713 1070 evidens
765 1014 1026 1068 indicium
1077 1011 1376 1068 ostendunt
1426 1011 1479 1064 in
1533 1010 1894 1065 fabricatione
1930 1010 2056 1063 uni-

484 1105 652 1159 versi.
679 1104 911 1170 Septimo
945 1103 1087 1156 enim
1125 1101 1234 1164 die,
1272 1098 1471 1168 inquit,
1507 1098 1756 1166 requievit
1792 1096 1855 1149 ab
1886 1097 2058 1149 omni-

487 1200 580 1251 bus
614 1195 854 1264 operibus
890 1193 1083 1254 suis";
1109 1205 1276 1260 quare
1297 1188 1537 1243 cessavit
1562 1203 1590 1241 a
1618 1188 1890 1242 creatione
1913 1187 2060 1251 εαξη,

487 1288 639 1351 solis,
667 1285 942 1355 stirpium,
971 1282 1355 1345 animantium,
1386 1288 1448 1332 ut
1483 1280 1736 1333 universe
1768 1277 1972 1341 dicam,
1997 1281 2081 1347 ab.

488 1375 743 1429 universo
770 1387 932 1443 opere
960 1371 1105 1441 quod
1132 1379 1373 1439 patrarat
1398 1367 1502 1439 (l),
1526 1377 1746 1437 propter
1760 1382 1897 1434 opus
1917 1366 2060 1420 enim

487 1467 666 1520 dictus
711 1473 796 1519 est
829 1472 960 1517 tunc
1003 1461 1143 1516 Deus
1180 1459 1476 1514 fabricator
1522 1458 1731 1512 mundi.
1775 1458 1872 1512 Est
1903 1457 2066 1527 igitur

489 1572 706 1625 semper
738 1555 1035 1609 fabricator
1082 1553 1267 1606 mundi
1303 1550 1463 1616 Deus,
1513 1550 1608 1606 sed
1647 1561 1903 1619 tanquam
1952 1549 2062 1616 jam

491 1646 777 1702 fabricatio
801 1644 989 1698 mundi
1023 1643 1279 1707 desierit;
1315 1644 1458 1698 sicut
1495 1649 1549 1696 et
1576 1650 1811 1705 creator,
1842 1639 1934 1709 qui
1957 1654 2065 1694 non

488 1752 706 1807 semper
744 1748 928 1802 creat;
966 1745 1018 1790 et
1050 1737 1117 1790 ad
1150 1735 1434 1790 ridendum
1465 1744 1647 1804 aptus,
1680 1732 1769 1799 qui
1793 1747 1897 1787 non
1928 1747 2067 1785 sem-
2098 1722 2138 1776 Β

486 1842 586 1901 per
624 1828 797 1890 ridet,
841 1828 956 1880 lucc
986 1832 1165 1879 autem
1199 1837 1301 1887 est,
1331 1825 1462 1895 quia
1500 1824 1674 1879 solum
1705 1831 1790 1877 est
1819 1837 1983 1877 causa
2013 1830 2067 1875 et

400 1964 401 1967 η
488 1921 710 1976 effector
741 1919 906 1980 Deus,
933 1917 1162 1972 infinitis
1189 1916 1335 1970 enim
1369 1925 1423 1970 et
1451 1916 1735 1970 immensis
1766 1913 2065 1968 intervallis

490 2014 713 2068 eﬂ‘ector
747 2010 956 2065 effectis
1004 2009 1302 2063 antecellit.
1356 2008 1490 2063 Cum
1542 2016 1723 2061 autem
1776 2006 2066 2075 Dionysius

490 2102 866 2158 excellentiam
900 2100 952 2154 in
989 2100 1072 2154 his
1106 2099 1364 2166 ostendit,
1403 2100 1456 2153 in
1490 2099 1631 2154 duas
1650 2107 1833 2168 partes
1859 2099 2064 2164 divisit;

491 2193 547 2247 in
575 2200 762 2248 sancta
790 2229 806 2257 ,
834 2199 888 2245 et
918 2206 1024 2243 non
1056 2201 1270 2251 sancta,
1305 2201 1358 2243 et
1398 2190 1449 2241 in
1485 2204 1582 2257 per
1608 2205 1665 2244 se
1695 2189 2065 2258 participatio—

493 2296 614 2347 nes,
651 2290 702 2334 et
732 2280 787 2333 in
817 2278 1218 2348 participantia.
1252 2276 1319 2330 Et
1344 2287 1573 2346 quanto,
1612 2278 1811 2347 inquit,
1850 2292 1911 2331 ea
1946 2293 2067 2347 qua:

490 2380 642 2435 sunt,
691 2371 757 2423 iis
788 2384 910 2438 qua:
939 2385 1046 2423 non
1096 2376 1246 2431 sunt,
1288 2367 1641 2433 antecellunt,
1672 2374 1728 2421 et
1771 2368 2063 2437 participa-

493 2462 673 2517 tiones
726 2460 1219 2530 participantibus;
1275 2464 1423 2511 tanto
1454 2456 1597 2512 Deus
1626 2458 1897 2513 antecellit
1937 2474 2065 2513 san-

494 2552 623 2616 ctis,
661 2559 714 2604 et
745 2565 853 2604 non
884 2548 1132 2613 sanctis;
1161 2556 1215 2602 et
1246 2562 1341 2615 per
1372 2563 1430 2601 se
1459 2549 1986 2618 participationibus,
2014 2560 2068 2605 et

491 2641 963 2712 participantibus.
999 2639 1327 2693 Excellentia
1365 2639 1530 2707 igitur
1557 2639 1650 2693 Dei
1684 2655 1836 2709 aeque
1865 2656 2059 2709 perva-

489 2735 567 2787 dit
591 2734 643 2786 in
674 2730 1076 2802 participantia,
1103 2738 1157 2783 et
1180 2743 1278 2799 per
1312 2744 1371 2783 se
1409 2730 1894 2798 participationes;
1927 2741 1974 2786 et
2011 2732 2063 2786 in

491 2832 703 2887 sancta,
731 2830 823 2876 aut
855 2821 1057 2885 divina,
1093 2828 1186 2874 aut
1213 2820 1574 2883 dominantia,
1605 2829 1698 2874 aut
1727 2824 1893 2890 regia,
1924 2831 1978 2876 et
2009 2823 2062 2877 in

490 2928 554 2968 ea
586 2928 706 2981 quae
737 2926 844 2965 non
880 2920 1008 2965 sunt
1040 2909 1188 2962 talia.
1222 2907 1278 2962 Si
1331 2914 1509 2963 a'utem
1543 2908 1685 2965 Deus
1718 2926 1872 2979 aeque
1908 2920 2062 2965 utra-

492 3019 599 3072 que
629 3000 864 3064 excellit,
895 3015 1057 3069 quam
1087 2999 1352 3053 rationem
1380 2999 1750 3066 productionis
1790 3002 2062 3057 habebunt

492 3109 615 3163 quae
644 3106 751 3147 non
799 3097 927 3146 sunt
953 3099 1169 3155 sancta,
1197 3097 1251 3142 et
1281 3104 1403 3158 quae
1432 3089 1784 3160 participant,
1818 3094 2061 3147 eamdem

494 3184 772 3239 habebunt
801 3190 1013 3245 sancta,
1051 3190 1106 3235 et
1134 3196 1229 3250 per
1261 3196 1319 3236 se
1349 3183 1813 3251 participationes,
1848 3185 1992 3254 quod
2018 3186 2067 3239 si

499 3276 591 3330 illa
628 3286 757 3332 sunt
781 3284 1046 3331 creaturae
1080 3274 1199 3338 Dei,
1229 3281 1283 3327 et
1316 3275 1429 3328 haec
1454 3274 1620 3344 igitur
1651 3285 1780 3331 sunt
1810 3288 2070 3332 creaturae

496 3367 612 3423 Dei.
653 3370 928 3436 Apparcnt
975 3377 1155 3420 tamen
1224 3364 1315 3419 hic
1358 3365 1521 3420 etiam
1558 3367 1936 3436 proprietates,
1978 3368 2070 3423 illa

495 3460 665 3523 enim,
685 3458 736 3512 id
761 3469 866 3520 est,
892 3456 1271 3526 participantia
1294 3464 1346 3510 et
1365 3457 1831 3525 participationes,
1852 3467 2073 3528 propter

494 3548 679 3611 tinem,
709 3546 871 3615 cujus
897 3560 1087 3611 causa,
1123 3544 1361 3614 perfecta
1392 3552 1540 3607 sunt,
1588 3552 1644 3600 et
1694 3560 1880 3599 eorum
1951 3561 2080 3615 pro-

494 3640 700 3710 prietas
749 3648 836 3693 est
864 3637 973 3692 dici
1002 3638 1068 3691 ad
1109 3636 1337 3707 aliquid,
1360 3636 1543 3705 aliquo
1571 3635 1732 3691 modo
1761 3650 1821 3691 se
1840 3635 2075 3693 habere;

568 3779 615 3813 ⁸³
639 3778 775 3835 Gen.
806 3793 866 3843 ιι,
898 3776 953 3831 2.

497 4117 682 4177 debat;
739 4112 831 4180 qui
867 4112 1068 4163 idcirco
1094 4110 1269 4162 aiebat
1332 4124 1437 4162 non
1459 4108 1569 4176 jam
1623 4109 1833 4180 animas
1891 4114 2070 4168 creari

505 4183 602 4239 sed
650 4178 919 4250 generari,
964 4195 1161 4250 exquo
1209 4180 1351 4231 Deus
1401 4178 1755 4250 requievisset
1796 4181 1863 4234 ab
1925 4182 2074 4235 omni

497 4246 833 4321 opere'quod
856 4246 1089 4321 creando
1125 4256 1385 4316 pati-arat;
1440 4246 1545 4321 sed.
1570 4246 1844 4321 significat
1907 4251 2071 4306 etiam

503 4313 681 4407 facere
704 4313 1160 4407 {ﬁliquidhnovutm
1186 4327 1244 4370 ut
1276 4316 1480 4370 notavit
1502 4313 2080 4401 Nemesius,Adaman-
2104 4346 2157 4407 D

499 4394 630 4455 ιῑυς,
666 4388 760 4443 lib.
794 4404 853 4451 ιι,
897 4386 968 4441 De
995 4388 1232 4439 homine:
1300 4401 1330 4437 a
1382 4399 1486 4454 quo
1540 4400 1732 4452 genere
1788 4390 2078 4443 creationis

500 4461 633 4515 dicit
663 4473 906 4513 cessasse
937 4456 1150 4525 quidem
1182 4455 1370 4525 Deum,
1400 4456 1539 4508 sicut
1582 4457 1842 4523 scriptum
1891 4468 1973 4512 est
2002 4460 2075 4525 fin

499 4530 824 4585 Ecclesiaste
853 4524 993 4595 (cap.
1032 4527 1051 4577 i
1095 4528 1133 4591 ):
1204 4524 1345 4578 Nihil
1371 4538 1586 4595 novum
1612 4526 1712 4595 st_Ib
1772 4527 1906 4582 sole.
1970 4524 2080 4581 Nec

500 4601 644 4653 enim
665 4599 747 4651 vel
788 4590 1113 4649 reSIirrectio
1137 4596 1513 4663 corporum(ut
1541 4592 1613 4665 ait
1631 4590 1918 4665 Gregorius
1939 4595 2079 4665 Nys-

502 4683 666 4723 senus
694 4668 838 4719 hunc
868 4665 1043 4718 locum
1107 4665 1491 4732 interpretans)
1526 4663 1728 4727 aliquid
1775 4667 1896 4717 novi
1955 4663 2079 4726 erit,

502 4737 596 4792 sed
637 4737 904 4789 restitutio
944 4736 994 4785 in
1024 4731 1317 4803 pristinum
1366 4741 1588 4795 statum;
1624 4731 1849 4803 idcirco,
1885 4735 2078 4802 inquit,

503 4804 782 4873 subjungit
818 4803 1224 4873 Ecclesiastes:

1282 4800 1447 4855 Extra
1500 4812 1654 4853 vetus
1697 4802 1830 4855 nihil
1863 4800 1971 4869 est,
2005 4805 2083 4856 sic

500 4871 751 4931 enituest
783 4874 923 4940 apud
978 4871 1118 4925 LXX
1182 4872 1535 4941 interpretes.
1564 4871 1748 4923 Creari
1785 4888 1913 4941 ergo
1964 4873 2083 4925 aui-

504 4960 648 4998 mam
683 4958 790 4996 non
817 4939 902 4995 est
931 4958 1148 5005 novum,
1174 4942 1265 4994 sed
1292 4939 1393 4992 tale
1412 4939 1563 5006 quid,
1589 4941 1749 5006 quale
1772 4957 1799 4993 a
1818 4939 2082 5009 principio

503 5014 702 5069 {aetum
737 5023 838 5072 est,
872 5026 993 5064 cum
1025 5010 1147 5063 fecit
1180 5011 1318 5062 Deus
1351 5008 1641 5069 hominem,
1676 5018 1730 5061 et
1786 5008 2082 5063 secundum

503 5085 801 5151 imaginem
832 5080 923 5131 Dei
978 5081 1272 5137 feriteum,
1306 5080 1469 5151 sicut_
1501 5091 1714 5151 semper
1766 5079 1893 5132 facit
1950 5081 2083 5132 Illllll

487 5148 742 5205 'varians.
786 5150 953 5203 Desiit
978 5154 1156 5215 itaque
1173 5162 1357 5202 creare
1395 5148 1689 5211 primordia
1715 5165 1917 5213 rerum,
1945 5150 2087 5201 unde

506 5223 644 5274 idem
682 5221 1038 5274 Ecclesiastes
1075 5219 1270 5270 ibidem
1311 5234 1323 5268 :
1357 5216 1494 5280 Quid
1527 5226 1629 5277 est,
1694 5219 1890 5286 inquit,
1942 5219 2084 5285 quod

506 5290 637 5343 fuit?
668 5292 843 5359 ipsum
873 5292 1013 5355 quod
1046 5286 1289 5359 futurum
1327 5296 1426 5338 est.
1463 5286 1598 5359 Quid
1619 5296 1696 5359 est
1722 5289 1864 5355 quod
1888 5290 2084 5339 factum

505 5361 636 5412 est?
683 5356 880 5428 :ipsutn
946 5360 1089 5428 quod
1158 5358 1505 5428 faciendum;
1550 5356 1923 5428 nihiluuovunt
1988 5359 2089 5408 sub

505 5434 640 5482 sole.
674 5425 950 5497 Significat
978 5427 1121 5481 enim
1161 5428 1241 5497 (ut
1269 5426 1405 5497 alitis
1428 5427 1655 5497 quidam
1677 5425 1964 5494 Gregorius
1992 5430 2088 5487 ait,

507 5508 661 5551 vetus
695 5494 755 5550 et
779 5500 994 5564 elegans
1026 5494 1289 5564 interpres
1319 5494 1539 5547 Grareus
1573 5494 1727 5562 cujus
1759 5512 2089 5563 ceguotneu-

508 5577 618 5619 tum
653 5568 891 5620 nonduin
964 5569 1162 5634 reperi)
1201 5580 1305 5618 non
1338 5565 1509 5617 solum
1544 5580 1603 5615 ea
1636 5582 1750 5632 qum
1779 5583 1803 5615 ξι
1830 5569 1963 5632 prim
1985 5566 2092 5630 ipio

509 5638 648 5689 facta
680 5648 803 5691 sunt
832 5638 1313 5691 scrvitutemsumn
1346 5648 1469 5703 erga
1515 5644 1790 5688 auctorem
1812 5651 1968 5689 suum
2003 5646 2094 5687 de-

2161 460 2442 523 dicuntur,
2476 457 2780 528 proprietas
2815 467 2919 522 est,
2957 471 3023 510 ex
3048 470 3204 525 aequo
3227 455 3490 511 esseinfra
3521 458 3688 528 Deum,

2161 564 2286 604 cum
2317 549 2425 604 illis
2455 562 2577 617 qua:
2616 547 2966 616 participant,
2993 554 3046 601 et
3070 556 3199 602 sunt
3229 561 3322 615 per
3356 561 3412 600 se
3433 549 3689 617 participa-

2163 643 2360 707 tiones,
2402 638 2605 709 quibus
2634 649 2685 694 et
2727 638 2813 690 illa
2867 636 3007 691 facta
3072 645 3224 691 sunt.
3290 634 3540 691 Praeterea
3593 654 3693 693 om-

2163 734 2482 802 nipotentia,
2506 732 2805 801 susceptio,
2829 730 3115 794 auxilium,
3138 738 3194 783 et
3223 728 3445 784 salvatio
3464 730 3505 782 si
3530 730 3578 783 in
3601 729 3690 783 Deo

2164 825 2445 888 dicuntur,
2478 833 2605 877 sunt
2634 838 2741 876 una
2774 838 2899 891 pax,
2932 829 2985 875 et
3008 822 3189 890 quies,
3222 833 3287 873 ac
3313 819 3593 884 silentium;
3622 819 3691 874 sin

2164 931 2296 972 vero
2331 925 2483 970 extra
2516 914 2710 979 Deum,
2734 922 2788 967 et
2816 924 3069 982 tanquam
3098 909 3460 965 entanationes
3491 912 3541 965 in
3569 924 3697 965 crea-

2166 1014 2338 1070 turas,
2394 1006 2461 1061 ad
2508 1004 2836 1067 custodiam,
2868 1011 2924 1057 et
2959 1001 3179 1056 tutelam
3206 1038 3221 1063 ,
3267 1010 3319 1055 et
3360 1000 3625 1063 auxilium,
3651 1008 3696 1053 et

2168 1098 2589 1167 susceptionem,
2625 1106 2678 1150 et
2708 1096 2937 1151 salutem
2966 1094 3241 1163 producta
3263 1132 3279 1156 ,
3310 1092 3361 1145 in
3394 1092 3457 1145 iis
3482 1105 3589 1160 quae
3614 1105 3696 1144 cu-

2166 1190 2505 1252 stodiuntur,
2534 1188 2911 1259 perficiuntur.
2946 1186 3181 1251 Rursus,
3212 1184 3471 1239 sanctitas
3492 1222 3506 1247 ,
3530 1189 3579 1236 et
3615 1182 3696 1237 do-

2171 1282 2431 1345 minatus,
2462 1288 2514 1333 et
2541 1293 2766 1348 regnum
2793 1318 2808 1341 ,
2841 1288 2896 1333 et
2925 1277 3203 1338 divinitas,
3243 1276 3488 1331 absolute
3510 1273 3699 1343 quidem

2171 1371 2228 1425 in
2260 1371 2368 1425 Deo
2402 1371 2562 1425 dictae
2591 1369 2868 1423 silentium
2900 1368 3020 1437 ejus
3050 1375 3183 1422 sunt
3212 1366 3427 1421 beatum
3451 1403 3466 1427 ,
3491 1371 3543 1418 et
3564 1377 3704 1432 supra

2173 1460 2543 1517 substantiam
2581 1476 2595 1513 :
2625 1469 2780 1513 extra
2814 1457 2982 1512 Deum
3018 1473 3167 1523 vero,
3201 1456 3550 1526 proprietates
3578 1454 3701 1508 acci-
3786 1474 3811 1501 κ.

2172 1552 2328 1621 piunt
2357 1552 2425 1605 ad
2462 1561 2770 1606 creaturam
2802 1557 3139 1619 spectantes;
3166 1549 3281 1610 illa,
3312 1547 3362 1602 id
3388 1555 3489 1610 est,
3528 1544 3701 1601 sancti-

2176 1655 2282 1709 tas,
2316 1642 2564 1697 liberatio
2598 1650 2683 1696 est
2731 1641 2799 1695 ab
2837 1641 2988 1695 omni
3027 1641 3235 1696 scelere
3263 1648 3317 1693 et
3362 1638 3590 1702 macula;
3620 1637 3703 1690 do.

2169 1735 2405 1789 minatus
2440 1732 2750 1788 ﬁrmitatem
2786 1747 2967 1787 veram
2992 1772 3008 1797 ,
3033 1740 3087 1786 et
3135 1732 3205 1785 ab
3239 1732 3569 1799 prolapsione
3593 1729 3705 1783 libe-

2171 1841 2282 1879 ram
2315 1824 2568 1889 exhibet;
2595 1838 2816 1894 regnum
2848 1833 2930 1877 est
2963 1822 3482 1878 distributiovomnis
3508 1818 3699 1888 regulat.

2168 1925 2223 1971 et
2262 1916 2606 1980 ornamenti,
2644 1924 2698 1969 et
2748 1915 2906 1985 juris,
2944 1922 2997 1968 et
3039 1915 3290 1979 ordinis;
3320 1912 3559 1967 divinitas
3602 1923 3705 1964 vero

2168 2008 2509 2077 providentia
2562 2007 2743 2060 omnia
2794 2006 3215 2075 contemplans,
3278 2016 3333 2059 et
3378 2004 3610 2060 similiter
3660 2002 3704 2055 in

2168 2099 2310 2163 aliis,
2349 2099 2394 2153 si
2444 2099 2566 2168 quis
2611 2114 2640 2153 a
2690 2098 2935 2152 moribus
2993 2106 3045 2152 et
3085 2096 3396 2152 actionibus
3430 2094 3519 2149 Dei
3558 2092 3708 2147 nomi-

2169 2202 2299 2260 nare
2333 2198 2521 2257 pergat
2567 2187 2912 2241 divinitatem
2957 2200 3080 2254 qua:
3131 2196 3218 2239 est
3263 2197 3422 2251 supra
3454 2194 3602 2251 quam
3628 2193 3707 2234 ex-

2175 2277 2353 2347 promi
2388 2279 2562 2346 po‘ssit
2592 2277 2707 2331 sive
2738 2276 3055 2331 afﬁrmando
3075 2276 3194 2330 sive
3216 2274 3475 2345 negando,
3506 2281 3554 2327 et
3572 2285 3707 2340 supra

2171 2381 2336 2437 quam
2371 2367 2621 2437 intelligi,
2657 2376 2712 2423 et
2745 2382 2908 2436 supra
2940 2365 3331 2422 substantiam.

2790 2475 3019 2533 CAPUT
3052 2477 3141 2532 X.’

2169 2568 2248 2625 De
2273 2569 2593 2641 a'qualitate,
2640 2568 2973 2637 perfectione.
3000 2570 3224 2641 unitate,
3256 2577 3305 2623 et
3336 2584 3448 2639 qui:
3477 2581 3636 2623 eorum
3665 2565 3709 2619 in

2697 2641 2845 2692 rebus
2874 2639 3237 2706 proprietates.

2238 2731 2461 2799 Magnus
2496 2730 2805 2801 Dionysius,
2836 2744 2959 2798 cap,
2999 2729 3032 2783 9
3078 2729 3153 2785 De
3182 2732 3375 2786 divinis
3414 2729 3706 2784 nominibus.

2167 2820 2222 2875 Si
2243 2823 2365 2890 quis
2392 2836 2520 2875 vero
2539 2821 2754 2890 ,inquit,
2776 2824 2829 2876 in
2860 2825 3063 2879 sanctis
3093 2822 3392 2895 Scripturis
3422 2832 3710 2888 nomen,quo

2169 2912 2308 2967 Deus
2339 2916 2650 2968 nominatur
2700 2914 2861 2978 idem,
2885 2922 2938 2969 et
2969 2932 3078 2985 quo
3130 2918 3442 2970 nominatur
3466 2915 3645 2985 justus,
3666 2911 3711 2964 iit

2166 3003 2385 3089 nomine
2399 3003 2602 3067 divino,
2632 3020 2739 3073 quo
2770 3005 3079 3059 nominatur
3105 3007 3356 3075 aequalis,
3390 3003 3616 3072 accipiat,
3642 2998 3713 3053 di-

2168 3095 2398 3148 cendum
2430 3103 2532 3159 est,
2555 3095 2720 3150 Deum
2749 3110 2870 3150 esse
2904 3097 3167 3166 aequalem
3208 3112 3315 3150 non
3360 3095 3528 3151 solum
3561 3101 3614 3146 ut
3635 3104 3713 3147 ex-

2170 3197 2377 3254 pertem
2408 3188 2664 3255 partium,
2696 3177 2865 3257 et'qui
2892 3204 2919 3242 a
2949 3197 3099 3243 recto
3130 3188 3411 3242 declinare
3437 3200 3533 3239 non
3553 3182 3715 3251 possit,

2173 3278 2267 3333 sed
2302 3287 2359 3331 ut
2395 3280 2446 3332 in
2476 3280 2658 3333 omnia
2680 3288 2735 3334 et
2776 3295 2871 3349 per
2908 3280 3088 3333 omnia
3122 3280 3406 3350 aequaliter
3457 3283 3712 3333 meantem,

2175 3377 2230 3422 et
2262 3378 2319 3422 ut
2348 3384 2443 3438 per
2470 3382 2530 3423 se
2547 3362 2870 3439 azqualitatis
2890 3370 3233 3434 effectorem,
3258 3370 3542 3426 secundum
3578 3376 3714 3434 quam

2190 3462 2469 3532 ωιιιιτιιίιειο
2498 3472 2758 3531 operatur
2791 3462 3022 3516 similem
3084 3462 3331 3515 omnium
3359 3476 3451 3530 per
3477 3459 3583 3527 ipsa
3602 3457 3718 3509 inter

2192 3568 2251 3608 se
2275 3555 2544 3609 incessum
2572 3554 2725 3623 (2),et
2745 3555 3214 3623 participationem
3239 3552 3510 3622 aequaliter
3531 3545 3719 3618 partici-

2192 3648 2524 3716 pantium,ut
2546 3646 2799 3717 quodque
2818 3659 3005 3701 eorum
3055 3654 3243 3716 aptum
3269 3654 3349 3701 est
3371 3642 3466 3714 (5),
3488 3648 3539 3697 et
3567 3651 3716 3708 aqua-

1973 3873 2250 3939 Scholia.

544 3976 622 4045 (l)
650 3974 882 4028 Cessavit
913 3972 975 4025 ab
998 3971 1138 4025 omni
1161 3987 1330 4041 opere.
1364 3969 1560 4045 Creare
1582 3983 1686 4045 non
1716 3970 1889 4045 solum
1909 3972 2077 4042 signi-

495 4038 622 4103 ﬁéat
668 4047 845 4097 facere
903 4057 966 4094 ex
1002 4057 1107 4095 non
1150 4038 1291 4104 ente,
1316 4051 1374 4093 ut
1404 4041 1602 4107 impius
1636 4038 1934 4099 Eunomius
1961 4038 2076 4097 Ira-

2186 3985 2506 4042 monstrare,
2531 3975 2785 4041 illiusque
2815 3972 3077 4029 infinitam
3097 3976 3441 4044 sapientiam,
3459 3973 3716 4044 potentiam

2187 4057 2242 4102 et
2265 4046 2716 4115 magnificentiam
2745 4045 2951 4107 testari,
2978 4059 3165 4115 verum
3184 4047 3349 4099 etiam
3368 4062 3483 4115 quae
3509 4045 3716 4115 nonduin

2187 4116 2475 4179 exsistunt,
2505 4115 2596 4167 sed
2646 4113 2826 4166 futura
2868 4124 3015 4177 sunt,
3070 4114 3185 4180 ipsa
3216 4113 3434 4182 quoque
3486 4113 3719 4167 rationem

2187 4185 2419 4247 ordinis,
2458 4183 2815 4250 subiectionis
2852 4192 2904 4234 et
2936 4182 3259 4235 obedientia:
3302 4185 3506 4235 illorum
3548 4185 3722 4250 prime-

2187 4270 2307 4308 rum
2334 4268 2462 4321 erga
2495 4248 2768 4306 auctorem
2807 4266 2966 4321 suum
3004 4260 3258 4321 secutura
3310 4267 3447 4306 esse:
3482 4253 3546 4321 ita
3576 4260 3627 4303 ut
3650 4248 3723 4302 ni—

2186 4324 2258 4377 hil
2288 4317 2474 4376 eorum
2509 4337 2627 4389 qua:
2652 4328 2779 4373 sunt
2810 4319 3009 4383 futura,
3034 4330 3127 4371 aut
3156 4317 3422 4389 facienda,
3454 4320 3529 4373 vel
3554 4334 3721 4372 crean-

2182 4394 2269 4458 da,
2305 4388 2577 4445 diversum
2610 4389 2678 4441 ab
2711 4391 2776 4441 iis
2818 4402 2936 4457 qua!
2980 4389 3213 4455 primum
3258 4388 3393 4442 facta
3424 4398 3558 4452 sunt,
3592 4390 3721 4458 inve-

2184 4454 2364 4515 niatur
2388 4478 2400 4513 :
2431 4459 2539 4513 imo
2563 4454 2859 4513 secundum
2885 4454 3078 4509 seriem
3109 4459 3299 4524 primis
3333 4459 3437 4512 illis
3462 4474 3489 4511 a
3515 4454 3721 4523 potentia

2185 4531 2274 4585 Dei
2294 4530 2535 4584 omnium
2548 4530 2849 4595 cperatriee
2864 4534 2918 4579 et
2933 4526 3634 4595 gubernatriceimpositam,
3650 4539 3725 4577 or-

2185 4608 2295 4652 tum
2316 4607 2368 4651 et
2385 4608 2585 4651 motum
2604 4611 2666 4649 ac
2685 4596 3150 4649 conservationem
3174 4597 3421 4649 habitura
3444 4611 3554 4648 esse
3577 4606 3724 4659 usque

2186 4671 2251 4721 ad
2277 4667 2650 4737 praescriptum
2676 4679 2704 4717 a
2732 4664 2839 4717 Deo
2859 4664 3019 4737 finem
3046 4665 3310 4737 omnium;
3339 4666 3571 4731 nihilque
3591 4666 3726 4731 prcr-

2187 4734 2675 4804 sus'rcperiendum
2696 4749 2837 4795 esse,
2857 4734 2999 4804 quod
3015 4734 3177 4786 alium
3195 4745 3394 4799 ortum,
3412 4744 3502 4787 aut
3525 4741 3724 4789 motum,

2185 4820 2277 4860 aut
2308 4803 2551 4858 ordinent
2597 4804 2809 4871 habeat,
2842 4803 2981 4854 unde
3003 4804 3383 4871 possitaliquis
3409 4805 3725 4856 occasionem

2185 4889 2399 4930 sumere
2422 4873 2653 4926 dicendi:
2678 4870 2789 4923 Hoc
2811 4886 3008 4923 novum
3031 4881 3131 4924 est.
3152 4870 3419 4926 Hactenus
3435 4875 3530 4925 iste
3542 4879 3724 4922 auctor.

2266 4946 2342 5014 (2)
2378 4944 2541 5014 Ιηιειῆ
2565 4957 2618 4993 se
2648 4942 2927 5014 incessum.
2952 4940 3032 5014 “In
3060 4943 3451 4995 elementorum
3500 4940 3725 4992 mistione

2186 5010 2434 5067 versatur
2456 5010 2766 5075 huiusmodi
2790 5013 3225 5077 aequalitas,qua:
3256 5014 3297 5065 si
3323 5025 3427 5064 non
3451 5016 3608 5063 esset.
3632 5020 3722 5058 non

2189 5084 2378 5137 fierent
2434 5082 2813 5152 generationes
2845 5082 2895 5129 in
2924 5082 3143 5141 mundo,
3178 5081 3220 5132 si
3254 5082 3397 5132 enim
3434 5080 3639 5145 aliquod
3670 5088 3725 5152 ex

2190 5144 2477 5206 elementis
2505 5160 2794 5218 exsuperet
2818 5165 2880 5201 ac
2908 5152 3196 5213 redundet,
3219 5144 3577 5217 corrumpitur
3601 5144 3724 5213 quod

2189 5233 2499 5290 generatur.
3344 5289 3349 5290 ν
3458 5288 3463 5290 Α
3560 5264 3571 5276 .

2264 5294 2338 5359 t5)
2380 5291 2442 5346 Ut
2482 5292 2718 5355 quodque
2748 5298 2928 5358 aptum
2991 5298 3087 5352 est,
3124 5297 3171 5340 et
3198 5305 3289 5356 pro
3318 5288 3591 5356 dignitate.
3626 5281 3720 5359 Hoc

2190 5357 2328 5414 dicit
2342 5371 2556 5428 propter
2579 5363 2943 5427 aequalitatem
2966 5361 3346 5426 proportionis,
3368 5362 3411 5410 si
3424 5373 3481 5408 ve
3499 5370 3610 5422 quae
3622 5357 3729 5428 sunt

2193 5422 2380 5483 natura
2398 5422 2548 5493 fiant,
2565 5422 2677 5483 sive
2697 5446 2789 5496 per
2806 5422 3055 5497 gratiam,
3069 5422 3134 5480 iul
3152 5445 3255 5479 non
3277 5442 3464 5479 omnes
3479 5422 3730 5497 mqualitrr

2194 5503 2571 5557 illuminantur
2601 5516 2628 5551 a
2654 5495 2765 5552 sole
2791 5495 2890 5551 nec
2916 5512 3101 5551 onmcs
3118 5495 3728 5561 atqualitersanctifican-

2194 5582 2302 5637 tur,
2328 5572 2417 5624 sed
2445 5569 2813 5639 proportione,
2840 5568 3178 5636 utaptisunt,
3198 5569 3447 5635 autdigni
3468 5568 3728 5618 habentur-
