3976 6194
342 235 449 298 837

1060 237 1297 302 DECAS
1319 241 1388 304 V.
1430 260 1488 277 ·-
1525 238 1627 302 DE
1667 234 2331 301 PROPRIETATIBUS
2370 236 2611 304 DIVIN.
2644 242 2916 306 NOMIN.

3396 226 3417 239 ’
3504 250 3614 313 ius

352 351 459 402 lem
506 351 562 406 in
586 366 771 408 omnia
798 367 895 422 pro
922 353 1186 424 cujusque
1202 355 1463 427 dignitate
1486 357 1943 428 distributionem,
1972 358 2018 420 Α
2047 357 2341 413 antecellit:
2380 358 2524 415 unde
2551 362 2764 416 numeri
2795 370 2878 416 est
2900 357 3143 426 eﬂ‘ector,
3180 326 3517 417 etlnventor.
3540 362 3613 417 Et

354 451 409 492 et
430 454 701 508 quatenus
721 457 937 497 onmem
968 444 1329 513 aequalitatem
1350 445 1711 501 intellectilem
1736 448 1836 517 (l),
1858 446 1937 502 in.

2044 440 2236 507 rursus
2263 470 2275 505 :
2303 450 2566 518 Observa,
2596 451 2797 522 inquit,
2826 452 2972 523 quod
3001 453 3413 508 adnumerabile
3443 453 3613 524 signi—

346 531 703 600 teliigentem,
727 534 1938 603 ratiocinantem,sentientem,substantialem
2040 543 2166 598 ficat
2194 542 2611 600 declarationem
2647 545 2879 611 numeri,
2917 558 3085 614 quare
3108 544 3161 597 in
3208 544 3278 598 iis
3313 557 3437 614 qua:
3463 551 3609 608 sunt,

349 621 676 683 naturalem,
707 624 1091 691 voluntariam,
1114 635 1365 698 exempte
1387 637 1443 684 et
1464 630 1613 684 unite
1641 630 1694 685 in
1740 632 1940 702 seipse
2039 636 2091 691 id
2119 644 2202 690 est
2245 634 2300 688 in
2332 634 2623 699 creaturis,
2652 648 2776 689 cum
2836 649 3005 688 unum
3059 633 3278 699 dicitur,
3310 631 3610 689 secundum

302 774 307 779 ι
347 712 684 783 anticipavit,
706 717 1000 772 secundum
1021 718 1273 775 virtutem
1296 722 1480 777 omnia
1498 728 1949 794 exsuperantem.’

348 806 526 860 omnis
542 808 864 878 equalitatis
877 809 1312 868 εσθαι-ἱρείη.Δο
1329 827 1522 871 rursus
1539 814 1679 870 idem
1701 832 1820 889 cap.
1832 817 1897 874 l3
1916 836 1930 873 :

347 897 663 954 Perfectum
698 916 893 965 rursus
924 901 1151 968 dicitur,
1209 903 1353 973 quod
1381 919 1490 962 non
1523 916 1698 978 potest
1725 912 1931 981 augeri,

346 995 403 1039 et
426 1001 648 1058 semper
677 989 978 1060 perfectum
1017 1000 1101 1049 est
1125 1001 1200 1059 ,et
1234 994 1405 1053 minui
1436 1012 1541 1052 non
1582 1006 1781 1069 potest,
1799 1000 1931 1057 item

345 1078 494 1145 quod
539 1081 718 1135 omnia
744 1083 799 1135 in
829 1098 889 1136 se
925 1084 1193 1151 continet,
1235 1092 1290 1139 et
1334 1086 1600 1144 redundat
1629 1092 1929 1149 secundum

347 1183 510 1223 unam
542 1185 824 1240 nunquam
849 1173 1318 1240 intermittentem,
1346 1187 1402 1233 et
1457 1180 1727 1248 eamdem,
1748 1191 1803 1238 et
1828 1199 1927 1240 su-

346 1275 608 1329 praquam
636 1263 851 1331 plenam
873 1264 1395 1335 suppeditationem,
1447 1285 1569 1340 quae
1598 1274 1769 1328 minui
1814 1290 1925 1330 non

347 1360 656 1420 potest,qua
688 1352 867 1407 omnia
898 1353 1133 1422 perfecta
1180 1370 1548 1427 consummat,
1604 1372 1658 1418 et
1701 1364 1919 1421 conve—

345 1442 515 1495 nienti
550 1443 883 1510 perfectione
902 1446 1110 1515 implet.
1138 1449 1206 1505 Et
1234 1449 1427 1505 iterum
1450 1452 1590 1507 idem
1612 1471 1626 1507 :
1647 1452 1754 1511 Nec
1774 1456 1920 1511 enim

343 1545 424 1588 est
445 1534 882 1605 multitudoque
901 1537 1085 1609 aliquo
1106 1542 1269 1598 modo
1289 1557 1396 1598 non
1421 1544 1708 1615 participet
1725 1562 1917 1615 umtm,

346 1625 456 1678 imo
485 1640 606 1695 quae
635 1635 765 1680 sunt
795 1627 965 1685 multa
994 1631 1263 1699 partibus,
1298 1640 1425 1689 sunt
1460 1649 1628 1689 unum
1659 1644 1918 1708 totogqum

343 1729 470 1774 sunt
486 1719 658 1774 multa
683 1721 1079 1787 accidentibus,
1094 1734 1223 1780 sunt
1243 1742 1412 1784 unum
1438 1728 1707 1799 subjecto;
1725 1740 1779 1786 et
1794 1747 1916 1801 quat

350 1808 516 1860 multa
540 1823 790 1876 numero,
821 1818 917 1865 aut
964 1810 1470 1879 facultatibus,sunt
1506 1830 1676 1870 unum
1707 1818 1916 1887 specie,

350 1908 403 1951 et
426 1912 554 1967 quae
576 1907 708 1953 sunt
741 1900 914 1954 multa
972 1902 1259 1971 multiplici
1330 1904 1531 1973 specie,
1567 1915 1696 1960 sunt
1749 1923 1916 1961 unum

347 2004 567 2059 genere;
586 1998 642 2045 et
667 2006 787 2060 quae
806 1998 936 2047 sunt
958 1992 1125 2047 multa
1139 1995 1915 2062 emanationibus,suntunum

350 2081 639 2151 principio;
663 2092 719 2137 et
744 2083 879 2138 nihil
904 2084 1199 2155 quidquam
1228 2097 1335 2151 est,
1362 2088 1492 2158 quin
1515 2103 1735 2160 quoquo
1759 2092 1918 2148 modo

353 2188 515 2227 unum
573 2174 883 2244 participet;
913 2175 1042 2232 illud
1069 2176 1214 2241 dico,
1276 2179 1418 2247 quod
1450 2179 1505 2233 in
1529 2195 1588 2235 se
1620 2181 1917 2237 secundum

347 2263 519 2318 omnia
537 2264 820 2334 singulari,
837 2266 1041 2332 omnia,
1059 2274 1113 2322 et
1133 2275 1242 2323 tota
1260 2269 1441 2324 omnia
1460 2270 1559 2340 (2),
1579 2280 1634 2325 et
1649 2273 1919 2327 contraria

348 2353 681 2422 anticipavit.
706 2352 958 2423 Amplius
988 2354 1166 2410 adhuc
1194 2355 1334 2411 idem
1364 2375 1379 2412 :
1402 2355 1646 2427 Oportet,
1667 2367 1729 2414 ut
1762 2375 1860 2415 nos
1887 2375 1918 2415 a

349 2442 526 2498 multis
584 2442 783 2521 virtute
808 2443 1008 2499 divinae
1059 2444 1287 2499 unitatis
1322 2447 1389 2500 ad
1450 2461 1616 2502 unum
1670 2451 1917 2505 conversi

354 2534 496 2589 unite
528 2533 818 2590 laudemus
846 2543 1011 2591 totam
1090 2535 1299 2591 beatam
1344 2534 1708 2606 divinitatem,
1754 2557 1918 2598 unam

359 2622 562 2677 scilicet
589 2623 832 2678 omnium
890 2639 1111 2679 causam
1167 2640 1288 2694 quae
1302 2635 1385 2682 est
1415 2635 1541 2683 ante
1566 2642 1725 2684 omne
1748 2646 1917 2688 unum

350 2723 399 2769 et
418 2725 539 2769 ante
590 2730 812 2770 omnem
860 2715 1284 2781 multitudinem,
1338 2726 1393 2773 et
1430 2733 1644 2775 omnem
1684 2731 1915 2791 partem,

350 2818 399 2861 et
413 2821 570 2862 omne
588 2816 841 2870 totum,et
854 2822 1069 2863 omnem
1091 2808 1383 2863 terminum
1399 2819 1453 2865 et
1476 2811 1916 2885 incircumscrip-

353 2896 579 2963 tionem,
614 2910 836 2952 omnem
865 2896 1051 2963 finem,
1075 2906 1128 2952 et
1150 2913 1368 2952 omnem
1386 2898 1728 2970 inﬁnitatem;
1749 2918 1913 2958 unum

2036 724 2247 793 numeri
2300 724 2578 779 notionem
2634 724 2858 779 dicitur.
2913 723 2989 779 Ex
3017 725 3217 793 quibus
3246 733 3437 794 patet,
3463 723 3611 793 quod

2035 815 2204 881 Deus,
2239 814 2332 885 qui
2361 806 2474 885 ipse
2502 822 2586 870 est
2619 813 2914 871 secundum
2944 828 3003 869 se
3027 828 3125 884 per
3146 829 3204 870 se
3219 814 3521 884 aequalitas,
3555 823 3612 870 et

2034 921 2128 977 per
2145 921 2204 961 se
2229 905 2509 975 perfectio,
2542 917 2595 961 et
2611 921 2703 976 per
2722 920 2783 961 se
2811 906 2986 960 unitas
3017 906 3130 960 hac
3148 905 3252 961 sibi
3282 906 3471 961 tribuit
3488 919 3609 977 quae

2030 1005 2114 1051 est
2131 996 2424 1066 ipse,atqui
2441 996 2553 1051 haec
2568 1010 2689 1067 quae
2707 998 2820 1067 ipse
2835 1005 2938 1063 est,
2952 997 3249 1066 intelligere
3266 1011 3606 1067 nequaquam

2028 1102 2340 1156 possumus,
2403 1102 2501 1141 nec
2535 1102 2857 1156 expromere
2918 1088 3001 1143 fas
3033 1096 3138 1142 est.
3191 1085 3447 1157 TbeOIOgi
3474 1102 3606 1142 vero

2029 1178 2096 1232 de
2114 1192 2212 1248 per
2236 1193 2295 1248 se
2322 1177 2650 1248 aequalitate,
2679 1187 2735 1232 et
2766 1192 2861 1247 per
2888 1193 2947 1234 se
2994 1177 3328 1247 perfectione
3361 1220 3375 1243 ,
3406 1187 3459 1232 et
3504 1193 3603 1248 per
3648 1214 3667 1223 κ

2026 1283 2086 1325 se
2105 1269 2312 1324 unitate
2344 1269 2397 1323 in
2423 1282 2606 1322 rerum
2628 1278 2821 1322 natura
2841 1268 3121 1337 productis
3153 1269 3472 1335 loquuntur,
3502 1284 3601 1321 ex-

2028 1359 2257 1430 plicant,
2283 1358 2691 1428 etintelligunt.
2723 1357 2819 1413 Est
2843 1358 3008 1428 igitur
3049 1359 3332 1428 aequalitas
3377 1359 3605 1428 aequalis

2023 1449 2340 1506 distributio
2361 1448 2829 1519 universi,partim
2853 1447 3058 1517 aliquid
3083 1462 3374 1531 commune
3396 1448 3607 1502 habens

2014 1538 2149 1599 'cum
2179 1542 2396 1607 eodem,
2424 1551 2479 1597 et
2537 1556 2662 1597 cum
2727 1539 2965 1610 justitia;
2998 1540 3192 1612 partim
3224 1538 3427 1609 aliquid
3480 1554 3608 1608 prn—

2022 1633 2226 1703 prium;
2271 1630 2515 1687 abundat
2539 1630 2684 1686 enim
2708 1630 2878 1686 variis
2912 1630 3161 1695 vocibus,
3197 1645 3306 1684 non
3340 1637 3399 1683 ut
3424 1644 3519 1684 eas
3547 1629 3602 1682 in

1947 1700 1988 1754 Β
2017 1700 2185 1780 unum
2244 1722 2539 1779 concilians
2570 1763 2587 1789 ,
2618 1720 2716 1777 sed
2764 1729 2824 1775 ut
2871 1721 3197 1791 principium
3247 1720 3608 1790 quoddamu-t

2014 1828 2317 1872 extremum
2348 1814 2403 1869 in
2436 1828 2604 1867 unum
2639 1825 2834 1867 sonum
2860 1809 3335 1875 desinens,omnia
3371 1823 3606 1876 namque

2014 1920 2137 1977 qua:
2162 1905 2302 1960 inter
2339 1918 2400 1960 se
2426 1900 2747 1968 concinunt,
2778 1899 3147 1956 diversitatem
3180 1899 3384 1953 habent
3412 1913 3601 1952 eorum

2015 2011 2079 2052 ex
2113 1996 2317 2067 quibus
2346 2003 2640 2058 constant;
2668 2001 2722 2047 et
2745 1992 3161 2046 similitudinem
3212 2002 3473 2044 sonorum
3510 2002 3601 2042 se-

2020 2091 2263 2147 cundum
2298 2088 2491 2160 plectri
2520 2086 2741 2142 modum
2769 2103 2785 2147 ;
2813 2086 3094 2155 aequalitas
3131 2094 3310 2138 autem
3343 2081 3603 2136 similitu—

2015 2181 2160 2239 dinis
2185 2195 2381 2236 vocum
2414 2179 2534 2250 plus
2565 2186 2866 2233 concentus
2891 2177 3076 2240 habet;
3109 2176 3424 2230 moderatur
3452 2172 3597 2226 enim

2017 2277 2163 2330 hunc
2208 2284 2466 2344 tanquam
2495 2287 2659 2336 causa
2689 2269 2980 2335 inchoatis,
3016 2267 3303 2332 etfiniens,
3349 2271 3405 2320 et
3432 2265 3599 2319 veluti

2016 2382 2049 2421 a
2065 2380 2124 2421 se
2149 2364 2437 2434 incipiens,
2458 2372 2513 2418 et
2543 2378 2637 2433 per
2660 2360 3027 2424 concinentia,
3046 2364 3100 2411 et
3131 2356 3272 2410 inter
3296 2368 3356 2409 se
3377 2366 3605 2422 respon-

2016 2459 2200 2516 dentia
2222 2457 2567 2521 circumiens,
2593 2456 2647 2509 in
2673 2469 2733 2510 se
2767 2467 2957 2508 rursus
2971 2450 3191 2506 desinit.
3215 2448 3297 2503 Ab
3312 2462 3417 2501 una
3432 2444 3600 2514 igitur

2017 2548 2234 2606 ratione
2264 2545 2589 2617 aequalitatis
2629 2543 2895 2600 sumenda
2940 2547 3025 2596 est
3049 2547 3105 2594 et
3149 2538 3395 2593 aliorum
3455 2534 3599 2590 ratio

2030 2643 2084 2698 in
2114 2639 2307 2710 quibus
2326 2634 2611 2706 aequalitas
2630 2632 2839 2688 versari
2870 2627 3180 2694 consuevit,
3214 2625 3424 2697 aequale
3446 2624 3597 2679 enim

2015 2710 2119 2798 est,
2137 2730 2282 2804 quod
2303 2740 2383 2785 est
2399 2724 2714 2783 earumdem
2740 2736 3017 2807 mensura,
3042 2733 3275 2790 quorum
3307 2717 3473 2787 igitur
3489 2726 3594 2771 ete-

2017 2827 2140 2883 dem
2192 2830 2322 2879 sunt
2350 2832 2621 2875 mensura:
2650 2858 2665 2883 ,
2707 2814 2990 2885 aequalitas
3021 2811 3189 2866 etiam
3237 2809 3427 2864 eadem
3487 2815 3593 2861 est.

2021 2915 2202 2983 Quare
2217 2912 2397 2968 divina
2426 2906 2712 2978 aequalitas
2756 2903 3038 2974 aequaliter
3067 2907 3327 2970 operatur
3354 2895 3592 2953 similem

353 2986 585 3056 ίηψηπιν
644 2987 794 3056 quoa
843 2987 1028 3042 omnia
1118 3002 1237 3058 qua
1265 2996 1415 3055 sum:
1450 2998 1507 3046 ει
1536 2991 1713 3061 ipsum
1798 3009 1986 3074 esset]
2020 3004 2261 3062 omnium
2295 3016 2392 3072 per
2438 3000 2555 3068 ipsa
2579 2997 2725 3051 inter
2784 3009 2845 3049 se
2871 2992 3173 3055 incessum,
3202 2998 3258 3044 et
3326 2986 3592 3057 aequalem

354 3076 622 3147 delinit(5)
646 3094 663 3141 ;
687 3085 742 3131 et
764 3086 849 3132 est
870 3086 1102 3132 totorum
1137 3079 1401 3145 omnium,
1440 3087 1496 3135 et
1518 3082 1770 3149 simul,et
1791 3093 1917 3140 ante

357 3166 542 3233 omnia,
568 3178 624 3222 et
647 3181 810 3236 supra
845 3169 1030 3221 omnia
1072 3181 1239 3224 causa
1292 3169 1647 3239 singulariter
1677 3211 1693 3239 ,
1723 3183 1780 3229 et
1832 3185 1913 3230 est

368 3272 513 3326 supra
591 3260 769 3328 ipsum
797 3274 965 3313 unum
1012 3260 1218 3330 ens”),
1249 3268 1304 3316 et
1358 3261 1538 3330 ipsum
1593 3279 1761 3318 unum
1816 3280 1915 3321 ens

366 3350 535 3402 dctinit
561 3366 577 3403 :
613 3349 883 3419 siquidem
906 3350 1048 3419 quod
1068 3361 1150 3406 est
1174 3368 1339 3406 unum
1370 3353 1425 3408 in
1454 3354 1631 3420 rebus,
1655 3372 1916 3410 annume-

370 3436 633 3505 rabilcest,
655 3454 917 3495 numerus
938 3448 1117 3495 autem
1135 3442 1794 3513 substantianrparticipat
1813 3445 1913 3516 (5);

368 3547 513 3585 unmn
565 3548 715 3597 vero,
771 3532 918 3601 quod
971 3541 1055 3587 est
1079 3547 1403 3602 supraquam
1446 3535 1748 3589 substantia
1771 3538 1917 3605 quod

374 3632 443 3675 est
470 3634 713 3687 unum,et
756 3636 972 3677 onmem
1007 3636 1297 3676 numerum
1316 3622 1580 3684 deﬁnit,et
1622 3614 1802 3694 ipsum
1831 3638 1917 3682 est

373 3712 586 3777 unius,el
609 3713 845 3779 numeri,
887 3721 942 3769 et
976 3712 1218 3767 omnium
1249 3728 1370 3784 qua:
1396 3722 1543 3779 sunt,
1567 3716 1913 3785 principium,

372 3813 594 3871 etcansa,
627 3816 681 3859 et
704 3814 1060 3868 numerus,et
1088 3804 1240 3858 ordo.
1276 3803 1401 3860 llaec
1436 3815 1613 3861 autem
1647 3808 1912 3866 adnotans

369 3909 561 3953 sanctus
592 3897 881 3952 Maximus:
917 3896 1172 3962 Adverte,
1194 3896 1388 3966 inquit,
1420 3898 1562 3967 quod
1583 3901 1776 3957 merito
1791 3911 1916 3958 ante

375 4003 514 4045 unum
565 3989 699 4046 dicit
750 3986 1093 4045 esse‘Deum
1129 3989 1613 4061 ,quandoquidem
1666 3992 1918 4050 omnibus

2021 3094 2516 3167 participationem,
2549 3095 2610 3142 ut
2638 3085 2892 3157 quodque
2931 3093 3115 3152 aptum
3147 3089 3312 3147 est,et
3332 3080 3592 3148 aequalem

2001 3189 2087 3242 ~in
2120 3186 2304 3241 omnia
2362 3197 2461 3251 pro
2509 3179 2777 3248 cujusque
2820 3174 3086 3243 dignitate
3128 3169 3594 3234 distributionem,

2022 3275 2284 3348 perfectio
2301 3282 2481 3328 autem
2516 3268 2571 3324 in
2601 3268 2670 3322 iis
2698 3280 2819 3334 quae
2853 3271 3002 3327 sunt,
3034 3261 3179 3330 quod
3204 3261 3257 3314 in
3274 3260 3357 3314 eis
3388 3266 3469 3348 cst
3491 3259 3597 3311 mi-

2020 3347 2122 3418 nus
2159 3370 2213 3417 et
2240 3361 2361 3431 plus
2403 3357 2596 3428 ejicit;
2652 3351 2914 3421 aequalem
2948 3359 3126 3405 autem
3203 3347 3594 3418 pctfectionem

2027 3452 2204 3507 reddit
2221 3450 2487 3521 partibus,
2507 3455 2562 3503 et
2591 3453 2674 3500 est
2693 3440 2991 3513 perfectum
3018 3444 3070 3495 in
3092 3439 3336 3495 numeris
3351 3438 3593 3508 quidem,

2026 3548 2195 3594 totum
2220 3536 2426 3608 aequale
2461 3534 2706 3602 partibus
2737 3549 2753 3597 ;
2780 3530 2835 3583 in
2874 3530 3087 3584 affectis
3116 3544 3243 3585 vero
3292 3528 3551 3598 qualitate
3576 3565 3593 3591 ,

2028 3629 2306 3703 perfectus
2339 3627 2559 3683 habitus
2601 3638 2790 3681 eorum
2831 3621 2924 3692 qui
2957 3621 3023 3676 ad
3054 3620 3203 3675 hunc
3234 3634 3392 3675 usum
3417 3617 3595 3673 affecti

2019 3729 2153 3781 sunt
2203 3714 2716 3791 qualitate,natura
2770 3715 3017 3788 quaedam
3043 3722 3128 3769 est
3181 3711 3313 3782 ipsis
3355 3709 3597 3781 perfecte

2015 3823 2233 3886 propter
2255 3810 2479 3865 multam
2500 3808 2892 3880 experientiam
2916 3804 3174 3875 ingenita,
3197 3809 3251 3858 et
3270 3815 3445 3871 neque
3473 3801 3596 3870 plus

2023 3919 2200 3974 neque
2223 3902 2402 3958 minus
2435 3900 2640 3957 habens
2668 3942 2684 3967 ,
2705 3914 2868 3971 quam
2902 3901 3047 3953 recta
3076 3895 3258 3965 regula
3291 3888 3591 3949 secundum

2023 3998 2205 4067 ipsqu
2256 4007 2413 4049 usum
2441 3989 2689 4062 requirit:
2722 3991 2775 4046 lu
2803 3985 3124 4044 substantiis
3168 4000 3297 4041 vero
3356 3985 3594 4054 perfecta

1791 4098 2070 4176 Schona.

427 4233 494 4304 (l)
516 4233 726 4290 Omnem
744 4231 1127 4304 equalitatem.
1145 4230 1389 4300 Νοητοὺς
1407 4240 1460 4286 et
1484 4249 1567 4304 vos
1578 4234 1724 4304 ροὺς,
1739 4235 1790 4289 id
1809 4247 1911 4303 cst,

1980 4248 1987 4251 ‘
2032 4246 2219 4303 tutmt,
2243 4234 2328 4288 vel
2360 4235 2620 4304 speciem,
2648 4231 2733 4287 vel
2755 4244 2959 4304 genus;
2993 4227 3076 4304 vel
3108 4224 3385 4304 contraria
3412 4232 3466 4279 et
3492 4238 3592 4294 op-

371 4296 700 4380 lntcllect_iles,
728 4313 783 4357 et
802 4296 1352 4380 intelligentesvocat
1377 4296 1620 4380 angelos,
1650 4296 1781 4380 quia
1819 4296 1912 4380 bal
1945 4315 1995 4377 ε)
2022 4296 2287 4380 ροδὶιςίῇιι
2319 4296 2489 4380 unum
2511 4296 2873 4375 consensione
2894 4299 3141 4380 quadam.
3166 4296 3500 4365 conspirant,
3533 4304 3592 4365 nt

370 4377 478 4427 bent
510 4375 643 4427 infra
677 4388 739 4425 se
771 4387 800 4425 a
828 4370 1027 4439 quibus
1055 4370 1427 4439 intelligantur
1444 4370 1467 4435 ;'
1494 4379 1547 4424 et
1574 4370 1683 4439 ipsi
1709 4375 1912 4429 intelli-

370 4453 504 4511 gunt,
529 4442 723 4496 anima:
754 4450 936 4511 autem
973 4454 1080 4511 non
1120 4440 1298 4511 solent
1323 4440 1505 4511 vocari
1531 4446 1716 4509 νοηταὶ
1742 4444 1793 4497 id
1828 4454 1914 4499 est

374 4505 703 4586 intellectiles,
748 4510 1010 4586 quianon
1045 4505 1417 4586 habentiufra
1448 4522 1505 4586 se
1538 4525 1566 4562 a
1593 4505 1791 4578 quibus
1822 4515 1908 4586 in:

372 4582 672 4651 telligantur,
721 4577 816 4651 sed
845 4579 1105 4651 dicuntur
1168 4577 1579 4651 ratiocinantes,
1613 4577 1689 4651 let
1730 4584 1915 4651 νοεραὶ

371 4646 529 4716 etiam,
555 4649 605 4702 id
632 4657 719 4703 est
748 4646 1133 4715 intelligentes,
1191 4647 1283 4699 sed
1310 4660 1421 4697 non
1454 4648 1692 4715 proprie,
1729 4660 1786 4703 ut
1809 4646 1911 4704 an-

370 4720 825 4787 geti;sentieutem
848 4716 1212 4787 aequalitatem
1244 4721 1427 4777 vocat,
1462 4731 1584 4785 qua:
1608 4716 1663 4770 in
1696 4720 1910 4773 anima-

373 4783 491 4843 libus
518 4788 779 4857 reperitur
810 4801 828 4850 ;
858 4783 1296 4849 substantialem,
1332 4798 1453 4851 qua:
1481 4783 1534 4838 in
1571 4788 1911 4843 substantia-

371 4858 489 4912 libus
510 4861 605 4928 (sic
630 4866 790 4910 vocat
810 4869 931 4923 qua:
965 4863 1093 4928 sunt
1109 4858 1422 4928 sineseusu
1442 4863 1498 4928 et
1523 4859 1732 4928 motu);
1756 4868 1912 4911 natu-

377 4922 542 4990 ralem,
565 4942 682 4995 quae
708 4932 762 4978 in
791 4922 1137 4978 naturalibus
1170 4940 1185 4977 :
1215 4922 1305 4975 illa
1328 4923 1602 4994 intelligit,
1639 4922 1758 4994 igua:
1771 4943 1910 4995 qua-

374 4995 663 5064 lemcunque
686 4996 1228 5065 motionemhabcnt,
1249 5000 1443 5065 natura
1468 4997 1612 5048 enim
1643 5007 1726 5048 est
1757 5012 1808 5065 pi
1824 4999 1910 5049 in-

376 5066 547 5131 cipium
584 5063 793 5118 ’motus
827 5072 883 5118 et
910 5064 1118 5131 quietis
1155 5080 1169 5127 ;
1201 5063 1585 5130 voluntariam,
1632 5068 1684 5117 in
1719 5063 1782 5118 iis
1816 5069 1908 5132 qui

374 5140 614 5188 voluntate
641 5134 852 5203 praediti
884 5140 1031 5192 sunt,
1071 5134 1175 5203 qui
1197 5132 1766 5199 voluntjustesivere,
1795 5135 1913 5200 jus-

376 5206 467 5256 titia
487 5207 618 5258 enim
637 5202 1319 5272 estquamlanrzequalitas;
1346 5214 1507 5254 omne
1536 5218 1706 5270 genus
1730 5220 1913 5272 aequa-

376 5273 516 5327 litatis
535 5274 690 5327 habet
726 5270 870 5326 Deus
897 5270 1252 5340 auticipatum
1283 5273 1337 5338 iu
1373 5275 1558 5339 seipso
1590 5270 1910 5340 simpliciter

378 5353 607 5412 tanquam
628 5346 682 5397 in
712 5345 851 5396 ideis
883 5355 936 5396 et
960 5339 1386 5410 exemplaribus,
1417 5339 1746 5410 aeternisque
1793 5348 1910 5400 suis

375 5414 671 5478 nationibus,
711 5428 776 5467 ex
807 5422 996 5466 sancto
1046 5412 1297 5464 Maximo.

431 5485 495 5552 {2)
518 5483 762 5538 Omniaet
788 5491 895 5539 tota
928 5487 1128 5538 omnia.
1153 5482 1346 5552 omnia
1376 5480 1650 5549 dicuntur,
1682 5484 1902 5552 quando

375 5549 488 5606 sunt
504 5557 724 5622 species,
753 5567 809 5611 et
832 5565 1037 5622 partes,
1065 5563 1118 5606 et
1147 5549 1468 5606 ddici-entia:
1526 5553 1578 5603 iu
1612 5549 1901 5606 ὼνῖδιοηί-

376 5624 490 5692 bus;
524 5636 709 5693 totum,
740 5629 957 5695 quando
979 5638 1162 5693 partes
1215 5624 1457 5678 colle-cm:
1511 5637 1675 5676 unum
1696 5626 1900 5679 consti-

2020 4363 2162 4448 aqua
2199 4374 2382 4448 sinuil,
2410 4383 2465 4428 et
2506 4381 2749 4448 terrahet
2768 4363 2988 4448 _aer,ex
3011 4367 3067 4420 S.
3094 4363 3235 4448 Max.

2088 4447 2166 4519 ᾤ)
2205 4444 2271 4496 Et
2303 4433 2469 4519 ipsum
2488 4457 2629 4519 esse.
2648 4433 2781 4519 Illud
2808 4433 2901 4517 per
2919 4451 2978 4490 se
3006 4448 3127 4515 esse
3152 4435 3306 4519 dicit,
3332 4433 3472 4519 quod
3504 4441 3588 4514 est

2013 4503 2109 4586 per
2145 4503 2226 4586 se,
2273 4503 2619 4586 principium,
2654 4518 2710 4586 et
2760 4503 3004 4586 primum
3043 4504 3119 4586 τῷ
3150 4572 3162 4584 ⁸
3187 4503 3323 4586 ergo;
3374 4518 3427 4586 Tt
3468 4503 3585 4564 πῶς

2014 4572 2179 4656 ἔχειν,
2216 4572 2404 4656 id'est,
2433 4572 2559 4648 quia
2592 4572 2805 4646 ratione
2858 4572 3197 4656 habitudinis
3223 4581 3479 4656 tanquam
3516 4588 3584 4656 ωε

2016 4643 2192 4709 forma
2227 4670 2289 4708 cx
2323 4643 2575 4718 ipso—per
2605 4662 2665 4701 se
2696 4643 2820 4700 esse
2872 4643 3169 4708 exsistunt;
3193 4645 3338 4697 sicut
3364 4643 3472 4695 vita
3500 4648 3586 4694 est

2085 4739 2112 4776 r
2133 4739 2192 4776 se
2217 4725 2347 4776 vita.

2012 4740 2112 4794 per
2133 4740 2192 4776 se
2217 4740 2347 4776 vita.
3290 4778 3302 4791 .
3343 4778 3354 4788 ⁸

2084 4792 2160 4863 (4)
2205 4792 2387 4863 Eth
2423 4802 2598 4863 capra
2628 4785 2799 4854 ipsum
2829 4779 3188 4863 utrumn-Illud
3248 4780 3403 4858 dicit,
3437 4777 3585 4863 quod

2013 4849 2118 4924 est,
2142 4849 2218 4915 ἰιι
2245 4860 2322 4914 ait
2354 4856 2413 4911 S.
2462 4849 2764 4920 Maximus,
2800 4849 3049 4919 αὐταρχὴ
3091 4851 3196 4924 erat
3243 4851 3458 4924 πρῶτον
3508 4854 3586 4924 τῷ

2015 4919 2150 5000 πρές
2182 4946 2235 4982 τι
2266 4927 2382 4989 πῶς
2408 4924 2572 5000 ἔχειν,
2596 4925 2658 5000 _id
2683 4919 2913 5000 _esrl,.per
2939 4935 2998 5000 se
3018 4919 3377 5000 principium,
3389 4925 3445 4997 et
3476 4922 3588 5000 pri-

2016 4988 2163 5053 mum
2195 4988 2512 5052 habitudine
2543 4992 2609 5046 ad
2648 4988 2850 5061 aliquid
2891 5008 2907 5056 ;
2940 4990 3150 5042 inducit
3184 4988 3351 5050 enim,
3388 4988 3583 5061 inquit,

2017 5070 2293 5122 notionem
2332 5066 2627 5118 multorum
2661 5058 2974 5128 cat—seipse,
3017 5062 3130 5111 haec
3185 5071 3367 5112 autem
3428 5058 3587 5128 longe

2013 5142 2209 5192 absunt
2265 5153 2294 5190 a
2325 5136 2457 5198 Deo,
2500 5148 2529 5184 a
2561 5146 2669 5200 quo
2718 5125 2872 5185 sunt'
2908 5134 3108 5200 aliena,
3143 5131 3244 5200 qui
3276 5125 3580 5200 secundum

2014 5218 2266 5260 naturam
2300 5194 2453 5258 suam
2483 5194 2592 5254 non
2633 5210 2810 5268 potest
2834 5216 2956 5253 cum
2992 5196 3102 5250 alio
3124 5194 3406 5265 conjungi,
3440 5194 3588 5249 sicut

2015 5292 2177 5329 utmm
2219 5278 2269 5327 in
2305 5274 2569 5334 numeris,
2589 5286 2654 5323 ex
2688 5270 2745 5324 ὃ.
2784 5271 3037 5324 Maximo.
3260 5322 3271 5329 ,

2085 5344 2174 5415 (5),
2192 5341 2553 5415 Substamiam
2577 5342 2882 5407 participat.
2908 5338 3229 5415 Creaturam
3256 5344 3417 5415 vocat
3446 5335 3582 5390 sub-

2013 5407 2293 5476 stantiam,
2318 5412 2462 5481 quod
2485 5420 2666 5463 autem
2696 5418 3012 5481 numeratur
3036 5411 3094 5462 in
3128 5407 3420 5467 creaturis,
3449 5420 3575 5470 pars

2014 5484 2226 5537 numeri
2254 5479 2356 5547 est,
2388 5492 2441 5532 et
2467 5487 2784 5532 numeratur
2810 5479 2866 5531 in
2900 5479 2969 5531 iis
3002 5492 3125 5547 qua:
3156 5487 3279 5531 sunt
3316 5491 3427 5529 sua:
3452 5490 3605 5542 spe-5

2013 5554 2138 5616 cici,
2176 5552 2259 5605 vel
2291 5549 2526 5618 generis,
2564 5548 2646 5600 vel
2682 5549 2917 5613 ordtnis,
2947 5558 3000 5601 et
3032 5547 3285 5605 similiter
3338 5548 3393 5598 in
3436 5548 3580 5610 aliis,

2013 5638 2134 5678 cum
2162 5622 2363 5691 quibus
2395 5621 2668 5693 convenit.
