3980 6208
437 288 544 353 839

1614 277 1941 339 JOANNZS
1983 276 2543 339 CYPARISSIOTIE

3589 278 3695 339 840

440 408 583 471 vita,
613 412 665 458 et
693 376 1039 464 immortalis;
1063 406 1114 453 et
1148 406 1206 452 ttt
1256 411 1365 452 uno
1393 396 1558 451 verbo
1602 398 1801 460 dicam,
1850 411 2011 450 omne
2041 400 2085 455 Α
2115 397 2356 463 dividua,
2393 411 2675 466 nunquam
2725 395 2907 450 deficit
2959 394 3159 464 ubique
3205 410 3394 455 unum,
3437 405 3489 448 et
3534 394 3695 463 hujus

442 496 673 552 nimium
710 502 762 548 et
786 506 972 561 parum
998 489 1387 560 perfectionem
1422 490 1727 557 corrumpit
1759 528 1772 541 .
1810 487 2013 555 [Equa—

451 588 577 641 litas
599 599 749 653 ergo,
772 591 826 635 et
856 580 959 634 vita
984 594 1091 633 non
1118 578 1320 650 deflexa
1346 594 1375 633 a
1404 588 1553 634 recto
1584 578 1637 631 in
1691 577 2016 633 substantiis

437 677 652 745 quidem
682 671 1067 743 perfectionem
1098 669 1281 734 efﬁcit;
1328 668 1381 722 in
1415 670 1663 723 numeris
1685 683 1815 722 vero
1844 678 2012 722 totum

435 766 638 837 :cquale
665 765 927 832 partibus;
954 764 1006 817 in
1036 762 1299 832 qualitate
1332 761 1592 831 praeditis,
1641 759 1868 815 scientia
1895 774 2016 829 qua:

432 860 681 914 excidere
710 872 817 910 non
848 856 1039 925 possit.
1073 854 1213 909 Deus
1246 862 1457 919 autem,
1480 854 1571 923 qui
1601 864 1683 909 est
1701 870 1795 923 per
1821 870 1877 909 se
1895 870 2017 923 per-

435 948 616 1015 fectio,
658 947 1047 1019 perfectionum
1079 945 1305 1001 eli‘ector
1334 953 1415 998 est
1450 956 1585 1012 ,tum
1619 944 1964 1014 perfectionis
1998 987 2011 1010 ,

430 1041 521 1095 cui
546 1045 808 1109 adempta:
847 1052 979 1093 sunt
1014 1039 1197 1093 multa:
1224 1036 1586 1106 perfectiones
1620 1037 1699 1105 (l)
1725 1079 1737 1101 ,
1776 1046 1887 1090 tum
1923 1052 2016 1106 per

432 1149 494 1185 se
528 1130 897 1201 perfectionis,
927 1132 1171 1199 quaelate
1200 1138 1345 1200 patet
1374 1129 1468 1194 ,ad
1492 1128 1847 1182 imitationem
1870 1128 2015 1184 enim

431 1224 819 1292 exemplarium
854 1222 1162 1275 divinorum
1198 1264 1211 1287 ,
1242 1236 1361 1289 quae
1427 1232 1591 1289 supra
1642 1219 2008 1273 substantiam

432 1325 584 1380 sunt,
614 1313 871 1383 produxit
901 1325 953 1366 et
977 1312 1349 1381 perfecimus:
1373 1312 1462 1365 hic
1491 1310 1736 1365 absolute
1761 1311 2016 1364 dicuntur

432 1406 613 1459 unitas
668 1416 871 1470 autem,
908 1420 1030 1474 qua:
1076 1405 1129 1457 in
1181 1404 1433 1457 omnibus
1467 1403 1799 1469 obambulat,
1830 1401 2015 1455 divino

431 1495 651 1548 nomine
681 1494 907 1549 unﬁtatis
941 1494 1256 1559 decoratur,
1293 1506 1527 1561 operans
1567 1491 1805 1546 infinitas
1837 1493 2015 1559 unita-

431 1595 513 1639 tes
546 1587 596 1638 in
617 1585 985 1655 generibus,in
1011 1585 1213 1653 specie,
1240 1584 1291 1636 in
1318 1581 1627 1647 individuis,
1662 1583 1715 1635 in
1734 1583 2009 1651 partibus,

434 1676 490 1728 in
548 1675 833 1742 membris,
864 1686 917 1729 et
948 1683 1005 1729 ut
1034 1675 1235 1737 dicam,
1267 1672 1411 1741 quod
1447 1673 1741 1741 plurimum
1768 1674 1925 1738 valet,
1961 1682 2014 1727 et

436 1763 784 1831 potissimum
844 1775 927 1820 est
959 1807 972 1830 ,
999 1766 1051 1819 in
1074 1762 1359 1818 omnia'se
1415 1764 1738 1834 multiplicat
1770 1806 1783 1829 ,
1816 1780 1916 1818 nos
1952 1765 2017 1819 ad

427 1856 789 1910 imitationem
823 1858 1045 1910 unitatis
1070 1856 1319 1925 Dei,quae
1348 1866 1429 1910 est
1460 1870 1622 1926 supra
1642 1871 1800 1925 quam
1834 1857 2018 1925 ignota

425 1945 494 1998 ad
516 1946 749 2000 unitates
794 1962 1079 2012 revocans,
1140 1956 1201 2001 ut
1231 1947 1285 2000 in
1344 1947 1690 2000 multitudine
1725 1947 2015 2013 unitatum,

427 2050 547 2103 qua:
564 2037 633 2091 ab
659 2038 775 2104 ipso
802 2038 1075 2106 productae
1098 2047 1244 2103 sunt,
1262 2036 1543 2104 efficiatjut
1561 2052 1658 2092 nos
1686 2051 1714 2090 a
1733 2038 1919 2093 multis
1949 2039 2016 2092 ad

426 2142 594 2180 unum
632 2128 831 2183 virtute
859 2129 1056 2184 divina:
1083 2128 1307 2184 unitatis
1334 2131 1605 2195 conversi,
1662 2128 1789 2185 facti
1823 2145 2013 2193 unum,

427 2217 711 2274 laudemus
745 2231 936 2285 totam,
976 2231 1030 2273 et
1062 2236 1223 2275 unam
1271 2221 1639 2284 divinitatem,
1678 2236 1848 2275 unam
1894 2236 2015 2275 om-

428 2311 579 2365 nium
609 2328 855 2376 causam,
882 2312 983 2367 hoc
1005 2329 1101 2381 per
1132 2326 1190 2366 se
1213 2329 1407 2377 unum,
1438 2312 1586 2381 quod
1614 2313 1680 2368 iis
1709 2328 1829 2382 qua:
1860 2324 2011 2378 sunt,

428 2403 841 2466 adnumeratur,
883 2405 1211 2474 principium
1238 2403 1470 2459 ellicitur
1509 2404 1629 2473 ejus
1659 2406 1802 2473 quod
1835 2416 1928 2471 per
1956 2417 2014 2458 se

425 2506 532 2561 cst,
574 2504 848 2563 quatenus
880 2511 1045 2549 unum
1088 2506 1190 2562 est,
1228 2495 1375 2565 quod
1413 2510 1508 2566 per
1529 2510 1589 2550 se
1617 2504 1700 2548 est
1743 2492 1869 2548 licet
1898 2507 2005 2547 non

428 2585 498 2637 sit
535 2599 629 2653 per
661 2600 740 2649 se,
778 2586 868 2640 sed
924 2596 980 2640 ut
1031 2585 1397 2655 accidcns(2),
1433 2586 1533 2639 hoc
1570 2585 1735 2640 etiam
1769 2585 1821 2639 in
1873 2599 2007 2638 una-

430 2691 646 2747 quaque
700 2679 1047 2732 cmauatione
1077 2694 1245 2732 unum
1297 2680 1375 2745 ﬁt;
1407 2687 1461 2732 et
1491 2693 1656 2731 unum
1694 2678 1819 2732 item
1856 2692 2007 2732 com-

428 2772 665 2826 muniter
713 2770 765 2825 in
823 2771 1078 2825 omnibus
1126 2769 1596 2834 emanationibus,
1644 2771 1760 2824 sive
1809 2784 2005 2838 genera

426 2861 560 2929 sint,
602 2863 876 2929 similiter,
912 2864 1026 2917 sive
1057 2863 1288 2931 species,
1312 2862 1500 2919 eodem
1540 2864 1700 2916 modo
1731 2880 1743 2924 ;
1778 2864 1890 2915 sive
1924 2861 2008 2915 in-

2118 503 2211 557 per
2245 504 2303 541 se
2335 489 2496 541 unius
2529 486 2831 556 proprietas
2864 496 2972 551 est,
3008 487 3061 539 in
3096 486 3297 556 quibus
3343 486 3507 550 inest,
3558 489 3696 540 mul-

2118 590 2168 632 ta
2202 578 2269 631 ad
2309 592 2368 633 se
2398 585 2739 633 convertere.
2771 576 2840 631 At
2869 591 2999 630 vero
3027 590 3126 645 pro
3155 576 3500 641 expositione
3526 586 3695 629 mate.

2117 669 2278 722 riaria
2329 668 2569 723 contenti
2603 683 2795 722 sumus
2851 666 2918 722 iis
2966 681 3086 735 quae
3132 681 3364 735 magnus
3404 665 3697 736 Dionysius

2115 758 2402 826 exposuit;
2427 758 2570 827 quod
2603 757 2648 812 si
2678 758 2730 810 in
2754 756 3103 826 quibusdam,
3133 770 3259 810 cum
3284 771 3345 809 ea
3378 770 3697 810 recensere-

2116 865 2260 915 mus,
2296 850 2501 919 aliquid
2526 850 2882 912 variavimus,
2912 863 3017 902 non
3045 847 3146 900 fuit
3177 849 3331 903 nobis
3354 849 3693 917 propositum

2117 942 2292 1011 magis
2324 942 2572 995 ordinate
2601 955 2763 1010 quam
2810 942 2920 1004 ille,
2966 953 3271 1003 recensere,
3310 940 3610 993 absurdum
3642 957 3701 992 c-

2117 1035 2230 1087 nim
2259 1044 2378 1089 erat
2410 1045 2519 1088 tam
2553 1049 2810 1101 magnum
2832 1034 3004 1088 solem
3032 1048 3096 1089 ex
3131 1035 3356 1087 adverso
3392 1033 3615 1096 intueri,
3640 1042 3699 1085 ut

2115 1126 2170 1179 in
2209 1127 2314 1182 hoc
2342 1127 2507 1181 etiam
2533 1127 2718 1182 verbis
2755 1128 2873 1193 ejus
2905 1137 3026 1181 utar
3058 1128 3161 1196 (α).
3192 1127 3324 1204 Dum
3355 1126 3532 1192 capita
3563 1140 3701 1179 con-

2118 1219 2411 1284 texuimus,
2460 1220 2585 1287 quia
2634 1222 2736 1273 ltoc
2792 1219 2893 1273 fuit
2931 1235 2960 1272 a
3001 1218 3267 1287 principio
3313 1217 3694 1285 propositum,

2115 1310 2476 1380 proprietates
2510 1326 2572 1365 ex
2601 1310 2827 1379 junctis,
2874 1320 2929 1364 et
2967 1309 3300 1364 continuatis
3344 1308 3696 1375 colleg’mus,

2117 1412 2340 1471 propter
2364 1400 2701 1465 facilitatem,
2757 1401 3006 1469 qutedam
3052 1400 3444 1463 contraximus,
3480 1399 3586 1451 alia
3638 1398 3699 1452 in

2117 1495 2284 1548 alium
2304 1495 2481 1548 locum
2502 1494 2884 1547 transtulimus
2906 1502 3128 1562 prepter
3151 1496 3437 1548 clariorem
3463 1493 3699 1551 distinc-

2117 1589 2340 1641 tionem.
2386 1585 2653 1655 lnscripta
2684 1601 2811 1639 vero
2846 1598 2927 1639 est
2963 1586 3125 1640 decas
3167 1585 3240 1639 De
3256 1585 3696 1654 proprietatibus,

2122 1693 2234 1731 non
2271 1676 2428 1746 quasi
2462 1677 2622 1729 nobis
2653 1676 2854 1744 aliquid
2881 1676 3095 1728 abunde
3124 1675 3547 1744 suppetat,qttod
3577 1690 3699 1729 ma-

2118 1783 2223 1836 gno
2263 1766 2517 1835 Dionysio
2565 1766 2725 1829 desit,
2752 1767 2842 1820 sed
2883 1766 3061 1835 petius
3089 1780 3151 1819 ex
3193 1766 3257 1819 iis
3290 1780 3412 1832 quae
3454 1766 3692 1835 copiose

2116 1860 2257 1914 dicta
2278 1870 2405 1913 sunt
2429 1860 2495 1914 ab
2512 1876 2597 1923 eo,
2618 1862 2789 1914 solum
2810 1859 3166 1928 explanamus
3193 1857 3284 1911 ubi
3302 1865 3547 1926 oporteat
3572 1873 3705 1927 pro-

2116 1951 2399 2021 prietatem
2435 1952 2802 2006 considerare.
2838 1952 3186 2018 Propositum
3208 1964 3334 2002 vero
3362 1959 3441 2002 est
3475 1950 3705 2017 planum

2118 2039 2296 2095 facere
2328 2055 2424 2110 per
2452 2040 2653 2104 omnia,
2698 2040 2871 2093 solum
2916 2054 3034 2092 esse
3050 2052 3269 2092 causam
3296 2040 3532 2093 universi
3557 2040 3707 2094 divi-

2118 2146 2243 2185 nam
2274 2133 2439 2186 trium
2460 2145 2813 2201 personarum
2841 2142 3111 2190 naturam.
3132 2146 3251 2197 quae
3282 2140 3539 2200 estsupra
3565 2132 3706 2187 sub-

2115 2222 2395 2286 stantiam,
2435 2230 2490 2275 et
2518 2237 2677 2290 supra
2728 2232 2997 2286 naturam,
3042 2222 3142 2275 alia
3175 2236 3303 2276 vero
3334 2223 3542 2289 omnia,
3574 2226 3699 2279 sive

2116 2326 2239 2380 qna:
2265 2312 2523 2365 dicuntur
2540 2313 2776 2381 primum
2805 2315 3147 2378 exsistentia,
3174 2315 3288 2367 sive
3319 2317 3704 2385 participatio-

2116 2420 2233 2468 nes,
2270 2404 2382 2459 sive
2409 2405 2779 2472 providentim,
2821 2416 2871 2459 et
2903 2405 3043 2459 dona
3070 2405 3271 2471 divina,
3300 2408 3426 2476 quia
3467 2419 3702 2479 propter

2114 2511 2334 2550 causam
2387 2495 2655 2564 producta
2701 2506 2861 2561 sunt,
2920 2496 2974 2550 in
3027 2493 3258 2552 eﬂ’ectis’
3296 2509 3697 2568 numerantur;

2109 2596 2341 2655 suntque
2366 2585 2505 2640 sicut
2521 2585 2729 2651 effecta,
2750 2600 3007 2663 generata
3027 2598 3080 2643 et
3100 2598 3302 2644 creata.
3326 2588 3516 2644 Omnis
3539 2592 3695 2647 enim

2107 2679 2316 2733 effectio
2384 2679 2482 2747 (ait
2544 2694 2771 2746 magnus
2828 2679 3105 2747 Basilius),
3148 2695 3247 2751 par
3302 2681 3358 2734 (it
3388 2681 3502 2735 suis
3526 2682 3697 2737 effec—

2117 2771 2207 2835 tis;
2258 2779 2311 2823 et
2359 2784 2553 2837 magna
2594 2771 2810 2840 quidem
2853 2770 3065 2825 effectio
3105 2787 3427 2843 magnorum
3461 2770 3696 2827 eercto-

2078 2854 2079 2857 “
2118 2878 2238 2915 rum
2271 2868 2376 2925 est;
2404 2875 2568 2928 parva
2612 2875 2742 2912 vero
2784 2874 3074 2927 parvorum

865 3153 1122 3215 DECAS
1171 3153 1454 3215 SEXTA.
1488 3187 1562 3197 ——
1595 3154 1713 3215 DE
1764 3155 2481 3221 APPARITIONIBUS
2522 3156 2811 3219 DIVINI
2856 3157 3241 3220 LUMINIS.

1068 3301 1296 3358 CAPUT
1332 3303 1373 3357 1.

425 3421 580 3487 Quod
605 3436 754 3477 omne
780 3420 952 3472 lumen
981 3418 1075 3474 sub
1106 3433 1318 3487 sensum
1365 3418 1554 3470 cadens
1593 3434 1657 3473 ea:
1686 3418 1790 3472 Deo
1824 3428 1919 3483 est,
1952 3429 2001 3473 et

681 3491 817 3559 quod
848 3489 928 3544 sol
948 3490 1123 3557 imago
1158 3497 1232 3540 cst
1262 3486 1509 3540 bonitatis
1540 3489 1726 3557 ipsius.

497 3583 812 3654 Dionysius,
849 3580 1027 3651 capite
1057 3587 1275 3651 quarto,
1308 3578 1383 3631 De
1412 3580 1604 3633 divinis
1656 3580 1952 3634 nominibus
1980 3598 1994 3635 :

426 3676 529 3731 Sed
563 3674 704 3743 quod
741 3674 795 3728 in
839 3673 1018 3727 medio
1066 3680 1263 3741 praeter
1299 3671 1512 3740 lapsum
1546 3688 1645 3726 nus
1704 3673 1994 3741 ellugerat,

425 3765 732 3823 cmlestium
786 3764 1206 3835 principiorum,
1249 3773 1303 3816 et
1339 3762 1891 3817 subterminationum
1928 3763 2003 3836 (3)

424 3870 593 3911 causa
628 3866 712 3911 est
746 3855 976 3922 bonum,
1010 3853 1139 3908 item
1184 3852 1510 3908 substantia:
1541 3852 1704 3921 hujus
1736 3854 1998 3919 cmleStis,

426 3964 548 4016 quat
576 3940 681 4002 nOn
715 3957 968 4017 augetur,
1026 3959 1203 4013 neque
1233 3944 1522 4008 minuitur,
1558 3951 1612 3997 et
1643 3943 1854 4011 penitus
1895 3959 2002 3998 non

426 4040 692 4104 variatur,
718 4048 772 4092 et
804 4048 1050 4092 motuum
1099 4035 1343 4090 ccelestis
1401 4034 1664 4089 curriculi
1706 4035 2002 4091 vastissimi

428 4146 533 4183 non
557 4129 892 4192 sonantium,
925 4128 970 4182 si
1002 4128 1072 4181 ita
1091 4125 1239 4196 loqui
1266 4134 1497 4193 oportet,
1521 4135 1575 4181 et
1596 4126 1848 4181 ordinum
1874 4129 2004 4184 stel-

428 4221 627 4284 larum,
657 4227 711 4273 et
742 4217 1236 4287 pulcbritudinum,
1277 4224 1332 4272 et
1365 4217 1659 4279 luminum,
1706 4226 1761 4272 et
1790 4217 2004 4274 infixio-

428 4326 559 4367 num
599 4325 811 4378 earum,
857 4321 913 4368 et
964 4310 1284 4380 multiplicis
1341 4324 1540 4365 cursus
1577 4310 1830 4379 vagantis
1867 4326 2005 4380 quo-

2034 3319 2075 3377 (ς
2110 3305 2360 3361 runtdam
2434 3306 2699 3368 siderum,
2755 3315 2806 3359 et
2864 3305 3097 3359 duorum
3134 3306 3505 3370 luminarium,
3565 3324 3698 3377 qua:

2110 3400 2390 3468 Scriptura
2443 3409 2599 3453 vocat
2651 3415 2862 3469 magna,
2898 3400 3177 3465 circuitus,
3211 3408 3263 3451 et
3288 3401 3499 3466 eodem,
3538 3404 3697 3458 unde

2109 3490 2354 3560 profecta
2390 3502 2541 3555 sunt,
2580 3490 2933 3553 reversionis,
2986 3494 3192 3560 quibus
3245 3493 3387 3561 apud
3423 3509 3528 3549 nos
3565 3495 3694 3551 dies

2106 3588 2161 3634 et
2194 3590 2378 3635 noctes
2410 3582 2855 3651 distinguuntur;
2889 3593 2941 3636 et
2978 3597 3194 3638 menses
3247 3593 3405 3652 atque
3431 3584 3563 3637 anni
3590 3585 3694 3640 de-

2106 3672 2239 3727 liniti
2280 3672 2433 3743 ipsos
2465 3684 2646 3728 motus
2680 3675 2964 3743 temporis,
2995 3686 3049 3729 et
3084 3688 3273 3727 eorum
3302 3689 3424 3744 qua:
3466 3675 3519 3727 in
3544 3684 3689 3729 tem-

2107 3777 2237 3832 pore
2264 3771 2413 3825 sunt,
2445 3762 2651 3837 circulo
2678 3763 2957 3818 confectos
2979 3764 3341 3836 distinguunt,
3363 3778 3690 3830 numerant,
3722 3784 3743 3799 ο

2109 3853 2379 3915 ordinant,
2410 3864 2461 3908 et
2494 3856 2795 3909 continent.
2827 3852 2967 3920 Quid
2998 3867 3178 3909 autem
3204 3856 3420 3911 dicatur
3444 3858 3512 3912 de
3540 3859 3691 3928 ipso-

2111 3954 2220 3999 met
2246 3947 2395 3999 radio
2425 3946 2558 4001 solis
2582 3947 2604 3998 ἳ
2632 3949 2675 3997 Α
2702 3962 2919 4001 summo
2948 3948 3092 4001 enim
3122 3948 3266 4000 bono
3288 3949 3476 4001 lumen
3501 3952 3677 4014 proli-

2107 4036 2354 4101 ciscitur,
2384 4046 2435 4091 et
2465 4036 2643 4106 imago
2662 4037 2919 4093 bonitatis
2937 4050 3054 4104 est;
3080 4041 3434 4108 quamobrem
3460 4042 3688 4095 nomine

2106 4127 2330 4183 luminis
2358 4129 2558 4182 bonum
2588 4129 2856 4194 laudatur,
2880 4139 3135 4200 tanquam
3155 4139 3411 4201 appareat
3439 4133 3685 4200 primunt

2110 4220 2473 4291 exemplaria
2500 4222 2756 4289 imagine.
2782 4220 2936 4276 Sicut
2958 4222 3102 4277 enim
3129 4224 3346 4279 bonitas
3379 4223 3689 4277 divinitatis

2109 4326 2233 4381 qua:
2260 4327 2426 4381 supra
2450 4312 2634 4367 omnia
2659 4323 2763 4378 est,
2796 4329 2825 4367 a
2866 4314 3140 4382 Supremis
3168 4323 3221 4369 et
3250 4313 3689 4383 provectissimis

1897 4448 2168 4511 Schoba.

498 4571 576 4641 (i)
602 4571 884 4655 Perfectio,
904 4573 989 4626 cui
1020 4574 1281 4655 adentpta:
1300 4572 1624 4655 sunt.m_ul_t_w
1646 4570 2008 4655 perfectiones,
2039 4574 2089 4633 D
2119 4573 2241 4655 ficat
2270 4573 2371 4627 hoc
2423 4574 2543 4629 loco
2596 4572 2904 4655 Dionvsius.
2947 4583 3006 4629 ut
3030 4576 3272 4655 .quidam
3330 4576 3682 4655 interpretati

421 4654 511 4697 est
543 4643 805 4710 perfectio
840 4658 945 4697 non
1002 4646 1273 4696 abstracta
1304 4658 1399 4711 per
1428 4641 1766 4711 intellectum
1807 4656 1836 4694 a
1867 4650 2000 4704 toto,

420 4722 481 4769 et
506 4728 535 4765 a
574 4720 764 4780 parte;
796 4713 912 4766 inec
943 4713 1087 4765 enim
1130 4710 1317 4766 multis
1350 4710 1779 4780 perfectionibus
1808 4721 1956 4767 caret
1986 4729 1999 4776 ;

425 4782 689 4850 perfectio
713 4796 842 4836 vero
869 4782 1164 4846 abstracta,
1183 4798 1235 4835 et
1251 4782 1500 4835 absolute
1534 4780 1878 4834 considerata
1900 4781 2005 4835 late

429 4861 602 4920 patet,
634 4851 761 4921 quia
793 4866 897 4905 non
931 4861 1017 4904 est
1049 4851 1295 4905 restricta
1322 4852 1387 4904 ad
1420 4859 1615 4913 totum,
1656 4858 1751 4921 aut
1781 4854 1846 4903 ad
1876 4866 2001 4919 par-

435 4932 571 4982 tem,
610 4932 667 4974 ut
694 4921 801 4976 vita
835 4920 1084 4975 absolute
1115 4922 1481 4977 considerala,
1510 4935 1633 4989 qua:
1679 4920 1882 4989 dicitur
1911 4935 2005 4987 per

423 5009 487 5044 se
506 4992 638 5053 vita,
659 4992 784 5045 ltuic
803 4991 944 5045 nulla
966 4990 1230 5058 perfectio
1252 4988 1539 5050 adimitur,
1569 4991 1714 5043 sicut
1744 4988 2005 5043 adimitur

426 5068 551 5114 vita:
580 5063 632 5112 in
663 5076 878 5127 genere,
909 5071 966 5113 ut
995 5062 1246 5114 animalis
1272 5079 1285 5125 ;
1323 5069 1376 5112 et
1413 5059 1536 5112 vita:
1575 5060 1630 5112 itt
1672 5068 1824 5127 parte
1847 5073 2009 5126 gene-

428 5131 525 5195 ris,
551 5133 720 5192 idest,
750 5132 800 5183 in
819 5132 1094 5198 specie,,ut
1120 5132 1376 5187 botninis.
1404 5140 1496 5181 ant
1519 5129 1714 5196 angeli,
1746 5138 1799 5180 et
1830 5128 2001 5198 multo

428 5201 598 5267 magis
623 5200 782 5268 ltujtts
815 5197 1049 5253 hominis
1079 5212 1172 5252 aut
1202 5201 1375 5268 angeli
1400 5213 1520 5266 qua
1540 5207 1668 5251 suitl.
1698 5197 2000 5251 individua.

503 5272 578 5335 (‘2)
604 5268 705 5321 l’er
735 5286 795 5325 se
826 5285 969 5333 eSse,
1003 5269 1250 5338 sicntper
1278 5286 1335 5321 se
1353 5270 1486 5330 vita.
1517 5278 1572 5321 et
1602 5282 1698 5336 per
1730 5282 1788 5338 se
1814 5284 2001 5327 ttttutn,

428 5348 482 5411 ct
521 5340 741 5404 similia,
797 5350 882 5393 est
913 5355 1012 5411 ens
1043 5337 1464 5411 perr'accidens,
1518 5339 1649 5408 quia
1688 5337 1869 5391 solum
1908 5352 2002 5405 per

428 5408 857 5462 abswactionem
892 5408 1111 5463 exsistit
1144 5410 1195 5462 itt
1234 5419 1432 5461 mente.

501 5480 580 5546 (ὅ)
616 5478 1008 5531 Principiorum
1034 5489 1080 5531 et
1116 5478 1666 5533 subterminationum.
1693 5476 1810 5533 Non
1838 5477 2007 5546 signi-

502 5660 578 5731 (a)
605 5661 732 5731 Cap.
766 5662 801 5715 '5
836 5661 910 5717 De
938 5664 1102 5717 divin.
1140 5680 1281 5719 nam.
1315 5663 1369 5717 in
1401 5662 1549 5718 line.

2114 4652 2266 4707 sunt,
2294 4659 2523 4711 corpora
2554 4644 2801 4699 cwlestia
2826 4660 2944 4700 esse
2963 4645 3224 4711 principia
3244 4647 3455 4713 agentia
3476 4644 3687 4701 ﬁcorum

2111 4721 2441 4783 quaerortum
2467 4722 2520 4766 et
2544 4714 2818 4769 interitum
2843 4714 3084 4783 capiunt,
3119 4726 3170 4768 et
3202 4715 3433 4767 diseerni
3469 4730 3561 4770 res
3599 4732 3692 4770 se-

2112 4782 2354 4836 cundum
2387 4784 2576 4836 eadem
2619 4798 2886 4852 corpora;
2916 4782 2921 4783 ⁷
2949 4800 3057 4837 non
3097 4786 3337 4849 loquitur
3372 4786 3457 4837 bic
3486 4786 3555 4838 de
3585 4788 3688 4839 btt-

2109 4852 2348 4921 jusutodi
2384 4854 2688 4920 principiis,
2714 4852 2807 4906 sed
2840 4854 2905 4907 de
2938 4854 3216 4921 principiis
3248 4864 3302 4908 et
3331 4854 3684 4909 terminatio—

2114 4922 2277 4974 nibus
2316 4922 2532 4975 orbium
2556 4923 2887 4991 caelestium,
2929 4938 3069 4991 quos
3099 4923 3226 4980 fecit
3262 4924 3403 4975 Deus
3438 4925 3688 4979 bonitate

2114 5006 2212 5044 sua
2239 4991 2516 5061 globosos,
2549 4990 2607 5061 in
2646 5008 2751 5060 qua
2796 4994 2963 5060 figura
2993 4993 3128 5047 idem
3160 5003 3243 5046 est
3271 4992 3605 5061 principium
3631 5006 3688 5047 ct

2120 5062 2410 5123 terminus,
2442 5060 2559 5114 sive
2586 5060 2707 5115 ﬁnis
2741 5078 2755 5128 ;
2789 5076 2894 5114 non
2927 5062 3064 5115 dixit
3112 5060 3596 5128 ἁποπὲρατώσεις,
3639 5067 3692 5118 ἰιι

2115 5141 2222 5191 eSI,
2280 5130 2713 5200 terminationes,
2766 5130 2857 5184 sed
2933 5132 3403 5200 ὑποπερατώσεις,
3468 5132 3523 5185 id
3577 5146 3690 5195 εει,

2115 5198 2650 5264 subterminationes,
2691 5211 2747 5253 ut
2775 5202 2831 5254 ὃ.
2864 5198 3127 5254 Maximus
3147 5203 3486 5265 observavit,
3546 5206 3684 5268 quia

2114 5279 2296 5322 motus
2329 5271 2577 5337 carperis
2631 5270 2837 5339 globusi
2888 5286 2994 5331 non
3031 5272 3191 5324 habet
3243 5272 3459 5339 proprie
3496 5283 3692 5325 ternit-

2116 5354 2267 5409 nunt,
2303 5340 2395 5392 sed
2429 5340 2589 5392 veluti
2619 5342 2908 5393 terminum
2965 5341 3126 5393 habet
3159 5344 3362 5395 moveri
3389 5342 3458 5393 ab
3488 5343 3682 5409 aliquo

2115 5408 2389 5479 principio
2422 5410 2485 5462 ad
2546 5409 2685 5462 ident
2721 5418 2981 5479 tanquam
3023 5412 3090 5464 ad
3148 5412 3465 5475 terminum,
3531 5408 3689 5465 verbi

2116 5478 2313 5545 gratia,
2345 5478 2413 5532 ait
2447 5479 2660 5534 oriente
2702 5480 2767 5534 ad
2796 5478 3043 5535 eumdem
3077 5482 3359 5535 orientem.
