3980 6208
280 286 390 349 845

938 286 1174 349 DECAS
1194 283 1299 349 VI.
1334 308 1404 319 -·-
1433 281 1532 344 DE
1563 278 2198 345 AI‘l‘ARITIONIBUS
2231 250 2483 345 DIVINI:
2511 278 2861 343 LUMINIS-

3408 273 3515 338 846

280 396 640 465 prttpt‘ttsimtc
669 405 722 450 et
774 397 1082 452 ministerio
1135 395 1591 451 illuminationem
1652 394 1838 449 habet.
1870 397 1916 456 Α
1947 393 2180 465 Pmptcr
2212 395 2335 458 hoc,
2369 394 2467 460 ait,
2515 407 2695 462 neque
2756 390 2974 445 nomina
3030 388 3164 444 dit-it
3198 403 3385 443 eorum
3420 392 3516 457 qui

276 484 524 541 'l‘c-t-tium
576 488 757 541 lumen
795 498 877 542 est
922 489 1106 550 homo,
1140 487 1283 557 quod
1340 486 1502 539 etiam
1548 485 1845 560 gentilibus

282 579 631 632 manifestum
660 589 744 633 est
782 597 795 632 :
830 579 943 647 φῶς
978 580 1147 642 enim,
1176 578 1227 633 id
1270 586 1373 641 cst,
1400 577 1615 639 lumen,
1669 575 1845 630 nomi—

280 671 731 735 nanthominem,
765 681 985 741 propter
1021 671 1329 725 facultatem
1374 668 1604 723 rationis
1632 682 1754 738 qua:
1788 665 1844 720 in

276 763 436 816 nobis
456 770 573 826 est;
602 772 655 816 et
678 777 869 817 rursus
901 764 993 832 qui
1028 763 1135 818 Deo
1153 772 1282 817 sunt
1310 761 1629 822 similiores,
1650 768 1705 815 et
1730 773 1846 813 ma-

273 853 359 921 gis
389 868 552 922 quam
591 868 694 909 nos
723 854 824 923 ipsi
878 854 1067 909 vicini.
1100 852 1231 908 Scio
1258 853 1423 907 etiam
1455 851 1602 906 aliud
1660 851 1844 905 lumen

274 961 423 1008 esse,
459 961 569 1015 quo
597 946 699 1000 illa:
727 948 917 1016 primm
945 953 1063 1016 quis
1092 954 1398 1012 emperunt,
1424 944 1659 999 tenebrae
1678 943 1849 1014 pulsae

274 1046 432 1099 sunt,
466 1037 548 1091 vel
584 1038 886 1107 diremptu',
949 1041 1090 1108 quod
1122 1046 1248 1092 ante
1278 1050 1497 1091 omnem
1534 1044 1846 1091 creaturam

274 1128 684 1212 aspectabilem'
704 1128 912 1183 factum
952 1140 1055 1195 esu
1102 1137 1155 1184 et
1210 1129 1502 1184 circuitum
1558 1127 1846 1215 rotundum

277 1220 591 1286 stellarum,
656 1228 709 1275 et
745 1221 895 1275 illum
948 1221 1315 1290 splendorem,
1367 1233 1399 1273 a
1457 1232 1568 1289 quo
1614 1230 1850 1286 superne

272 1327 573 1368 universus
625 1314 861 1367 mundus
913 1312 1171 1367 collucet.
1212 1311 1423 1366 Lumen
1462 1308 1685 1381 quidem
1717 1306 1848 1362 illud

276 1412 397 1456 erat
421 1403 659 1471 primum
681 1403 991 1457 mandatum
1010 1404 1188 1472 primo
1218 1401 1422 1456 homini
1443 1400 1659 1463 datum;
1680 1412 1852 1467 quan-

272 1495 348 1548 do
368 1496 589 1563 quidem
614 1495 837 1549 lucerna
862 1506 947 1549 est
975 1496 1287 1550 mandatum
1303 1495 1470 1577 .legis,
1486 1503 1537 1548 et
1560 1493 1765 1557 lumen,
1797 1500 1852 1547 et

272 1589 407 1655 quia
432 1588 616 1640 lumen
642 1598 771 1642 sunt
799 1600 1066 1658 pracepta
1088 1598 1177 1643 tua
1206 1602 1367 1658 super
1382 1596 1605 1651 terram;
1636 1582 1850 1639 tametsi

280 1679 477 1733 invida
508 1679 756 1743 tenebra,
788 1695 910 1747 quas
961 1678 1204 1749 irrepsit,
1258 1678 1554 1749 nequitiam
1611 1677 1843 1732 creavit.

276 1768 496 1823 Lumen
533 1784 661 1824 vero
706 1772 971 1840 typieum,
1001 1777 1058 1825 et
1082 1783 1309 1839 compar
1348 1767 1416 1823 iis
1445 1769 1534 1836 qui
1562 1766 1693 1821 illud
1719 1781 1844 1822 sus-

275 1862 582 1930 cipiebant,
638 1863 725 1916 lex
761 1863 958 1933 scripta
982 1868 1121 1926 erat,
1149 1876 1270 1931 quae
1285 1861 1569 1915 veritatem
1596 1868 1651 1914 et
1669 1856 1851 1928 magni

274 1951 508 2007 luminis
544 1953 859 2024 mysterium
891 1952 1273 2018 adumbrabat;
1305 1951 1572 2022 siquidem
1604 1957 1657 2005 et
1687 1948 1853 2004 facies

275 2038 490 2108 Moysis
520 2040 622 2096 hoc
654 2042 857 2097 lumine
888 2042 1243 2110 splendescit.
1281 2040 1347 2095 Et
1377 2050 1437 2096 ut
1470 2040 1542 2095 de
1604 2038 1855 2110 pluribus

273 2131 587 2187 luminibus
609 2132 919 2202 loquamur,
938 2132 1120 2187 lumen
1144 2131 1363 2201 quidem
1388 2129 1665 2201 eratquod
1682 2128 1853 2201 Moysi

271 2237 346 2283 ex
393 2222 518 2292 igne
549 2224 822 2293 apparuit,
846 2238 971 2278 cum
994 2223 1223 2278 ardebat
1252 2222 1445 2287 rubus,
1473 2232 1527 2277 et
1555 2236 1664 2276 non
1699 2236 1851 2276 com-

275 2314 610 2377 burehatur.
647 2323 707 2369 ut
748 2324 997 2369 naturam
1054 2315 1402 2377 ostenderet,
1449 2323 1503 2369 et
1552 2312 1852 2383 potentiam

274 2404 527 2459 divinam
564 2404 889 2459 declararet.
936 2402 1140 2459 Lumen
1190 2402 1386 2459 deinde
1413 2414 1555 2467 erat,
1608 2403 1751 2473 quod
1799 2403 1851 2457 in

273 2496 539 2551 columna
575 2495 716 2564 ignis
750 2496 948 2565 populo
974 2495 1288 2550 lsraeletico‘
1321 2496 1376 2550 in
1443 2497 1525 2549 via
1593 2507 1852 2565 tanquam

275 2586 395 2640 dux
426 2588 680 2657 prmibat,
711 2598 767 2641 et
803 2587 1116 2641 solitudinis
1145 2587 1494 2656 asperitatem
1545 2586 1854 2656 mitigabat.

288 2672 515 2734 Lumen
547 2681 696 2743 item,
725 2679 868 2749 quod
892 2677 1063 2732 Eliam
1098 2678 1149 2732 in
1183 2695 1345 2733 curru
1380 2678 1539 2749 igneo
1561 2679 1762 2748 rapuit,
1804 2686 1858 2733 et

276 2780 509 2840 raptum
556 2786 663 2825 non
703 2771 1025 2826 combussit.
1066 2770 1273 2825 Lumen
1304 2779 1568 2841 prwterea
1590 2771 1732 2841 quod
1763 2786 1858 2840 pa-

282 2870 476 2915 stores
502 2859 886 2925 circuml'ulsit,
914 2862 1129 2930 quando
1168 2861 1297 2916 illud
1354 2862 1534 2916 lumen
1568 2863 1687 2917 sine
1723 2871 1858 2916 tem-

276 2966 416 3019 pore
466 2950 660 3003 lumini
712 2951 974 3019 temporis
1004 2950 1438 3006 admiscebatur.
1495 2950 1706 3007 Lumen
1753 2952 1855 3007 fuit

1945 486 2427 551 ascensurierant;
2480 486 2828 538 vehementer
2897 481 3040 535 enim
3104 480 3300 548 reliqui
3358 481 3516 548 sequi

1946 576 2356 643 concupissent,
2416 576 2725 644 exemplum
2777 572 2964 642 gloria:
3012 571 3158 626 illius
3188 574 3511 640 spectaturi;

1945 666 2373 735 docuissentque
2426 677 2686 734 tanquam
2722 663 2915 733 spreti.
2948 661 3060 716 Etsi
3094 665 3237 716 enim
3276 663 3379 715 hoc
3431 664 3517 715 lt:-

1948 771 2069 810 tueu
2096 756 2336 817 crassius
2384 764 2437 810 et
2474 755 2786 809 concretius
2817 754 3237 815 demonstravit,
3275 754 3507 805 multum

1949 855 2128 900 tamen
2154 845 2484 900 desiderium
2515 861 2600 900 res
2645 844 2924 899 afferebat.
2954 842 3019 896 Et
3051 858 3241 897 rursos
3291 842 3344 896 in
3379 858 3509 896 ora-

1948 939 2094 992 tione
2144 936 2211 990 ad
2264 934 2611 991 Theodorum
2667 936 2905 1007 lapsum,
2966 935 3131 1001 Quid,
3176 934 3374 1004 inquTt,
3432 945 3517 989 est

1948 1029 2091 1097 quod
2119 1028 2456 1098 resplenduit
2482 1037 2740 1098 tanquam
2784 1029 2901 1082 sol?
2929 1027 3113 1083 Gloria
3178 1036 3356 1080 autem
3389 1041 3512 1080 cor—

1949 1133 2142 1188 porum
2180 1119 2570 1174 immortalium
2603 1135 2709 1173 non
2750 1127 2961 1173 tantum
3025 1117 3243 1173 luminis
3289 1116 3515 1180 emittit,

1954 1221 2218 1279 quantum
2255 1211 2357 1266 boc
2382 1225 2580 1279 corpus
2606 1209 2977 1273 interiturum,
3010 1209 3154 1279 quod
3187 1224 3362 1276 neque
3408 1207 3516 1260 tale

1949 1313 2086 1369 erat,
2151 1303 2313 1372 quale
2367 1302 2544 1358 oculis
2593 1302 2914 1357 mortalibus
2969 1301 3120 1356 cerni
3177 1309 3373 1369 potest,
3423 1300 3515 1354 sed

1949 1393 2092 1463 quod
2154 1402 2377 1461 aspectu
2437 1390 2724 1446 oculorum
2782 1390 3200 1453 immortalium.
3235 1401 3294 1443 ut
3350 1389 3516 1443 videri

1950 1492 2163 1555 posset,
2200 1499 2342 1553 opus
2368 1482 2625 1537 habebat.
2661 1482 2856 1538 Adhuc
2880 1482 3018 1536 idem
3071 1483 3128 1536 in
3164 1483 3352 1535 eadem
3388 1496 3518 1534 ora-

1953 1575 2137 1629 tione:
2175 1573 2278 1628 Sed
2321 1574 2368 1628 si
2405 1572 2675 1637 volumus,
2704 1573 2902 1641 inquit,
2958 1574 3261 1628 videbimus
3309 1582 3363 1626 et
3422 1587 3521 1625 nos

1949 1664 2267 1731 Christum,
2319 1672 2379 1719 ut
2427 1664 2500 1718 illi
2562 1676 2692 1718 tunc
2747 1663 2799 1718 in
2853 1672 3058 1728 monte,
3114 1664 3283 1718 multo
3337 1673 3515 1717 tamen

1878 1734 1920 1793 Β
1951 1755 2307 1826 splendidius.
2342 1770 2452 1810 non
2482 1757 2627 1810 enim
2656 1758 2736 1810 sic
2766 1765 2951 1825 postea
2981 1740 3182 1820 veniet;
3214 1765 3343 1811 tunc
3370 1757 3517 1809 enim

1950 1861 2183 1917 parcens
2235 1845 2542 1915 discipulis,
2622 1855 2835 1902 tantum
2894 1846 3196 1917 splendoris
3255 1848 3517 1910 ostendit.

1952 1949 2216 2010 quantum
2243 1939 2385 1996 terre
2422 1950 2739 2010 potuerunt,
2768 1948 2955 2011 postea
2996 1955 3124 1993 vero
3153 1940 3203 1993 in
3236 1940 3354 2007 ipsa
3400 1940 3520 2008 glo-

1952 2031 2033 2086 ria
2060 2029 2238 2087 Patris
2270 2031 2474 2087 veniet.
2517 2032 2589 2097 Et
2614 2031 2939 2087 Anastasius
2984 2031 3247 2097 Sinaites,
3301 2033 3357 2089 in
3388 2050 3520 2089 ora-

1953 2123 2102 2178 tione
2138 2122 2204 2178 de
2228 2122 2730 2195 Transtiguratione
2773 2141 2786 2178 :
2813 2123 2933 2191 ilic,
2955 2125 3155 2195 inquit,
3188 2127 3343 2195 signa
3366 2128 3515 2197 regni

1953 2214 2296 2282 pmligurata
2328 2224 2459 2270 sunt
2487 2232 2500 2269 :
2537 2216 2591 2270 in
2629 2218 2735 2271 hoc
2762 2227 2947 2273 monte
2970 2218 3225 2287 splendor
3247 2220 3521 2288 iustorum

1953 2305 2312 2383 adumbratos
2337 2316 2421 2362 est
2454 2322 2470 2360 :
2500 2307 2591 2361 hic
2621 2307 2927 2363 futurorum
2964 2309 3227 2364 bonorum
3262 2321 3517 2381 tanquam

1956 2398 2305 2465 praesentium
2373 2398 2553 2469 imago
2600 2414 2853 2470 expressa
2911 2410 3015 2456 est.
3073 2401 3190 2456 lmo
3218 2413 3269 2457 et
3304 2404 3525 2458 divinus

1955 2485 2278 2544 Theodorus
2297 2500 2660 2560 cognomento
2687 2492 2951 2563 γραπτῶν
2976 2492 3030 2547 in
3058 2496 3305 2549 oratione
3333 2506 3522 2549 contra
3552 2530 3555 2531 ν

1955 2581 2247 2636 Eusebium
2284 2598 2299 2635 :
2326 2582 2431 2636 Sed
2460 2591 2641 2639 tamen
2671 2594 2729 2638 ut
2760 2585 2961 2639 veritus
2986 2586 3165 2651 habet,
3216 2591 3295 2642 s'c
3343 2588 3409 2643 de
3454 2598 3519 2642 ea

1953 2674 2201 2729 dicamus
2235 2691 2249 2728 :
2282 2674 2579 2745 Postquam
2634 2674 2701 2730 de
2745 2677 3003 2747 periculis
3063 2675 3314 2733 Salvator
3360 2680 3528 2734 disci-

1956 2764 2100 2834 pulis
2132 2766 2403 2835 exposuit,
2438 2765 2729 2836 inquiens:
2764 2766 2867 2832 Qui
2900 2766 3009 2821 vult
3051 2770 3224 2822 venire
3249 2782 3364 2839 post
3419 2786 3524 2836 me,

1956 2857 2169 2925 abneget
2196 2856 2627 2921 semetipsum,et
2658 2857 2814 2912 tollat
2844 2875 3048 2913 crucem
3075 2876 3224 2913 suam
3258 2869 3307 2914 et
3337 2877 3530 2930 sequa-

1958 2956 2045 3001 tur
2063 2964 2143 3002 me
2183 2947 2248 3011 “,
2284 2959 2339 3002 et
2370 2950 2478 3002 alia
2512 2949 2867 3019 huiusmodi:
2902 2962 3056 3007 erant
3103 2961 3283 3007 autem
3319 2953 3527 3023 alioqui

271 3042 419 3096 illud
446 3040 617 3095 stellae
644 3056 766 3111 qua
793 3041 1067 3097 llethleem
1095 3044 1359 3107 cucurrit,
1391 3051 1450 3096 ut
1479 3042 1660 3113 Magos
1680 3044 1852 3100 dedu-
1883 3073 1927 3133 ε
1960 3040 2279 3110 gravissima
2311 3048 2364 3094 et
2393 3040 2637 3095 difﬁcilia
2700 3042 2766 3095 ad
2808 3042 3149 3111 tolerandum
3203 3060 3326 3114 quae
3370 3047 3528 3115 jube-

275 3143 463 3197 εει-οι.
502 3142 560 3187 et
590 3133 772 3188 lumen
801 3149 969 3204 supra
1003 3139 1103 3191 nos
1128 3135 1407 3189 uobiscum
1446 3144 1625 3189 ortum
1652 3137 1858 3192 satelli-

273 3228 351 3281 tio
388 3225 648 3295 stiparct.
700 3223 907 3280 Lumen
958 3223 1143 3289 etiam,
1197 3224 1457 3280 divinitas
1504 3214 1601 3280 illa
1638 3237 1857 3281 ostensa

275 3317 460 3373 ferme
488 3316 740 3383 solidior,
760 3330 923 3385 quam
939 3325 1002 3369 ut
1023 3324 1273 3384 aspectus
1293 3315 1433 3370 ferre
1450 3326 1651 3384 posset;
1675 3317 1857 3371 lumen

278 3421 517 3476 quoque
549 3405 806 3476 splendor
830 3405 975 3460 illinc
1007 3406 1074 3460 ad
1098 3420 1193 3461 eos
1226 3407 1318 3476 qui
1353 3407 1441 3462 hic
1466 3406 1677 3477 purgati
1709 3415 1857 3474 sunt,

278 3508 645 3562 manaturtts,
696 3511 822 3552 cum
858 3496 1138 3567 fulgebunt
1194 3497 1326 3567 justi
1372 3497 1514 3553 sicut
1566 3498 1670 3563 sol,
1721 3498 1860 3553 inter

276 3607 427 3661 quos
456 3598 572 3643 stat
596 3587 738 3643 Deus
764 3590 820 3643 in
851 3589 1030 3643 medio
1059 3588 1285 3643 deorum
1313 3598 1368 3643 et
1396 3605 1603 3659 regum,
1648 3589 1862 3645 discer-

285 3697 431 3736 nens
463 3690 521 3735 et
574 3679 916 3749 distinguens
967 3680 1256 3749 dignitates
1301 3679 1656 3736 beatitudinis
1713 3681 1861 3736 illinc

282 3773 717 3843 proﬁciscentis.
745 3772 948 3827 Praeter
974 3772 1076 3827 ista
1105 3770 1311 3827 lumina
1333 3772 1510 3827 lumen
1534 3783 1614 3827 εει
1642 3774 1862 3843 proprio

277 3865 534 3934 quodam
557 3865 718 3918 modo
736 3862 1069 3918 illuminatio
1089 3863 1452 3933 baptismatis,
1479 3863 1546 3918 de
1574 3879 1683 3935 quo
1711 3880 1857 3921 nunc

278 3957 450 4011 nobis
482 3968 666 4009 sermo
693 3964 793 4017 est.
822 3954 970 4024 quod
999 3969 1254 4023 maguum
1287 3961 1342 4010 et
1371 3954 1687 4009 admirabile
1711 3955 1857 4010 salu-

277 4049 350 4100 tis
386 4056 600 4101 nostrae
655 4046 973 4117 mysterium
1004 4046 1269 4101 continet.
1309 4045 1384 4100 Ex
1420 4047 1623 4117 quibus
1669 4047 1860 4118 liquet,

281 4141 429 4205 quod
501 4136 651 4191 Deus
681 4154 710 4189 a
761 4136 1126 4191 nobilioribus
1175 4136 1422 4192 materiis
1456 4138 1635 4192 lumen
1692 4148 1746 4192 ct
1782 4139 1864 4192 sol

282 4229 643 4290 nominatur,
678 4242 709 4281 a
744 4227 1137 4292 mediocribus,
1198 4227 1358 4296 ignis;
1417 4229 1547 4297 quin
1583 4230 1744 4283 etiam
1795 4229 1864 4283 ab

286 4316 497 4371 inlimis
528 4318 725 4386 accipit
757 4333 978 4385 nomen;
1010 4318 1170 4375 simul
1223 4321 1383 4373 etiam
1433 4321 1862 4374 demonstratum

1961 3132 2181 3196 bantur;
2217 3146 2283 3186 ne
2318 3131 2637 3187 dilﬁcultate
2669 3148 2857 3188 eorum
2887 3150 3010 3203 qius
3055 3135 3396 3201 dicebantur,
3433 3136 3531 3190 de-

1961 3224 2341 3296 fatigarentur,
2380 3235 2795 3280 rccreateorum
2823 3239 3053 3293 mentes,
3082 3238 3136 3281 et
3180 3228 3527 3297 splendorem

1958 3334 2147 3374 eorum
2178 3334 2299 3388 qure
2345 3321 2823 3387 essm-elabuntur,
2882 3330 2935 3374 et
2989 3320 3168 3375 futura
3204 3331 3380 3384 erant.
3424 3324 3531 3379 sub

1960 3422 2239 3479 aspectum
2270 3410 2424 3464 valde
2450 3419 2752 3479 opportune
2774 3412 2945 3479 ponit;
2981 3412 3333 3481 quamobrem
3358 3430 3534 3484 quan-

1962 3509 2077 3553 ttnn
2105 3500 2403 3566 spectaculi
2455 3500 2618 3568 hujus
2646 3500 2859 3570 mystici
2893 3512 3229 3570 spectatores
3259 3507 3532 3561 sustinere

1961 3594 2232 3655 poterant,
2255 3588 2483 3657 gloriam
2518 3586 2661 3641 illam
2682 3590 3039 3650 demonstrat,
3065 3605 3189 3643 cum
3216 3606 3321 3659 qua
3351 3593 3400 3646 in
3427 3596 3549 3657 line

1962 3678 2283 3733 smculorum
2323 3688 2587 3734 venturus
2642 3688 2746 3747 est;
2782 3678 3087 3735 secundum
3128 3698 3291 3750 quam
3326 3694 3380 3738 et
3426 3685 3531 3753 ipsi

1964 3769 2130 3824 simul
2160 3769 2567 3840 splendesccnt,
2603 3770 2743 3826 hanc
2764 3760 2993 3827 suorum
3024 3775 3390 3831 certaminum
3441 3794 3529 3831 rr-

1964 3863 2399 3917 munerationem
2427 3863 2611 3927 laturi,
2639 3880 2749 3934 quo
2780 3867 2955 3936 magis
2987 3867 3041 3922 in
3078 3869 3343 3936 periculis
3362 3874 3528 3941 positi

1962 3952 2241 4009 confidant
2268 3955 2595 4023 contemptis
2620 3957 2997 4026 praesentibus,
3019 3960 3163 4013 nulla
3187 3962 3394 4016 ratione
3406 3978 3530 4017 cmn

1968 4043 2036 4099 iis
2082 4060 2204 4115 quae
2273 4054 2608 4113 spectantur,
2672 4046 2773 4102 ista
2828 4061 3234 4117 comparantes.
3284 4052 3536 4121 judican-

1963 4144 2046 4191 tcs
2094 4151 2203 4191 non
2234 4152 2354 4191 esse
2387 4138 2576 4206 dignas
2598 4140 2868 4207 passiones
2902 4140 3062 4211 hujus
3089 4145 3336 4213 temporis
3354 4146 3424 4200 ad
3454 4147 3539 4217 fu-

1966 4234 2138 4277 turam
2176 4226 2422 4295 gloriam,
2450 4244 2565 4298 quae
2607 4229 2924 4282 revelabitur
2970 4233 3022 4285 in
3064 4235 3208 4287 nobis
3263 4236 3328 4289 ⁸⁸.
3368 4239 3535 4307 Atqui

1968 4333 2075 4371 non
2107 4335 2322 4388 semper
2346 4321 2459 4373 haec
2495 4322 2787 4386 durarunt;
2836 4324 2930 4375 sed
2966 4324 3052 4378 hic
3086 4327 3150 4377 ad
3181 4336 3393 4397 tempus
3433 4347 3537 4399 gu-

283 4421 361 4461 est
390 4409 775 4479 rmdtipliciter
831 4411 938 4465 dici
996 4412 1179 4465 lumen
1230 4412 1531 4466 secundum
1577 4413 1857 4481 multiplex
1897 4407 1938 4461 D
1970 4410 2220 4473 bernata,
2249 4420 2394 4476 gesta
2424 4420 2573 4477 sunt;
2606 4414 2799 4466 modus
2820 4415 2961 4466 enim
2989 4416 3401 4485 gubernationis
3429 4433 3537 4477 est.

280 4517 521 4565 nomen,
550 4512 605 4555 et
634 4517 726 4571 per
744 4518 959 4556 omnem
994 4504 1351 4572 symbolicam
1385 4504 1709 4571 theologiam
1742 4516 1862 4558 ten-

274 4596 437 4654 dere;
474 4597 587 4649 huc
621 4596 855 4648 accessit
879 4595 1009 4648 illud
1043 4595 1109 4649 de
1139 4594 1275 4652 facie
1309 4594 1519 4649 Domini
1548 4610 1667 4660 quae
1698 4596 1748 4648 in
1785 4596 1865 4649 di-

272 4686 406 4736 \‘inn
453 4684 946 4752 transliguratioue
983 4683 1317 4753 resplenduit
1350 4685 1493 4738 sicut
1518 4684 1619 4749 sol,
1649 4686 1739 4753 qui
1780 4695 1866 4741 est

269 4778 555 4831 omnibus
583 4792 702 4843 quae
722 4791 884 4831 sensu
912 4776 1310 4845 percipiuntur.
1333 4777 1590 4831 nobilior.
1622 4777 1869 4847 Respteu-

272 4869 399 4920 dm‘t
434 4868 610 4931 enim,
644 4870 845 4940 inquit.
903 4869 1069 4937 {acies
1116 4869 1232 4937 ejus
1280 4869 1414 4921 sicut
1467 4868 1567 4934 sol,
1612 4879 1660 4924 et
1713 4872 1866 4923 vesti-

272 4974 470 5015 menta
504 4963 650 5026 facta
666 4961 919 5014 suntutba
945 4963 1077 5015 sicut
1108 4961 1279 5014 lutnen
1306 4961 1372 5015 ⁸³.

921 5051 1150 5107 CAPUT
1182 5052 1268 5105 ιν.

274 5145 455 5212 Quod
508 5144 669 5212 facies
735 5144 945 5196 Domina
988 5143 1178 5202 nostri,
1223 5158 1339 5211 quae
1396 5151 1645 5211 tanquam
1696 5142 1776 5194 sol
1811 5143 1863 5195 in

350 5214 705 5267 dieiuiuima
734 5215 1198 5281 transfiguratione
1222 5214 1562 5280 resplenduit,
1608 5223 1656 5265 et
1688 5212 1865 5280 splen-

348 5287 466 5338 dor
526 5284 761 5350 ejusdem
808 5285 1043 5335 decorem
1088 5285 1319 5348 carparis
1370 5294 1482 5349 post
1526 5286 1867 5336 resurrectio-

347 5372 486 5408 nem
525 5356 832 5420 glori/irati,
875 5364 921 5405 et
970 5354 1209 5419 futurum
1266 5353 1379 5419 ejus
1408 5352 1664 5422 fulgorem
1709 5369 1867 5403 utun-

352 5433 539 5476 ratem
567 5424 838 5490 figuravit,
869 5437 914 5475 et
979 5424 1175 5474 idcirco
1199 5422 1252 5475 in
1289 5432 1552 5489 aspectum
1591 5422 1865 5475 oculorum

344 5495 576 5546 cecidit.

347 5586 600 5641 Divinos
620 5583 1065 5655 Cbrysostomus,
1086 5585 1309 5639 homtlia
1335 5584 1423 5648 56,
1447 5583 1498 5638 iu
1515 5586 1827 5642 Matthmum
1851 5607 1865 5644 :

1972 4503 2209 4557 Sanctus
2243 4504 2477 4573 Cyrilltls
2533 4506 2935 4563 Alexandrinus
2967 4510 3019 4562 in
3057 4512 3543 4579 explanationibus

1973 4597 2025 4650 in
2072 4596 2273 4650 Lucam
2303 4616 2309 4642 :
2346 4596 2567 4651 Factam
2599 4614 2718 4653 esse
2744 4600 2979 4657 dicimus
3007 4608 3540 4674 translignrationetn

1975 4703 2080 4740 non
2108 4688 2187 4743 sic
2215 4687 2458 4753 quidem,
2490 4692 2559 4742 'ut
2591 4706 2793 4758 corpus
2826 4692 3121 4746 humanum
3151 4697 3373 4764 ligurem
3402 4703 3547 4751 arui-

1973 4777 2128 4843 Serit,
2163 4778 2256 4831 sed
2281 4771 2575 4846 splendore
2629 4783 2866 4848 quodam
2895 4782 3145 4838 indutum
3186 4788 3372 4844 fuerit.
3404 4791 3545 4857 Quin

1971 4866 2118 4919 enim
2150 4866 2470 4930 audiebant,
2508 4877 2763 4935 oportere
2795 4886 3015 4925 carnem
3052 4883 3293 4929 nostram
3356 4895 3544 4933 rt-sur-

1973 4973 2123 5029 gere,
2166 4973 2275 5027 quo
2309 4973 2437 5013 vero
2480 4958 2665 5013 Itabittt
2692 4970 2746 5014 et
2777 4962 2974 5025 forma,
3002 4964 3266 5020 incertum
3300 4980 3436 5028 erat.
3490 4985 3547 5025 rt

1975 5048 2131 5103 duret
2159 5049 2476 5103 mutationis
2526 5051 2809 5115 indicium,
2842 5068 3060 5108 carnem
3096 5072 3249 5111 suam
3286 5062 3543 5124 mutarit,

1981 5148 2039 5193 ut
2065 5154 2187 5207 spes
2213 5149 2428 5194 nostras
2442 5143 2811 5200 conﬁrmaret.
2838 5141 2990 5199 Nunc
3004 5148 3146 5201 enim
3174 5148 3275 5204 hoc
3296 5162 3538 5206 nostrum

1975 5244 2174 5299 corpus
2205 5248 2332 5286 caro
2367 5234 2511 5287 nuda
2556 5243 2658 5298 est;
2692 5242 2934 5304 tempore
2965 5249 3143 5293 autem
3181 5246 3543 5298 resurrectio-

1976 5321 2061 5372 nis
2090 5322 2394 5375 immutatio
2417 5324 2665 5388 quzedam
2700 5324 2865 5377 Deum
2893 5325 3115 5393 decens,
3144 5331 3542 5397 etsplendoris.

1977 5425 2083 5463 non
2115 5409 2297 5479 ﬁgurae
2334 5414 2563 5467 mutatio
2582 5415 2683 5468 erit
2713 5430 2727 5467 :
2762 5414 3119 5482 Splendebunt
3146 5420 3306 5485 enim,
3346 5424 3551 5489 inquit,

1969 5501 2107 5570 justi
2139 5502 2276 5554 sicut
2315 5503 2396 5555 sol
2428 5505 2481 5556 in
2514 5522 2669 5575 regno
2708 5509 2959 5563 calorum
3016 5509 3080 5564 “.
3147 5511 3301 5576 Quod
3361 5525 3545 5570 autent

1977 5593 2073 5657 ενι.
2098 5590 2165 5645 nd
2191 5608 2232 5644 ιι·
2257 5593 2349 5661 qui
2382 5595 2636 5648 conrenit
2664 5596 2859 5651 divina:
2903 5598 3242 5665 substantiae,
3270 5601 3552 5661 universa

347 5726 406 5760 ⁸³
430 5723 635 5781 “sub.
664 5740 792 5793 xvn,
824 5724 878 5782 ἓ.
956 5729 1001 5762 ⁸⁸
1029 5726 1217 5782 Matth.
1260 5744 1367 5791 \vt,
1394 5728 1483 5782 ξι.
1563 5726 1608 5757 ⁸⁸
1638 5726 1798 5784 liom.
1828 5745 1853 5782 ν

2000 5730 2085 5786 18.
2164 5734 2208 5763 ⁸⁸
2266 5733 2456 5791 Matth.
2499 5737 2725 5803 νικῶ.

3234 5854 3367 5874 -..φιβ’
