3980 6208
400 318 407 324 ’
489 326 594 391 Βᾶἴ

1641 335 1969 398 ΙΟΑΝἪΞ
2004 332 2572 397 CYPARISSIOTJE

3630 335 3733 399 ΒΗ

491 451 703 497 natura:
736 451 936 497 creatae
988 441 1394 512 inaspectabilis
1436 453 1539 509 est,
1577 458 1898 515 argumento
1935 456 2057 501 sunt
2092 453 2131 507 Α
2166 447 2349 517 gloriae
2388 448 2537 517 regni
2576 448 2975 516 inaspectabilis
3010 448 3248 504 ostendit
3280 489 3294 514 ,
3347 466 3455 504 non
3498 459 3650 505 tan'a
3716 475 3731 499 ι

486 535 766 603 discipuli,
795 535 885 603 qui
913 550 977 587 ne
1004 536 1149 587 illam
1183 537 1400 604 quidem
1440 537 1704 592 visionem
1736 554 2051 607 corpoream

485 626 541 679 in
574 636 750 678 monte
806 626 1120 693 productam
1158 628 1429 682 sustinere
1463 639 1782 698 potuerunt.
1811 630 1889 682 Ad
1932 632 2045 694 haec

486 715 722 785 Cyrillus
777 716 1305 787 Hierosolymitanns
1357 720 1410 772 in
1469 722 1680 773 decima
1735 722 2052 774 catechesi:

487 806 933 876 Quandoquidem
960 824 1119 862 nemo
1161 808 1254 864 Dei
1313 810 1514 887 1αοίοω
1536 813 1720 867 videre
1777 822 1829 865 ct
1872 814 2063 866 virere'

482 901 743 971 pmuerit,
781 902 1076 970 assumpsit
1104 903 1294 956 faciem
1328 886 1709 966 humanitatis,
1750 912 1807 956 ut
1831 918 1949 956 eam
1977 905 2057 957 vi-

493 993 685 1045 dentes
712 993 959 1047 vivamus
1002 1009 1017 1047 :
1049 1005 1242 1046 etcum
1276 996 1444 1046 voluit
1470 1009 1589 1048 eam
1618 994 1903 1048 ostendi-re
1928 1011 2055 1049 cum

489 1083 697 1137 modica
723 1082 1003 1153 dignitate,
1030 1086 1249 1154 quando
1277 1085 1442 1138 facies
1466 1086 1585 1154 ejus
1607 1085 1881 1153 splenduit
1914 1088 2055 1138 sicut

485 1177 590 1234 sol,
627 1185 755 1229 tunc
788 1176 1040 1243 discipuli
1102 1177 1272 1228 territi
1337 1178 1560 1230 cadunt.
1605 1176 1757 1241 Quod
1801 1178 1845 1230 si
1888 1177 2055 1231 facies

486 1264 629 1317 facta
684 1266 964 1332 Splendida
1030 1281 1137 1319 non
1187 1278 1447 1335 quantum
1511 1275 1719 1335 poterat
1767 1265 1946 1321 facere
1996 1275 2053 1320 ut

427 1361 430 1383 τ
487 1357 815 1427 splenderet,
865 1359 955 1426 qui
1008 1358 1352 1425 splendorem
1410 1357 1463 1409 in
1511 1373 1571 1410 ea
1613 1368 1913 1420 creaverat,
1956 1358 2051 1412 sed

486 1460 754 1516 quantum
809 1451 1061 1520 discipuli
1106 1449 1246 1505 ferre
1276 1462 1550 1519 poterant,
1603 1468 1697 1506 eos
1738 1454 1950 1517 terruit,
2000 1463 2054 1507 et

484 1541 594 1607 pati
621 1556 726 1593 non
764 1552 1077 1610 petiuerunt,
1106 1544 1379 1611 quomodo
1405 1543 1456 1595 in
1485 1544 1784 1598 divinitatis
1817 1544 2052 1613 dignita-

487 1641 591 1683 tem
616 1633 815 1689 intueri
841 1638 965 1705 quis
988 1636 1293 1705 potuisset?
1342 1634 1397 1689 in
1432 1650 1637 1688 ratione
1667 1646 1842 1689 autem
1879 1637 2054 1705 primo

489 1738 613 1783 ante
635 1722 835 1781 lestum
866 1726 918 1778 in
948 1726 1158 1779 cantico
1178 1726 1412 1794 septimo
1435 1726 1610 1779 siet-st
1636 1742 1649 1779 :
1680 1727 1778 1791 Qui
1801 1736 2049 1780 naturam
2092 1784 2103 1794 Α

485 1818 777 1871 humanam
805 1817 1135 1872 sordidatam
1160 1832 1299 1885 aqua
1326 1826 1375 1869 et
1405 1818 1510 1885 igni
1529 1818 1853 1885 rcpurgasti,
1876 1818 2055 1885 splen-

484 1912 669 1963 dorem
705 1909 868 1977 hujus
902 1917 1108 1961 naturae
1134 1908 1187 1961 in
1214 1922 1376 1961 carne
1405 1917 1495 1959 tua
1544 1908 1813 1972 osendis,
1859 1905 2052 1960 Salva-

486 2001 587 2055 tor.
621 1997 774 2066 enjns
822 1994 988 2049 {aries
1042 1995 1378 2064 splendidior
1427 1995 1539 2050 sole
1586 1997 1650 2070 ad
1714 1997 2051 2065 ﬁgurandam

478 2087 722 2142 futuram
747 2088 975 2155 gloriam
1010 2087 1150 2142 facta
1178 2095 1280 2143 est.
1326 2087 1682 2142 Enarratores
1738 2088 2052 2157 Evangelim

487 2198 607 2235 rttm
650 2196 747 2251 per
795 2180 1177 2235 adnotationcs
1234 2180 1313 2235 sic
1363 2180 1561 2233 aiunt:
1618 2179 2053 2249 Transtignratio

485 2283 667 2326 autem
695 2279 911 2325 ostensa
940 2270 1224 2338 discipulis
1246 2270 1302 2324 in
1336 2280 1537 2334 monte,
1586 2272 1892 2340 exemplum
1941 2271 2055 2340 glo-

483 2367 579 2418 ria:
597 2364 793 2417 futura:
818 2362 1121 2417 Salva’toris
1138 2362 1418 2431 prodebat;
1445 2377 1703 2432 eorporee
1725 2378 1850 2416 vero
1866 2373 2051 2416 osten-

486 2455 739 2518 debatur,
775 2463 830 2507 ut
852 2453 1026 2507 oculis
1058 2453 1385 2507 mortalibus
1439 2454 1504 2507 ad
1534 2454 1884 2523 spectandum
1919 2454 2050 2508 sub-

478 2546 763 2616 jiccrctur,
791 2544 1007 2598 tametsi
1034 2544 1262 2597 nimium
1289 2544 1656 2612 splendorem,
1702 2556 1749 2599 et
1783 2545 1852 2598 ita
1899 2561 2049 2600 sum-

473 2652 657 2701 .mum,
678 2649 731 2691 et
760 2636 933 2688 oculis
959 2635 1158 2689 nostris
1187 2635 1485 2702 imparem,
1519 2637 1791 2690 sustinere
1826 2655 1930 2691 non
1957 2653 2052 2706 po-

464 2735 727 2780 ttuerunt.
771 2725 834 2779 Et
894 2726 1141 2779 iterum:
1193 2724 1751 2794 Transﬁgurationcm
1812 2727 2050 2795 intellige

460 2834 591 2874 anon
621 2819 805 2887 ﬁgura:
837 2819 1265 2872 immutationem
1324 2817 1513 2885 fuisse,
1567 2822 1657 2874 sed
1713 2821 1892 2889 potius
1938 2838 2053 2874 ma-

466 2920 650 2965 »nente
699 2910 1118 2981 ligttra,.qualis
1145 2912 1295 2980 prius
1349 2923 1487 2978 erat,
1542 2916 1781 2967 accessio
1825 2915 2049 2971 luminis

483 3004 628 3059 facta
651 3011 754 3058 est.
783 3002 847 3055 Et
886 3019 1073 3059 rursus
1110 3021 1123 3055 :
1154 3003 1505 3073 Splendorem
1538 3004 1721 3060 vultus
1757 3006 1932 3061 instar
1958 3022 2050 3061 so-

476 3099 573 3163 lis,
606 3108 659 3151 et
687 3102 982 3173 candorem
1024 3097 1478 3151 vestimentorum
1512 3107 1665 3152 vocat
1698 3098 2051 3167 transﬁgura-

483 3191 709 3254 tionem,
747 3206 867 3261 qua:
899 3204 1006 3245 non
1048 3200 1128 3245 est
1171 3190 1533 3246 existimanda
1572 3191 2047 3263 ﬁguraz,titutatio,

480 3282 576 3340 sed
600 3284 820 3337 luminis
873 3283 1297 3353 splendidissimi
1324 3284 1589 3350 accessio,
1645 3295 1697 3339 et
1744 3284 1884 3339 hanc
1929 3302 2050 3340 esse

478 3375 927 3431 immutationem
952 3390 1113 3445 quam
1138 3374 1342 3430 Paulus
1371 3376 1505 3430 dicit
1562 3377 1631 3442 ⁵⁷,
1688 3376 2049 3446 Ενθιιευιίδιίε

478 3477 660 3522 autem
712 3467 1234 3537 transﬁgurationem
1303 3467 1675 3545 nominarunt.
1732 3468 1798 3522 Et
1843 3469 1977 3522 alias
2031 3484 2045 3498 '

478 3558 598 3615 Non
628 3561 865 3613 humana
900 3560 1065 3628 ligura
1119 3560 1366 3629 corporis
1415 3559 1683 3628 deposita,
1727 3562 1823 3614 sed
1878 3560 2046 3629 gloria

480 3649 719 3721 quadam
767 3650 1075 3719 splendoris
1111 3665 1337 3719 corpore
1401 3644 1612 3704 induto.
1668 3648 1731 3703 Et
1786 3650 1981 3704 iterum
2032 3666 2046 3705 :

479 3741 937 3812 Transﬂgutatio,
967 3757 1088 3808 quae
1119 3741 1340 3807 dicitur,
1375 3743 1673 3796 secundum
1703 3742 2046 3813 splendorem

478 3846 616 3900 erat,
649 3852 755 3904 qtto
783 3835 947 3889 facies
977 3836 1094 3905 ejus
1122 3836 1262 3888 sicut
1305 3834 1384 3887 sol
1421 3836 1713 3904 splenduit,
1739 3844 1787 3888 et
1835 3838 2045 3888 vestims

484 3929 598 3997 ejus
633 3930 809 3997 factus
841 3938 916 3982 est
950 3927 1101 3980 albus
1128 3937 1176 3979 et
1201 3926 1488 3996 refulgens,
1515 3927 1589 3979 ait
1613 3926 1787 3981 Lucas
1815 3926 1876 3977 ⁸⁸.
1914 3926 2048 3980 Mat-

476 4022 653 4073 thaeus
686 4032 815 4071 vero
846 4018 921 4070 ait
948 4036 960 4071 :
1007 4015 1176 4069 Facta
1208 4026 1329 4069 sunt
1397 4018 1707 4071 vestimenta
1736 4017 1859 4070 alba
1909 4020 2044 4070 sicut

478 4112 659 4163 lumen
687 4126 705 4173 ;
734 4126 835 4161 non
864 4108 1010 4162 enim
1038 4108 1399 4176 exspectanda
1425 4109 1831 4164 estimmntatio
1859 4108 2046 4178 ﬁgura:

480 4203 533 4255 in
567 4214 731 4269 regno
761 4214 855 4254 nec
886 4202 1057 4268 ipsius
1084 4198 1414 4263 Salvaturis,
1472 4215 1572 4254 nec
1618 4214 1805 4253 corum
1836 4201 1928 4270 qui
1971 4201 2045 4256 si-

481 4287 637 4342 miles
660 4288 709 4341 ei
731 4299 911 4350 erunt,
953 4287 1048 4341 sed
1086 4288 1332 4343 accessio
1365 4288 1589 4343 luminis
1634 4288 2039 4360 lulgentissirui.

477 4380 705 4434 bivintts
734 4396 862 4434 vero
909 4379 1138 4434 Cosmas
1161 4380 1480 4435 incumbens
1512 4383 1580 4435 ad
1613 4381 2038 4451 explanandum,

473 4473 600 4540 quis
630 4481 766 4525 (sset
803 4472 894 4525 ille
926 4471 1076 4525 color
1102 4472 1440 4541 Splendidus,
1497 4481 1551 4527 et
1602 4472 1871 4542 appositio
1896 4472 2044 4527 illius
2079 4482 2120 4537 D

474 4563 910 4637 splendidissima
938 4579 950 4615 :
974 4560 1250 4629 Videntcs,
1276 4562 1475 4632 inquit,
1496 4564 1743 4634 discipuli
1761 4565 2039 4621 Christum

398 4644 399 4647 “
475 4656 727 4709 indutum
764 4657 905 4708 nube
956 4655 1043 4708 illa
1073 4655 1251 4709 lucida
1290 4656 1343 4709 in
1378 4654 1619 4721 Thabor,
1648 4660 1801 4726 proni
1845 4667 1899 4711 et
1955 4658 2040 4710 in-

474 4750 661 4802 clinati
698 4748 749 4800 in
787 4758 1007 4812 terram,
1035 4748 1325 4802 illuminati
1383 4759 1563 4803 mente
1592 4750 1738 4804 hunc
1780 4766 1900 4805 cum
1938 4750 2040 4804 Pa-

474 4854 554 4893 tre
592 4847 645 4893 et
677 4837 879 4908 Spiritu
916 4846 1103 4891 sancto
1150 4838 1462 4893 laudabant.
1487 4836 1723 4893 Joannes
1752 4838 2039 4893 Damasce-

471 4947 573 4986 ntts
620 4930 989 4985 divinissimus
1012 4947 1024 4984 :
1049 4930 1149 4994 Qui
1183 4929 1334 4993 olim,
1363 4930 1557 5000 inquit,
1588 4934 1640 4984 in
1675 4930 1815 4983 nube
1853 4930 2037 4983 forma:

470 5024 663 5091 ignem.
701 5024 753 5076 in
786 5022 1076 5077 soliutdine
1108 5022 1361 5091 populum
1393 5022 1558 5077 Israel
1594 5023 1838 5090 deduxit,
1882 5024 2069 5101 hodie

472 5117 526 5167 in
563 5114 781 5168 Thabor
808 5114 1168 5183 inexpliCnbili
1209 5113 1367 5168 modo
1409 5116 1459 5168 in
1500 5115 1701 5169 lumine
1744 5117 2036 5183 Splenduil.

469 5203 680 5259 Rursus
702 5205 791 5258 ille
825 5206 1005 5274 lingua
1042 5221 1237 5259 aureus
1262 5206 1313 5259 in
1344 5208 1588 5260 oratione
1609 5207 1672 5259 ad
1694 5206 2034 5261 Theodorum

470 5296 676 5364 lapsum
706 5316 719 5349 :
752 5295 923 5360 Tunc,
950 5299 1143 5365 inquit,
1168 5306 1371 5349 tantum
1396 5299 1446 5349 in
1476 5307 1658 5351 monte
1681 5300 1812 5367 ipsis
1837 5301 2039 5355 detexit

470 5398 735 5457 quantum
770 5390 837 5443 ab
876 5391 952 5445 eis
998 5392 1162 5444 viieri
1190 5402 1417 5459 p-‘iterat,
1463 5400 1519 5445 ut
1558 5393 1802 5460 aspectui
1847 5393 2031 5446 viden—

470 5482 604 5534 tium
644 5499 749 5535 non
783 5495 1019 5536 noceret.
1061 5483 1121 5535 Et
1159 5484 1210 5536 in
1261 5486 1507 5537 oratione
1557 5484 1608 5535 itt
1651 5482 2031 5563 Translig’nra-

466 5571 668 5623 tionem
706 5587 717 5622 :
753 5570 866 5637 llic,
901 5574 1094 5639 inquit,
1127 5575 1379 5628 lituuinus
1410 5577 1659 5628 Christus
1689 5574 2031 5641 splenderent

545 5747 627 5799 ⁸⁷1
668 5748 790 5804 Cor.
828 5764 915 5815 xv,
958 5750 1043 5805 51.
1127 5753 1170 5783 Η
1203 5752 1334 5811 Luc.
1372 5773 1445 5823 tx,
1478 5755 1565 5810 29.

1648 5753 1693 5785 ⁶⁹
1745 5752 1915 5810 Exod.
1946 5770 2135 5821 XVXSH.

2158 547 2359 607 quanta
2388 549 2527 603 erat,
2565 540 2659 593 sed
2705 550 2961 608 quantam
2992 540 3132 593 ferre
3153 550 3445 611 potuerunt
3475 543 3568 611 qui
3600 559 3731 597 oeu-

2158 630 2240 683 los
2280 646 2574 701 t:orporeos
2608 632 2907 699 gestabant.
2940 630 3002 684 Et
3042 633 3230 687 beatus
3260 633 3493 688 Basilius
3522 636 3581 687 in
3612 650 3731 687 XLIV

2161 717 2361 774 Psaltni
2388 722 2803 791 explanatione:
2834 722 3117 789 Viderunt,
3142 725 3337 793 inquit,
3369 725 3733 793 pulchritudi-

2158 805 2277 865 nem
2335 812 2459 881 ejus
2531 813 2717 867 Petrus
2757 824 2811 867 et
2860 815 2954 867 lilii
3006 816 3252 882 tonitrui,
3287 817 3573 886 splendore
3604 818 3735 874 Solis

2156 903 2605 971 splendidiorem,
2630 915 2682 957 et
2708 904 2855 973 digni
2886 906 3050 959 habiti
3076 917 3201 960 sunt
3228 909 3318 977 qui
3347 909 3499 962 initia
3530 911 3736 978 glorio-

2156 980 2199 1045 Si
2225 992 2488 1049 adventus
2514 996 2633 1065 ejus
2658 996 2828 1050 oculis
2851 1008 3152 1052 cernerent.
3200 999 3263 1053 Et
3288 1001 3476 1055 beatus
3501 1000 3732 1068 Ephrem

2156 1088 2209 1135 in
2238 1087 2483 1137 oratione
2512 1100 2609 1139 sua
2649 1085 2702 1139 in
2735 1085 3286 1157 Transligurationem
3321 1108 3334 1145 :
3363 1090 3503 1157 Non,
3537 1093 3730 1161 inquit,

2155 1175 2322 1225 totam
2360 1174 2616 1245 abyssum
2672 1176 2979 1245 Splendoris
3033 1182 3118 1236 sui
3165 1184 3581 1251 demonstravit,
3636 1188 3729 1240 sed

2155 1274 2417 1330 quantum
2475 1281 2728 1320 mensura
2798 1270 3127 1338 pupillarum
3178 1289 3373 1343 capere
3419 1268 3614 1345 potuit.
3671 1276 3731 1330 Et

2156 1347 2392 1407 Joannes
2436 1354 2801 1410 Damascenns
2852 1361 3136 1418 celebrans
3192 1366 3293 1418 hoc
3330 1365 3527 1419 festum
3568 1384 3583 1419 :
3626 1366 3730 1419 Sed

2154 1444 2306 1512 (illia,
2342 1446 2538 1513 inquit,
2572 1448 2824 1508 Christus
2871 1453 3071 1525 Moysis
3094 1471 3307 1524 quoque
3361 1455 3554 1511 faciem
3606 1459 3729 1509 olim

2155 1535 2441 1603 splendore
2493 1541 2833 1597 extrinsecus
2858 1544 3063 1610 affecit,
3101 1546 3255 1598 latuit
3287 1561 3429 1600 nunc
3456 1548 3727 1601 diabolum

2156 1640 2249 1693 per
2278 1626 2618 1696 Splendorem
2648 1633 2737 1701 qui
2787 1634 2874 1689 hic
2900 1636 3150 1704 apparuit
3187 1628 3372 1690 senSui
3421 1639 3730 1691 oculormn.

2160 1715 2232 1768 Ex
2259 1721 2456 1786 quibus
2492 1719 2552 1774 ﬁt
2582 1722 2953 1791 manifestum,
2980 1728 3123 1796 quod
3151 1727 3316 1783 facies
3345 1729 3583 1795 Domini,
3615 1747 3731 1799 qn;e

2161 1809 2302 1862 sicut
2351 1811 2431 1863 sol
2468 1813 2762 1880 splenduit,
2811 1817 2938 1884 quia
2971 1819 3073 1873 sub
3128 1833 3405 1888 aspectum
3446 1824 3728 1874 oculorum

2161 1901 2408 1967 corporis
2445 1903 2689 1970 radebat,
2742 1914 2794 1960 et
2845 1910 3149 1978 exemplum
3180 1926 3502 1978 corporeum
3536 1892 3751 1968 futuris

2160 1988 2345 2059 gloria:
2377 1994 2762 2050 ostendebatur
2791 1998 3093 2054 confictnm
3121 2004 3417 2056 secundum
3448 2012 3730 2070 aspectum

2160 2083 2427 2150 corporis,
2465 2096 2518 2139 et
2552 2088 2895 2157 splendorem
2929 2094 3182 2148 si‘nsilem
3219 2096 3445 2165 gloriam
3479 2100 3730 2170 corporis

2158 2168 2363 2225 Christi
2412 2184 2531 2243 post
2560 2183 3010 2235 resurrectionem
3046 2185 3351 2254 glorilieati,
3390 2195 3442 2241 et
3474 2168 3731 2243 decorem

2158 2260 2449 2331 ﬁgurabat,
2474 2276 2525 2321 rt
2544 2284 2648 2322 non
2672 2287 2873 2326 meram
2901 2274 3271 2331 divinitatem:
3299 2276 3606 2344 Nouenim,
3635 2253 3737 2346 ait:3

2158 2354 2350 2411 uidebit
2405 2360 2596 2425 aliquis
2632 2364 2822 2430 faciem
2855 2384 3018 2420 meum
3057 2381 3104 2423 et
3134 2372 3257 2424 vivet
3283 2371 3351 2425 ⁶⁹.
3381 2372 3733 2427 βεηιοιιειτιιο

2159 2449 2468 2518 tum'igitur
2494 2465 2574 2506 est
2608 2496 2623 2520 ,
2662 2455 3048 2514 immortalium
3070 2476 3354 2532 corporum
3412 2463 3638 2533 gloriam
3662 2468 3733 2517 ab

2160 2537 2377 2594 interitu
2411 2543 2595 2599 liberis
2659 2557 2713 2602 et
2756 2549 3152 2608 immortalibus
3197 2556 3368 2609 oeulis
3403 2557 3731 2626 indigerent

2158 2628 2405 2685 videatur
2434 2650 2447 2696 ;
2481 2636 2720 2703 quandiu
2749 2652 2878 2693 vero
2925 2655 3122 2710 corpus
3154 2642 3362 2698 Domini
3392 2659 3517 2698 ante
3542 2660 3731 2702 resut-

2158 2720 2453 2776 rectionem
2504 2736 2622 2779 erat
2670 2728 2923 2783 similiter
2957 2743 3015 2784 ιιι
3058 2747 3157 2787 nos
3202 2744 3451 2803 (excepto
3477 2735 3728 2805 peccato)

2156 2814 2394 2880 passioni
2430 2818 2750 2886 obnoxium,
2775 2836 2996 2877 necesse
3012 2836 3150 2890 erat,
3181 2824 3363 2879 lumen
3387 2829 3530 2896 quod
3564 2844 3626 2883 ex
3658 2844 3731 2883 eo

2158 2906 2471 2974 apparebat,
2521 2911 2697 2967 oculis
2748 2917 3027 2983 corporeis
3078 2918 3334 2972 deliniri:
3368 2921 3579 2989 quodsi
3623 2923 3731 2975 hu-

2152 2996 2387 3066 jnsmodi
2439 3002 2615 3056 oculis
2665 3003 3048 3073 deliniehatur,
3092 3010 3442 3064 manifestum
3473 3023 3557 3067 est
3599 3030 3730 3066 cor-

2158 3102 2379 3155 poreum
2408 3091 2581 3147 fuisse
2615 3096 2757 3163 quod
2792 3099 3040 3165 apparuit
3071 3117 3084 3163 ;
3117 3098 3358 3155 futuram
3383 3114 3565 3171 postea
3599 3104 3730 3174 glo-

2153 3181 2351 3235 ril‘n-ati
2386 3186 2632 3253 corporis
2664 3188 2914 3257 gloriam,
2948 3199 3002 3243 et
3049 3192 3392 3259 Splendorem
3433 3190 3721 3253 immorta-

2152 3273 2253 3327 lem
2285 3286 2336 3329 et
2379 3280 2445 3329 ab
2476 3278 2695 3332 interitu
2734 3281 2967 3336 liberum
3035 3292 3341 3353 Lgurasse:
3384 3299 3512 3345 tunc
3564 3293 3718 3346 enim

2150 3367 2290 3420 oculi
2322 3368 2413 3437 qui
2441 3385 2557 3424 eam
2584 3372 2811 3442 gloriam
2849 3376 3134 3443 videbunt,
3161 3379 3229 3433 ab
3258 3382 3478 3436 interitu
3512 3382 3732 3436 incubi-

2152 3472 2264 3512 tnes
2290 3467 2343 3513 et
2399 3460 2738 3521 immortales
2765 3476 2949 3521 erunt.
2985 3468 3155 3524 Simul
3188 3472 3347 3538 etiam
3372 3472 3729 3529 detnonssra-

2152 3555 2265 3601 tum
2293 3559 2399 3613 est,
2428 3552 2565 3604 nihil
2608 3555 2749 3609 aliud
2776 3571 2899 3612 esse
2949 3559 3516 3633 transiigurationem,
3553 3580 3726 3633 quam

2150 3651 2403 3697 manente
2430 3643 2617 3699 divino
2651 3661 2900 3716 corpore,
2939 3651 3099 3720 quale
3129 3653 3280 3722 prius
3317 3664 3457 3720 erat,
3495 3671 3590 3724 rep
3614 3674 3724 3709 nne

2150 3733 2423 3789 Christum
2458 3739 2743 3807 splendido
2771 3743 3001 3810 quodam
3031 3745 3482 3802 coloreindutum
3517 3746 3720 3813 fuisse,

2148 3837 2203 3881 et
2265 3830 2634 3885 accessionem
2705 3832 2932 3891 luminis
2988 3838 3417 3907 splendidissimi
3486 3839 3719 3895 demou-

2148 3926 2378 3975 strasse.

2782 4034 3008 4095 CAPUT
3043 4039 3108 4095 ν.

2148 4147 2301 4214 Quod
2335 4149 2531 4218 lumen,
2570 4166 2674 4221 quo
2704 4152 2759 4205 in
2790 4150 2998 4207 Thabor
3035 4152 3290 4208 Dominus
3309 4153 3590 4222 splenduit,
3626 4172 3730 4210 ne-

2215 4236 2313 4289 que
2340 4222 2638 4275 substantia
2677 4224 2791 4293 ejus
2838 4234 2951 4276 erat
2985 4263 3000 4286 ,
3051 4240 3215 4292 usque
3282 4225 3513 4293 deﬁnio
3562 4241 3731 4293 φυτ-

2215 4240 2313 4289 que
2340 4240 2638 4275 suasmnua
2677 4240 2704 4275 e
2732 4240 2791 4277 us
2838 4240 2951 4276 erat
2985 4263 3000 4286 ,
3051 4240 3215 4292 usque
3282 4240 3513 4293 uenusto
3562 4241 3731 4293 φικ-

2214 4293 2335 4343 dam
2369 4292 2550 4357 ipsius,
2578 4308 2640 4364 ac
2681 4240 2879 4364 litigat,
2909 4295 2999 4347 sed
3026 4294 3317 4364 symbolum
3344 4294 3590 4364 occultae.
3662 4306 3731 4350 et

2212 4375 2316 4412 non
2349 4363 2652 4433 apparentis
2673 4378 2808 4414 nunc
2833 4362 3125 4418 diuinitatis
3161 4362 3314 4417 Verbi
3331 4363 3447 4425 Dei,
3470 4374 3517 4416 et
3534 4365 3733 4433 imago

2204 4433 2387 4503 ‘teuuis
2425 4432 2567 4484 illius
2599 4430 2804 4503 gloriw,
2827 4447 2942 4500 qua:
2968 4435 3071 4502 ipsi
3137 4435 3321 4503 futura
3365 4442 3514 4503 erat,
3555 4443 3603 4485 et
3651 4430 3730 4486 ἐξ-

2222 4499 2513 4570 mulacrum
2564 4499 3003 4570 reguicaslorum,
3061 4513 3109 4556 et
3138 4499 3543 4557 'adnunterahile
3585 4505 3735 4558 aliis

2220 4569 2421 4623 Christi
2446 4587 2607 4638 supra
2621 4569 2890 4626 naturam
2927 4573 3224 4631 miraculis.
3460 4584 3465 4590 ’

2185 4642 2446 4715 ’Βίνίηιιε
2482 4660 2821 4725 Theodorus,
2894 4660 2949 4714 in
3004 4663 3247 4716 oratione
3306 4660 3363 4715 in
3419 4658 3735 4715 Eusebium

2146 4750 2410 4805 adversus
2461 4750 2888 4805 Iconomachos:
2960 4749 3067 4805 Sed
3133 4752 3452 4815 insolenter,
3519 4751 3733 4820 inquit,

2147 4841 2313 4907 iactat
2347 4840 2616 4896 Eusebius
2640 4850 2906 4895 mutatum
2936 4841 3133 4897 essein
3192 4842 3377 4897 lumen
3429 4857 3730 4909 arcanum,

2142 4942 2205 4984 et
2236 4931 2632 5001 inexplicabile,
2659 4940 2713 4986 et
2746 4930 2983 4987 Verbum
3014 4933 3109 4988 Dei
3162 4934 3380 4989 decens.
3408 4936 3575 5002 Atqui
3634 4952 3685 4987 ll:
3715 4964 3735 4973 -

2143 5037 2294 5077 cesse
2321 5033 2403 5077 est
2437 5038 2700 5093 quaerere,
2730 5025 2989 5092 quidnam
3026 5035 3167 5080 esset
3198 5026 3304 5079 hoc
3335 5026 3513 5079 lumen
3540 5044 3555 5079 :
3612 5043 3730 5079 non

2141 5113 2287 5167 enim
2318 5124 2500 5182 aperte
2551 5115 2797 5182 egregius
2854 5116 2935 5167 vir
2971 5115 3098 5183 quid
3152 5122 3259 5179 est,
3318 5114 3732 5193 demonstraxit

2143 5206 2701 5272 nunc;solummodo
2765 5205 2999 5260 Verbum
3044 5205 3139 5259 Dei
3207 5208 3474 5274 apposuit.
3521 5216 3728 5271 postea

2140 5315 2270 5354 vero
2299 5301 2537 5369 apertius
2572 5300 2735 5353 dicet.
2769 5298 2877 5355 Nos
2906 5309 3084 5354 tamen
3114 5313 3256 5352 nunc
3279 5306 3468 5351 contra
3503 5312 3566 5350 ea
3592 5314 3729 5365 qua:

2143 5396 2190 5449 ci
2225 5396 2336 5450 visa
2363 5407 2509 5461 sunt,
2541 5398 2804 5451 rationem
2823 5396 3183 5451 excutiamus.
3222 5392 3361 5458 Quid
3394 5393 3559 5461 igitur
3591 5395 3730 5445 est?

2143 5487 2406 5555 numquid
2438 5484 2740 5541 substantia
2772 5487 3138 5555 quazpiam,et
3175 5483 3378 5554 aliquid
3418 5486 3561 5551 quod
3625 5499 3729 5551 per

2144 5589 2202 5626 se
2234 5574 2480 5639 exsistat,
2514 5590 2610 5631 nec
2662 5576 2830 5632 altero
2884 5576 3126 5646 indigeat
3180 5575 3245 5629 ad
3291 5572 3726 5628 exsistendutu?

2176 5754 2259 5807 20.
