3980 6208
464 362 470 368 ~
538 322 642 389 831

529 541 658 589 rant
686 533 902 603 quidem
930 535 1083 603 prius
1116 536 1399 591 Dominum
1430 540 1898 612 transﬁguratum,
1933 556 1985 597 et
2010 562 2109 599 nu-

532 628 654 683 bem
692 643 813 697 quae
839 643 935 684 eos
964 631 1153 685 umbra
1184 637 1431 696 texerat;
1474 639 1529 687 at
1579 651 1690 707 non
1734 637 1982 692 viderant
2013 656 2112 693 nn-

532 720 655 774 bem
689 720 739 773 in
769 735 945 774 aerem
978 730 1028 775 et
1067 721 1119 776 in
1152 723 1319 779 ctelos
1348 736 1555 796 raptam
1581 766 1596 790 ,
1643 737 1696 781 et
1725 728 2109 797 suscipientem

535 810 850 865 Dominum.
886 802 1204 868 Miraculum
1235 814 1337 870 fuit
1362 818 1517 882 illud,
1552 820 1878 873 miraculum
1908 829 1960 873 et
1987 821 2110 885 hoc;

536 901 628 955 sed
662 903 765 955 hoc
797 901 1005 956 ﬁrmius
1064 912 1118 957 et
1140 907 1501 972 constantius;
1533 911 1633 964 hoc
1668 910 1762 963 illo
1791 910 2112 971 sublimius,

539 994 752 1045 tametsi
786 993 949 1047 unius
978 993 1067 1048 Dei
1101 1004 1344 1064 potestas
1369 1006 1423 1051 et
1449 1002 1768 1067 mysterium
1801 1009 1937 1055 erat.
1971 999 2117 1054 Tunc

542 1094 905 1153 apparuerunt
933 1085 1038 1138 illis
1062 1087 1259 1155 Moysis
1290 1097 1337 1140 et
1362 1086 1507 1141 Elius
1534 1106 1650 1141 cum
1675 1107 1735 1143 eo
1763 1090 2026 1158 loquentes
2045 1094 2114 1159 τίς

543 1189 689 1230 nunc
729 1185 907 1230 autem
941 1175 1172 1232 thronus
1203 1179 1559 1244 cherubieus,
1588 1180 1641 1234 id
1672 1190 1777 1246 est,
1805 1184 1975 1238 virtus
1999 1183 2118 1239 ina-

547 1266 885 1337 speetahilis,
928 1267 979 1322 in
1011 1269 1154 1323 nube
1197 1269 1415 1325 abditus
1442 1281 1662 1341 repente
1692 1272 1983 1329 imminens
2015 1276 2119 1331 Do-

474 1404 518 1431 η,
544 1360 752 1412 minum
794 1375 916 1414 cum
966 1360 1141 1414 servis
1173 1360 1568 1429 colloquentem
1602 1363 1821 1432 rapuit;
1859 1373 1988 1419 tunc
2020 1365 2117 1421 Pe-

474 1438 507 1527 Ϊ
544 1456 664 1504 Irus
690 1451 1022 1504 confidenter
1055 1452 1333 1520 respondit
1370 1471 1383 1505 :
1422 1453 1663 1519 Domine,
1696 1454 1884 1510 bonum
1910 1469 1987 1511 est
2026 1475 2121 1514 nos

544 1540 631 1594 hic
656 1559 793 1608 esse;
820 1543 1082 1612 faciamus
1115 1544 1199 1598 hic
1232 1546 1335 1599 tria
1367 1548 1710 1602 tabernacula
1752 1591 1769 1615 ,
1809 1551 1905 1604 tibi
1933 1566 2121 1618 unum,

547 1636 722 1706 Moysi
752 1654 938 1702 unum,
981 1636 1112 1691 Elite
1140 1654 1303 1691 unum
1330 1655 1350 1703 ;
1383 1654 1527 1694 nunc
1555 1650 1736 1697 autem
1768 1657 1942 1711 neque
1971 1644 2120 1713 loqui

545 1728 696 1784 ullus
735 1728 1041 1799 discipulus
1091 1730 1288 1800 potuit,
1324 1745 1424 1787 nec
1461 1747 1523 1787 os
1570 1734 1818 1802 aperire;
1848 1735 1979 1804 quin
2009 1735 2120 1792 imo

547 1820 745 1875 timore
774 1821 1014 1875 maximo
1055 1821 1328 1888 perterriti
1373 1822 1795 1893 obstupuerunt.
1828 1826 2125 1897 Gregorius

547 1910 858 1981 Theologns
888 1911 941 1967 in
967 1912 1214 1968 oratione
1264 1912 1330 1968 de
1377 1914 1521 1969 bono
1571 1915 1765 1971 ordine
1819 1917 2122 1973 disserendi

548 2004 627 2059 ait
659 2003 801 2071 :Qui
837 2004 1139 2059 ascendunt
1186 2019 1307 2058 eum
1342 2003 1565 2062 Christo
1611 2008 1664 2062 in
1712 2010 1988 2065 montem?
2016 2027 2125 2066 non

547 2094 694 2149 enim
719 2110 910 2150 omnes
937 2096 1157 2150 fuerunt
1180 2106 1518 2166 spectatores
1545 2099 1692 2156 illius
1719 2100 1995 2169 miraculi,
2030 2104 2124 2159 sed

550 2186 724 2242 Solum
760 2185 977 2252 Petrus,
1006 2186 1261 2253 lacubus,
1287 2197 1341 2243 et
1369 2188 1630 2245 Joannes.
1662 2190 1728 2246 Et
1753 2208 1948 2249 rursus
1976 2194 2123 2249 idem

550 2281 618 2335 sl
665 2278 930 2335 lleroncm
971 2295 986 2334 :
1032 2279 1166 2334 Cum
1204 2280 1381 2351 fulgor
1422 2293 1477 2338 et
1518 2282 1779 2352 splendor
1808 2286 2125 2355 angelorum

553 2386 817 2440 corporee
870 2370 1198 2438 ﬁgurantur,
1242 2373 1478 2428 arbitror
1526 2375 1832 2445 symbolum
1870 2378 2129 2446 puritatis

553 2476 741 2516 eorum
772 2477 909 2516 esse.
948 2460 1014 2515 Et
1050 2462 1104 2516 in
1138 2462 1204 2517 iis
1233 2478 1355 2532 qua
1386 2464 1439 2518 in
1488 2462 1625 2519 festo
1658 2465 1763 2520 hoc
1807 2476 2082 2520 canuntur
2110 2479 2126 2519 :

553 2556 627 2609 Ut
665 2554 762 2625 qni
785 2597 799 2621 ,
841 2554 1018 2625 inquit
1041 2596 1076 2635 η
1099 2555 1366 2609 mirabilia
1403 2565 1494 2610 tua
1541 2567 1885 2626 spectarunt,
1916 2573 1976 2611 ea
2009 2573 2131 2626 qute

554 2660 749 2715 passus
776 2660 861 2710 es,
890 2660 955 2698 ne
985 2645 1302 2699 formident.
1345 2646 1410 2701 Et
1441 2647 1493 2700 in
1538 2647 1925 2715 explanatione
1953 2648 2130 2703 Evan-

556 2737 683 2806 gelii
724 2735 952 2790 Matthxi
985 2751 999 2787 :
1031 2734 1089 2789 in
1123 2746 1387 2801 montem,
1428 2734 1626 2804 inquit,
1662 2737 1932 2802 ascendit,
1967 2747 2023 2792 ut
2072 2738 2126 2792 in

554 2828 775 2884 occulto
792 2827 1108 2881 miraculqu
1131 2836 1403 2896 operetur.
1435 2827 1508 2881 Ex
1534 2829 1730 2898 quibus
1756 2830 1959 2899 pateﬁt,
1986 2830 2129 2899 quod

557 2925 766 2983 lumen,
811 2933 920 2983 quo
965 2918 1245 2987 splenduit
1274 2918 1537 2972 Dominus
1569 2921 1620 2972 in
1672 2929 1857 2974 monte
1883 2920 2127 2982 Thabor,

556 3017 737 3081 neque
779 3006 964 3064 divina
1004 3009 1310 3064 suhStantia
1348 3021 1464 3065 erat
1498 3009 1612 3079 (illa
1666 3010 1812 3066 enim
1872 3026 1973 3068 nec
2010 3011 2121 3066 ullo

1688 334 2018 397 JOANNIS
2054 334 2627 397 CYPARISSIOTE

529 439 909 512 ﬁgurationem
967 443 1181 509 Petrus,
1218 452 1271 500 et
1301 442 1557 513 Iacobus,
1589 457 1641 505 et
1663 448 1929 519 Joannes;
1962 453 2110 507 vide-
2139 456 2184 513 Δ

3616 335 3706 399 852

2806 451 3034 510 CAPUT
3094 451 3181 508 Vl.

2211 588 2367 655 Quod
2393 606 2570 645 omnes
2604 590 2825 644 diuersis
2860 589 3173 655 temporibus
3211 564 3415 640 luminis
3462 586 3608 641 divini
3637 603 3719 652 ap-

2283 663 2590 729 paritiones.
2628 676 2863 728 persona?
2891 660 3046 712 unius
3080 655 3197 729 Filii
3247 656 3337 711 Dei
3368 656 3560 729 effectus
3587 669 3719 729 sunt,

2282 726 2331 783 et
2373 730 2511 798 quod
2541 726 2810 797 exevrrplar
2850 729 3082 787 corporis
3114 728 3226 792 ejus
3257 726 3527 793 gloriﬁrati
3546 728 3726 798 symbo-

2284 795 2395 852 tuni
2433 800 2532 863 fuit
2568 795 2865 853 divinitatis
2889 798 3002 865 ejus
3033 805 3241 863 propter
3270 797 3500 847 unionem
3526 795 3723 845 duarum

2286 869 2340 922 in
2389 868 2597 923 Christo
2647 869 2930 923 secundum
2983 867 3300 936 hypostasim
3348 875 3653 936 naturarum,
3682 872 3727 936 et

2288 940 2415 1004 quia
2456 939 2591 990 idem
2638 949 2752 991 erat
2805 938 2941 990 Deus
2974 933 3244 997 et'ltomo;
3288 934 3418 986 unde
3448 933 3499 985 in
3539 933 3728 1004 singulis

2287 1002 2563 1061 miraculis
2603 1006 2803 1061 Christi
2833 1007 3083 1059 divinitas
3115 1004 3492 1067 ostendebatur,
3540 1010 3585 1055 et
3616 1002 3733 1054 dele-

2286 1077 2531 1146 gebatur,
2567 1088 2723 1147 atque
2764 1076 3113 1146 apetiebatur.
3502 1098 3503 1109 ι

2292 1190 2526 1245 Sanctus
2576 1189 2870 1257 Gregorius
2928 1187 3243 1258 Nyssenus,
3304 1184 3360 1238 in
3412 1180 3624 1251 epistola
3677 1176 3733 1232 ad

2220 1283 2582 1353 Theophilum
2614 1280 3043 1337 Alexandrinum
3074 1288 3265 1333 contra
3305 1273 3736 1345 Appollinarium:

2220 1375 2331 1431 Nec
2360 1377 2529 1440 enim,
2569 1374 2769 1443 inquit,
2797 1373 2926 1442 quia
2962 1381 3155 1424 auctor
3182 1370 3520 1427 s:eculorum,
3540 1364 3741 1418 novissi-

2222 1465 2327 1522 mis
2353 1467 2548 1521 diebus
2578 1467 2726 1519 visus
2756 1473 2861 1529 est,
2892 1473 2947 1517 et
2979 1478 3102 1518 cum
3138 1461 3446 1515 hominibus
3488 1470 3743 1510 conversa-

2222 1566 2313 1614 tus
2356 1558 2528 1622 est",
2582 1556 2785 1612 idcirco
2835 1555 2945 1610 duo
2981 1553 3100 1609 Filii
3131 1551 3450 1616 secundum,
3481 1546 3736 1602 Ecclesiant

2224 1662 2605 1715 numerantur,
2644 1664 2788 1704 unus
2832 1654 3019 1703 auctor
3052 1645 3402 1707 saeculorum,
3438 1647 3491 1694 et
3517 1639 3641 1692 alius
3669 1635 3745 1705 qui

2225 1743 2280 1797 in
2328 1744 2433 1798 ﬁne
2460 1742 2782 1796 saeculorum
2826 1740 3079 1794 humanm
3108 1736 3233 1790 vita
3258 1748 3354 1804 per
3386 1746 3593 1787 carnem
3619 1737 3745 1798 pate-

2227 1833 2407 1889 factus
2441 1842 2545 1887 est.
2581 1830 2637 1885 Si
2668 1831 2793 1901 quis
2838 1830 2984 1885 enim
3017 1826 3358 1884 oeconomica
3388 1822 3678 1893 apparuisse
3700 1818 3745 1872 in

2225 1941 2392 1983 carne
2417 1923 2757 1990 unigenitum
2790 1922 2883 1977 Dei
2926 1919 3104 1975 Patris
3144 1918 3340 1974 Filium
3376 1916 3448 1971 ita
3481 1913 3677 1981 accipit,
3701 1916 3750 1964 ut

2226 2019 2457 2073 alterum
2504 2013 2700 2070 Filium
2745 2012 2996 2075 fabricet,
3031 2025 3153 2064 cum
3184 2003 3546 2077 numeraverit
3587 2014 3748 2055 omnes

2227 2110 2592 2181 apparitiones
2628 2106 2719 2161 Dei
2767 2105 2972 2161 sanctis
3002 2103 3174 2157 factas
3201 2110 3329 2155 ante
3360 2112 3517 2169 quam
3542 2092 3750 2163 unigeni-

2227 2213 2318 2259 tus
2366 2202 2457 2257 Dei
2500 2200 2671 2255 Filius
2720 2200 2774 2254 lu
2811 2212 2976 2254 carne
3006 2205 3313 2264 appareret,
3348 2202 3402 2248 et
3450 2204 3627 2247 omnes
3652 2198 3751 2251 qnze

2228 2303 2353 2366 post
2402 2291 2695 2348 adventum
2743 2288 2863 2355 ejus
2913 2286 3069 2342 factm
3101 2294 3231 2340 sunt
3280 2284 3346 2338 iis
3375 2281 3465 2351 qui
3496 2277 3628 2348 digni
3658 2275 3752 2366 lite-

2229 2363 2390 2451 runt;
2428 2384 2516 2439 hic
2550 2381 2852 2437 secundum
2883 2391 3170 2433 numerum
3205 2376 3403 2428 divlnze
3440 2363 3752 2440 apparitionis

2231 2472 2635 2529 multitudinem
2668 2469 2901 2523 ﬁliorum
2945 2462 3281 2519 fabricavit:
3315 2461 3525 2529 eritque
3552 2456 3596 2510 ei
3635 2467 3752 2507 unus

2230 2565 2447 2636 quidem
2486 2562 2675 2628 Filius,
2701 2559 2795 2629 qui
2830 2558 3060 2612 Abrahae
3086 2556 3306 2609 loeutus
3336 2560 3438 2615 est,
3474 2551 3597 2602 alter
3624 2558 3748 2605 vero,

2231 2662 2323 2728 qui
2370 2655 2519 2711 ls:tac
2551 2652 2839 2723 apparuit;
2871 2651 3032 2714 alius,
3073 2647 3164 2718 qui
3203 2663 3329 2702 cum
3367 2644 3528 2698 Jacoh
3556 2641 3754 2693 luctatus

2231 2762 2348 2813 θείς
2380 2749 2543 2814 alim,
2570 2748 2663 2818 qui
2703 2762 2734 2801 a
2764 2744 2949 2816 Moyse
2986 2742 3223 2796 diversis
3255 2734 3665 2808 apparitionibus
3691 2736 3759 2779 est

2234 2844 2407 2906 visus,
2431 2842 2485 2896 iu
2509 2840 2735 2903 lumine,
2764 2839 2818 2891 in
2852 2836 3107 2905 caligine,
3140 2834 3195 2887 in
3225 2833 3480 2886 columna
3507 2825 3665 2884 nubis,
3693 2820 3759 2873 la-

2234 2938 2316 2991 cie
2344 2936 2410 2989 ad
2442 2934 2663 2997 faciem,
2684 2930 2737 2985 in
2762 2926 3193 2994 posterioribus;
3224 2924 3366 2978 alius
3390 2934 3575 2976 rursus
3596 2915 3755 2972 Filius.

2236 3029 2328 3099 qui
2377 3026 2680 3083 successori
2722 3022 2923 3094 Moysis
2950 3019 3121 3075 adfuit
3149 3018 3205 3072 in
3253 3016 3401 3080 acie;
3429 3022 3481 3068 et
3509 3012 3652 3068 alius,
3685 3000 3762 3073 qui

558 3104 722 3158 modo
750 3101 1022 3171 expromi,
1055 3117 1230 3172 neque
1262 3103 1545 3171 cognosci,
1582 3119 1761 3174 neque
1801 3105 1997 3172 videri,
2026 3124 2127 3163 ne-
2153 3128 2198 3187 ε
2232 3098 2328 3190 per
2373 3118 2667 3188 procellam
2720 3113 2822 3169 Job
2876 3110 3178 3181 respondit,
3236 3117 3293 3164 et
3342 3106 3434 3177 qui
3483 3104 3533 3158 in
3581 3098 3763 3190 excelso

557 3211 665 3267 que
705 3194 930 3265 cogitari
965 3195 1191 3261 potest),
1214 3207 1317 3248 nec
1334 3202 1453 3248 erat
1481 3193 1720 3249 deﬁuxio
1753 3197 1999 3264 qumdam
2024 3239 2040 3264 ,
2081 3210 2131 3256 et

556 3286 817 3356 Splendor
869 3302 933 3340 ex
993 3284 1083 3339 illa
1127 3299 1359 3340 manans
1419 3287 1627 3356 (divina
1681 3288 1826 3342 enim
1880 3291 2131 3359 operatio

555 3391 785 3443 mterna,
829 3378 912 3432 vel
943 3378 1125 3448 potius
1150 3393 1247 3447 per
1283 3394 1342 3433 se
1382 3380 1631 3448 operatio
1667 3379 1817 3434 nullo
1847 3382 2007 3436 modo
2041 3398 2128 3436 se-

558 3481 713 3527 creta
745 3484 827 3526 est
856 3485 885 3525 a
927 3471 1231 3526 substantia
1263 3470 1381 3537 ejus
1407 3489 1420 3534 ;
1458 3469 1569 3525 imo
1590 3470 1860 3539 quidquid
1891 3483 1973 3528 est
2002 3473 2134 3527 sub-

557 3563 757 3619 Stantia
780 3563 985 3628 divina,
1004 3571 1085 3616 est
1104 3561 1344 3630 ettergia,
1370 3561 1485 3617 sive
1509 3561 1752 3630 operatio
1772 3561 1937 3632 ejus),
1962 3576 2133 3629 quare

558 3655 688 3724 quia
718 3670 817 3709 nec
846 3653 971 3717 hoc,
1003 3669 1101 3709 nec
1132 3654 1264 3708 illud
1309 3663 1417 3720 est,
1460 3653 1790 3721 relinquitur
1815 3654 2130 3724 exemplum

561 3748 738 3805 fuisse
763 3747 949 3817 gloriae
974 3755 1025 3801 et
1070 3746 1377 3810 splendoris
1413 3746 1661 3816 corporis
1700 3755 1824 3815 post
1881 3762 2134 3802 resurre-

562 3842 796 3899 ctionem
828 3839 1137 3907 gloriﬁcati,
1162 3838 1585 3909 sytubolumque
1624 3838 1771 3895 illius
1808 3848 2015 3894 natura:
2042 3855 2136 3895 oc-

563 3935 725 3991 culta:
756 3942 809 3989 et
838 3932 1245 4003 inaspectabilis
1276 3932 1329 3986 in
1368 3946 1433 3987 eo
1465 3931 1706 3998 latentis,
1742 3940 1797 3987 et
1836 3931 2130 4002 imaginem

562 4038 781 4083 tenuem
817 4024 1016 4079 futura:
1045 4022 1251 4093 gloriae,
1286 4032 1340 4077 et
1384 4023 1740 4076 simulacrum
1786 4024 1934 4093 regni
1969 4023 2137 4077 emto-

565 4131 715 4181 rum,
745 4131 887 4169 nunc
913 4114 1129 4183 quidem
1157 4120 1285 4166 ante
1311 4112 1761 4166 resurrectionem
1791 4112 1844 4165 in
1873 4110 2138 4166 miraculo

564 4217 867 4265 ostensum.
894 4215 945 4259 et
974 4204 1028 4258 in
1064 4203 1285 4272 speculo
1315 4212 1481 4271 atque
1507 4204 1828 4272 aenigmate;
1855 4204 1909 4258 in
1953 4203 2137 4261 futuro

564 4307 746 4354 autem
784 4297 1025 4365 speculis
1060 4294 1272 4355 solutis,
1306 4293 1481 4350 oculis
1509 4294 1911 4349 immortalibus
1935 4337 1949 4360 ,
1979 4304 2031 4349 et
2067 4296 2137 4351 ab

565 4385 787 4442 interitu
820 4383 1006 4438 liberis
1034 4383 1171 4437 facie
1201 4382 1267 4436 ad
1303 4381 1497 4437 faciem
1530 4383 1914 4452 spectandum,
1944 4384 2132 4453 exple-

564 4491 681 4536 tum
709 4488 759 4534 et
794 4477 1129 4534 cumulatum
1158 4476 1367 4532 visione
1395 4475 1489 4531 Dei
1518 4476 1831 4559 aspectabili
1866 4477 1965 4549 (i),
1995 4452 2140 4534 sicut
2166 4452 2219 4514 Ῑ)
2246 4452 2341 4553 qui
2373 4483 2427 4537 in
2473 4496 2638 4538 carne
2668 4481 2890 4535 latebat.
2937 4477 3004 4533 Et
3047 4492 3239 4532 rursus
3288 4476 3434 4530 idem
3483 4486 3499 4525 :

566 4574 686 4644 ipse
717 4581 791 4629 est
807 4615 819 4626 .

638 4724 681 4756 "
705 4722 893 4778 Matth.
931 4736 1062 4785 xm,
1083 4722 1138 4779 5.
1212 4721 1259 4751 ’⁸
1287 4716 1635 4791 Barttcbsm,
1660 4718 1750 4776 58.

2234 3189 2430 3266 throno
2486 3209 2638 3264 Isaia:
2685 3204 2959 3276 apparuit.
3018 3212 3077 3258 et
3123 3200 3179 3255 in
3236 3200 3412 3270 ﬁgura
3454 3196 3675 3250 humana
3710 3189 3765 3240 ab

2234 3299 2517 3355 Ezechiele
2546 3299 2727 3352 verbis
2773 3294 3082 3361 descriptus
3114 3301 3197 3346 est
3219 3330 3235 3355 ,
3293 3299 3349 3346 et
3383 3288 3473 3358 qui
3509 3292 3678 3353 postea
3718 3280 3763 3331 in

2233 3391 2436 3446 lumine
2455 3388 2684 3443 Paulum
2713 3384 3080 3442 cireumfulsit
3105 3401 3118 3449 ;
3146 3392 3204 3436 et
3228 3381 3328 3452 qui
3354 3389 3510 3434 antea
3532 3377 3583 3429 in
3613 3376 3766 3427 monte

2234 3482 2289 3537 in
2315 3481 2635 3537 sublimiore
2657 3479 2826 3550 gloria
2857 3477 3008 3531 visus
3034 3484 3140 3531 est.
3169 3473 3270 3528 Sin
3295 3482 3480 3528 autem
3506 3462 3765 3550 absurdttttt

2234 3582 2317 3628 est
2350 3572 2477 3638 hoc,
2512 3580 2565 3625 et
2608 3547 2827 3639 penitus
2877 3566 3127 3636 impium,
3156 3564 3343 3617 varias
3396 3554 3646 3629 unigeniti
3671 3547 3769 3606 Filii

2236 3664 2331 3720 Dei
2398 3662 2768 3733 apparitiones
2827 3660 2880 3714 in
2936 3670 3227 3711 numerum
3294 3651 3516 3709 totidem
3569 3646 3766 3701 ﬁliorum

2237 3753 2450 3824 partiri,
2481 3766 2635 3819 atque
2671 3746 2970 3803 absurdum
3017 3755 3122 3810 est,
3150 3760 3219 3800 ex
3253 3744 3493 3799 adventu
3545 3738 3597 3792 in
3636 3742 3771 3824 carne

2237 3828 2584 3898 oceasionem
2643 3854 2844 3906 capere
2901 3835 3273 3893 constituendi
3332 3834 3559 3887 alterum
3602 3823 3770 3880 Filium

2238 3935 2331 3991 Dei
2363 3952 2379 3989 :
2418 3934 2749 3990 arbitramur
2773 3931 2915 3985 enim
2947 3929 3249 3984 secundum
3294 3936 3604 3981 mensuram
3636 3910 3782 3971 facul-

2238 4029 2367 4083 tatis
2390 4027 2654 4096 cujusque
2686 4038 2902 4087 eorum,
2931 4022 3134 4092 quibus
3173 4018 3322 4073 Deus
3349 4014 3653 4086 apparebat,
3695 4020 3781 4096 att-

2240 4094 2491 4190 paruisse
2544 4094 2760 4185 semper
2821 4115 3011 4169 Deum.
3065 4112 3132 4167 Et
3179 4112 3379 4165 beatus
3412 4100 3702 4190 Gregorius
3732 4094 3779 4148 in

2239 4209 2487 4265 oratione
2516 4208 2583 4263 de
2610 4216 2759 4262 recto
2797 4205 2988 4261 ordine
3022 4202 3076 4257 in
3109 4199 3441 4257 disserendo
3470 4189 3787 4252 :Ascendere

2241 4316 2371 4357 vero
2403 4301 2457 4356 in
2486 4308 2725 4354 montem
2764 4314 2898 4365 opus
2929 4296 3051 4359 fuit,
3078 4302 3137 4349 ut
3178 4308 3276 4362 per
3311 4292 3541 4347 formam
3568 4280 3791 4352 splende-

2244 4400 2345 4456 ret,
2399 4398 2455 4446 et
2496 4390 2837 4445 divinitatem
2892 4385 3231 4449 ostenderet,
3267 4383 3648 4453 detegeretque
3680 4384 3789 4423 eum

3554 4464 3792 4520 Divinitas

2252 4590 2349 4647 per
2376 4590 2435 4631 se
2467 4573 2876 4646 inaspectabilis
2911 4582 3024 4636 est;
3084 4569 3268 4625 veniet
3323 4575 3533 4629 autem,
3584 4568 3640 4616 ut
3691 4566 3796 4610 mea

2041 4808 2309 4873 Scholia.

645 4926 661 4982 l
672 4923 723 4993 1)
769 4918 1013 4993 'Opashv
1036 4918 1378 4993 Gaocpdvstav,
1407 4915 1667 4993 visionem
1712 4912 2139 4993 Dei_as_pectabi-

570 4996 677 5050 lem
707 4982 892 5051 'vocat.
928 4982 1111 5043 videre
1142 4982 1349 5041 scilicet
1378 4985 1552 5039 oculis
1579 4985 1779 5038 mentis
1799 4982 2137 5038 divinitatem

573 5081 674 5136 per
704 5075 905 5136 corpus
930 5058 1133 5136 Christi
1163 5057 1460 5136 gloriosum
1505 5052 2024 5136 oculisgloriticatis
2054 5054 2137 5136 vi-

574 5122 696 5191 sum
728 5149 742 5186 :
772 5122 849 5185 sic
872 5128 1016 5183 enim
1049 5122 1351 5180 videbimus
1378 5140 1504 5180 eum
1533 5123 1691 5179 sicuti
1715 5132 1819 5187 est,
1853 5132 1912 5178 ut
1944 5122 2137 5177 beatus

572 5203 815 5257 Joannes
848 5200 945 5252 ait.
986 5195 1099 5250 Non
1132 5195 1349 5265 quidem
1378 5194 1647 5265 signiﬁcat
1683 5192 1972 5265 videndam
2013 5206 2138 5265 esse

573 5275 629 5329 in
672 5260 1172 5342 futttro‘essentiam
1212 5262 1305 5342 Dei
1334 5260 1509 5320 oculis
1533 5263 1833 5342 corporeis,
1871 5260 1969 5342 sed
1989 5262 2136 5342 quod

574 5345 651 5398 ait
690 5339 1068 5395 Theodoretus
1102 5336 1156 5389 in
1206 5330 1644 5389 Commentariis
1684 5333 1739 5386 in
1782 5331 1827 5386 ll
1872 5331 2047 5399 Epist.
2071 5330 2139 5385 ad

574 5411 801 5468 Corinth
856 5424 979 5477 cap.
1023 5404 1356 5477 teratura,
1408 5403 1606 5477 inquit,
1654 5402 1857 5465 divma,
1888 5415 2011 5477 quae
2039 5401 2140 5455 sub

575 5491 852 5550 aspectum
868 5472 984 5550 non
1006 5476 1172 5550 cadit,
1203 5490 1378 5550 neque
1407 5472 1555 5550 cerni
1593 5480 1790 5550 potest,
1816 5486 1920 5550 per
1948 5473 2140 5524 huma-

574 5541 802 5607 niiatem
857 5548 1063 5607 Christi
1116 5541 1304 5598 divino
1347 5544 1550 5597 lumine
1596 5541 1987 5595 circumfusam
2019 5581 2036 5602 ,
2084 5550 2141 5593 et

575 5604 971 5690 splendentem,
992 5604 1418 5690 Ajaciententque
1457 5612 1637 5690 radios
1679 5610 2141 5690 cerniturhquan-

576 5679 695 5743 tium
723 5690 848 5742 licet
886 5679 1095 5741 scilicet
1120 5685 1279 5739 oculo
1312 5679 1529 5747 mentis,
1555 5684 1657 5737 hoc
1689 5682 1765 5735 ait
1798 5679 2137 5748 signiﬁcasse

575 5754 828 5822 Paulum,
886 5772 1010 5811 cum
1051 5755 1126 5810 ait
1173 5770 1186 5809 :
1236 5751 1339 5821 Qui
1368 5752 1500 5810 dixit
1553 5755 1618 5809 de
1660 5749 1896 5811 tenebrss
1954 5749 2139 5806 lumen

2246 4911 2665 4981 splendescere,
2704 4906 3051 4981 ipse_illu_xit
3095 4903 3148 4981 i_n
3197 4885 3795 4981 ροτςιίδιιςροξιτίελὲ

2248 4960 3033 5051 ﬁliumin—titionemriscientiae
3041 5045 3049 5051 .
3076 4974 3350 5051 claritatis

2241 5034 2440 5108 Christi
2474 5049 2601 5104 Jesu
2643 5048 2712 5117 (11
2748 5048 2872 5118 Ger.
2901 5061 2974 5118 tv,
3004 5045 3083 5118 6),
3107 5046 3291 5118 idest,
3315 5041 3411 5109 qui
3439 5036 3574 5118 olim
3606 5034 3799 5118 luminis

2245 5103 2496 5177 naturam
2530 5103 2854 5174 solo"verbo
2882 5103 3081 5179 eﬁecii,
3126 5103 3398 5187 dicens
3430 5106 3557 5187 Fiat
3604 5103 3726 5187 luat.

2242 5171 2775 5247 annosae—lumine
2819 5171 3029 5241 mentes
3067 5171 3289 5238 'nostras
3342 5173 3709 5247 illuminavit.
3749 5171 3799 5218 ut

2243 5245 2337 5316 Dei
2363 5245 2589 5330 gloriam
2623 5273 2717 5330 per
2747 5257 3022 5330 Christum
3050 5251 3494 5330 perspiceremus
3516 5260 3532 5311 ;
3568 5245 3801 5330 hau—Ejus

2246 5341 2334 5385 cat
2362 5317 2453 5386 iiic
2485 5317 2674 5383 amtor
2704 5328 2813 5398 iste
2833 5317 3151 5398 ﬁamus-tau
3182 5320 3412 5398 bpgtijv,
3443 5317 3497 5398 id
3527 5317 3800 5398 estnos-to:

2243 5380 2511 5456 iéafiief
2522 5380 2907 5467 aspectabilem
2930 5380 3284 5467 {huiusmodi
3316 5380 3598 5467 estAvisio,
3627 5380 3800 5467 detriti:

2243 5452 2307 5526 '81
2318 5452 2547 5525 inoo:
2572 5452 2697 5535 iiii.
2726 5452 3177 5538 αυφειοίενέτε·
3201 5459 3268 5538 ,δι
3311 5457 3383 5538 εει
3412 5456 3480 5538 εκ
3509 5467 3630 5538 su")
3658 5452 3799 5538 itif:

2243 5511 2629 5608 argustias;
2656 5511 3044 5609 sanati-{Ei
3073 5511 3402 5609 ῑᾲῑὶιεέςέηιίι
3429 5511 3800 5609 «posset:

2243 5593 2461 5666 istisin
2494 5607 2818 5675 corporibus
2841 5603 3159 5677 gloriﬁcatis
3181 5593 3430 5656 divinam
3474 5593 3793 5665 praealtam

2241 5682 2424 5754 statim
2462 5677 2740 5751 cognosci.
