3980 6208
249 316 365 380 853

897 315 1143 379 nscas
1162 316 1261 380 v1.
1285 339 1356 353 -
1380 312 1481 376 ns
1520 310 2171 377 APPARITIONIBUS
2204 310 2828 385 DIVINIZLUMINIS.
2874 278 2882 289 ’

2946 263 3152 277 ουκ-’,νεα

3387 311 3517 376 Μ

251 427 474 498 quidem
510 425 783 483 sententia
809 436 917 491 est.
956 427 1101 493 talis,
1130 427 1314 499 qualis
1342 426 1497 483 visus
1533 434 1619 482 est
1658 422 1833 480 disci-‘
1855 432 1900 484 Α
1933 417 2213 483 tir'mantes
2245 427 2630 497 aspectabilem
2673 441 2795 482 esse
2830 423 3171 479 divinitatem
3203 423 3325 494 ejus
3374 425 3491 480 iui-I-

253 522 419 592 pulis,
452 521 533 576 vel
557 522 738 591 potius
767 522 946 592 qualis
979 522 1338 577 subostensus
1371 526 1478 584 est,
1532 516 1696 573 nimis
1732 531 1827 570 su-

254 622 481 683 prrante
527 613 814 667 divinitate
848 613 1140 666 humanam
1192 611 1570 667 carunculam.
1622 610 1697 663 Ac
1729 608 1830 663 ite-

254 718 375 757 rum
403 742 418 761 .
458 701 692 766 Lumen,
731 703 928 771 inquit,
962 702 1066 756 fuit
1113 702 1376 757 divinitas
1406 700 1496 755 illa
1544 699 1600 752 in
1643 683 1828 753 metite

254 794 543 861 discipulis
571 794 917 849 subostensa.
951 792 1178 847 solidior
1205 791 1341 857 fere,
1366 805 1531 859 quam
1566 798 1625 844 ut
1653 787 1826 843 videri

255 896 459 954 posset.
503 884 569 939 Et
602 884 968 941 Damascenus
998 902 1012 937 :
1046 883 1309 945 Assumit,
1352 881 1551 952 inquit,
1594 881 1830 950 purissi-

256 989 408 1027 mum
460 971 791 1043 virginitatis
855 972 1305 1037 instrumentum,
1358 981 1418 1026 ut
1458 972 1553 1041 qui
1601 970 1826 1042 gloriam

254 1064 373 1120 Filii
407 1073 665 1119 sternam
687 1062 931 1128 vidisset,
968 1062 1121 1127 illud,
1173 1061 1238 1115 In
1265 1063 1524 1131 principio
1554 1072 1667 1117 erat
1704 1060 1861 1116 γη-.

259 1155 384 1207 (tam
428 1161 669 1207 tonaret.
716 1151 782 1205 Et
825 1152 1045 1207 divinus
1073 1151 1500 1223 Cbrysostomus
1529 1151 1833 1219 explanans

253 1243 389 1299 illud
424 1262 436 1298 :
473 1243 710 1296 Vidimus
723 1244 946 1312 gloriam
970 1244 1109 1310 eius,
1138 1244 1362 1315 gloriam
1381 1245 1535 1314 quasi
1565 1242 1832 1314 Hnigeuiti

259 1351 295 1386 a
327 1333 491 1387 Patre
521 1349 539 1387 :
566 1333 879 1403 Nunquam,
911 1334 1103 1403 inquit,
1136 1336 1418 1397 vidissent,
1451 1336 1556 1389 nisi
1591 1349 1687 1404 per
1708 1349 1852 1388 cor--

263 1439 372 1493 pus
425 1424 707 1479 nobiseum
745 1424 916 1478 altum
961 1434 1033 1479 et:
1056 1426 1343 1482 nutritum.
1391 1425 1473 1479 Et»
1512 1426 1710 1480 iterum
1775 1425 1829 1480 in

255 1516 512 1570 oratione
551 1516 620 1569 de
647 1514 1148 1587 Transdguratioue
1182 1535 1197 1573 :
1235 1516 1509 1579 Ostendit,
1538 1517 1736 1586 inquit,
1775 1523 1834 1570 et.

258 1622 368 1660 non
404 1607 645 1661 uatendit
675 1606 921 1677 gloriam
945 1607 1096 1678 regni
1130 1609 1214 1663 sui
1243 1609 1414 1664 divini
1465 1608 1835 1678 insspectabi-

256 1696 329 1751 lis
364 1713 379 1750 :
411 1698 653 1751 ostendit
700 1699 943 1768 quidem,
995 1707 1050 1754 ut
1090 1714 1186 1755 eos
1223 1708 1403 1754 certos
1449 1698 1691 1764 faceret;
1720 1715 1849 1754 non,

252 1794 445 1842 autem
494 1789 755 1852 ostendit,
787 1804 853 1842 ne
896 1804 1005 1843 una
1040 1804 1163 1843 cum
1192 1798 1431 1859 aspectu
1460 1791 1624 1844 vitam
1665 1792 1832 1844 etiam

255 1879 595 1933 amitterent.
659 1878 726 1933 Et
770 1880 989 1935 divinus
1035 1880 1267 1935 Cosmas
1314 1881 1369 1934 in
1419 1896 1634 1937 canone
1681 1880 1830 1947 festi,

252 1968 479 2023 cantico
511 1980 710 2039 quarto
740 1988 753 2022 :
788 1968 862 2023 Ex
891 1985 1078 2035 carne,
1109 1970 1307 2041 inquit,
1336 1980 1427 2026 tua
1458 1972 1595 2026 radii
1628 1972 1831 2026 divini-

259 2061 399 2114 tatis
422 2061 669 2116 exibant.
702 2062 845 2116 Idem
873 2061 1053 2116 adhuc
1081 2063 1141 2117 in
1160 2063 1350 2131 quinto
1377 2063 1592 2118 cantico
1624 2080 1639 2118 :
1664 2062 1835 2118 Com-

258 2152 467 2205 mistus
512 2166 620 2206 non
667 2149 913 2215 ruttfuse,
948 2150 1242 2206 carbonem
1292 2152 1596 2209 divinitatis
1648 2162 1838 2210 osten-

253 2244 417 2299 disti.
455 2244 668 2299 Rursus
689 2243 1114 2315 Chrysostomus
1142 2243 1452 2298 inrhomilia
1475 2244 1567 2308 42,
1593 2244 1647 2300 in
1668 2244 1836 2300 Joan-

253 2352 427 2391 nem:
459 2333 674 2399 Vident,
705 2334 907 2402 inquit,
933 2334 1084 2388 illum
1113 2333 1553 2388 deambulantem
1594 2334 1647 2388 in
1674 2334 1836 2397 mari;

252 2437 312 2485 et
342 2427 431 2483 eis
459 2426 798 2482 conturbatis
835 2426 969 2481 dicit
998 2444 1012 2482 :
1042 2424 1223 2481 Nolite
1254 2426 1463 2493 timere;
1486 2442 1582 2498 ego
1608 2443 1727 2481 sunt
1754 2426 1841 2490 ";

255 2531 441 2585 quare
472 2529 583 2570 non
619 2516 872 2571 ascendit
898 2516 1087 2571 statim
1117 2516 1171 2571 in
1207 2499 1524 2586 navigium?
1562 2516 1700 2583 Quia
1738 2531 1840 2571 vo-

258 2607 418 2663 lebat
464 2608 643 2676 majus
684 2608 1009 2661 miraculum
1051 2606 1257 2674 facere,
1290 2615 1368 2662 ειν
1387 2608 1727 2663 divinitatem
1758 2608 1841 2665 eis

255 2698 515 2769 apertius
538 2698 866 2769 patefacere.
899 2698 963 2753 Et
996 2713 1245 2766 magnus
1269 2697 1541 2756 Basilius:
1580 2699 1661 2755 Ex
1705 2714 1842 2754 ven—

256 2792 360 2857 tis,
401 2790 601 2859 inquit,
634 2799 689 2844 et
728 2791 896 2855 mari,
925 2805 1047 2860 qua:
1074 2789 1135 2844 ei-
1175 2790 1520 2859 obedierunt,
1565 2807 1842 2864 cognove-

257 2895 405 2937 mnt
435 2882 775 2937 divinitatem
803 2883 940 2954 ejus.
976 2882 1053 2939 Ex
1090 2883 1510 2955 operationibus
1545 2884 1712 2953 igitur
1750 2899 1849 2940 co-

251 2975 466 3044 gnizio,
500 2986 553 3028 et
578 2988 645 3028 ex
675 2974 985 3042 cognitione
1000 2975 1395 3046 «proﬁciscitur
1421 2975 1726 3038 veneratio,
1772 2973 1841 3032 Et

1934 518 2105 575 uitam
2137 527 2192 572 et
2213 517 2570 588 incognitam,
2600 516 2693 572 sed
2724 516 3138 572 similitudinem
3165 514 3514 581 divinitatis,

1926 624 2091 679 quam
2134 618 2394 678 tanquam
2427 610 2481 664 in
2516 608 2755 677 imagine
2789 616 2843 660 et
2865 607 3089 677 speculo
3123 614 3288 675 atque
3329 607 3501 670 amig-

1929 709 2075 755 mate
2121 700 2573 770 contemplemur.
2628 700 2696 754 Et
2744 697 2909 763 sicut,
2961 712 3087 752 cum
3145 698 3257 752 sint
3287 696 3505 761 alioqui

1930 791 2156 846 inﬁnita
2185 790 2384 846 divina:
2429 790 2694 857 imagines
2734 790 2961 854 Christi,
2999 805 3103 842 non
3141 788 3296 842 multi
3331 786 3497 843 Chri-

1929 883 2021 947 sti,
2063 881 2160 937 sed
2197 897 2340 938 unus
2372 891 2581 962 tantum
2614 881 2880 935 Dominus
2913 889 3096 936 noster
3144 879 3301 935 iesus
3331 879 3497 933 Chri-
3535 945 3545 956 .

1926 984 2083 1038 stus;
2126 974 2207 1029 sic
2257 988 2381 1029 cum
2435 973 2547 1027 sint
2583 974 2808 1026 intinitae
2855 972 3119 1041 imagines
3169 969 3493 1032 divinitatis,
3537 962 3550 992 ί
3586 982 3595 1009 -’

1928 1079 2049 1133 qua:
2098 1078 2264 1133 supra
2311 1063 2673 1117 substantiam
2710 1070 2817 1126 est,
2867 1070 2924 1116 et
2970 1062 3113 1117 sicut
3156 1073 3498 1129 unaquarquu

1929 1158 2111 1225 imago
2140 1154 2319 1208 divina
2348 1154 2608 1222 inscripta
2644 1163 2725 1207 est
2748 1151 3027 1217 Christus,
3055 1152 3135 1205 sic
3159 1161 3501 1217 unaquaeque

1932 1248 2125 1299 barum
2177 1243 2602 1298 similitudinum
2651 1244 2905 1298 divinitas
2950 1243 3216 1311 appellata
3260 1250 3365 1296 est.
3422 1239 3499 1292 Ex

1929 1334 2123 1388 ordine
2168 1332 2340 1396 enim,
2381 1331 2583 1400 inquit,
2630 1332 2874 1385 omnium
2924 1345 3133 1393 rerum,
3187 1340 3240 1383 ut
3290 1328 3382 1393 qui
3431 1330 3500 1380 ab

1931 1426 2053 1496 ipso
2088 1424 2265 1479 lactus
2287 1430 2393 1487 est,
2425 1431 2482 1477 et
2522 1423 2612 1492 qui
2660 1404 2929 1490 imagines
2953 1420 3220 1489 quasdam
3258 1425 3308 1472 et
3348 1417 3503 1469 sinv-

1932 1517 2194 1571 litudines
2245 1516 2555 1571 divinorum
2597 1514 2717 1582 ejus
2767 1513 3163 1582 exemplarium
3203 1509 3386 1572 habet,
3431 1509 3498 1561 ad

1932 1611 2064 1665 illud
2108 1624 2450 1679 supremum,
2490 1608 2633 1677 quod
2672 1607 2816 1662 ultra
2855 1605 3274 1661 universitatem
3317 1618 3499 1656 rerum

1904 1712 2037 1777 est,
2073 1702 2159 1757 via
2195 1710 2250 1754 et
2270 1700 2465 1754 ordine
2506 1714 2603 1767 pro
2628 1699 2836 1751 viribus
2869 1696 3251 1758 ascendimus;
3275 1703 3330 1747 et
3357 1693 3500 1759 quod

1932 1794 2057 1863 plus
2088 1799 2195 1855 est,
2228 1791 2447 1845 divinus
2496 1803 2703 1853 sermo,
2740 1787 3052 1847 Faciamus,
3087 1785 3282 1854 inquit,
3337 1782 3506 1837 homi-

1932 1896 2048 1935 nem
2076 1880 2145 1932 ad
2172 1881 2453 1949 imaginem
2478 1891 2527 1932 et
2547 1878 2952 1932 similitudinem
2980 1885 3219 1929 nostram
3246 1872 3328 1937 "’;
3358 1887 3466 1939 quo
3489 1874 3503 1922 l

1932 1980 2116 2026 autem
2157 1970 2288 2024 illud
2323 1968 2718 2025 subostendere
2744 1977 2797 2022 et
2832 1966 3161 2023 adumbrare
3183 1963 3315 2018 dicit
3342 1963 3502 2017 simi-

1934 2061 2217 2115 litndinem
2256 2059 2588 2122 divinitatis,
2652 2058 2999 2112 manifestius
3051 2057 3155 2112 hoc
3207 2055 3265 2110 iit
3318 2070 3385 2109 ex
3438 2053 3507 2106 iis

1935 2168 2057 2224 quae
2101 2152 2293 2209 scribit
2339 2152 2482 2205 idem
2530 2149 2828 2219 Gregorius
2880 2148 3192 2211 Theologus
3244 2154 3504 2211 tanquam

1936 2264 1995 2303 se
2022 2247 2138 2317 ipse
2171 2247 2535 2314 interpretans
2559 2243 2613 2296 in
2660 2241 2800 2295 libro
2836 2240 2910 2295 De
2940 2238 3202 2308 theologia
3233 2234 3525 2299 secumiu,.

1936 2340 2216 2412 quomodo
2259 2338 2375 2393 bzcc
2423 2343 2674 2405 oporteat
2717 2333 3019 2402 intelligere
3052 2349 3068 2387 :
3100 2329 3276 2395 Sicut,
3310 2328 3507 2398 inquit.

1938 2433 2146 2486 umbra:
2175 2439 2229 2484 et
2264 2428 2531 2498 imagines
2573 2425 2706 2481 solis
2737 2425 2791 2478 in
2835 2424 3017 2494 aquis,
3056 2422 3294 2477 iniirmis
3333 2420 3525 2476 oculis

1939 2522 2108 2579 soliuu
2134 2519 2561 2584 subostendunt,
2604 2518 2734 2588 quia
2764 2517 2847 2573 sol
2880 2517 3015 2586 ipse,
3057 2529 3185 2569 cum
3219 2529 3356 2584 puro
3388 2515 3517 2582 ejus

1940 2614 2153 2669 lumine
2188 2626 2387 2669 sensus
2433 2619 2626 2667 noster
2660 2611 2933 2674 vincatur,
2967 2608 3136 2662 videri
3167 2623 3232 2662 ex
3273 2606 3515 2663 adversa

1943 2720 2051 2760 non
2075 2701 2557 2775 potest,quocirca
2580 2716 2780 2758 sensus
2808 2710 2996 2755 noster
3036 2698 3305 2762 vincatur,
3338 2698 3512 2752 videri

1940 2813 2008 2853 ex
2035 2797 2268 2852 adverso
2290 2809 2398 2849 non
2427 2802 2628 2866 potest,
2654 2792 2917 2863 quocirca
2947 2790 3050 2846 hoc
3078 2790 3348 2861 signiﬁcat
3381 2789 3516 2843 sub-

1942 2888 2255 2951 ostendere,
2277 2886 2421 2959 quod
2462 2899 2663 2944 sensus
2695 2899 2804 2940 non
2847 2891 3027 2955 potest
3062 2881 3266 2952 liquide
3303 2881 3514 2947 videre,

1946 2982 2064 3037 hoc.
2095 2978 2512 3037 similitudinem
2544 2977 2666 3048 ejus
2704 2991 2805 3046 per
2844 2990 3069 3045 aquam,
3092 2983 3200 3029 aut
3229 2988 3325 3043 per
3348 2974 3515 3027 aiiatn

252 3065 311 3119 ia
348 3064 427 3119 iis
446 3078 572 3132 quae
604 3063 656 3117 iu
698 3064 935 3119 mediam
973 3064 1349 3121 Pentecostem
1387 3074 1661 3121 canuntur
1695 3081 1711 3120 :
1746 3063 1917 3135 Ve-c
1949 3086 2063 3126 rem
2086 3060 2417 3142 quampiam
2448 3068 2831 3125 intermediam
2860 3066 3193 3137 exprimere.
3240 3064 3333 3118 Sic
3360 3064 3510 3119 idem

252 3157 337 3212 nit
372 3154 621 3210 medium
665 3156 877 3210 dierum
911 3153 1283 3223 Pentecostes,
1314 3171 1439 3211 cum
1473 3155 1731 3212 Christus
1760 3156 1863 3213 ὧι

1946 3162 2248 3232 Gregorius
2299 3160 2569 3215 visionem
2620 3159 3012 3227 interpretatus
3070 3162 3157 3210 est
3210 3153 3513 3218 notionem,

254 3248 395 3303 vina
442 3255 711 3318 potestate
737 3247 978 3303 tenuiter
1002 3247 1246 3310 detecta.
1279 3248 1639 3317 paralytioum
1676 3262 1866 3303 sanam
1945 3252 2363 3309 libronseettndo
2394 3251 2461 3306 de
2491 3250 2633 3307 Filio
2674 3267 2690 3305 :
2728 3249 2858 3318 Qui,
2909 3249 3111 3318 inquit,
3141 3248 3284 3302 novit
3320 3245 3537 3301 Filium-

252 3341 371 3405 vit;
417 3348 476 3393 et
513 3338 566 3394 in
593 3354 786 3394 novam
816 3338 1153 3394 Domin-icam
1186 3356 1202 3394 :
1227 3338 1486 3406 Domine;
1511 3340 1709 3408 inquit,
1737 3338 1865 3393 fuit

252 3446 402 3500 gone
461 3429 734 3486 tolerabili
768 3429 1073 3485 divinitatis
1103 3430 1308 3487 clausis
1348 3431 1538 3502 jaauis
1579 3430 1869 3497 admisti;

249 3535 309 3579 et
332 3521 562 3577 inﬁnita
595 3521 703 3576 alia
743 3521 1039 3590 ejusmodi.
1063 3520 1140 3577 Es
1161 3508 1362 3592 quibus
1392 3521 1740 3577 manifestum
1765 3522 1845 3586 tis,

252 3613 737 3684 quemadmodum
771 3613 915 3669 idem
940 3622 996 3669 et
1022 3629 1167 3671 unus
1193 3613 1367 3669 Filius
1386 3612 1505 3681 Dei,
1527 3610 1847 3669 etNerbum

259 3702 480 3767 Patris,
514 3702 611 3771 qui
650 3711 770 3757 erat
800 3710 927 3757 ante
961 3703 1261 3758 adventum
1300 3700 1577 3765 incuruo.
1612 3701 1701 3757 hic
1732 3701 1851 3769 ipse

255 3793 667 3863 apparationes
693 3791 863 3846 variis
908 3791 1245 3861 temporibus
1285 3791 1463 3847 iactas
1492 3789 1849 3860 operabatur,

255 3892 317 3936 et
349 3881 411 3936 iu
449 3879 683 3934 adventu
715 3894 817 3933 suo
847 3893 981 3935 cum
1005 3894 1192 3945 carne,
1229 3879 1475 3950 quandiu
1506 3893 1630 3934 cum
1670 3878 1853 3932 homi-

263 3974 450 4029 nibus
486 3979 737 4027 versatus
776 3980 885 4036 est,
925 3972 1015 4026 hic
1066 3972 1187 4041 ipse
1219 3972 1438 4027 easdem
1483 3972 1870 4041 apparitioues-

259 4064 364 4120 Dei
400 4079 532 4120 cum
583 4071 851 4133 potestate
887 4062 1123 4119 iaciebat
1150 4080 1168 4117 ς
1199 4074 1259 4119 et
1287 4073 1577 4133 postquam
1610 4063 1851 4132 comple-

262 4156 351 4210 vit
378 4154 756 4211 mcenomiam
786 4154 1047 4210 adventus
1080 4154 1166 4219 sui
1200 4155 1253 4209 in
1294 4168 1489 4219 carne,
1512 4163 1568 4209 et
1589 4156 1643 4209 in
1686 4154 1855 4209 eteius

262 4254 602 4316 assumptus
630 4254 736 4311 est,
779 4261 974 4301 rursus
1007 4245 1098 4300 hic
1135 4246 1253 4314 ipse
1293 4245 1596 4301 secundum
1628 4259 1873 4299 [ωηιξη-ο

265 4355 383 4393 tam
420 4339 718 4407 potestatis
744 4338 1012 4407 cujusque
1041 4336 1192 4403 fecit,
1233 4336 1690 4392 euasit-natura:
1720 4351 1856 4399 suae,

1946 3344 2077 3415 (hoc
2104 3342 2248 3399 enim
2279 3332 2553 3414 signiﬁcat
2588 3340 2723 3397 illud
2763 3358 2779 3395 :
2808 3339 2916 3407 Qui
2946 3337 3125 3409 vidit),
3152 3339 3292 3393 novit
3316 3353 3537 3408 quoqnw

1946 3435 2259 3495 Patrem-"ﬁ
2301 3435 2366 3489 Et
2391 3432 2633 3490 Joannes
2660 3432 3093 3504 Chrysostomus
3134 3447 3152 3487 :
3198 3429 3525 3500 Respondit,

1948 3528 2152 3599 inquit,
2181 3525 2412 3593 “dacis,
2438 3535 2493 3581 et
2514 3525 2689 3581 disit:
2719 3523 2835 3579 Non
2862 3524 3009 3595 quod
3043 3522 3255 3579 Patrem
3286 3523 3410 3593 quis
3436 3522 3518 3575 vi-

1931 3614 2051 3683 dit.
2074 3619 2181 3676 nisi
2223 3618 2316 3689 qui
2344 3623 2429 3674 est
2452 3630 2522 3672 ex
2564 3616 2674 3673 Deo
2692 3615 2914 3682 ;-etiam
2945 3612 3035 3669 hic
3061 3613 3326 3669 visionem
3364 3620 3527 3666 vocat

1948 3710 2342 3782 cognitionem.
2383 3706 2555 3780 igitur
2601 3705 2830 3772 vidisse,
2879 3712 3176 3775 spectasse,
3230 3702 3525 3759 suboster-

1950 3802 2122 3864 disse.
2153 3800 2537 3862 adumbrasse,
2574 3796 2873 3860 detexisse;
2921 3793 3180 3861 nudasse,
3225 3792 3522 3856 indicasse.

1950 3888 2299 3961 patefecisse,
2330 3884 2773 3956 velsimpliciter
2805 3884 3128 3955 accipienda
3164 3892 3292 3939 sunt
3333 3898 3431 3953 pro
3452 3898 3521 3937 eo

1952 3981 2097 4054 quod
2138 3978 2635 4045 estzcognovisse;
2678 3977 2763 4033 vel
2803 3974 3125 4046 accipienda
3172 3983 3300 4030 sunt
3333 3990 3430 4044 pro
3456 3988 3524 4026 co

1953 4070 2219 4144 quod—est
2260 4079 2522 4140 tanquam
2563 4068 2631 4122 in.
2668 4068 2905 4137 imagine
2944 4076 3000 4122 et
3036 4066 3395 4123 similitudine
3432 4081 3530 4135 per

1955 4172 2235 4235 aspectum
2267 4163 2580 4219 oeulorum~
2602 4160 2972 4232 perspexisse.
3026 4158 3292 4215 Similiter
3331 4172 3525 4228 paruas

1956 4256 2260 4312 divinitatis
2286 4255 2963 4324 aperuissepetvtenuem
3009 4251 3355 4321 splendorem
3409 4250 3530 4320 ejus

1961 4348 2163 4402 vidisse
2222 4348 2305 4401 sic
2347 4347 2599 4415 accipere
2647 4353 3000 4414 Oportet,“
3050 4342 3103 4396 si
3150 4340 3402 4396 dicamus
3433 4357 3532 4409 per

259 4448 392 4502 qua
428 4447 607 4500 supra
639 4431 823 4485 omnia
863 4440 969 4495 est,
1017 4430 1371 4499 spectacula;
1419 4439 1473 4484 et
1516 4429 1659 4484 sicut
1701 4439 1850 4482 aute-

1962 4438 2269 4507 speculaaet
2296 4438 2585 4505 aenigmata
2612 4408 2938 4502 conjecisse.
2964 4431 3075 4486 Nec
3095 4433 3242 4486 enim
3270 4408 3531 4485 divinitas
3564 4446 3565 4449 ‘

254 4539 442 4592 quam
487 4522 643 4576 ﬁeret
673 4522 857 4587 homo,
879 4537 1041 4576 omne
1070 4521 1376 4593 symbolum
1404 4531 1458 4576 et
1478 4535 1642 4577 omne
1671 4535 1871 4575 exem-

1962 4529 2302 4593 minor,-aut
2337 4525 2511 4593 major
2545 4538 2604 4577 se
2632 4523 2771 4592 ipsa,
2798 4520 3132 4576 videntibus
3172 4519 3479 4573 ostenditur
3512 4535 3530 4572 :

248 4618 414 4685 Phr.
454 4614 766 4668 diViﬂimis
795 4613 1063 4683 eius-erat
1094 4612 1505 4683 sytubolumet
1543 4612 1822 4680 exemplar
1844 4628 1887 4675 ;..
1962 4619 2056 4675 sed
2089 4617 2274 4688 potius
2304 4616 2676 4683 eademaaqne
2710 4612 2947 4676 inﬁnita,
2972 4622 3027 4665 et
3055 4625 3162 4665 non
3193 4609 3531 4679 vestigabilis

250 4706 343 4758 sic
380 4712 449 4757 et
498 4718 647 4755 nunc
674 4704 954 4770 exemplar
985 4702 1235 4770 corporis
1272 4701 1389 4770 ejus
1430 4700 1741 4769 glori‘iicati,
1772 4698 1850 4752 di-

1962 4719 2018 4764 et
2056 4706 2432 4778 impartibilis.
2475 4704 2865 4759 convenienter
2912 4716 3187 4757 mensura:
3225 4700 3526 4754 videntium

249 4793 536 4851 vinitatis
566 4794 686 4863 eius
723 4794 1035 4863 symbolum
1073 4801 1195 4857 est;
1233 4806 1384 4847 unus.
1402 4790 1547 4845 enim
1582 4789 1863 4845 estFilius
1964 4816 2129 4857 omne
2191 4812 2379 4869 genus.
2413 4797 2683 4851 luminum
2735 4804 2908 4859 creat,
2956 4803 3013 4849 et
3051 4794 3119 4850 ad
3169 4792 3527 4850 elevationem

240 4900 307 4943 et
337 4887 549 4949 Deus;
577 4892 633 4938 et
662 4892 788 4953 post
828 4892 1163 4953 assmnptam
1199 4878 1850 4948 bumanitatemsangui-

1970 4892 2234 4948 iuentium
2265 4897 2578 4945 nostrarum
2625 4888 2899 4958 proponit.

245 4996 394 5036 nem
435 4975 542 5030 Dei
571 4984 625 5030 et
650 4991 853 5045 corpus
894 4974 986 5029 Dei
1015 4975 1110 5045 pie
1133 4989 1476 5029 veneramur.
1518 4972 1672 5026 Sicut
1696 4971 1879 5040 igitur.

243 5075 415 5135 iure,
491 5065 576 5123 sic
620 5068 927 5138 synbolum
986 5065 1229 5120 Ιιιιιιιεδηίι
1272 5064 1520 5134 corporis
1565 5060 1880 5133 gloritieati.

239 5160 601 5235 symbolum
647 5174 769 5214 esse
805 5157 1119 5213 divinitatis
1147 5156 1269 5225 ejus
1319 5155 1406 5224 pie
1444 5155 1589 5209 docti
1648 5156 1861 5214 sumus,
2670 5181 2743 5198 .-

239 5270 305 5314 ot
344 5256 414 5311 in
465 5251 705 5322 singulis
730 5251 849 5320 ejus
876 5248 1077 5305 divinis
1123 5246 1303 5315 signis
1329 5245 1696 5303 divinitatem,
1738 5256 1881 5313 qurer

238 5359 449 5418 supra
512 5341 874 5397 substantiam
927 5348 1030 5406 est,
1082 5336 1515 5402 subostendi,rct
1563 5333 1763 5403 detegi,
1809 5340 1883 5386 et»

235 5431 521 5508 aperiri,
558 5438 615 5484 et
648 5429 843 5493 videri,
875 5437 933 5483 et
978 5428 1237 5497 spectari,
1268 5436 1414 5479 recte
1450 5433 1615 5493 atque
1662 5435 1793 5475 sane
1833 5434 1864 5472 a

234 5524 658 5600 sapientibus,
682 5521 773 5590 qui
807 5521 987 5575 dit-ina
1014 5519 1233 5584 callent,
1268 5516 1603 5586 accepimus,
1643 5528 1751 5568 non
1786 5511 1869 5565 af-

324 5704 381 5735 ”
417 5698 627 5755 )lattb.
664 5712 794 5765 xm.
832 5697 924 5752 27.
996 5698 1041 5731 ⁷⁸
1076 5695 1214 5753 Gen.
1246 5711 1284 5763 t,
1311 5694 1404 5750 26.
1475 5694 1524 5727 "
1552 5691 1745 5747 ilattb.
1774 5689 1967 5757 11,27.
