3980 6208
463 305 568 370 855

1050 426 1278 494 CAPUT
1321 426 1433 483 VII.

462 560 620 624 Quod
646 575 760 614 eam
790 559 1259 629 pulchritudinem.
1289 576 1445 626 quam
1482 560 1652 614 Adam
1684 569 1808 615 ante
1835 575 2024 625 pecca-

535 642 644 684 tum
673 646 775 683 non
805 630 1078 684 obedieudi
1108 630 1386 694 habuerat,
1409 646 1548 684 nunc
1569 641 1814 684 naturam
1840 631 2030 682 imma-

531 715 654 755 ttattt
695 716 1028 762 recuperasse
1061 699 1316 756 Dominus
1345 701 1400 752 in
1438 708 1612 760 monte
1649 698 1857 754 Thabor
1887 699 1942 752 in
1973 714 2029 753 ss

515 769 746 837 quidem
779 771 924 835 prius
950 769 1018 822 ad
1053 763 1222 832 vivum
1256 771 1539 832 expressit,
1593 781 1733 822 ostea
1764 785 1879 823 vero
1915 776 2054 836 post-

533 840 964 892 resttrrectiouem
1000 854 1155 892 suam
1203 840 1339 892 sicut
1389 841 1496 892 ipse
1543 785 1801 892 geminus
1848 838 2030 890 eodem

533 840 964 893 resurrectionem
1000 854 1155 892 suam
1203 840 1339 908 sicut
1389 841 1496 908 ipse
1543 838 1801 908 Dominus
1848 838 2030 903 eodem

535 907 734 964 lumine
757 907 922 962 multo
945 902 1232 976 copimioré
1257 909 1353 978 (τι),
1383 899 1700 962 naturaliter
1722 899 2031 978 splendebit,
2065 921 2071 927 '

535 979 613 1038 sic
651 995 823 1038 serunt
875 979 1082 1032 (iubebit
1108 976 1285 1047 justas
1315 976 1678 1047 consequentes
1713 976 1823 1034 sele
1853 976 2031 1047 splen-

533 1048 788 1111 didiores,
815 1049 1015 1114 scilicet
1050 1045 1325 1106 restituens
1358 1065 1442 1102 eos
1473 1045 1527 1106 in
1559 1049 1709 1103 illam
1743 1045 2032 1112 beatitudi-

455 1153 460 1162 η
533 1133 646 1171 nem
677 1134 794 1186 qua:
825 1128 942 1172 erat
974 1128 1096 1173 ante
1119 1127 1390 1189 peccatum
1422 1117 1575 1178 Adw.

537 1254 764 1314 Divinus
785 1254 1030 1313 Andreas
1049 1253 1327 1312 Cretensis
1358 1257 1412 1310 in
1445 1270 1644 1326 magno
1663 1268 1875 1311 canone
1916 1255 1993 1309 ait
2015 1271 2030 1308 :

467 1343 640 1398 Amisi
674 1343 906 1413 primam
941 1358 1116 1400 meam
1163 1343 1649 1413 pulchritudinem,
1685 1351 1738 1397 et
1783 1343 2033 1397 decorem

463 1447 643 1489 meum
674 1453 688 1499 ;
718 1441 773 1490 et
822 1435 948 1490 inde
975 1434 1136 1505 iaceo
1171 1437 1374 1500 nudus,
1406 1445 1462 1490 et
1502 1434 1685 1504 pudet.
1720 1431 1790 1488 Et
1825 1431 2033 1502 Grego-

464 1527 580 1582 rius
608 1525 921 1597 Theologus
949 1527 1067 1600 (lt):
1110 1527 1360 1584 Pelliceis
1388 1526 1590 1582 tunicis
1617 1526 1886 1592 induitur,
1922 1526 2036 1580 lor-

467 1627 616 1673 tasse
643 1618 915 1675 crassiore
944 1633 1134 1684 carne,
1171 1626 1225 1674 et
1272 1617 1513 1681 mortali,
1543 1629 1599 1676 et
1628 1618 1788 1684 dura,
1833 1632 1898 1672 ac
1949 1631 2036 1671 re-

462 1719 760 1780 pugnante.
789 1711 856 1766 Et
881 1709 1050 1766 divini
1075 1718 1241 1780 atque
1265 1710 1408 1765 beati
1437 1709 1667 1766 Cosmas
1686 1719 1742 1765 et
1763 1710 2029 1775 Joannes,

464 1802 521 1857 in
571 1803 880 1870 canonibus
934 1802 990 1856 in
1020 1801 1580 1872 Transﬁguratiouem
1622 1819 1636 1857 :
1684 1801 1786 1869 Qui
1835 1809 2032 1867 totum,

466 1894 746 1966 inquiunt,
766 1895 934 1950 Adam
960 1895 1207 1966 gestasti.
1229 1895 1465 1960 Christe,
1494 1903 1744 1948 naturam
1773 1895 2036 1950 obscura-

471 1998 581 2042 tam
612 1997 666 2043 et
717 1987 1027 2043 hebetatam
1077 1987 1450 2048 commutasti.
1476 1996 1530 2041 et
1558 1986 1896 2054 splendidam
1922 1985 2036 2052 jam

464 2089 629 2134 antea
659 2079 983 2147 reddidisti;
1017 2089 1073 2136 et
1099 2079 1486 2135 immutatione
1519 2077 1710 2132 formae
1738 2086 1846 2131 tua:
1877 2075 2036 2130 deiﬁ-

464 2172 624 2224 casti.
673 2169 742 2225 Et
786 2170 1022 2227 iterum:
1056 2170 1112 2226 In
1145 2169 1294 2226 hunc
1333 2170 1480 2225 enim
1530 2176 1770 2223 montem
1802 2181 1927 2223 cum
1977 2161 2043 2228 tu,

467 2258 722 2323 Salvator.
757 2273 868 2314 una
913 2273 1040 2316 cum
1074 2258 1361 2329 discipulis
1393 2257 1502 2313 tuis
1535 2258 1908 2321 ascendisses,
1945 2273 2040 2311 na-

465 2360 647 2408 turam
669 2350 736 2406 in.
757 2351 929 2406 Adam
961 2351 1355 2414 inumbratam,
1383 2349 1825 2419 transﬁguratus,
1853 2349 2042 2419 splen-

468 2440 604 2494 dore
641 2453 842 2500 sursus
877 2438 1074 2504 iecisti,
1107 2448 1330 2494 mutans
1360 2453 1486 2492 eam
1512 2439 1566 2493 in
1595 2437 1902 2495 divinitatis
1933 2447 2043 2495 tua:

465 2527 698 2596 gloriam
721 2539 777 2589 et
808 2518 1180 2597 splendorem.
1211 2527 1282 2584 Et
1311 2527 1509 2584 iterum
1543 2547 1559 2584 :
1594 2527 1763 2584 Hodie
1788 2530 2042 2586 Christus

466 2621 521 2672 in
567 2627 752 2684 monte
789 2619 1012 2676 Thabor
1060 2629 1314 2690 naturam
1369 2621 1543 2678 Adam
1603 2621 1938 2687 immutavit,
1987 2629 2042 2676 et

465 2711 809 2778 splendidam
834 2711 1067 2768 reddens
1091 2711 1392 2770 deiﬁcavit.
1418 2711 1486 2768 Et
1513 2713 1713 2768 iterum
1750 2729 1768 2767 :
1793 2711 1899 2778 Qui
1927 2727 2043 2767 ma-

465 2803 632 2862 nibus
652 2804 1140 2874 inaspectabilibus
1163 2804 1442 2862 hominem
1463 2805 1531 2860 ad
1555 2805 1849 2870 uoraginem
1867 2812 2040 2868 tuam,

464 2895 706 2959 thriste,
746 2894 1020 2964 formasti,
1072 2893 1542 2964 pulchritudinem
1587 2895 1670 2950 tui
1713 2893 2060 2964 exemplaris

467 2988 524 3048 in
571 2997 768 3044 natura
803 3001 835 3044 a
866 2995 918 3044 te
953 2985 1185 3042 formata
1215 2983 1610 3046 demonstrasti
1644 2997 1751 3046 non
1782 2993 2041 3052 tanquam

1547 341 1550 343 λ
1611 311 1936 386 JOANNIS
1969 309 2530 380 οΥΡΑωδειοΉς
2559 331 2566 340 ’

2051 428 2325 498 Apossit,
2367 445 2534 500 quem
2569 428 2791 500 quidem
2854 429 2908 484 in
2960 435 3149 482 monte
3199 422 3726 491 transﬁguratiouis

3587 301 3690 366 856
3705 333 3728 354 ηε

2128 519 2344 574 Domini
2373 511 2585 590 Moyses
2607 527 2662 574 et
2688 517 2834 576 Elias
2859 522 3227 586 gestavernnt.
3249 513 3312 568 Et
3329 527 3557 582 magnus
3580 512 3701 566 Dio-

2127 612 2318 683 nysius
2366 612 2546 681 capite
2596 611 2773 680 primo
2821 608 2894 663 De
2935 607 3128 663 diuinis
3173 604 3497 668 nomiutltus,
3545 601 3703 660 Nunc

2131 689 2378 774 qualem.
2408 704 2609 773 inquit,
2643 701 2884 759 charitas
2912 699 3005 754 Dei
3029 713 3157 768 erga
3187 697 3438 754 homines
3482 697 3536 750 in
3575 710 3704 752 san-

2128 798 2234 852 ctis
2283 795 2584 865 Scriptusis
2620 805 2676 852 et
2720 791 3040 862 apostolicis
3073 788 3464 846 traditionibus
3495 801 3703 843 conve-

2132 889 2348 945 nienter
2379 889 2538 944 nobis
2579 903 2643 942 ea
2691 901 2816 958 qua
2848 885 2951 942 sub
3002 882 3420 953 intelligentiam
3475 880 3703 943 cadunt,

2133 981 2308 1038 sacris
2338 981 2697 1052 operimentis
2711 978 2813 1035 sub
2826 991 3048 1033 sensum
3063 974 3379 1051 cadentibus
3391 974 3528 1030 velat
3548 979 3708 1038 ;etea

2133 1088 2255 1142 qum
2283 1088 2446 1140 supra
2475 1070 2836 1128 substantiam
2869 1076 3019 1132 sunt,
3055 1067 3122 1123 iis
3145 1081 3270 1134 qua
3300 1066 3356 1119 in
3388 1079 3574 1120 rerum
3610 1078 3711 1117 na-

2137 1173 2261 1219 tura
2296 1174 2451 1226 sunt,
2491 1161 2740 1232 obtegit;
2769 1159 2977 1216 formas
3015 1167 3070 1214 et
3105 1159 3309 1224 ﬁguras
3340 1156 3410 1212 iis
3438 1171 3564 1226 quas
3594 1155 3711 1209 lor-

2135 1269 2222 1308 ma
2249 1263 2304 1309 et
2335 1255 2506 1324 ﬁgura
2539 1261 2750 1313 carent.
2773 1250 3034 1316 obducit;
3060 1257 3117 1303 et
3141 1247 3272 1300 illud
3300 1260 3472 1300 unum
3500 1255 3556 1298 et
3579 1245 3712 1298 sim-

2135 1347 2282 1418 plex.
2313 1346 2465 1417 quod
2488 1360 2652 1415 supra
2701 1342 3066 1400 substantiam
3109 1350 3163 1394 et
3202 1348 3460 1394 naturam
3500 1343 3609 1398 est.
3657 1341 3713 1387 et

2141 1436 2288 1506 quod
2313 1435 2535 1505 ﬁgurari
2568 1449 2675 1488 non
2703 1439 2906 1501 potest,
2932 1427 3194 1482 varietate
3222 1425 3503 1496 signorum
3538 1423 3714 1491 parti-

2139 1524 2326 1580 bilium
2358 1523 2702 1592 multiplicat,
2727 1529 2781 1574 et
2802 1519 3045 1588 elingit;
3071 1532 3196 1573 cum
3224 1529 3350 1571 vero
3378 1512 3714 1575 immortales

2139 1616 2270 1671 facti
2292 1617 2522 1678 erimus.
2542 1622 2596 1670 et
2618 1615 2686 1670 ad
2713 1614 2864 1668 illum
2922 1612 3299 1667 beatissimum
3328 1616 3526 1664 statum
3555 1604 3713 1659 Chri-

2139 1709 2209 1763 sti
2231 1708 2464 1762 similem
2491 1703 2900 1776 perveniemus,
2916 1713 3045 1757 tunc
3071 1715 3308 1769 semper,
3327 1699 3475 1753 sicut
3493 1697 3569 1751 ait
3585 1711 3713 1750 vera

2108 1787 2113 1810 "
2141 1798 2450 1866 Scriptura,
2473 1812 2598 1850 cum
2630 1795 2865 1850 Domino
2891 1793 3121 1855 erimus,
3150 1789 3348 1858 expleti
3377 1787 3714 1854 contempla-

2139 1892 2381 1948 tionibus
2411 1887 2726 1959 purissimis
2769 1884 3119 1954 aspectabilis
3158 1883 3374 1951 quidem
3409 1879 3713 1949 apparitio-

2141 1983 2227 2038 nis
2259 1982 2374 2046 Dei,
2407 1995 2535 2052 quas
2565 1995 2667 2035 nos
2713 1976 3068 2034 lucidissimis
3114 1974 3420 2044 fulgoribus
3476 1975 3717 2025 circum-

2141 2071 2354 2136 fundet,
2394 2081 2452 2126 ut
2498 2068 2801 2140 discipulos
2840 2068 2894 2121 in
2943 2067 3034 2121 illa
3074 2065 3420 2121 divinissima
3473 2061 3718 2115 Transti-

2140 2167 2464 2235 guratione.
2523 2159 2930 2231 inaspectabilis
2987 2173 3117 2212 vero
3176 2154 3607 2210 illuminationis
3661 2154 3714 2207 in

2142 2267 2328 2311 urente
2364 2255 2608 2309 materia:
2637 2260 2862 2322 experte
2886 2257 2944 2304 et
2979 2247 3602 2319 impatibili-participes
3639 2244 3721 2297 ef-

2141 2347 2292 2412 fecti,
2324 2346 2487 2402 simul
2515 2354 2570 2400 et
2595 2327 2994 2410 unionis,iquae
3019 2352 3200 2394 meme
3231 2337 3446 2407 concipi
3482 2351 3592 2390 non
3625 2351 3718 2404 po-

2141 2447 2272 2499 test,
2309 2439 2365 2492 itt
2403 2437 2644 2506 iactibus
2695 2433 2898 2504 ignotis
2925 2440 2980 2487 et
3011 2431 3185 2486 beatis
3234 2428 3519 2484 radiorum
3549 2441 3716 2494 supra

2141 2529 2361 2583 modum
2386 2506 2682 2588 clarorum,
2707 2525 2762 2577 in
2785 2523 3096 2577 imitatione
3121 2519 3390 2574 diviniore
3412 2519 3720 2572 caelestium

2141 2621 2407 2675 mentium
2436 2635 2451 2683 ;
2483 2617 2692 2672 erimus
2724 2615 2892 2680 enim,
2923 2615 3068 2670 sicut
3099 2613 3175 2665 ait
3202 2610 3486 2678 Scriptura
3519 2609 3592 2671 ”,
3626 2623 3730 2680 ana

2142 2713 2281 2784 gelis
2309 2711 2574 2782 aequales.
2607 2717 2664 2765 et
2695 2708 2792 2762 ﬁlii
2827 2706 2941 2774 Dei,
2978 2704 3106 2759 facti
3140 2703 3235 2757 ﬁlii
3273 2701 3732 2756 resurrectionis.

2144 2806 2278 2860 llaec-
2299 2812 2526 2860 sanctus
2549 2801 2820 2856 Maximus
2844 2814 2970 2853 cum
3005 2797 3255 2858 adamat,
3281 2793 3493 2854 Sancti,
3519 2793 3723 2857 inquit,

2143 2899 2197 2953 in
2217 2896 2624 2952 resurrectione
2641 2901 2840 2948 statum
2863 2890 3098 2952 similem
3123 2887 3332 2942 Christi
3352 2901 3476 2940 cum
3497 2885 3728 2938 immor-

2145 2989 2355 3044 talitate
2389 2988 2786 3056 adipiscentur.
2838 2982 3189 3052 sple‘mlrntes
3221 2992 3392 3047 supra
3423 2991 3594 3045 quam
3643 2976 3732 3030 sol

467 3071 522 3128 in
557 3070 812 3140 ituaginc,
845 3069 941 3136 sed
968 3079 1233 3138 tanquam
1251 3068 1346 3138 qui
1381 3082 1534 3136 esses
1559 3069 1875 3133 substantia.
1898 3066 2040 3130 Deus

2143 3083 2411 3154 splendet,
2456 3081 2598 3134 sicut
2645 3077 2908 3131 Dominus
2951 3075 3006 3127 in
3057 3081 3240 3126 monte
3289 3068 3722 3138 transﬁguratus

468 3171 523 3216 ιι
556 3162 700 3218 idem
733 3161 918 3226 homo.
949 3159 1015 3224 Et.
1040 3161 1240 3222 iterum
1266 3175 1282 3214 :
1311 3157 1417 3228 Qui
1445 3159 1575 3226 olim
1607 3174 1730 3220 cum
1772 3158 1956 3230 Moyse
1989 3158 2041 3218 in

468 3261 654 3320 monte
683 3250 817 3308 Sina
856 3266 953 3325 per
994 3250 1244 3322 symbols
1285 3250 1506 3321 locutus
1549 3258 1652 3316 est,
1698 3265 1828 3313 cum
1861 3249 2042 3316 dixit:

468 3342 583 3413 Ego
614 3359 754 3411 sum,
775 3344 865 3414 tuti
889 3358 1008 3414 sunt
1023 3341 1072 3375 "
1098 3383 1117 3410 ,
1141 3341 1306 3408 hodie
1329 3341 1754 3415 transﬁguratus
1776 3342 1836 3402 in
1857 3349 2044 3407 monte

469 3435 694 3514 'lfhabor
722 3452 908 3508 coram
948 3435 1258 3507 discipulis,
1285 3434 1529 3498 ostendit
1563 3434 1617 3492 in
1646 3449 1706 3492 se
1735 3435 1862 3505 ipso.
1889 3443 2046 3492 natu-

471 3547 590 3588 ram
623 3531 921 3592 humanam
948 3530 1020 3592 ad
1049 3528 1328 3599 exemplar
1359 3527 1828 3599 pulchritudinem
1856 3526 2045 3604 imagi-

470 3624 558 3689 nis
595 3636 971 3692 recuperasse.
1007 3618 1078 3687 Et
1110 3627 1343 3695 sanctus.
1365 3617 1606 3691 Cyrinus
1638 3619 1780 3682 libro
1810 3620 2047 3688 septimo

469 3731 662 3771 eorum
692 3730 831 3786 quos
866 3730 1020 3778 more
1051 3713 1256 3784 dialogi
1281 3713 1547 3782 scripsit:
1581 3712 1779 3774 Nonne
1809 3709 2048 3774 dicimus

471 3807 828 3876 labreiactnm
851 3821 973 3866 esse
1003 3805 1281 3866 hominem
1315 3805 1372 3864 in
1401 3815 1546 3870 terra
1572 3806 1873 3866 secundum
1903 3806 2040 3862 ima-

472 3901 654 3967 ginem
691 3898 830 3958 Dei?
861 3898 994 3966 Quis
1044 3898 1149 3972 hoc
1179 3897 1377 3968 leget?
1407 3897 1512 3962 Qui
1562 3906 1746 3959 autem
1801 3897 2045 3955 divinam

471 3993 770 4061 itrtagincm
794 3991 954 4051 nobis
983 3989 1270 4064 insculpit,
1300 3997 1358 4044 et
1389 3989 1850 4058 pulchritudinem
1880 4005 2045 4059 supra

472 4101 642 4148 quam
669 4085 948 4142 caelestem
979 4082 1150 4142 instas
1182 4081 1352 4152 sigilli
1381 4081 1436 4138 in
1471 4085 1629 4138 nobis
1657 4083 1946 4153 imprimit.
1977 4099 2046 4140 an

475 4192 584 4232 non
627 4184 714 4246 est
754 4174 1028 4245 spiritus?
1061 4173 1130 4232 Et
1157 4173 1385 4242 divinus
1417 4174 1743 4230 Anastasius
1786 4175 2048 4241 Sinaites,

476 4273 531 4325 in
571 4270 823 4326 oratione
864 4268 922 4325 in
951 4266 1514 4337 Transﬁgurationem
1557 4283 1575 4322 :
1626 4266 1798 4323 Hodie
1853 4278 2048 4324 natura

475 4362 566 4415 illa
589 4359 806 4427 Adami,
829 4373 951 4428 quae
977 4359 1175 4416 similis
1204 4357 1312 4412 Deo
1336 4357 1499 4423 facta,
1521 4357 1587 4412 ad
1616 4357 1911 4415 deilormes
1933 4357 2049 4415 lor.-

475 4463 598 4510 mns
629 4452 901 4509 idolorum
948 4451 1238 4507 obscurata
1273 4456 1413 4513 erat,
1457 4451 1841 4518 transﬁgurata
1870 4459 1960 4506 est
1990 4452 2044 4507 in

473 4547 758 4615 antiquam
785 4558 940 4600 suam
973 4541 1440 4612 pulchritudinem
1469 4541 1538 4596 ad
1563 4541 1853 4611 imaginem
1885 4552 1939 4597 et
1969 4543 2045 4598 si-

2147 3183 2255 3238 est,
2287 3173 2436 3229 sicut
2473 3169 2772 3239 Apostolus
2798 3169 2868 3222 de
2901 3165 3106 3220 sanctis
3133 3164 3207 3218 ait
3239 3178 3252 3216 :
3291 3160 3437 3215 Tum:
3461 3169 3626 3214 erant
3655 3159 3732 3211 si-

2146 3277 2232 3322 cut
2262 3276 2312 3321 et
2340 3266 2448 3334 ipse
2472 3273 2572 3329 est,
2603 3271 2652 3316 et
2689 3275 2892 3328 semper
2925 3274 3042 3313 cum
3081 3257 3308 3310 Domino
3337 3255 3532 3308 erimus
3547 3252 3599 3285 "
3627 3267 3644 3305 :
3674 3261 3732 3305 et

2145 3355 2395 3412 divinum
2427 3354 2553 3422 eius
2592 3367 2794 3420 corpus
2821 3349 3032 3421 ὁρατὴν
3075 3347 3242 3401 αὐτοῦ
3279 3345 3634 3412 θεοφάνιιαν,
3675 3343 3730 3396 id

2145 3457 2252 3510 est.
2301 3445 2676 3518 aspcttaltiletu
2712 3443 2810 3498 Dei
2850 3441 3239 3511 appetitionem
3286 3447 3464 3501 vocat,
3514 3446 3577 3490 ut
3616 3435 3732 3504 iam

2147 3544 2252 3599 hoc
2276 3541 2477 3597 dictum
2509 3537 2676 3593 simul
2703 3536 2932 3606 quadret
2978 3534 3030 3586 in
3066 3530 3444 3590 Nestorianos.
3489 3537 3546 3582 et
3575 3529 3716 3582 Ace-

2148 3633 2364 3704 phalos,
2395 3629 2531 3686 et-in
2568 3643 2666 3684 eos
2717 3627 2811 3696 qui
2846 3627 3182 3694 lopinantnr,
3231 3636 3342 3675 non
3400 3633 3527 3673 esse
3583 3633 3733 3674 nunc

2145 3737 2271 3781 cum
2319 3735 2486 3779 carne
2518 3720 2831 3774 Dominum.
2884 3715 2977 3770 Est
3010 3714 3065 3768 in
3107 3713 3328 3768 Christo
3371 3708 3733 3780 aspectabilis

2147 3815 2396 3887 quaedam
2423 3811 2695 3883 apparitio
2723 3807 2839 3873 Dei,
2874 3822 2996 3877 qua:
3023 3814 3105 3859 est
3131 3817 3260 3857 caro
3284 3802 3405 3873 ejus
3437 3802 3688 3854 animata
3715 3817 3732 3863 ;

2146 3914 2200 3962 et
2227 3912 2318 3959 'est
2347 3903 2516 3956 altera
2545 3897 2815 3970 apparitio
2850 3895 2940 3949 Dei
2975 3893 3165 3962 νοητή,
3203 3891 3256 3944 id
3288 3897 3389 3948 est,
3415 3901 3542 3956 quae
3570 3901 3708 3938 men

2147 4005 2201 4052 te
2234 3993 2556 4064 percipitur,
2592 4005 2712 4060 (pne
2743 4003 2772 4042 a
2807 3986 2969 4041 nobis
3015 3995 3150 4039 tunc
3174 3981 3470 4051 perfectius
3499 3977 3741 4048 partici-

2147 4087 2388 4161 pabitur,
2414 4083 2634 4154 quando
2664 4077 2912 4137 conversi
2943 4077 3010 4131 ad
3036 4076 3231 4137 Deum,
3264 4072 3555 4142 splendore
3578 4071 3744 4124 illinc

2148 4177 2392 4247 perfecte
2419 4182 2646 4243 accepto
2673 4186 2843 4225 unum
2875 4168 3126 4237 copulate
3155 4164 3472 4226 eiliciemur,
3503 4161 3739 4216 liberati

2149 4284 2181 4323 a
2213 4263 2570 4322 varietatibus
2597 4278 2662 4317 ex
2693 4258 3093 4328 compositione
3126 4253 3636 4316 proﬁciscentibus.
3669 4251 3746 4304 Et

2150 4358 2472 4415 Anastasius
2499 4355 2758 4411 Sinaites.
2792 4353 2847 4404 in
2877 4350 3130 4403 oratione
3165 4347 3220 4400 in
3252 4343 3748 4412 Transiiguratio-

2155 4467 2278 4509 nem
2307 4467 2322 4504 :
2350 4447 2512 4515 Quid,
2569 4444 2770 4514 inquit,
2813 4442 3016 4510 majus,
3061 4448 3116 4493 et
3151 4436 3326 4505 magis
3375 4434 3751 4502 stupendum,

2153 4557 2319 4613 quam
2355 4537 2528 4594 videri
2576 4535 2742 4589 Deum
2777 4533 2829 4586 in
2861 4533 3036 4586 forma
3070 4526 3312 4582 hominis
3359 4525 3498 4579 facie
3550 4527 3754 4594 Splen-

474 4633 841 4692 tmlitndinem
873 4632 992 4688 Dei.
1027 4630 1200 4690 Hodie
1250 4641 1486 4696 natura,
1511 4646 1634 4700 qua
1666 4631 1720 4685 in
1767 4632 2045 4690 montibus
2151 4635 2370 4688 dentem
2401 4631 2545 4684 sicut
2569 4626 2650 4681 sol
2681 4624 2954 4694 splendet,
2978 4631 3034 4679 et
3058 4637 3220 4688 supra
3244 4633 3408 4689 quam
3436 4616 3522 4670 sol
3551 4619 3754 4686 splen-

474 4733 782 4787 erraverat.
809 4731 868 4778 et
889 4723 1030 4778 idola
1066 4724 1335 4786 coluerat,
1365 4721 1485 4776 sine
1509 4721 1592 4776 sui
1622 4724 1947 4788 mutatione,
1987 4727 2040 4781 in

2153 4724 2247 4779 det
2288 4721 2674 4792 reinlgentem,
2706 4726 2764 4772 et
2818 4716 3002 4770 radios
3035 4711 3259 4768 luminis
3285 4711 3407 4766 sine
3443 4710 3750 4763 intermis-

473 4824 663 4871 montc
703 4814 953 4884 quaesita,
1005 4813 1325 4883 splendores
1373 4811 1680 4869 divinitatis
1722 4815 2040 4888 ηῐηιεθηιεε

2151 4816 2304 4871 sione
2343 4812 2451 4867 ulla
2493 4809 2816 4877 iacientem,
2851 4816 2906 4860 et
2953 4803 3260 4874 purissimo
3286 4801 3459 4871 digito
3495 4800 3581 4853 ori
3637 4814 3756 4853 suo

473 4908 681 4964 emisit.
717 4904 889 4962 Hodie
918 4906 1010 4975 qui
1039 4904 1244 4960 tunicis
1272 4904 1378 4959 illis
1411 4903 1686 4970 tristibus,
1713 4917 1770 4960 at
1797 4910 2040 4970 molestis

2154 4903 2411 4971 imposito
2442 4901 2546 4970 (c),
2576 4895 2860 4967 discipulis
2893 4894 2986 4964 qui
3019 4908 3146 4948 cum
3177 4907 3242 4948 eo
3277 4891 3389 4945 illic
3420 4897 3616 4950 erant,
3653 4889 3750 4942 di-

475 5002 684 5058 tnnicis
710 5001 937 5055 indutus
962 4996 1087 5062 fuit,
1119 4997 1374 5052 vestitum
1410 5012 1439 5051 a
1490 4998 1602 5052 Deo
1645 4997 1848 5054 iactum
1895 5018 2053 5058 sum.
2151 5000 2361 5049 centem
2391 5007 2405 5044 :
2447 4988 2540 5043 Sic
2574 4986 2860 5056 fulgebunt
2893 4984 3027 5054 justi
3071 4985 3124 5037 in
3155 4981 3575 5036 resurrectione
3606 4998 3621 5044 ;
3660 4979 3754 5034 sic

477 5095 606 5163 psit,
660 5092 896 5147 iuduens
925 5091 1108 5145 lumen
1165 5097 1417 5158 tanquam
1475 5089 1879 5147 vestimentum.
1938 5096 2040 5148 lmt

2152 5075 2628 5155 gloriﬁcabuntur,
2665 5080 2720 5133 in
2755 5079 2897 5132 hanc
2922 5074 3154 5144 gloriam
3179 5069 3659 5132 immutabuntus,
3692 5069 3751 5122 in

478 5159 644 5240 etiam
678 5184 766 5239 ille
797 5198 962 5238 aurea
1005 5181 1316 5252 eloquentia
1347 5180 1674 5252 'l‘hcologus,
1724 5184 1778 5236 in
1821 5184 2044 5241 homilia
2152 5174 2468 5249 huiusmodi
2510 5173 2719 5238 lumen,
2769 5171 2825 5225 in
2875 5170 3016 5224 hanc
3061 5167 3236 5236 ipsam
3291 5160 3630 5232 imaginem.
3691 5159 3750 5220 in

481 5277 548 5331 de
574 5276 784 5345 jejunio
814 5277 894 5332 sic
929 5275 1042 5332 ait:
1079 5274 1276 5328 Amisit
1319 5273 1490 5327 Adam
1521 5274 1775 5328 vestitum
1803 5276 2043 5332 immor-
2153 5272 2298 5327 hanc
2339 5266 2597 5339 speciem,
2633 5265 2686 5320 in
2712 5263 2956 5319 eamdem
2991 5256 3381 5315 beatitudinem
3410 5253 3754 5310 conforma-

481 5368 706 5425 talitatis
754 5370 990 5440 regium,
1024 5365 1454 5438 pulcherrimum
1507 5381 1672 5436 supra
1720 5381 1884 5436 quam
1939 5369 2048 5423 dici
2157 5366 2382 5427 buntur,
2415 5356 2722 5419 coniormes
2757 5364 2814 5412 et
2857 5365 3212 5412 consossores
3241 5347 3373 5404 lacti
3408 5345 3547 5401 mihi
3601 5343 3756 5401 Filio

550 5502 599 5535 "
616 5501 784 5561 Exod.
818 5518 900 5562 ut.
927 5503 1010 5557 Η.
1087 5501 1131 5535 ⁷⁷
1156 5500 1347 5555 Matth.
1377 5514 1516 5567 χχιι,
1549 5498 1636 5554 50.
1718 5499 1762 5532 ⁷⁵
1798 5500 1816 5556 l
1849 5498 2040 5555 Thess.
2080 5512 2152 5565 tv,
2209 5491 2296 5554 l6.

2230 5629 2639 5707 (c)_S_igItiﬁcal.
2671 5630 2819 5707 quod
2847 5625 3125 5706 discipulis
3154 5621 3264 5679 illic
3294 5616 3450 5683 dixit,
3507 5613 3750 5674 Nemini

556 5641 631 5707 (α)
662 5643 840 5697 idest.
865 5655 993 5695 vere
1022 5639 1146 5694 etin
1171 5640 1473 5694 substantia
1505 5652 1622 5691 sua.

2155 5702 2394 5758 dixeritis
2423 5703 2692 5756 visionem”;

555 5711 630 5776 (ο)
660 5710 715 5766 In
739 5710 985 5766 ouatione
1025 5711 1077 5765 iu
1111 5709 1347 5766 Natalem
1372 5709 1591 5765 Christi.
