3980 6208
265 334 365 397 85'!

922 338 1160 400 DECAS
1189 340 1287 401 VI.
1321 362 1392 374 --·
1426 337 1523 399 DE
1567 335 2213 398 APPARITIONIBUS
2239 335 2494 399 DIVINI
2516 334 2874 399 LUMINIS‘.

3406 335 3529 405 858

270 445 385 499 Dei.
418 443 483 498 Et
521 443 577 499 in
627 444 694 501 iis
726 460 847 515 qua:
892 446 947 499 in
1002 450 1105 502 hoc
1157 446 1356 503 festum
1394 457 1730 509 captantur:
1766 446 1838 503 Ut
1864 448 1915 506 A
1943 446 2144 521 inquit.
2174 450 2397 506 diabolo
2427 462 2479 507 et
2508 452 2721 520 angelis
2753 449 2874 519 ejus
2901 447 2970 502 ad
3008 455 3339 507 tormentum
3369 465 3517 520 pm-

266 535 607 595 ostcnderes.
648 536 852 605 inquit,
894 536 1332 593 immutationem
1369 539 1683 593 mortalium
1711 551 1835 592 cum

268 626 442 697 gloria
465 636 579 689 tua,
611 625 888 691 Salvator,
917 627 969 681 in
1004 628 1246 683 secundo
1268 643 1298 682 a
1319 628 1505 682 lventu
1536 636 1629 683 tuo
1658 627 1841 682 horri-

1940 548 2167 608 paratus
2199 539 2467 605 dividitur
2494 555 2630 595 voce
2669 539 2910 611 Domini,
2946 547 3005 593 ut
3030 537 3158 607 quia
3190 538 3390 607 duplex
3427 543 3512 601 vis
3552 570 3555 571 ν

1940 629 2082 686 inest
2105 630 2239 703 igni,
2266 646 2375 688 una
2396 632 2611 697 urendi,
2636 632 2805 689 altera
2828 630 3201 693 illuminandi,
3231 630 3358 684 illud
3396 646 3543 689 acre~

266 719 362 773 bih
403 726 667 781 loturam,
698 717 754 771 in
784 727 970 773 monte
1004 720 1426 789 transﬁguratus
1476 734 1558 775 es.
1605 718 1672 772 Et
1704 718 1842 773 Gre—
1938 731 1990 778 et
2020 738 2184 779 urens
2211 723 2394 793 dignis
2417 724 2657 779 cruciatu
2683 722 3223 793 relinquatur;un
3248 737 3375 776 vero
3398 723 3526 778 illuc

268 810 458 881 gorius
501 808 836 887 Theologus,
874 810 929 863 in
978 811 1229 864 oratione
1275 811 1328 864 in
1370 807 1612 864 Natalem
1663 806 1846 861 Domi-

269 900 323 956 ni
351 915 367 953 :
400 899 575 965 Quam
611 900 791 963 multi,
838 899 1040 969 inquit,
1076 900 1208 955 mihi
1255 909 1559 955 conventus
1604 897 1846 954 celebres

268 990 325 1044 in
357 990 593 1060 singulis
618 990 825 1045 Christi
859 990 1137 1057 mysteriis
1162 992 1185 1044 ?
1207 1005 1441 1061 quorum
1472 990 1714 1045 omnium
1749 1002 1845 1043 ca-

268 1092 369 1151 put
402 1096 572 1136 unum
620 1092 703 1136 est
736 1096 853 1137 mea
888 1082 1176 1151 perfectio,
1208 1091 1262 1137 et
1295 1082 1653 1147 instauratio,
1693 1089 1748 1135 et
1780 1079 1847 1135 ad

274 1174 515 1240 primum
567 1173 739 1227 Adam
784 1173 1056 1228 reversio.
1111 1174 1175 1227 Et
1222 1173 1519 1241 Gregorius
1566 1170 1850 1244 Nyssenus

274 1266 423 1320 libro
464 1265 644 1333 primo
672 1266 725 1318 in
752 1264 1120 1319 Ecclesiasten
1153 1282 1166 1319 :
1196 1262 1345 1319 Talis
1369 1263 1505 1318 facta
1530 1274 1614 1317 est
1640 1263 1847 1328 anima,

274 1356 461 1424 qualis
490 1371 685 1410 rursus
712 1365 898 1424 postea
930 1337 1542 1425 emundata'apparebit
1570 1372 1585 1420 ;
1640 1353 1746 1409 tale
1773 1351 1853 1408 fa-

269 1456 428 1500 ctum
460 1456 545 1499 est
583 1460 810 1514 corpus,
842 1447 984 1514 quod
1011 1446 1264 1500 manibus
1298 1443 1389 1499 Dei
1409 1443 1708 1499 formatum
1746 1452 1850 1507 est,

271 1537 444 1606 quale
470 1545 713 1605 tempore
746 1551 849 1591 suo
875 1536 1207 1591 resurrectio
1236 1536 1654 1589 demonstrabit.
1683 1534 1854 1603 Quale

265 1631 415 1682 enim
451 1638 571 1695 post
600 1630 1053 1684 resurrectionem
1084 1644 1207 1685 esse
1234 1629 1463 1694 videbis,
1498 1628 1604 1693 tale
1632 1629 1858 1685 omnino

267 1722 369 1775 fuit
393 1724 590 1790 primo;
612 1738 711 1777 nec
726 1724 873 1777 enim
896 1724 1041 1778 aliud
1062 1734 1142 1778 est
1162 1724 1510 1790 resurrectio,
1528 1738 1687 1791 quam
1708 1722 1856 1777 redi-

1944 816 2143 880 minat,
2170 824 2222 870 et
2246 814 2593 885 splendidum
2626 823 2732 881 est,
2759 816 3016 870 hilaritati
3045 816 3338 871 laetantium
3370 816 3528 871 attri-

1946 908 2168 963 buatur.
2221 907 2339 963 Vox
2402 907 2570 980 igitur
2617 906 2833 963 Domini
2885 906 3180 963 dividentis
3246 907 3536 963 ﬂammam.

1949 998 2114 1067 ignis,
2159 1006 2214 1052 et
2246 996 2574 1068 partientis;
2615 1005 2675 1051 ut
2705 996 2847 1067 ignis
2880 997 3137 1051 tormenti
3180 1011 3291 1050 non
3339 997 3535 1065 splen-

1954 1089 2082 1144 deat
2129 1099 2183 1145 et
2223 1090 2404 1145 lumen
2463 1090 2885 1147 resurrectionis
2918 1105 3024 1146 non
3056 1099 3200 1146 urat.
3231 1090 3296 1144 Et
3331 1105 3530 1147 rursus

1949 1178 2091 1234 libro
2121 1179 2297 1249 primo
2336 1177 2687 1234 Hexaemeri:
2724 1179 2873 1245 Erat,
2925 1178 3124 1248 inquit.
3162 1179 3380 1248 quidem
3409 1188 3527 1235 sta-

1953 1280 2042 1325 tus
2090 1270 2366 1340 antiquior
2417 1278 2541 1325 ortu
2595 1270 2808 1333 mundi,
2854 1270 2946 1340 qui
2998 1278 3298 1339 potestates
3332 1286 3527 1340 supra.-

1956 1361 2262 1417 mundanas
2294 1342 2547 1426 decebat,
2576 1376 2741 1431 supra
2773 1371 3010 1430 tempus,
3042 1371 3280 1419 aeternus
3312 1372 3367 1419 et
3392 1378 3523 1433 per-
3554 1390 3555 1393 η

1957 1464 2197 1524 petuus:
2236 1454 2289 1506 in
2320 1467 2387 1508 eo
2428 1462 2613 1507 autem
2652 1462 2795 1509 statu
2825 1462 3108 1509 creaturas
3145 1462 3338 1508 auctor
3360 1462 3416 1509 et
3450 1452 3549 1510 far

1959 1545 2201 1601 bricator
2245 1544 2491 1605 universi
2524 1544 2702 1625 etl‘ecit
2731 1564 2744 1611 ;
2777 1545 2959 1600 lumen
3006 1544 3345 1611 intellectile,
3381 1543 3532 1631 quo‘l

1965 1638 2292 1695 beatitudini
2322 1637 2667 1711 diligentiam
2695 1637 2985 1695 Dominum
3015 1636 3413 1701 conveniebat;
3446 1648 3553 1691 ra-‘

1966 1731 2133 1785 tionis
2156 1738 2458 1799 compotes,
2488 1740 2541 1785 et
2564 1729 2987 1798 inaspectabiles
3015 1738 3262 1789 naturas,
3285 1742 3534 1781 omnem-

267 1824 361 1867 tus
386 1816 453 1867 ad
477 1815 943 1885 antiquumJliuc
965 1818 1020 1871 lit
1043 1816 1392 1873 manifestum
1414 1819 1557 1887 quod
1576 1833 1695 1872 eam
1723 1818 1848 1888 pul~
1887 1799 1929 1853 Β
1968 1838 2074 1892 quc
2106 1823 2357 1877 ordinem
2393 1837 2603 1876 earum.
2628 1821 2697 1875 Et
2725 1819 3022 1891 Gregorius
3053 1818 3355 1890 Nyssenus,
3391 1818 3557 1872 libro

268 1911 646 1965 chritudinem
675 1928 836 1981 quam
858 1913 1053 1968 ‘habuit
1080 1915 1248 1969 Adam
1270 1923 1562 1983 antequam
1590 1929 1695 1968 non
1724 1916 1854 1969 obc-

266 2003 436 2064 diret,
491 2010 546 2055 ct
594 2018 717 2056 eum
755 2004 1123 2074 splendorem,
1153 2006 1205 2058 in
1242 2020 1352 2073 quo
1392 2015 1520 2065 tunc
1548 2005 1847 2060 secundum

268 2106 530 2145 naturam
581 2101 799 2147 creatus
844 2103 947 2157 est,
1006 2110 1152 2148 nunc
1198 2094 1467 2155 Dominus
1517 2096 1568 2147 in
1624 2108 1854 2163 corpore

267 2201 376 2240 suo
408 2184 650 2237 humano
679 2200 1035 2254 recuperasse
1062 2196 1315 2240 naturam
1351 2188 1643 2249 humanam
1675 2186 1854 2256 praeli-

268 2278 514 2344 guravit,
544 2291 668 2329 cum
699 2277 751 2329 in
781 2286 965 2331 monte
996 2275 1215 2332 Thabor
1235 2280 1359 2347 plus
1387 2294 1549 2347 quain
1571 2277 1649 2331 sol
1672 2277 1854 2346 Splen-

270 2370 390 2421 duit
422 2382 436 2429 ;
474 2375 659 2440 postea
692 2376 872 2421 tamen
939 2380 1060 2437 post
1089 2370 1549 2427 resurrectionem
1580 2384 1736 2425 suam
1777 2368 1855 2425 si-

273 2469 371 2513 cut
410 2469 665 2512 naturam
712 2459 781 2513 ab
809 2459 1033 2513 interitu
1070 2460 1343 2528 liberat-it,
1393 2470 1449 2521 et
1494 2461 1855 2519 immortalem

274 2546 545 2609 reddidit,
580 2548 661 2601 sic
708 2545 755 2599 ei
796 2555 971 2623 totum
1008 2547 1353 2614 splendorem
1393 2549 1651 2623 restituit,
1689 2549 1858 2602 multo

276 2640 496 2709 majore
529 2653 694 2705 quam
728 2638 834 2692 dici
872 2647 1050 2708 potest
1087 2680 1102 2705 ,
1135 2639 1342 2694 lumine
1364 2641 1570 2694 circum
1600 2654 1720 2693 eam
1744 2638 1860 2694 col-

275 2732 500 2793 lucens,
534 2731 851 2800 habensque
882 2746 1066 2785 secum
1100 2732 1194 2799 qui
1230 2740 1659 2801 consequantur,
1682 2733 1863 2801 iustos

275 2823 408 2890 plus
440 2823 556 2875 sole
584 2820 855 2891 fulgentes
882 2839 896 2876 :
942 2822 1089 2892 quod
1130 2822 1175 2877 si
1210 2837 1320 2878 non
1353 2822 1507 2891 plene
1536 2834 1590 2878 et
1624 2824 1864 2893 perfecte
1895 2895 1904 2903 _

277 2913 474 2993 hodie,
515 2922 571 2967 at
619 2923 765 2967 certe
793 2913 845 2967 in
876 2914 1153 2968 communi
1180 2913 1394 2987 generis
1425 2914 1650 2970 humani
1679 2928 1869 2971 resur-

276 3010 557 3071 rectione,
606 3022 729 3059 cum
765 3020 867 3061 nos
899 3006 953 3059 in
1003 3021 1067 3060 ea
1118 3006 1233 3075 ipsa
1282 3015 1479 3069 natura
1529 3004 1866 3062 immortales

1965 1914 2145 1981 primo
2174 1909 2618 1979 Coufutationum
2642 1911 2696 1964 in
2742 1909 3084 1972 Eunomittm,
3114 1923 3171 1966 c.
3203 1909 3311 1965 26:
3347 1909 3557 1965 Omni-v

1966 2005 2089 2077 bus,
2118 2003 2321 2071 inquit,
2344 2001 2585 2058 arbitror
2615 2008 2803 2057 notum
2826 2016 2969 2064 esse,
2995 2017 3090 2057 eos
3122 2000 3270 2065 dico,
3297 2001 3388 2069 qui
3420 2014 3557 2056 tne--

1961 2094 2223 2151 diocriter
2260 2108 2324 2149 ea
2367 2108 2488 2162 quae
2517 2102 2669 2155 sunt,
2716 2092 3227 2158 cousideraverung
3259 2093 3402 2160 quod
3436 2107 3558 2147 aur

1962 2195 2080 2245 ctor
2110 2183 2374 2250 universi,
2407 2184 2503 2254 qui
2543 2184 2765 2251 saecula,
2805 2183 2920 2240 sive
2945 2199 3145 2248 aevum,
3184 2193 3243 2237 et
3271 2183 3448 2239 locum
3479 2183 3559 2237 in

1963 2282 2064 2338 eis,
2101 2286 2360 2347 tauquam
2394 2277 2794 2345 receptaculum
2821 2290 3013 2331 eorum
3041 2291 3163 2345 qua
3189 2276 3243 2329 in
3275 2276 3357 2329 eis
3393 2274 3561 2329 facta“

1963 2381 2113 2431 sunt.
2143 2369 2343 2433 eﬂ‘ecit,
2370 2369 2425 2424 in
2456 2368 2559 2424 bis
2582 2379 2737 2425 creat
2757 2368 2944 2423 omnia
2970 2383 2986 2432 ;
3028 2382 3128 2424 nec
3172 2369 3333 2423 enim
3358 2376 3541 2434 potest

1964 2464 2263 2533 quidquam
2309 2477 2503 2519 eorum
2551 2476 2673 2531 quae
2715 2468 2896 2517 creata
2936 2468 3089 2525 sunt,
3139 2460 3223 2515 vel
3256 2469 3557 2521 creantur,

1968 2570 2075 2608 non
2104 2569 2228 2609 esse
2257 2554 2340 2609 vel
2386 2554 2451 2610 in,
2493 2552 2637 2617 loco,
2671 2552 2752 2603 vel
2785 2551 2838 2604 in
2889 2558 3155 2619 tempore.
3203 2550 3275 2604 Et
3309 2564 3540 2621 magnus

1966 2645 2322 2707 Athanasius,
2357 2644 2496 2697 libro
2544 2642 2787 2699 secundo
2816 2639 3018 2695 Contra
3059 2640 3336 2695 Arianae:
3370 2640 3549 2709 Igitur

1969 2738 2141 2792 multo
2189 2736 2361 2806 magis
2399 2734 2597 2791 Petrus
2623 2747 2733 2788 non
2770 2741 3084 2788 creaturam
3114 2747 3239 2788 esse
3271 2730 3549 2803 signiﬁca-

1970 2830 2084 2895 bat,
2109 2842 2233 2883 cum
2262 2827 2368 2881 huc
2397 2825 2581 2881 aiebat
2606 2841 2621 2891 ;
2647 2824 2858 2880 sciebat
2878 2824 3025 2878 enim
3052 2838 3179 2879 esse
3194 2822 3394 2878 Filium
3424 2822 3556 2886 Dei,

1970 2935 2134 2988 quem
2165 2918 2452 2973 confessus
2481 2924 2622 2981 erat,
2655 2914 2909 2985 inquiens
2934 2932 2947 2968 :
2974 2912 3053 2967 Tu
3081 2929 3136 2968 es
3168 2912 3416 2968 Christus
3446 2911 3545 2968 Fi-

1972 3008 2075 3064 lius
2113 3008 2205 3061 Dei
2240 3006 2341 3060 vivi
2362 3005 2408 3037 ⁸⁰
2436 3022 2452 3061 :
2489 3004 2586 3060 sed
2618 3003 2798 3074 potius
2830 3002 3200 3073 signiﬁcabat,
3233 3008 3460 3071 regnum
3489 3011 3549 3058 et

279 3098 439 3171 tacti,
473 3107 673 3151 statum
710 3096 913 3153 Christi
947 3097 1203 3161 similem,
1231 3104 1285 3152 et
1316 3097 1698 3154 beatissimum
1732 3111 1857 3153 euut
1888 3109 1934 3169 ο
1967 3102 2309 3156 dominatum
2340 3098 2461 3167 ejus
2492 3098 2547 3152 in
2576 3097 2734 3152 nobis
2758 3110 2852 3166 per
2870 3096 3100 3166 gratiam
3124 3103 3372 3150 creatum
3400 3108 3547 3159 esse,

277 3191 509 3244 Christo
534 3205 911 3265 assequentur,
944 3206 1067 3244 cum
1103 3188 1324 3245 Christo
1354 3190 1613 3246 choreum
1645 3190 1857 3245 ducen-

277 3290 368 3335 tes
399 3297 414 3331 :
453 3279 576 3333 linis
608 3280 753 3333 enim
787 3279 1077 3334 cbaritatis
1113 3278 1417 3335 Salvatoris
1445 3294 1574 3350 erga
1609 3293 1707 3334 nos
1751 3292 1879 3333 ma-.

274 3374 428 3444 joris
459 3388 623 3442 quam
666 3380 725 3426 ut
753 3371 977 3441 cogitari
1012 3371 1210 3447 possit,
1276 3384 1465 3427 nostra
1497 3370 1758 3441 perfectio
1786 3377 1869 3425 est

280 3476 339 3521 et
377 3464 729 3526 instauratio,
758 3473 812 3517 et
834 3466 898 3518 ad
931 3464 1165 3534 primum
1193 3464 1361 3518 Adam
1388 3460 1871 3517 reditusaChristo

284 3575 392 3631 per
451 3558 845 3612 humanitatem
901 3571 1052 3611 suam
1110 3554 1520 3626 sapientissime
1559 3552 1869 3609 confectus.

884 3663 1112 3729 CAPUT
1159 3663 1291 3720 Vill.

292 3789 457 3856 Quod
487 3788 556 3840 sit
582 3782 867 3839 secundum
900 3781 1181 3856 essentiam
1218 3782 1458 3856 laturum
1490 3775 1665 3856 tamen
1697 3788 1875 3827 resur-

367 3858 646 3918 rectionis,
686 3867 735 3909 et
773 3852 908 3921 quod
942 3853 1008 3905 sit
1047 3844 1261 3921 regnum
1296 3847 1391 3901 Dei
1425 3844 1575 3921 nobis
1608 3859 1879 3921 praparaf

370 3942 509 3991 ιιινη,
541 3938 587 3981 et
624 3913 739 3996 qua:
770 3913 958 3975 civitas
996 3913 1246 3980 ca’lestis,
1280 3932 1397 3988 qua:
1432 3916 1500 3969 ad
1536 3930 1749 3985 regnum
1781 3913 1878 3967 Dei

368 4001 622 4065 pertinet.

377 4112 609 4179 Magnus
657 4104 890 4159 Basilius
943 4103 998 4157 in
1032 4100 1259 4156 liomilia
1309 4107 1464 4153 sexta
1512 4096 1880 4153 Ilexaemeri:

302 4204 413 4257 Ne
471 4217 597 4271 ego,
640 4196 840 4266 inquit,
889 4196 1013 4249 dico
1060 4207 1220 4262 posse
1256 4200 1305 4244 te
1355 4200 1449 4244 aut
1496 4205 1580 4243 me
1614 4190 1795 4243 lumen
1853 4203 1882 4241 a

303 4310 541 4363 corpore
570 4291 702 4346 solis
734 4302 1047 4351 secernere,
1100 4283 1195 4339 sed
1232 4285 1379 4353 quod
1403 4297 1467 4336 ea
1499 4296 1619 4351 qum
1662 4297 1691 4335 a
1729 4281 1885 4335 nobis
1906 4328 1925 4337 -

304 4388 646 4454 cogitatione
676 4380 918 4451 separari
952 4388 1203 4447 possunt,
1253 4382 1484 4445 possunt
1531 4383 1656 4428 actu
1685 4373 1754 4427 ab
1790 4388 1887 4426 au-

1970 3200 2026 3246 et
2055 3191 2344 3246 exsistere.
2385 3188 2450 3241 Et
2470 3188 2688 3242 divinus
2713 3184 3138 3256 Cbrysostomus
3189 3182 3243 3237 in
3291 3184 3548 3239 oratione

1971 3299 2134 3353 quam
2162 3282 2440 3350 inscripsit
2478 3289 2668 3335 contra
2700 3277 3011 3342 haereticos,
3040 3285 3097 3331 et
3129 3277 3183 3330 in
3228 3276 3545 3346 petitionem

1974 3372 2209 3427 ﬁliorum
2239 3367 2507 3432 Zebedzei,
2534 3381 2657 3434 quae
2694 3366 2883 3433 incipit
2910 3388 2922 3416 -.
2945 3364 3074 3418 Heri
3105 3378 3170 3418 ea;
3194 3363 3329 3417 bello
3353 3364 3549 3417 reversi

1974 3479 2180 3525 sumus,
2221 3460 2545 3521 Considera,
2586 3458 2788 3526 inquit,
2815 3457 2983 3512 etiam
3014 3456 3101 3511 hic
3130 3456 3357 3511 multam
3386 3469 3550 3525 gene-

1976 3558 2055 3612 ris
2106 3554 2279 3609 nostri
2330 3549 2795 3618 procurationem,
2839 3562 2965 3602 cum
3003 3547 3251 3615 loquitur
3305 3546 3374 3600 iis
3409 3562 3550 3615 quos

1978 3662 2180 3706 corona
2215 3644 2417 3698 donat:
2446 3640 2650 3704 Venite,
2678 3639 2879 3704 iuqttit,
2909 3637 3165 3706 benedicti
3200 3636 3401 3699 Patris,
3425 3651 3551 3704 poe-

1980 3741 2148 3796 sidete
2198 3744 2443 3805 paratum
2494 3732 2634 3786 vobis
2694 3744 2912 3799 regnum
2958 3736 3083 3780 ante
3126 3727 3555 3779 constitutionem

1983 3831 2207 3891 mundi;
2239 3828 2308 3883 iis
2336 3838 2468 3880 vero
2502 3822 2597 3893 qui
2636 3831 2984 3889 torquentur,
3019 3832 3128 3871 non
3163 3817 3340 3870 dixit:
3378 3816 3553 3871 Rece-

1983 3925 2095 3977 dite
2124 3935 2154 3974 a
2188 3934 2292 3982 me,
2326 3913 2622 3977 maledicti,
2652 3912 2707 3967 in
2737 3911 2913 3981 ignem
2948 3917 3200 3978 paratum
3246 3906 3427 3972 vobis,
3458 3907 3555 3961 sed

1986 4021 2233 4084 paratum
2272 4008 2486 4067 dioboto
2532 4016 2582 4061 et
2630 4003 2831 4074 angelis
2871 4001 2988 4069 ejus
3012 3999 3082 4065 ³⁸,
3134 4012 3363 4067 regnum
3409 3996 3554 4051 enim

1991 4102 2305 4160 hominibus
2334 4096 2679 4168 praeparavit,
2713 4093 3018 4164 gehennam
3059 4105 3192 4145 vero
3237 4105 3344 4144 non
3381 4088 3557 4144 homi-

1992 4196 2177 4259 nibus,
2216 4191 2421 4259 inqttit,
2467 4190 2560 4243 sed
2587 4185 2803 4239 diabolo
2832 4192 2881 4237 et
2912 4181 3113 4252 angelis
3148 4182 3287 4250 ejus.
3322 4180 3479 4244 Quod
3511 4181 3559 4234 si

1991 4299 2090 4337 vos
2118 4284 2199 4337 sit:
2233 4281 2397 4334 vitam
2428 4276 2675 4346 egeritis,
2724 4286 2783 4329 ut
2826 4273 2977 4342 digni
3030 4273 3301 4341 supplicio
3344 4280 3403 4327 et
3431 4287 3560 4325 cru-

1993 4377 2140 4430 ciatu
2169 4373 2312 4438 sitis,
2345 4384 2563 4438 aequum
2598 4379 2683 4422 est
2717 4374 2777 4418 ut
2820 4366 2978 4421 vobis
3012 4364 3115 4433 ipsi
3142 4365 3320 4433 ignem
3348 4378 3561 4431 praepa-

302 4453 462 4533 ctoxe
497 4488 709 4531 natura:
737 4472 981 4543 separari
1011 4488 1025 4523 :
1062 4470 1335 4541 siquidem
1363 4477 1417 4523 et
1441 4478 1501 4523 tu
1535 4467 1641 4523 vim
1670 4466 1887 4542 utendi,
1918 4453 1969 4512 D
1998 4479 2149 4521 rasse
2195 4458 2619 4525 existimemini.
2662 4458 2742 4512 Ac
2796 4456 2917 4509 vide
2963 4463 3171 4524 quanta
3232 4454 3308 4507 sit
3353 4453 3443 4507 Dei
3496 4455 3569 4508 ad

299 4587 432 4640 qtae
463 4576 517 4621 in
548 4568 673 4635 igne
711 4565 878 4625 inest,
934 4577 964 4615 a
1011 4562 1303 4630 splendore
1335 4560 1455 4629 ejus
1490 4572 1748 4628 separare
1777 4570 1888 4611 non

305 4674 517 4730 potes;
552 4669 606 4711 ut
660 4658 801 4711 Dens
855 4669 978 4709 cum
1018 4651 1179 4706 vellet
1219 4650 1484 4705 famulum
1524 4664 1685 4704 suum
1718 4645 1894 4709 admi-

304 4743 477 4807 rabili
511 4748 773 4803 miraculo
805 4754 1144 4821 convertere,
1180 4742 1357 4812 ignem
1386 4740 1570 4810 injecit
1602 4741 1764 4805 rubo,
1802 4736 1896 4807 qui

304 4864 337 4897 a
397 4843 521 4897 solo
569 4838 856 4908 splendore
893 4836 1237 4891 etlicientiam
1287 4833 1529 4897 haberet,
1578 4831 1894 4886 facultatem

306 4952 454 4990 vero
485 4934 674 4988 urendi
708 4946 963 5003 vac‘uam,
992 4938 1045 4983 et
1069 4928 1202 4982 nihil
1227 4936 1475 4996 agentem
1503 4942 1517 4991 ;
1551 4924 1695 4979 sicut
1722 4920 1894 4987 David

308 5034 580 5098 testatur,
609 5039 733 5077 cum
768 4993 886 5075 ait:
929 4993 1034 5074 lica:
1072 5020 1281 5074 Domini
1312 5016 1588 5070 dividentis
1623 5015 1900 5084 ﬂammam

315 5119 468 5187 ignis
496 5116 576 5179 ”;
618 5115 759 5168 unde
806 5127 986 5167 sermo
1030 5112 1257 5181 quidam
1292 5111 1465 5163 fertur
1508 5121 1764 5171 arcanus,
1808 5102 1903 5173 qui

316 5225 435 5264 nos
470 5207 627 5260 docet
653 5206 705 5259 in
739 5204 1276 5259 remunerationibns
1303 5215 1551 5271 operam,
1580 5200 1702 5251 vita:
1737 5195 1903 5264 hujus

313 5300 679 5354 dividendam
708 5312 831 5352 esse
866 5306 1115 5351 naturam
1152 5294 1331 5364 ignis;
1365 5303 1418 5345 et
1462 5292 1643 5345 lumen
1678 5289 1901 5359 quidem

308 5392 494 5463 iustis
519 5392 593 5444 ad
616 5388 926 5451 fruendum,
955 5396 1159 5456 partem
1182 5399 1309 5439 vero
1331 5382 1519 5437 urendi
1545 5382 1609 5435 ad
1634 5380 1902 5452 dolerent,

315 5485 446 5540 reis
481 5483 797 5552 torqueudis
827 5478 1216 5536 secernendam
1242 5490 1381 5531 esse.
1421 5475 1487 5528 Et
1520 5489 1712 5529 rursus
1760 5472 1901 5525 idem

317 5574 556 5631 Psaltuo
580 5573 847 5629 vicesimo
871 5580 1063 5626 octavo
1087 5570 1140 5623 in
1162 5567 1386 5623 bomilia
1407 5565 1690 5620 muralium
1722 5582 1731 5616 :
1762 5560 1904 5631 ignis

1991 4556 2318 4621 cbaritatem
2347 4567 2474 4621 erga
2508 4548 2759 4602 homines
2781 4546 3108 4615 propensio:
3137 4544 3379 4597 nondum
3402 4554 3567 4598 erant

1992 4649 2086 4718 qui
2118 4654 2411 4705 certarent,
2442 4649 2499 4696 et
2521 4640 2635 4711 jam
2678 4631 2900 4692 corona:
2926 4645 2983 4690 et
3007 4633 3226 4703 praemia
3263 4642 3566 4703 przeparata

1996 4746 2190 4793 erant:
2216 4730 2492 4788 Possidete
2540 4729 2711 4793 enim,
2742 4729 2941 4796 inquit,
2966 4739 3182 4795 regnum
3209 4735 3454 4792 paratum
3482 4739 3571 4777 vo-

1995 4829 2072 4881 bis
2118 4808 2241 4880 ante
2276 4823 2710 4879 constitutionem
2742 4818 2950 4875 mundi.
2981 4818 3129 4887 idem
3168 4818 3408 4871 iterum:
3449 4815 3568 4869 Non

1998 4920 2176 4975 solum
2203 4932 2303 4973 nos
2332 4932 2363 4972 a
2388 4914 2676 4969 tormentis
2699 4911 2951 4966 liberavit
2976 4909 3245 4973 Christus,
3277 4906 3374 4962 sed
3400 4907 3567 4960 etiam

1997 5012 2164 5063 vitam
2216 5006 2374 5061 nobis
2422 5003 2646 5060 donavit
2696 5002 2867 5055 multo
2916 4997 3355 5068 splendidiorem,
3405 5007 3569 5061 quam

2000 5108 2121 5154 erat
2142 5098 2289 5167 prior
2316 5115 2329 5159 ;
2367 5095 2420 5150 in
2447 5095 2611 5149 alium
2637 5108 2737 5148 nos
2765 5090 3068 5161 introduxit
3092 5087 3378 5149 mnndutu,
3408 5083 3569 5137 aliam

1997 5201 2299 5246 Cl‘ﬂnltll‘ﬂﬂl
2333 5188 2528 5243 ell‘ecit.
2561 5186 2626 5241 Et
2656 5195 2879 5240 sanctus
2930 5182 3114 5236 Isaac:
3148 5179 3325 5243 Time,
3375 5177 3573 5245 inquit,

2000 5285 2196 5345 Deum,
2228 5290 2281 5335 et
2311 5282 2516 5338 senties
2548 5279 2642 5349 qui
2676 5289 2727 5333 te
2759 5276 2937 5338 finxit.
3008 5286 3063 5327 et
3100 5274 3345 5349 roborat,
3378 5279 3432 5323 et
3476 5284 3576 5322 cu-

2010 5375 2201 5436 smdit,
2250 5382 2304 5427 ct
2337 5372 2430 5442 qui
2476 5348 2693 5442 propter
2724 5379 2773 5424 te
2817 5367 3087 5434 duplicem
3122 5348 3398 5418 .mundum
3428 5356 3576 5423 fecit,

2012 5482 2181 5521 unum
2212 5465 2429 5532 quidem
2456 5473 2713 5531 tanquam
2746 5457 3066 5527 magistrum
3100 5462 3155 5507 et
3186 5450 3578 5511 institutorem,

2010 5570 2387 5612 Verumtamen
2421 5555 2685 5608 caducum
2719 5571 2730 5616 ;
2770 5550 3000 5604 alterum
3038 5556 3163 5601 vero
3190 5553 3449 5612 tanquam
3478 5539 3578 5594 do-

412 5747 621 5805 "Psal.
682 5764 868 5816 xxviii,
930 5751 980 5803 7.
1058 5747 1102 5776 ⁸ο
1140 5743 1323 5801 Matth.
1367 5740 1591 5809 “1,113.
1671 5739 1712 5769 “
1771 5736 1963 5790 .llattb.
2022 5750 2149 5801 xxv,
2196 5732 2282 5795 δι,
2339 5730 2425 5785 il.
