3980 6208
399 213 513 278 8.8

1577 205 1913 270 IOANNIS
1938 182 2510 265 crpaatsstﬁ'm

3532 194 3655 258 εω

397 341 552 382 mum
582 336 891 398 paternam,
917 334 970 380 et
999 321 1374 379 baereditatem
1413 330 1563 377 tuam
1589 332 1871 378 aeternam.
1906 320 1963 375 Et
1996 320 2327 384 Astantias,
2367 318 2565 390 inquit,
2605 331 2712 373 non
2746 325 3010 386 tanquam
3070 310 3470 387 symbolorum,
3520 324 3646 381 qua

399 431 634 485 magnus
668 414 896 470 Basilius
929 413 983 467 in
1021 411 1391 467 Hexaemera:
1428 411 1599 478 Quid,
1648 411 1847 482 inquit,
1876 411 1966 464 il-la

402 503 750 560 beatitudine
776 502 999 570 dignum
1033 502 1271 570 cogitare
1300 500 1425 571 quis
1456 511 1657 571 potest,
1690 517 1850 569 quam
1882 501 1973 555 lte-

402 596 570 651 tlﬂcat
606 595 804 648 ﬂumen
854 592 943 647 Dei
967 632 981 656 ,
1014 602 1066 647 et
1095 593 1214 662 ejus
1273 592 1465 648 artifex
1497 603 1552 648 et
1574 593 1867 648 fabricator
1889 603 1972 647 est

406 685 572 747 Deus,
607 698 772 753 quam
806 683 1007 738 Paulus
1038 684 1317 737 civitatem
1351 684 1631 738 ctelestem
1667 695 1828 738 vocat
1861 685 1973 740 illis

402 783 786 844 praeparatam,
817 774 908 842 qui
942 784 1165 843 propter
1193 773 1352 829 ﬁdem
1390 775 1485 828 Dei
1511 776 1758 829 civitates
1792 782 1973 828 terre-

403 881 507 922 nas
534 865 931 932 reliquerunt?
973 866 1154 934 cujus,
1193 865 1393 934 inquit,
1445 866 1643 921 artifex
1687 875 1739 921 et
1781 878 1973 922 auctor

402 955 579 1009 Deus.
603 952 681 1007 Εἰ
708 955 909 1022 quibus
934 953 992 1009 iit
1025 954 1403 1018 manifestum,
1432 956 1573 1024 quod
1612 956 1856 1010 futurum
1883 958 1975 1009 In-

405 1059 528 1100 men
562 1045 982 1099 resurrectionis
1015 1044 1318 1099 secundum
1364 1045 1658 1100 essentiam
1711 1046 1973 1114 splendor

402 1146 489 1191 est
525 1136 688 1205 ignis,
726 1135 1003 1205 splendor,
1030 1135 1275 1204 inquam,
1311 1145 1595 1203 separatus
1629 1136 1697 1189 ab
1723 1136 1869 1205 igne,
1902 1136 1972 1190 ab

404 1228 471 1282 eo
499 1229 591 1297 qui
623 1227 802 1296 ignem
832 1226 1060 1289 creavit,
1113 1226 1207 1295 qui
1241 1226 1588 1294 splendorem
1624 1227 1846 1295 quidem
1879 1226 1972 1293 ju-

404 1318 509 1373 stiti
552 1318 621 1371 ad
661 1316 1116 1371 iliuminationem
1166 1317 1448 1381 attribuit;
1481 1318 1588 1371 vim
1623 1333 1752 1371 vero
1781 1319 1973 1372 urendi

409 1413 483 1469 iis
504 1414 599 1483 qui
637 1413 1007 1482 deliquerunt,
1042 1412 1106 1465 ad
1134 1412 1403 1466 dolorem.
1434 1411 1589 1465 Sicut
1612 1411 1757 1466 enim
1790 1413 1973 1466 lmtitia

404 1504 571 1574 justis
625 1510 752 1559 ante
790 1501 1236 1557 constitutionem
1291 1500 1475 1556 mundi
1526 1511 1712 1570 parata
1747 1511 1850 1565 est,
1897 1503 1979 1556 sic

410 1595 541 1649 item
576 1594 755 1661 iisqui
788 1600 1170 1663 peccaverunt,
1202 1592 1530 1661 supplicium
1559 1608 1572 1645 :
1598 1602 1651 1646 et
1674 1592 1813 1647 sicut
1836 1607 1973 1646 nova

406 1693 463 1739 et
494 1684 752 1739 inusitata
784 1694 867 1738 est
895 1683 1043 1737 illius
1072 1683 1215 1751 ignis
1250 1683 1401 1737 ustio
1431 1682 1581 1754 (non
1613 1683 1754 1737 enim
1784 1698 1978 1738 consu-

407 1774 507 1825 mit
539 1786 602 1826 ea
627 1787 747 1841 quae
793 1772 847 1825 in
877 1787 1002 1825 eum
1037 1771 1235 1840 injecta
1259 1781 1406 1837 sunt,
1438 1772 1504 1826 ad
1557 1772 1731 1826 instar
1762 1782 1970 1827 natura:

2070 411 2154 465 vel
2181 425 2366 475 sensu,
2393 411 2474 465 vel
2508 418 2687 466 mente
2708 408 3102 480 percipiantur,
3150 405 3519 475 spectatrices,
3545 420 3643 459 ne-

2070 517 2175 579 que
2214 502 2475 556 varietate
2491 500 2971 571 contemplationis
3005 513 3289 555 sacrarum
3329 496 3645 567 Scriptura-

2073 608 2192 648 rum
2224 594 2289 648 ad
2314 593 2482 648 Deum
2507 594 2748 649 elevalas
2770 611 2786 659 ;
2807 592 2899 647 sed
2927 602 3183 662 tauquam
3244 590 3393 645 omni
3450 588 3646 668 cogni-

2075 684 2223 739 tione
2251 685 2484 754 simplici
2516 684 2728 738 altioris
2760 681 2986 737 luminis
3012 681 3279 750 expletas.
3312 690 3366 735 et
3394 686 3649 733 contem-

2070 777 2312 846 platiooe
2342 777 2492 830 illius
2519 774 2965 844 pulchritudinis,
3022 788 3145 843 qua
3195 781 3277 827 est
3300 770 3542 827 eiTectrix
3590 776 3653 825 et

2072 870 2227 937 origo
2255 867 2709 938 pulchritudinis,
2730 877 2785 923 et
2805 884 2935 937 quae
2950 883 3112 936 supra
3130 866 3494 920 substantiam
3532 876 3640 929 est,

2073 967 2128 1012 et
2159 959 2209 1012 in
2237 958 2408 1011 tribus
2439 958 2710 1027 splendet.
2767 967 3039 1025 quatenus
3090 953 3173 1010 ias
3231 966 3337 1020 est,
3387 955 3646 1015 refertas,

2073 1048 2477 1102 ctimmunionis
2508 1064 2637 1102 vero
2667 1045 2795 1103 Iesu
2823 1047 3091 1109 similiter
3138 1046 3430 1115 participes
3470 1045 3660 1098 laetas.

2076 1154 2183 1191 non
2214 1140 2267 1192 in
2306 1139 2635 1208 imaginibus
2660 1148 2849 1194 sancte
2901 1137 3230 1197 informatis.
3296 1151 3418 1205 qu:e
3476 1136 3646 1188 veluti

2076 1230 2349 1284 forinaein
2408 1231 2487 1284 eis
2521 1230 2771 1284 deificam
2828 1229 3239 1284 similitudinem
3309 1226 3649 1296 exprimant,

2076 1320 2168 1374 sed
2198 1328 2461 1388 tanquam
2488 1335 2612 1374 vere
2642 1320 2710 1375 ad
2736 1334 2861 1374 eum
2922 1318 3500 1388 appropinquantesin
3530 1317 3655 1385 ipsa

2079 1412 2252 1479 prima
2300 1411 2716 1481 participatione
2787 1410 3120 1482 cognitionis
3183 1411 3447 1463 luminum
3505 1407 3648 1475 ejus,

2078 1517 2197 1569 quae
2228 1501 2419 1557 deilica
2451 1509 2604 1567 sunt,
2636 1510 2747 1556 etc.
2778 1501 2857 1557 Ac
2880 1516 3071 1556 rursus
3100 1500 3240 1555 idem
3294 1514 3418 1567 cap.
3455 1500 3513 1564 ι,
3577 1498 3654 1551 De

2078 1592 2267 1646 divinis
2292 1591 2588 1645 nominibus
2618 1606 2635 1646 :
2665 1591 2823 1647 Nunc
2860 1599 3043 1646 autem
3101 1590 3490 1645 celebrandum
3542 1605 3645 1640 no-

2085 1680 2169 1734 bis
2236 1680 2492 1733 laudibus
2530 1688 2613 1734 est
2652 1694 2851 1734 nomen
2920 1677 3166 1742 luminis,
3215 1693 3325 1747 quo
3373 1691 3652 1733 summum

2081 1773 2280 1826 bonum
2311 1771 2667 1835 nominatur;
2694 1784 2972 1825 summum
3004 1771 3151 1824 enim
3184 1769 3387 1823 bonum
3450 1769 3658 1821 dicitur

409 1862 552 1931 ignis
580 1861 727 1931 quia
751 1861 923 1917 nobis
938 1876 1084 1916 nune
1103 1865 1348 1935 cernitur
1369 1881 1389 1927 ;
1409 1862 1502 1917 sed
1530 1862 1710 1931 potius
1734 1863 1972 1917 dolorem
2073 1861 2262 1916 lumen
2288 1861 2620 1921 intelle‘ctde.
2654 1860 2781 1931 quia
2807 1874 3027 1914 omnem
3070 1870 3307 1913 men-tem
3367 1873 3661 1927 supr-acte-

409 1953 638 2024 quidem
672 1955 963 2023 aequalem,
1000 1963 1096 2010 aut
1136 1954 1401 2025 majorem
1451 1955 1616 2011 infert
1644 1957 1866 2027 injectis
1916 1958 1973 2011 in

407 2058 560 2109 eum,
600 2060 630 2099 a
677 2046 1052 2102 consumendo
1100 2059 1230 2102 vero
1262 2047 1475 2103 alienus
1503 2051 1650 2118 est).
1676 2048 1757 2104 sic
1807 2050 1973 2102 etiam

410 2133 746 2190 illuminatio
788 2135 879 2189 illa
913 2134 967 2189 in
1006 2136 1291 2191 meliorem
1322 2142 1541 2190 mutata
1567 2145 1671 2203 est,
1700 2152 1862 2206 qua-tn
1906 2137 1978 2191 sit

410 2234 605 2281 nostra
652 2224 1015 2290 illuminatio;
1047 2234 1253 2295 estque
1275 2224 1521 2282 caelestis
1551 2234 1606 2281 et
1634 2225 1977 2294 inseparabi-

411 2316 505 2383 lis,
538 2327 594 2371 et
638 2317 816 2372 Oculis
860 2317 1261 2372 immortalibus
1305 2316 1614 2371 immortale
1653 2317 1857 2371 lumen.
1896 2318 1975 2372 Ad

411 2404 828 2462 similitudinem
860 2406 1033 2475 igitur
1069 2406 1495 2464 illuminationis
1539 2423 1766 2477 regnum
1814 2424 1978 2478 para-

415 2503 529 2550 tum
559 2496 743 2567 justis.
774 2504 858 2552 est
877 2497 1131 2553 eﬂ'ectum
1162 2505 1217 2552 et
1244 2505 1489 2553 creatum
1516 2511 1547 2551 a
1575 2497 1681 2551 Deo
1708 2498 1979 2562 universi,

414 2587 510 2655 qui
542 2590 777 2641 mundos
811 2586 949 2642 duos
976 2588 1176 2650 eﬂ’ecit,
1214 2602 1385 2641 unum
1432 2588 1653 2655 quidem
1706 2589 1852 2641 hunc
1886 2603 1983 2642 no-

416 2689 592 2734 strum
622 2680 885 2734 caducum
915 2692 969 2734 et
996 2680 1268 2749 fragilem,
1300 2682 1534 2735 alterum
1565 2695 1692 2733 vero
1719 2691 1979 2734 :eternam
2012 2684 2015 2687 ⁷

417 2771 670 2834 domum,
716 2779 771 2824 et
807 2772 1083 2825 cmicstem
1116 2780 1279 2841 atque
1312 2770 1645 2825 immobilem
1679 2770 1978 2837 civitatem,

416 2869 473 2914 et
516 2868 778 2914 uernum
804 2858 925 2928 ejus
964 2876 1215 2929 regnum,
1247 2871 1302 2915 et
1334 2857 1700 2918 dominatum.
1737 2870 1791 2917 et
1821 2860 1981 2930 cujus

418 2946 538 3018 ipse
565 2962 692 3002 vere
720 2962 815 3003 rex
844 2960 900 3004 et
926 2950 1184 3004 dominus
1212 2958 1319 3006 est.

1013 3061 1245 3117 CAPUT
1277 3061 1369 3117 1X.

423 3173 576 3240 Quod
603 3146 751 3229 omne
780 3191 963 3229 tamen
984 3175 1099 3229 sive
1126 3176 1339 3237 sensile.
1368 3177 1477 3231 sive
1547 3176 1871 3240 intentam,
1926 3193 1994 3234 ea:

493 3254 704 3317 veroet
758 3259 919 3317 supra
961 3245 1315 3317 substantiam
1362 3245 1563 3301 lumine
1626 3247 1896 3317 refulget:
1940 3256 1995 3302 et

491 3314 632 3384 quod
651 3314 824 3367 lumen
855 3313 1163 3368 iutellectil‘e
1200 3312 1336 3369 Deus
1369 3325 1473 3370 est.

426 3420 439 3435 ἰ
494 3404 722 3474 mgnus
753 3404 1248 3476 Dionysius'capite
1279 3404 1454 3475 primo
1486 3405 1724 3462 Caelestis
1757 3406 1993 3463 Hierar-

426 3494 605 3550 enim:
639 3492 826 3560 Osme,
863 3494 1061 3564 inquit,
1084 3495 1273 3548 datum
1313 3496 1506 3549 bonum
1529 3505 1578 3550 et
1609 3513 1761 3551 omne
1796 3499 1993 3552 donum

425 3588 707 3656 perfectum
732 3588 1111 3643 desertione“
1159 3586 1474 3643 descendens
1535 3606 1568 3643 a
1633 3588 1799 3644 Patre
1835 3589 2011 3643 (rimi--

427 3676 665 3731 nam”.
705 3676 811 3731 Sed
854 3686 909 3733 et
945 3678 1127 3732 omnis
1164 3680 1439 3733 cmanatio
1465 3679 1691 3734 luminis
1740 3694 1771 3734 a
1831 3680 1995 3736 Patre

426 3768 841 3839 proﬁciscentis,
875 3783 996 3838 quae
1028 3768 1094 3823 ad
1114 3784 1214 3826 nos
1243 3779 1499 3841 tanquam
1544 3771 1748 3826 bonum
1781 3770 1983 3827 donum

426 3858 607 3927 venit,
633 3875 827 3915 rursus
885 3869 1144 3929 tanquam
1215 3862 1297 3917 vis
1347 3862 1603 3932 quaedam
1645 3863 1843 3919 uniliea
1898 3879 1997 3920 nos

428 3964 648 4003 sursum
677 3949 937 4015 elevatos,
966 3952 1243 4021 simplices
1269 3953 1465 4017 reddit,
1514 3955 1670 4009 εινοά
1730 3958 1991 4011 unitatem

431 4040 610 4096 Patris
644 4042 1046 4110 congregantis,
1074 4051 1129 4097 et
1162 4043 1229 4096 ad
1261 4045 1666 4113 simplicitatem
1731 4049 1811 4119 (ῒ)
1836 4049 1998 4105 deifi-

430 4132 954 4185 camconvertitzsi
1005 4133 1227 4201 quidem
1284 4149 1348 4188 ex
1394 4136 1512 4205 ipso
1574 4137 1778 4202 omnia,
1838 4148 1893 4193 et
1943 4141 1995 4195 in

434 4222 634 4289 ipsum,
668 4222 810 4274 sicut
837 4222 912 4273 ait
946 4236 1100 4275 sacra
1149 4222 1428 4291 Scriptura
1457 4224 1573 4280 δι”.
1606 4225 1793 4281 Iesum
1827 4229 1996 4297 igitur

2080 1952 2272 2007 lestem
2319 1951 2508 2021 implet
2571 1951 2777 2006 lumine
2828 1949 3169 2015 intellectili;
3205 1965 3418 2004 omnem
3472 1961 3660 2003 autem

2082 2042 2442 2114 ignorantiam
2471 2051 2525 2096 et
2556 2056 2803 2096 errorem
2838 2055 2903 2096 ex
2934 2040 3188 2096 omnibus
3219 2038 3438 2097 animis.
3473 2040 3670 2108 inqui-

2083 2130 2186 2187 bus
2210 2140 2317 2197 est,
2368 2130 2542 2196 ejicit,
2568 2139 2624 2186 et
2677 2130 2809 2200 ipsis
2854 2129 3110 2185 omnibus
3162 2130 3344 2184 lumen
3400 2140 3667 2185 sanctum;

2083 2220 2349 2291 impertit,
2392 2236 2695 2291 earumque
2738 2221 2929 2276 oculos
2983 2222 3182 2275 mentis
3242 2235 3271 2273 ι
3303 2219 3536 2289 caligine
3594 2236 3666 2275 ett

2083 2312 2392 2382 ignorantia
2414 2312 2743 2367 circumfusa
2784 2321 3037 2381 repurgat
3066 2322 3120 2366 et
3143 2311 3337 2365 liberat
3363 2329 3378 2374 ;
3405 2320 3463 2367 et
3496 2312 3666 2365 exci-

2086 2409 2163 2460 tat
2191 2410 2355 2472 atque
2394 2402 2571 2472 aperit
2602 2402 2767 2455 uutlta
2807 2401 3076 2470 gravitate
3103 2400 3457 2455 tenebrarum
3504 2414 3673 2455 eom-

2082 2505 2301 2562 pressos
2326 2499 2381 2547 et
2403 2491 2641 2555 clausos,
2690 2491 2893 2560 datque
2947 2492 3181 2560 primum
3239 2490 3460 2562 quidem
3542 2507 3673 2543 me-

2086 2584 2327 2639 diocrem
2386 2578 2753 2653 splendorem,
2807 2579 3002 2637 deinde
3051 2590 3311 2652 tanquam
3368 2581 3685 2651 degustato-

2087 2674 2319 2739 lumine,
2350 2685 2401 2729 et
2445 2674 2748 2745 oculisjam
2816 2674 2990 2745 magis
3036 2684 3161 2745 post
3220 2674 3681 2745 degustationem’

2086 2767 2269 2822 lumen
2304 2768 2712 2837 appetentibus,
2758 2767 2932 2835 magis
2979 2766 3323 2835 seimpertit,
3373 2774 3428 2820 et
3472 2768 3677 2835 copio-

2086 2859 2205 2914 sius
2236 2859 2435 2928 fulget,
2463 2859 2591 2929 quia
2645 2858 2952 2912 dilexerunt
3008 2858 3274 2922 multum;
3328 2872 3393 2914 ac
3442 2872 3670 2928 semper

2012 2942 2059 3006 C
2090 2964 2183 3004 cas
2210 2949 2438 3005 ulterius
2465 2951 2715 3020 provehit
2745 2952 3100 3022 proportione
3134 2949 3310 3005 studii
3340 2964 3530 3004 earum
3593 2950 3668 3004 ad

2092 3040 2464 3109 aspiciendam
2494 3056 2738 3098 sursum.
2782 3041 2991 3097 Lumen
3023 3042 3193 3110 igitur
3217 3040 3529 3096 intcllectile
3572 3042 3669 3094 di—

2092 3132 2237 3187 citur
2264 3132 2394 3187 illud
2434 3134 2661 3200 bonum,
2694 3134 2842 3205 quod
2889 3142 2976 3189 est
3028 3149 3192 3203 supra
3243 3147 3409 3188 omne
3448 3133 3676 3199 lu'nen,

2094 3234 2351 3293 tanquam
2372 3224 2495 3280 fons
2511 3225 2815 3292 radiorum,
2836 3236 2887 3280 et
2903 3224 3097 3280 eﬂ‘usio
3118 3224 3340 3280 luminis
3380 3225 3679 3282 inundans

2093 3331 2311 3371 omnem
2341 3327 2574 3372 mentem
2621 3316 3123 3387 supramundauam
3187 3314 3264 3385 (2)
3324 3325 3385 3371 et
3427 3316 3682 3371 circurn-

2094 3410 2529 3476 mtlndanam,et
2548 3412 2902 3472 mundanam.
2929 3425 3001 3463 ex-
3034 3408 3371 3479 plenitudine
3402 3424 3501 3464 sua
3534 3408 3678 3463 illu-

2096 3503 2336 3568 mi'nans,
2367 3510 2422 3557 et
2454 3508 2602 3556 totas
2645 3515 2833 3555 earum
2864 3496 3151 3556 facultates
3194 3498 3531 3570 intelligendi
3581 3514 3681 3555 τὺ

2096 3607 2329 3657 uovaus,
2349 3602 2403 3646 ει
2421 3605 2613 3647 omnes
2652 3591 2964 3656 continens,
3004 3597 3281 3660 quatenus
3328 3604 3491 3659 supra
3548 3604 3683 3645 om-

2098 3696 2198 3737 nes
2261 3680 2561 3745 tenditur;
2609 3679 2935 3734 etaninibus
2988 3678 3344 3740 antecellens.
3392 3688 3683 3749 quatenus

2096 3786 2276 3841 supra
2295 3784 2486 3825 omnes
2516 3777 2646 3833 stat,
2684 3779 2739 3824 et
2772 3779 2831 3823 ut
2850 3768 3242 3835 semel'dicam,
3270 3784 3488 3823 onmem
3515 3772 3681 3839 prin-

2096 3864 2334 3933 cipatum
2392 3860 2728 3916 illuminandi
2791 3869 3048 3929 tanquam
3108 3860 3360 3929 princeps
3419 3860 3680 3925 luminis,

2095 3962 2150 4009 et
2180 3969 2343 4024 supra
2375 3967 2538 4023 quam
2586 3952 2796 4018 lumen,
2867 3952 2920 4004 in
2946 3966 3006 4006 se
3058 3952 3511 4019 comprehensum
3576 3952 3685 4005 lia-

2099 4046 2213 4111 bet,
2270 4054 2323 4100 et
2380 4059 2541 4113 supra
2594 4059 2758 4114 quam
2817 4043 2987 4098 habet
3035 4051 3103 4098 eL
3159 4044 3467 4113 [tm-habet;
3511 4052 3684 4115 atque

2097 4138 2282 4194 omnia
2317 4138 2527 4192 ratione
2565 4146 2618 4191 et
2651 4147 2850 4191 mentea
2873 4137 3079 4189 utentia
3124 4147 3440 4205 congregat,
3484 4144 3543 4190 et
3626 4138 3681 4191 in

2101 4246 2269 4284 unum
2306 4227 2797 4299 copul.tt;rctenim
2868 4226 3025 4281 sicut,
3092 4226 3411 4295 ignorantia
3480 4241 3683 4281 erran-

432 4311 770 4375 invocantes,
796 4312 887 4380 qtti
913 4321 997 4367 est
1021 4312 1203 4367 lumen
1235 4324 1543 4383 paternum,
1577 4316 1768 4373 lumen
1800 4280 1991 4374 verum
2026 4280 2183 4377 Dtcs
2267 4280 2511 4383 diriinit,
2577 4319 2656 4374 sic
2732 4317 2999 4373 adventus
3079 4280 3315 4372 luminis-
3378 4327 3685 4386 congregat

432 4404 579 4473 quod
603 4404 866 4458 illuminat
885 4406 1399 4462 omnemrhominem
1433 4412 1742 4465 venientem
1778 4412 1830 4466 in
1856 4416 2003 4468 hunc

437 4493 699 4548 mundum
728 4494 799 4559 ε’,
829 4509 927 4563 per
957 4509 1120 4563 quem
1144 4497 1434 4553 habuimus
1467 4513 1748 4555 accessum
1793 4500 1859 4555 ad
1896 4500 2000 4556 Pa-

436 4595 575 4641 trem
622 4585 717 4649 ⁸¹⁶,
770 4587 1097 4655 principium
1138 4588 1383 4656 luminis,
1446 4593 1500 4645 in
1570 4592 2004 4650 illmninationes

435 4687 756 4732 sanctarum
791 4677 1201 4747 Scripturarum
1232 4695 1264 4735 a
1292 4680 1544 4738 Patribus
1612 4684 1849 4739 traditas
1888 4702 2003 4754 'pro

436 4767 646 4822 viribus
676 4770 1006 4822 intueamur.
1039 4769 1103 4824 Et
1134 4786 1325 4826 rursus
1346 4773 1495 4828 idem
1527 4790 1646 4844 cap.
1672 4775 1731 4840 7,
1755 4777 2000 4847 ejusdem

439 4858 771 4914 Hierarchiw
805 4860 1601 4932 cmlestis’:Contemplatriccs
1639 4861 1821 4922 autem
1879 4868 2007 4923 sub-

2096 4420 2157 4469 et
2188 4412 2404 4483 copulat
2451 4411 2816 4473 illttminatos,
2845 4408 3161 4479 perlicitque
3218 4424 3334 4474 eos,
3387 4419 3462 4480 et,
3491 4412 3564 4464 ad
3629 4410 3684 4465 id

2095 4504 2238 4574 quod
2300 4517 2433 4557 vere
2482 4512 2603 4569 est,
2647 4509 2954 4566 convertit,
2993 4515 3037 4554 at
3102 4501 3304 4556 multis
3344 4502 3684 4570 opinationi-

2109 4594 2212 4649 bus
2243 4608 2337 4648 eos
2369 4606 2648 4656 tevocans,
2676 4592 2963 4646 ao‘varios.
3005 4600 3283 4660 aspectus,
3319 4593 3400 4645 vel
3458 4601 3521 4645 nt
3558 4609 3685 4648 ma-

2107 4687 2190 4756 gis
2223 4685 2438 4755 pmprie
2476 4685 2675 4751 dicam,
2740 4685 2901 4740 variae
2928 4685 3058 4740 visa.
3104 4687 3158 4740 in
3198 4701 3359 4740 unam
3401 4701 3591 4742 veram
3633 4696 3686 4742 et

2109 4790 2298 4846 puram
2355 4791 2420 4830 ac
2470 4775 2769 4846 simplicem
2826 4777 3195 4846 cogn'tionem
3258 4777 3566 4839 contrahit,
3632 4787 3686 4832 et

2116 4866 2444 4923 unoluminc
2470 4869 2671 4923 unillco
2702 4867 2910 4939 implet.
2952 4865 3465 4939 ImoetG'eegorius
3492 4868 3685 4925 Theo.

508 4973 575 5006 "'
601 4960 718 5030 Jac.
740 4990 778 5037 ι,
806 4974 888 5028 l7.
962 4974 1220 5029 ""Rom.
1247 4978 1432 5043 xt,'5’3.
1508 4978 1552 5010 δ’
1578 4976 1734 5035 Joan.
1758 4995 1795 5043 ιτ.
1821 4979 1873 5034 9.
1950 4980 1986 5013 ⁸¹

2089 4984 2232 5050 phes.
2251 4999 2309 5051 tt,
2337 4984 2443 5051 18;
2472 4983 2629 5040 Rom.
2658 4999 2717 5049 v,
2736 4982 2803 5041 2..

1912 5074 2201 5141 Scholia.
2374 5070 2377 5073 ’

510 5169 586 5233 (l)
627 5166 741 5243 ll_oc
770 5173 1057 5243 contingit,
1082 5191 1205 5230 cum
1253 5190 1445 5230 sumus
1496 5174 1686 5228 eodem
1736 5190 1900 5229 sensu
1941 5186 1997 5231 ct

443 5237 736 5299 sententia,
792 5243 933 5313 sicut
964 5237 1274 5312 “Apostolus
1320 5245 1563 5313 praeripit
1609 5243 1648 5312 (l
1708 5243 1828 5299 Cor.
1882 5261 1920 5307 ι,
1972 5245 1995 5297 Ι

443 5319 658 5382 seqq.)_;
712 5312 855 5382 quod
905 5314 1122 5378 quidem
1178 5331 1270 5382 per
1317 5312 1783 5381 participationem
1828 5315 1997 5367 divini

446 5377 677 5449 luminis
708 5380 787 5441 lit,
832 5377 1197 5448 impieturque
1247 5377 1374 5436 illud
1409 5384 1461 5436 in
1498 5383 1790 5449 Evangi-lio
1828 5382 2008 5437 τιυκηι

638 5444 706 5500 Ut
745 5461 798 5503 ct
833 5444 929 5519 ipsi
982 5455 1033 5507 in
1084 5444 1241 5509 nobis
1273 5470 1439 5507 unum
1491 5455 1601 5507 siut
1640 5444 1818 5521 (Ἰοςιη.
1867 5470 1999 5518 XVII,

524 5543 558 5567 1.

521 5543 558 5582 ’s

519 5584 593 5656 β.)
626 5586 856 5657 Angelus
903 5591 1481 5649 cxcellctttiurcsdt'cit
1525 5590 1853 5648 aSs'tSteutcs
1889 5590 2005 5646 Deo

2106 5180 2125 5248 (
2136 5178 2272 5233 Dan.
2291 5186 2410 5244 vni,
2424 5191 2487 5235 ct
2504 5181 2725 5246 angelos
2741 5179 3005 5236 obeuntes
3021 5180 3321 5238 ministeria
3343 5180 3487 5235 circa
3510 5181 3687 5235 homi-

2107 5264 2201 5302 nes
2239 5252 2290 5301 iu
2326 5250 2428 5304 hue
2447 5250 2685 5313 mundo;
2722 5250 2786 5303 ad
2816 5251 2912 5303 hos
2946 5253 3173 5318 pertinet
3205 5251 3335 5304 illud
3366 5251 3418 5304 in
3455 5250 3679 5306 Denter.

2110 5334 2254 5371 χχιιι
2285 5335 2299 5368 :
2328 5318 2619 5388 Constituit
2654 5319 2915 5388 terminos
2941 5321 3179 5387 gentium
3199 5320 3349 5388 juxta
3388 5336 3681 5374 numerum

2106 5389 2422 5452 angelorum
2447 5387 2557 5441 Dei.
2581 5389 2717 5459 Etin
2752 5387 3001 5459 Evangel.
3025 5387 3235 5459 (Matth.
3275 5388 3427 5457 ulti)
3453 5406 3468 5443 :
3493 5390 3683 5459 Artgeli

2106 5472 2294 5511 eorum
2343 5472 2559 5525 semper
2611 5457 2793 5511 vident
2837 5456 3041 5511 facient
3088 5458 3305 5524 Patris;
3352 5456 3687 5522 cllauitu'as,

2106 5543 2245 5595 quas
2281 5526 2589 5583 mundanas
2624 5535 2835 5584 utentes
2864 5538 3042 5583 vocat.
