3980 6208
278 340 378 409 861

917 351 1160 415 DECAS
1200 354 1302 416 VI.
1346 381 1414 392 -
1449 353 1545 415 DE
1570 350 2224 441 APPARITIONIBUS
2261 355 2505 420 DIVINl
2535 356 2889 420 LUMINIS.

3419 350 3540 415 862

276 461 458 528 logus,
501 456 744 515 Eteruis
778 462 997 532 quidem
1039 464 1175 533 ipse,
1219 467 1414 535 inquit,
1470 467 1611 522 Deus
1630 477 1713 521 est
1760 465 1841 520 lu-
1871 468 1915 522 Δ
1946 477 2057 520 tum
2090 468 2360 525 bonorum
2399 472 2477 543 (l)
2523 470 2915 526 immutabilem
2961 466 3130 523 donat
3171 464 3370 534 dignis.
3430 463 3514 519 Et

278 566 424 617 men,
449 562 505 607 et
533 569 639 606 non
673 555 986 619 aliu<.0uid
1047 560 1191 612 enim
1222 574 1357 629 opus
1426 569 1543 614 erat
1602 556 1846 615 secundo

276 642 483 697 lumine
513 644 580 697 iis
619 646 711 714 qui
743 650 1045 703 maximum
1103 648 1346 704 habent?
1399 650 1467 705 iis
1518 659 1700 704 autem
1750 647 1845 719 qui

275 743 405 788 sunt
464 735 629 801 infra,
659 747 711 791 et
750 738 955 793 circum
993 755 1117 809 nos,
1144 741 1371 809 primam
1403 741 1566 809 hujus
1624 740 1847 795 luminis

274 825 381 878 vim
405 825 667 894 cliulgere
701 824 851 883 facit.
888 828 1100 885 Rursus
1170 831 1314 886 idem
1366 832 1419 886 in
1474 832 1717 887 secundo
1770 830 1848 885 De

272 916 537 987 theologia
570 918 706 972 libro
739 936 753 972 :
797 918 1102 986 Quantum,
1129 922 1327 993 inquit,
1361 933 1440 978 est
1476 924 1608 978 illud
1637 926 1845 989 lumen,

273 1005 318 1060 si
356 1006 461 1059 hoc
507 1009 909 1063 considerasti?
957 1009 1071 1064 Hoc
1118 1014 1199 1067 sol
1230 1022 1313 1068 est
1341 1013 1393 1067 in
1421 1012 1488 1067 iis
1535 1029 1656 1083 quae
1682 1030 1845 1068 sensu

275 1098 677 1167 percipiuntur,
733 1100 880 1167 quod
930 1110 1019 1165 est
1068 1102 1157 1157 ille
1224 1104 1280 1157 in
1328 1103 1395 1158 iis
1450 1120 1575 1173 quae
1614 1104 1715 1159 sub
1768 1105 1859 1159 in-

272 1188 626 1258 lciligentium
658 1192 885 1257 cadunt,
920 1192 1061 1246 dixit
1095 1193 1320 1263 quidam
1360 1210 1426 1248 ex
1460 1195 1687 1249 exteris.
1752 1194 1847 1249 Sol

269 1280 419 1335 enim
445 1290 723 1349 aspectum
758 1282 1050 1349 illuminat,
1081 1285 1222 1339 sicut
1248 1285 1344 1339 ille
1408 1297 1689 1350 mentem;
1752 1287 1835 1342 sol

270 1382 357 1427 est
400 1372 802 1440 pulcherrimus
828 1389 891 1429 ex
927 1376 1184 1431 omnibus
1210 1392 1333 1444 qua:
1379 1386 1702 1441 cernuntur,
1768 1378 1848 1433 si-

268 1473 360 1517 cut
403 1461 494 1516 ille
528 1478 593 1516 ex
625 1464 882 1519 omnibus
907 1481 1029 1534 qua:
1087 1466 1488 1535 intelliguntur.
1532 1466 1597 1523 Et
1645 1468 1841 1523 beatos

268 1552 747 1624 Chrysostomus:
779 1556 1095 1626 Splendeat,
1152 1559 1351 1626 inquit,
1382 1560 1541 1615 nobis
1593 1569 1848 1629 peccato-

270 1643 429 1697 ribus
457 1643 635 1697 lumen
660 1656 809 1700 tuum
842 1656 1105 1702 aeternum
1138 1666 1150 1712 ;
1195 1648 1378 1702 lumen
1414 1657 1677 1703 aeternum
1730 1665 1853 1705 om—

267 1733 405 1785 nino
436 1733 678 1801 intellige
706 1734 969 1819 Spiritum
1000 1748 1273 1804 sanctum,
1320 1741 1413 1809 qui
1464 1740 1736 1795 illuminat
1795 1751 1850 1794 et

267 1824 585 1879 sanctiﬁcat
617 1828 833 1883 animus
868 1811 1112 1892 nostras,
1146 1830 1212 1883 de
1230 1845 1342 1900 quo
1364 1831 1660 1901 Apostolus
1696 1851 1709 1887 :
1741 1834 1849 1887 Mi—
1882 1811 1925 1867 Β

266 1913 363 1977 sit.
400 1916 597 1985 inquit,
635 1916 771 1970 Deus
795 1916 1056 1987 Spiritum
1088 1917 1218 1974 Filii
1248 1920 1333 1974 sui
1361 1920 1415 1972 in
1447 1921 1607 1991 corda,
1639 1918 1846 1987 nostra,

263 2008 482 2063 scilicet
516 2009 581 2062 ad
620 2008 1037 2064 illuminandum
1069 2026 1132 2066 ea
1151 2011 1273 2076 ““;
1307 2028 1467 2081 quem
1498 2012 1727 2083 gratiam
1755 2011 1849 2068 Dei

263 2109 437 2154 vocat
468 2117 482 2153 :
520 2099 649 2154 Dico
687 2112 884 2165 autem,
918 2102 1118 2172 inquit,
1158 2120 1251 2171 per
1299 2105 1528 2172 gratiam
1582 2103 1681 2157 Dei
1734 2119 1852 2174 qua:

261 2192 400 2244 data
432 2202 509 2245 est
542 2192 690 2259 mihi,
725 2193 964 2247 omnibus
982 2195 1071 2263 qui
1102 2205 1225 2248 sunt
1250 2196 1387 2248 inter
1440 2211 1550 2258 vos,
1572 2212 1673 2248 non
1729 2194 1849 2264 plus

262 2296 476 2349 sapere,
521 2299 681 2352 quam
721 2294 921 2355 oportet
962 2301 1165 2354 sapere,
1223 2286 1314 2339 sed
1344 2301 1527 2353 sapere
1544 2286 1613 2339 ad
1654 2284 1850 2339 sobrie—

264 2380 435 2426 tatem
462 2373 531 2427 ".
560 2373 632 2426 De
663 2390 772 2442 quo
788 2375 953 2430 etiam
985 2378 1245 2445 [ll‘Opilela
1279 2375 1444 2431 David
1470 2378 1637 2432 dixit:
1670 2376 1847 2429 Emit-

263 2472 318 2517 te
350 2462 521 2518 lucem
548 2475 715 2529 tuam,
748 2474 798 2520 et
825 2467 1092 2522 veritatem
1121 2478 1267 2522 tuam
1294 2468 1361 2533 “,
1413 2479 1469 2523 et
1503 2467 1589 2522 ειη
1651 2469 1850 2523 lumine

264 2565 361 2612 tuo
375 2558 668 2613 videbimus
686 2559 928 2631 lumen".
953 2559 1157 2615 Lumen
1177 2563 1320 2615 enim
1340 2570 1426 2615 est
1442 2559 1636 2626 Filius,
1662 2560 1848 2616 lumen

261 2659 352 2706 est
376 2650 616 2718 Spiritus
644 2660 891 2716 sanctus,
930 2650 1112 2705 lumen
1141 2663 1225 2707 est
1275 2650 1457 2706 Pater.
1502 2651 1643 2719 Quin
1681 2653 1846 2708 etiam

261 2740 323 2794 in
363 2739 704 2807 quotidianis
752 2741 1205 2809 precationibus:
1272 2740 1511 2805 Christe,
1566 2743 1845 2812 inquiunt,

261 2832 457 2886 lumen
482 2848 692 2895 verum,
722 2832 813 2902 qui
846 2834 911 2886 ad
972 2833 1388 2887 illuminaudum
1423 2849 1641 2889 omnem
1672 2834 1850 2890 homi-

258 2938 397 2978 nem
423 2923 477 2977 in
519 2925 781 2978 mundum
806 2924 1003 2978 venisti
1049 2925 1120 2989 ⁸⁸,
1154 2926 1400 2995 signetur
1428 2941 1595 2996 super
1630 2940 1728 2980 nos
1760 2924 1848 2981 lu-

257 3031 394 3071 men
430 3014 671 3069 vultus"
701 3016 798 3082 tui,
834 3025 893 3071 ut
919 3015 973 3070 iu
999 3031 1064 3070 eo
1085 3016 1368 3072 videamus
1397 3018 1577 3072 lumen
1601 3016 1848 3072 inacces-

1949 556 2147 625 quibus
2212 559 2268 611 lit
2331 558 2709 623 manifestum,
2759 558 2902 629 quod
2957 570 3119 611 omne
3166 553 3349 609 lumen
3400 554 3529 609 sive

1946 649 2171 713 sensile,
2196 648 2312 703 sive
2343 650 2755 705 intellectileex
2791 665 2924 704 vero
2954 656 3007 704 et
3038 662 3205 717 supra
3251 646 3531 700 substan-
3608 658 3613 665 '

1948 739 2076 793 tiam
2111 740 2317 793 lumine
2339 740 2571 811 refulget
2603 759 2618 796 :
2652 750 2707 796 et
2738 742 2880 809 quod
2907 742 3047 796 Deus
3072 740 3281 794 dicitur
3320 738 3510 789 lumen

1948 830 2280 895 intellectile,
2333 832 2459 900 quia
2519 848 2583 887 ex
2640 832 2981 903 plenitudine
3028 846 3124 886 sua
3205 828 3540 883 universum

1948 920 2207 975 mundum
2235 922 2302 975 ab
2333 922 2646 991 ignorantia
2669 922 3013 986 abstrahens,
3056 920 3123 973 ad
3148 908 3526 989 cognitionem

1948 1010 2032 1064 sui
2059 1012 2351 1076 convertit,
2382 1024 2437 1068 et
2470 1030 2578 1067 uno
2613 1014 2816 1068 lumine
2835 1012 3033 1068 unitiro
3062 1011 3270 1080 implet,
3299 1010 3535 1064 demon-

1948 1110 2179 1157 stratum
2216 1103 2419 1174 alioqui
2453 1113 2559 1168 est,
2594 1104 2739 1174 quod
2769 1119 2865 1175 per
2893 1118 3053 1157 omne
3076 1103 3281 1161 lumen.
3305 1110 3359 1155 et
3379 1098 3539 1170 quod?

1947 1194 2215 1259 cernitur,
2236 1203 2290 1247 et
2329 1196 2471 1264 quod
2535 1195 2899 1265 deprecamur
2959 1194 3161 1263 signari
3214 1207 3377 1261 super
3429 1205 3548 1245 nos

1948 1300 2015 1339 ex
2055 1284 2235 1339 divina
2275 1283 2412 1340 facie
2442 1284 2697 1350 Domini,
2749 1285 2814 1339 ad
2871 1285 3016 1340 aliud
3074 1284 3259 1337 lumen
3309 1280 3528 1336 intelle-

1947 1373 2077 1429 ctile
2105 1382 2159 1429 et
2190 1374 2531 1429 inaccessum
2566 1373 2711 1442 quod
2744 1374 2798 1428 in
2837 1373 3014 1431 Patre.
3039 1380 3094 1425 et
3126 1369 3286 1429 Filio.
3328 1377 3382 1422 et
3403 1366 3526 1435 Spi-

1949 1462 2056 1516 ritu
2086 1471 2279 1520 sancto
2308 1464 2769 1533 contemplemur,
2805 1462 3152 1523 adducimur,
3177 1469 3235 1513 ut
3266 1461 3374 1524 iant
3416 1471 3519 1526 per

1952 1554 2157 1609 lumina
2210 1568 2331 1623 qua:
2379 1555 2658 1621 videntur,
2737 1563 2791 1609 et
2826 1569 2949 1622 qua:
3001 1550 3402 1616 intelliguntur,
3458 1547 3529 1601 ad

1950 1658 2113 1698 unam
2140 1644 2528 1711 cogitationem
2563 1658 2909 1705 revocemur,
2947 1656 3113 1711 supra
3141 1654 3305 1695 omne
3343 1637 3537 1691 lumen

1954 1741 2009 1787 et
2035 1748 2254 1788 omnem
2277 1733 2690 1805 intelligentiam
2725 1748 2847 1788 esse
2894 1733 3088 1788 Deum.

2589 1824 2818 1881 CAPUT
2844 1825 2914 1881 Χ.

1957 1913 2113 1982 Quod
2138 1915 2344 1987 divinus
2364 1914 2592 1987 Moyses,
2613 1926 2660 1971 et
2679 1919 2727 1971 ei
2744 1916 2941 1971 similes
2968 1919 3146 1971 omnia
3187 1914 3389 1987 Iuntina
3426 1914 3531 1987 _si-

2024 2001 2080 2040 ve
2109 1985 2205 2038 sub
2250 1984 2474 2040 sensum'
2519 1987 2786 2051 cadentia,
2816 1992 2923 2040 sive
2978 1989 3072 2040 sub
3124 1984 3530 2053 intelligentiam

2023 2055 2390 2123 relinquentes,
2410 2057 2466 2109 in
2495 2056 2774 2124 caliginem
2819 2056 3300 2124 splendidissimum
3353 2054 3533 2121 ingre-

2023 2126 2263 2190 diuntur,
2296 2127 2525 2179 inunum
2569 2123 2686 2180 cum
2731 2125 2945 2192 inﬁnito
2990 2126 3093 2179 Deo
3121 2140 3214 2194 per
3271 2123 3531 2193 ignorau-

2027 2194 2159 2247 tiam
2185 2206 2233 2249 et
2268 2195 2400 2249 nillil
2427 2196 2651 2250 videndo
2686 2194 2944 2263 copulati.

2021 2284 2248 2355 Magnus
2274 2284 2589 2357 Dionysius,
2622 2286 2676 2340 in
2703 2286 2845 2351 libro
2885 2285 2958 2340 De
2976 2285 3198 2356 mystica
3241 2283 3531 2355 theologia,

1950 2393 2071 2447 cap.
2104 2379 2326 2448 primo:
2369 2378 2462 2433 Sic
2487 2377 2674 2448 igitur,
2737 2378 2935 2447 inquit,
2960 2377 3181 2431 divinus
3239 2374 3534 2430 Bartholo-

1950 2488 2121 2527 nitens
2146 2471 2304 2533 dixit,
2358 2470 2586 2524 multam
2615 2482 2738 2524 esse
2808 2467 3160 2536 theologiam,
3221 2475 3274 2520 et
3315 2467 3534 2536 perexi-

1950 2580 2141 2635 guam;
2174 2572 2228 2617 et
2260 2562 2615 2631 Evangelium
2649 2573 2768 2614 esse
2830 2558 2999 2613 lutum
3030 2567 3085 2612 et
3135 2572 3417 2627 magnum,
3476 2565 3532 2610 et

1951 2668 2144 2707 rursus
2179 2694 2193 2717 ,
2250 2650 2525 2706 concisum
2576 2664 2696 2704 esse
2738 2647 2871 2704 illud
2925 2647 3111 2702 divino
3168 2647 3384 2717 ingenio
3421 2662 3440 2715 ;
3475 2655 3537 2700 ut

1948 2744 2081 2799 mihi
2106 2744 2339 2807 videtur,
2368 2742 2661 2807 intellexit,
2681 2741 2825 2811 quod
2861 2741 3002 2795 bona
3032 2739 3279 2793 omnium
3339 2752 3532 2791 rerqu

1948 2850 2111 2892 causa
2137 2845 2220 2890 est
2246 2834 2466 2905 quidem
2494 2831 2701 2903 copiosi
2733 2831 3020 2896 sermonis,
3047 2838 3101 2884 et
3142 2829 3319 2884 simul
3344 2828 3528 2882 brevis

1948 2942 2012 2982 ac
2052 2926 2254 2982 nullius
2283 2926 2582 2988 sermonis,
2608 2933 2797 2993 utpote
2829 2937 2950 2992 qua:
3001 2936 3180 2991 neque
3232 2920 3364 2984 dici,
3423 2933 3527 2972 nec

1946 3019 2169 3090 intelligi
2202 3027 2388 3088 queat,
2418 3018 2548 3088 quia
2577 3015 2851 3071 universis
2891 3014 3090 3070 creatis
3119 3012 3337 3067 excellit
3369 3024 3534 3079 supra

258 3123 419 3171 sum,
451 3118 503 3160 et
534 3107 713 3160 lumen
749 3107 929 3163 laetum
955 3116 1160 3164 sancta:
1187 3107 1371 3178 gloria:
1394 3110 1716 3164 immortalis
1736 3107 1845 3163 Pa-
1874 3140 1919 3199 α
1950 3112 2347 3175 substantiam;
2390 3119 2446 3164 et
2479 3109 2609 3180 quia
2640 3108 2757 3163 sola
2793 3108 2915 3162 sine
2945 3103 3311 3174 operimentis
3329 3111 3383 3156 et
3437 3116 3536 3155 ve-

262 3202 395 3259 tris,
414 3198 655 3254 caelestis
674 3198 932 3268 Spiritus,
949 3198 1092 3253 beati
1109 3197 1262 3253 Jesu.
1281 3197 1418 3253 Cum
1444 3209 1663 3253 ventum
1681 3207 1763 3253 est
1779 3199 1847 3253 ad

257 3305 528 3346 occasum
550 3289 702 3353 solis,
728 3290 845 3344 viso
865 3289 1070 3344 lumine
1088 3293 1421 3359 vespertino,
1449 3289 1732 3344 laudamus
1752 3288 1853 3344 Pa-

257 3393 434 3443 trem,
468 3390 521 3435 et
540 3380 1109 3451 Filium,etSpiritum
1138 3392 1410 3437 sanctum.
1429 3381 1495 3436 Et
1519 3382 1734 3437 divinus
1754 3379 1852 3433 Da-

256 3489 586 3535 mascenus,
603 3475 654 3527 in
669 3474 1026 3540 carminibus,
1041 3472 1270 3538 Lumen,
1287 3474 1851 3541 inquit,immutabile,

264 3564 519 3620 Verbum
555 3563 777 3618 luminis
796 3562 971 3619 Patris
1000 3563 1225 3633 ingeniti
1252 3564 1307 3619 in
1333 3563 1536 3617 lumine
1567 3570 1661 3616 tuo
1692 3561 1851 3615 hodie

261 3657 396 3709 viso
442 3654 499 3708 in
525 3652 767 3719 Thabor,
805 3654 991 3709 lumen
1039 3655 1281 3711 vidimus
1316 3654 1531 3709 Patrem
1559 3652 1765 3717 lumen,
1796 3664 1851 3709 et

258 3746 561 3816 Spiritum,
618 3745 1014 3800 illuminantem
1083 3762 1298 3802 onmem
1347 3754 1682 3804 creaturam.
1734 3748 1849 3800 ltllO

258 3850 317 3893 et
350 3836 657 3908 Gregorius
685 3836 1033 3908 Theologust
1065 3838 1123 3893 In
1165 3839 1392 3904 lumine.
1434 3839 1630 3909 inquit,
1660 3837 1850 3891 Domi-

261 3930 319 3983 ni
347 3928 477 3982 vide
508 3927 690 3981 lumen
725 3929 819 3982 :in
851 3928 1064 3999 Spiritu
1097 3928 1189 3983 Dei
1221 3927 1421 3984 Filium
1486 3930 1847 3998 amplectere,

263 4020 458 4074 lumen
485 4018 687 4072 trinum
712 4028 764 4072 et
810 4018 1166 4088 impartibile.
1207 4018 1272 4074 Et
1309 4029 1539 4075 sanctus
1577 4019 1850 4076 Maximus

267 4112 319 4164 in
347 4108 682 4178 Tlteologicis
708 4108 814 4178 (tt):
839 4107 1069 4174 Lumen,
1090 4110 1286 4180 inquit,
1315 4109 1535 4176 dicitur,
1558 4120 1612 4166 et
1632 4118 1758 4169 vita.
1795 4122 1851 4167 et

267 4203 637 4265 resurrectio,
672 4210 725 4256 et
749 4202 973 4261 veritas.
1006 4201 1188 4255 lumen
1221 4201 1443 4269 quidem
1468 4210 1526 4256 ut
1588 4203 1847 4272 splendor

267 4296 605 4354 altllllal'lllll,
642 4301 765 4347 etut
789 4296 1136 4346 tenebrarum
1173 4291 1493 4361 ignorantiae
1567 4296 1845 4364 expulsor,

266 4400 317 4440 et
352 4400 417 4442 ut
446 4386 762 4439 illuminans
805 4395 1040 4439 mentem
1077 4387 1141 4437 ad
1173 4386 1584 4456 intelligendum
1622 4401 1844 4450 arcana,

1957 3219 2016 3259 re
2040 3200 2436 3258 ostendituriis
2460 3199 2553 3269 qui
2589 3208 2788 3255 cuncta
2826 3210 2949 3267 qua
2992 3195 3229 3264 impura,
3302 3206 3535 3261 quaeque

1956 3311 2091 3366 pura
2121 3301 2272 3357 sunt,
2295 3297 2717 3363 pertranseunt;
2746 3296 2799 3344 et
2824 3289 2918 3358 qui
2956 3300 3174 3341 omnem
3222 3298 3524 3338 ascensum

1955 3386 2022 3442 ad
2052 3399 2115 3440 ea
2147 3400 2268 3453 quae
2298 3391 2447 3447 sunt,
2479 3392 2673 3437 sancta
2704 3388 2758 3436 et
2812 3391 3051 3440 summa,
3111 3382 3373 3444 superant
3406 3389 3422 3437 ;
3480 3380 3537 3426 et

1958 3476 2141 3532 omnia
2173 3475 2358 3529 divina
2388 3472 2616 3539 lumina,
2641 3480 2694 3525 et
2728 3484 2917 3535 sonos,
2942 3478 2997 3522 et
3024 3480 3309 3523 sermones
3363 3463 3535 3519 cccle-

1957 3579 2068 3625 stes
2097 3566 2438 3637 relinquunt,
2462 3574 2516 3620 et
2552 3563 2607 3617 in
2643 3562 2931 3630 caliginem
2990 3554 3390 3628 ingrediuntur,
3440 3553 3537 3609 ubi

1957 3674 2083 3714 vere
2111 3667 2216 3721 est,
2243 3658 2387 3712 sicut
2416 3656 2495 3709 ait
2514 3652 2825 3723 Scriptura,
2858 3650 2964 3716 Qui
2992 3658 3070 3704 est
3104 3646 3252 3701 ultra
3282 3644 3534 3710 omnia“;

1957 3765 2067 3805 non
2094 3748 2241 3803 enim
2266 3744 2590 3815 simpliciter
2626 3743 2713 3812 (a)_
2759 3741 2982 3796 divinus
3040 3736 3256 3807 Moyses
3299 3735 3535 3804 primum

1952 3842 2176 3913 jubctur
2204 3847 2262 3894 ut
2299 3846 2367 3894 se
2397 3844 2679 3907 repurget,
2712 3832 2910 3889 deinde
2943 3838 3003 3886 ut
3063 3845 3123 3885 se
3152 3844 3181 3883 a
3205 3842 3313 3881 non
3348 3840 3539 3895 repur-

1954 3933 2098 4005 gatis
2120 3941 2336 4002 separet
2377 3939 2469 3997 ;et
2499 3940 2624 3999 post
2645 3942 2865 3984 omnem
2912 3921 3358 3993 repurgationem
3433 3931 3537 3970 au-

1955 4026 2377 4082 ditmulttsonas
2410 4023 2592 4088 tubas,
2632 4034 2697 4075 ac
2723 4018 2870 4074 videt
2933 4016 3110 4071 multa
3170 4014 3377 4066 Iumina
3435 4023 3539 4076 pu-

1956 4133 2048 4173 ros
2075 4127 2130 4172 et
2155 4115 2485 4187 multiplices
2516 4114 2701 4169 radios
2727 4109 2997 4181 jacientia
3023 4124 3040 4163 :
3095 4112 3284 4175 postea
3312 4117 3342 4156 a
3391 4098 3542 4169 vulgi

1957 4212 2305 4268 multitudine
2327 4217 2632 4278 separatur,
2665 4214 2720 4260 et
2753 4219 2879 4259 cum
2928 4200 3119 4255 electis
3161 4193 3542 4252 sacerdotibus

1958 4306 2029 4361 ad
2053 4318 2330 4360 summum
2376 4301 2655 4370 fastigium
2694 4299 3005 4353 divinorum
3054 4305 3382 4348 ascensuum
3416 4304 3544 4342 eva-

1955 4398 2067 4463 dit;
2109 4396 2203 4450 sed
2238 4397 2503 4450 hactenus
2530 4392 2771 4446 nondum
2796 4396 2884 4442 est
2914 4401 3038 4442 cum
3073 4386 3193 4454 ipso
3246 4384 3382 4445 Deo,
3440 4392 3543 4433 nec

264 4478 642 4533 ctosteulens
676 4479 959 4548 mysteria,
995 4492 1115 4546 quae
1134 4476 1286 4547 puris
1322 4486 1533 4531 tantum
1591 4486 1844 4547 aspccta-
1882 4481 1931 4541 D
1954 4502 2081 4541 eum
2106 4487 2251 4539 videt
2272 4481 2720 4554 (inaspectabilis
2744 4480 2890 4534 enim
2919 4474 3049 4544 est),
3090 4474 3183 4531 sed
3224 4472 3404 4525 locum
3458 4468 3540 4520 vi—

264 4570 398 4624 bilia
441 4568 751 4634 smu;vita
785 4578 965 4624 autem
1014 4568 1240 4633 dicitur,
1294 4568 1420 4637 quia
1470 4567 1670 4623 animis
1729 4584 1851 4638 qua:

261 4657 569 4713 Dominum
602 4656 857 4725 diligunt,
891 4666 1092 4711 motum
1137 4672 1230 4712 eas
1260 4657 1541 4712 decentem
1587 4658 1639 4712 in
1687 4661 1856 4714 rebus

260 4749 477 4803 divinis
521 4749 759 4816 praebet;
802 4748 1131 4802 rcsurrectio
1189 4758 1370 4802 autem
1425 4759 1672 4813 vocatur,
1723 4750 1852 4819 quia

264 4854 517 4900 mentem
550 4845 618 4897 ab
662 4843 951 4898 all'ectione
1012 4852 1229 4898 mortua
1287 4858 1469 4898 rerum
1513 4846 1850 4901 caducarum

262 4938 500 5000 excitat,
522 4947 574 4991 et
597 4938 665 4989 ab
693 4936 841 4990 omni
873 4952 1068 5005 genere
1111 4936 1480 5006 corruptionis
1510 4948 1565 4991 et
1599 4938 1854 4992 interitus

263 5027 577 5082 liberamct
604 5042 797 5097 puram
830 5028 1040 5093 reddit;
1074 5029 1271 5083 veritas
1301 5042 1453 5093 vero,
1512 5029 1640 5099 quia
1698 5029 1854 5083 habi-

1957 4578 2072 4635 det.
2107 4574 2200 4629 ubi
2249 4576 2436 4639 stetit;
2494 4577 2599 4627 hoc
2671 4579 2854 4624 autem
2906 4566 3161 4621 existimo
3208 4558 3539 4629 signiﬁcare,

1960 4663 2303 4721 divinissima
2336 4671 2391 4717 et
2442 4677 2655 4717 summa
2708 4672 2903 4714 eorum
2955 4671 3080 4725 quas
3134 4656 3532 4708 cernunturet

1958 4756 2359 4825 intelliguntur,
2388 4766 2675 4808 sermones
2706 4748 2979 4820 quosdam
3049 4760 3193 4818 esse,
3217 4742 3309 4813 qui
3361 4737 3542 4808 subji-

1959 4851 2111 4906 ciunt
2131 4847 2299 4903 menti
2328 4846 2420 4901 illa
2445 4860 2568 4914 quae
2598 4853 2729 4898 sunt
2762 4841 3012 4909 subjecta
3048 4854 3113 4892 ac
3146 4834 3428 4905 supposita
3488 4828 3539 4884 ei

1958 4941 2054 5011 qui
2080 4934 2686 4997 universisanteeellit;
2746 4933 2950 5002 quibus
2979 4928 3272 4999 praesentia
3337 4925 3534 4994 ipsius,

1960 5047 2083 5102 quae
2106 5046 2326 5087 omnem
2358 5028 2749 5097 cogitationem
2793 5023 2995 5079 mentis
3031 5021 3223 5083 vineit,
3282 5017 3528 5072 declarar

342 5192 440 5224 ss"
486 5191 662 5246 Gal“,
708 5206 782 5253 ιν,
829 5190 882 5244 6,
961 5189 1007 5221 ⁸³
1060 5187 1217 5243 Rom.
1249 5204 1346 5255 XII,
1378 5187 1435 5245 ὅ.
1510 5187 1557 5221 ⁸⁵
1588 5187 1733 5244 P5an
1769 5206 1849 5248 XLI

1959 5193 1989 5247 ἱ.
2063 5192 2109 5223 ³⁸
2182 5189 2325 5246 Psal.
2356 5203 2521 5252 xxxv,
2580 5186 2666 5241 l0.
2741 5184 2788 5218 ⁸⁵
2817 5181 2981 5239 Joan.
3013 5197 3053 5246 ι,
3080 5180 3134 5236 9.
3208 5178 3253 5209 ⁸⁷
3286 5174 3430 5231 Psal.
3464 5189 3541 5243 tv,

265 5264 327 5319 7.
411 5262 459 5295 ⁸⁸
529 5260 728 5329 Ephes.
791 5277 866 5327 tv,
918 5259 975 5316 6.

1758 5352 2029 5418 Schoha.

346 5456 433 5526 (ι)
472 5455 729 5512 Habitum
760 5455 881 5510 ﬁdei
931 5464 985 5511 et
1028 5457 1292 5512 virtutum
1341 5458 1506 5521 dicit;
1563 5457 1688 5527 quia
1725 5457 1860 5512 lides

267 5537 603 5584 credentem
641 5531 820 5580 lirtnat
860 5528 912 5579 in
950 5527 1195 5585 veritate,
1225 5536 1279 5580 et
1322 5530 1601 5582 veritatem
1648 5529 1699 5580 iu
1732 5544 1855 5581 cre-

271 5602 471 5663 dente,
509 5597 735 5666 Diouys.
768 5597 821 5651 in
856 5595 1033 5650 Dicin.
1065 5600 1268 5651 notum.
1301 5614 1423 5666 cap.
1460 5600 1514 5662 7,
1547 5598 1688 5652 unde
1716 5598 1857 5669 Apo-

355 5736 443 5811 (a)
471 5737 531 5793 In
565 5738 740 5796 liccat.
778 5736 1075 5809 theologica
1105 5740 1160 5807 2,
1183 5755 1303 5809 cap.
1337 5738 1423 5793 70.

1040 5914 1085 5925 ‘-

1968 5458 2140 5512 stolus
2198 5454 2561 5509 substantiam
2628 5451 2843 5506 vocavit
2902 5463 3084 5502 rerum
3141 5444 3538 5513 sperandarum

1967 5527 2158 5596 (Hebr.
2199 5543 2257 5587 ll,
2294 5528 2369 5595 1).
2404 5528 2453 5578 id
2494 5532 2580 5578 est
2611 5527 3036 5576 ﬁrmamentum.

2043 5733 2113 5805 (ὁ)
2145 5733 2198 5789 ld
2236 5742 2317 5786 est
2352 5730 2505 5800 quasi
2546 5728 2679 5784 nihil
2710 5727 2857 5782 aliud
2885 5725 3224 5796 signiﬁcetur
