3980 6208
453 242 560 309 853
1617 232 1944 296 JOANNIS
1981 228 2554 312 cvpamssrons
3566 231 3655 292 θεέ
3745 315 3752 320 .

458 367 545 407 tur
568 352 826 406 insistens
868 361 1127 419 tanquam
1159 347 1212 402 in
1257 346 1506 417 vestigiis
1568 347 1803 402 summis
1854 347 2020 401 intel-
2054 355 2099 412 Α
2129 347 2242 410 Dei,
2268 354 2321 400 et
2357 345 2536 412 ignem
2571 342 2699 396 item
2734 339 3026 410 imaginem
3065 337 3157 394 Dei
3183 357 3196 403 ;
3227 348 3283 394 et
3315 333 3344 392 a
3403 340 3660 392 nobilium.

457 447 954 503 lectibuslocurum
979 443 1094 513 ejus
1119 440 1592 496 sanctissimum—ut
1626 457 1638 492 :
1675 455 1739 494 ac
1791 448 1924 494 tunc
1952 440 2026 495 ab
2113 437 2240 500 bus,
2262 448 2321 490 ut
2351 434 2468 491 sole
2509 443 2564 488 et
2588 433 2816 497 lumine,
2853 432 3086 499 imponit
3125 430 3231 485 Deo
3266 447 3454 485 nomen
3512 431 3659 485 lumi-

457 541 662 612 iisquae
691 537 962 600 videntur,
987 535 1131 590 etab
1155 535 1221 589 iis
1253 534 1341 603 qui
1370 533 1576 597 vident,
1635 533 1924 590 absolutus
1970 541 2024 587 et
2129 529 2322 595 nis;et
2357 543 2384 580 a
2445 525 2659 589 mediis,
2695 533 2754 578 ut
2791 523 2862 579 ab
2925 525 3070 594 igne,
3135 533 3228 577 aut
3277 523 3569 577 continetur
3615 523 3662 575 iu

457 616 844 703 expeditus,iu
889 612 1177 694 caliginem
1215 636 1340 680 vere
1357 625 1642 695 mysticam
1695 623 2024 696 ignorantia:
2127 620 2422 676 luminibus
2449 617 2828 690 symbolieisin
2859 618 3060 687 quibus
3079 618 3345 685 prmciptta
3366 623 3446 669 est
3469 615 3665 684 appari-

459 723 790 792 tngreditur,
814 719 868 773 in
895 735 1000 790 qua
1034 716 1267 786 mystica
1299 717 1533 786 caligine
1553 731 1747 770 omnes
1776 719 2029 771 notiones
2129 715 2207 768 tio
2268 713 2493 769 luminis
2559 710 2699 768 facta
2731 712 2786 768 in
2849 709 3194 765 divinissima
3265 708 3671 774 transligttratio-

457 813 871 878 excludit,etin
905 809 1132 884 ipsoqui
1165 810 1417 865 funditus
1449 824 1627 878 neque
1646 807 1816 879 tangi,
1852 822 2031 878 neque
2133 819 2202 861 ne
2264 806 2448 861 vultus
2506 804 2750 868 Domini,
2809 802 2901 870 qui
2951 799 3227 871 splenduit
3255 799 3514 858 sicutsol,
3564 813 3672 865 qure

460 887 628 962 videri
664 915 863 978 potest,
899 903 1301 969 hmretJactus
1352 911 1499 958 tctus
1526 901 1700 971 ipsius
1731 901 1826 972 qui
1884 901 2035 956 ultra
2130 896 2380 950 decorem
2447 894 2704 964 corporis.
2771 891 2974 947 Christi
3034 900 3159 960 post
3235 884 3668 941 resurrectionem

458 1001 648 1054 omnia
663 1006 771 1062 est,
802 1013 982 1068 neque
1001 1012 1155 1064 suus,
1188 1010 1292 1052 nec
1320 995 1488 1050 ullius
1509 993 1756 1059 alterius,
1782 1008 1906 1049 cum
1965 1007 2035 1050 eo
2131 984 2359 1056 gloriosi
2395 982 2525 1038 facti
2564 993 2826 1051 tanquam
2881 981 2940 1037 in
2986 980 3222 1050 imagine
3243 978 3670 1068 repmsenlabal;

456 1103 636 1145 autem
671 1091 872 1162 quiest
912 1091 1128 1160 penitus
1178 1085 1511 1156 incognitus.
1560 1099 1659 1154 per
1688 1084 2031 1140 vacationem

457 1181 638 1242 omnis
705 1178 1054 1250 cognitionis,
1132 1176 1432 1233 secundum
1469 1175 1746 1232 meliorem
1809 1182 2030 1243 partem

458 1271 770 1341 copulatus.
837 1270 903 1326 Et
955 1268 1252 1339 Gregorius
1304 1266 1614 1337 Theologus
1645 1266 1700 1320 in
1783 1263 2035 1321 oratione

367 1392 370 1394 -
458 1357 530 1411 de
593 1356 910 1427 baptismo:
959 1355 1352 1424 Deus,inquit,
1425 1362 1512 1410 est
1537 1355 1720 1410 lumen
1749 1369 2029 1409 summum

459 1455 517 1502 et
569 1445 934 1511 inaccessum,
1004 1442 1150 1513 quod
1212 1457 1388 1514 neque
1409 1452 1592 1500 mente
1619 1443 2030 1514 comprehendi,

462 1551 641 1605 neque
684 1537 931 1592 oratione
972 1537 1220 1606 expromi
1272 1541 1467 1604 potest,
1525 1536 1784 1615 quodque
1813 1551 2038 1590 omnem-

2129 1071 2184 1132 et
2231 1076 2534 1147 symbolum
2587 1082 2705 1130 erat
2753 1073 3076 1137 divinitatis,
3112 1087 3233 1142 quae
3259 1071 3312 1124 in
3348 1085 3412 1124 eo
3443 1067 3625 1122 latebat
3659 1083 3680 1125 :

2127 1167 2256 1237 quia
2330 1166 2397 1221 in~
2459 1165 2686 1221 Christo
2760 1163 3044 1220 Salvatore
3129 1170 3339 1216 nostro.
3396 1159 3547 1213 idem-
3606 1167 3680 1213 est

2130 1260 2314 1315 dicere
2371 1257 2682 1328 symbolum
2753 1255 3023 1326 corporis
3054 1251 3342 1327 gloriﬁcati
3402 1260 3465 1305 et
3500 1247 3678 1305 divini-

2131 1351 2262 1406 tatis
2311 1350 2450 1420 ejus,
2486 1358 2540 1404 et
2593 1349 2738 1420 quod
2781 1349 2986 1412 lumen,
3051 1346 3198 1417 quod
3245 1345 3328 1401 sic
3360 1344 3430 1398 in-
3474 1343 3680 1400 Domino

2134 1441 2188 1494 in
2244 1450 2426 1496 monte
2459 1440 2695 1496 ‘Thabor
2743 1440 3017 1510 apparuit,
3065 1438 3520 1506 pulchritudinem
3565 1433 3682 1490 Atla

2131 1541 2258 1586 ante
2287 1540 2565 1600 peceatum
2616 1529 2962 1600 signiﬁcavit,
3017 1544 3247 1598 eamque
3291 1528 3406 1595 jam
3454 1534 3679 1578 naturam

462 1638 717 1682 nuturam
792 1627 1025 1684 rationis
1086 1627 1407 1697 participem
1464 1611 2033 1682 illuminandidtabet
2132 1622 2187 1678 in
2251 1622 2583 1676 humanitate
2639 1620 2846 1677 Christi
2920 1634 3296 1689 recuperasse;
3352 1627 3408 1674 et
3465 1606 3680 1672 futurum

464 1717 812 1771 facultatem:
888 1717 994 1772 hoc
1073 1726 1156 1772 est
1205 1716 1260 1771 in
1320 1716 1388 1774 iis
1455 1731 1576 1787 qua:
1631 1715 2254 1787 intelligtmtur,_esse
2307 1720 2429 1782 post
2501 1713 2953 1768 resurrectionem
3023 1711 3375 1780 splendorum
3414 1710 3683 1780 iustorum,

466 1808 616 1876 quod
678 1809 758 1866 eol
795 1809 847 1862 in
941 1808 1008 1863 iis
1033 1823 1154 1877 quae
1180 1777 1505 1865 sentiuntur.
1532 1807 1607 1863 Ex
1634 1777 1835 1878 quibus
1863 1777 2032 1878 patet,
2059 1777 2107 1837 Β
2135 1813 2188 1859 et
2217 1777 2340 1872 quid
2365 1805 2436 1859 sit
2465 1804 2766 1859 secundum
2808 1777 3182 1861 exsistentiam
3217 1777 3427 1865 lumen,
3473 1799 3605 1869 quod
3635 1801 3681 1852 in
3714 1841 3716 1843 μ

459 1897 648 1954 omnia
724 1897 1102 1964 lumina,.sive
1133 1915 1253 1969 quae
1285 1913 1451 1954 sensu
1511 1899 1908 1968 percipiuntur,
1962 1897 2043 1955 si-
2137 1897 2321 1952 futuro
2383 1898 2667 1966 apparebit
2699 1905 2824 1965 post
2875 1894 3393 1951 resurrectionem:
3452 1907 3506 1946 et
3557 1889 3692 1959 quod

464 2003 534 2043 ve
563 2003 684 2056 qua:
711 1989 1093 2060 intelligentia,
1152 1989 1294 2045 inira
1328 1991 1561 2061 relinqui
1587 1992 1656 2045 ab
1683 1991 1750 2046 iis
1801 1991 1898 2058 qui
1963 1989 2032 2044 ad
2136 1987 2282 2044 Deus
2311 1987 2952 2052 estlumeuintellectile,
3007 1985 3234 2055 quodin
3284 1983 3490 2038 naturis
3528 1982 3690 2040 incor-

467 2093 740 2134 summam
771 2080 1290 2150 contemplationem
1322 2085 1443 2150 ejus
1495 2081 1588 2151 qui
1642 2081 1787 2135 ultra
1846 2080 2047 2136 omnia
2137 2079 2316 2150 porcis
2347 2079 2618 2148 splendet,
2655 2087 2931 2148 quatenus
2964 2092 3091 2131 vere
3147 2073 3460 2144 Splendoris
3522 2089 3690 2130 earum

462 2180 570 2236 est,
600 2180 916 2236 evaserunt,
948 2179 1008 2226 et
1070 2172 1126 2226 in
1173 2172 1462 2242 caliginem
1532 2173 2030 2245 splendidissimum
2136 2169 2358 2224 eﬂ'et-tor
2379 2179 2482 2228 est.
2513 2167 3303 2238 postremoloco-vacationem
3343 2166 3413 2222 ab
3437 2167 3577 2223 omni
3615 2167 3691 2222 lu-

465 2279 575 2316 nou
602 2263 1092 2334 comprelteudendi
1122 2280 1248 2320 eum
1301 2265 1534 2334 ingressi
1568 2273 1718 2332 sunt,
1747 2265 1898 2320 nullo
1951 2265 2038 2319 lu-
2141 2260 2286 2315 mine
2319 2259 2635 2329 posuimus;
2671 2269 2726 2314 et
2754 2260 2924 2328 ipsam
2963 2259 3207 2313 divinam
3266 2259 3567 2325 caiiginetn.
3613 2259 3693 2311 Ni-

469 2354 617 2408 mine
645 2369 767 2408 eum
797 2354 1135 2424 exprimente
1169 2364 1223 2411 et
1251 2356 1588 2426 designante.
1625 2354 1700 2411 Ex
1766 2356 2037 2425 capitibus
2146 2352 2218 2405 hil
2251 2351 2415 2422 igitur
2439 2353 2494 2406 in
2529 2351 2847 2406 materiar’ia
2902 2351 3253 2421 expositione
3293 2353 3455 2420 hujus
3517 2358 3695 2406 tracta-

470 2444 748 2511 dispositis
776 2447 1278 2516 constatexpositio
1308 2447 1618 2503 materiaria
1643 2449 1802 2518 hujus
1836 2448 2056 2518 partis;
2145 2443 2311 2497 tionis
2352 2444 2420 2498 de
2466 2443 2673 2499 lumine
2717 2444 3147 2513 praetermissum
3203 2454 3317 2509 est,
3362 2444 3490 2514 quin
3534 2444 3694 2512 potius

465 2535 715 2611 estensio
732 2535 873 2591 enim
905 2537 1170 2594 luminum
1202 2538 1508 2594 divinorum
1541 2549 1636 2594 aut
1659 2539 1712 2593 in
1747 2539 2060 2594 luminibus.
2146 2535 2328 2591 culinis
2354 2535 2528 2591 divini
2555 2534 2783 2592 luminis
2814 2535 3059 2592 ostensio
3084 2535 3325 2594 breviter
3355 2543 3574 2595 tractata
3601 2542 3692 2590 est.

467 2637 592 2696 qua:
611 2625 1300 2696 sentiuntur,eontiuetur;
1327 2629 1531 2687 etfacit
1553 2630 1723 2686 solem
1751 2631 2050 2702 imaginem
2111 2669 2116 2674 -
2577 2626 2585 2634 “

3688 2759 3718 2796 Α

1073 2899 1325 2966 DECAS
1363 2904 1733 2970 SEPTIMA.
1763 2938 1840 2952 —
1869 2904 3080 2992 DE!DIVINALPAIRTICIPATIONE.

1101 3049 1332 3108 CAPUT
1360 3051 1404 3108 Ι.

471 3179 628 3262 Quod
660 3183 932 3262 proprium
979 3181 1073 3239 Dei
1102 3194 1210 3262 ρει.
1253 3187 1439 3262 adesse
1483 3189 1726 3262 omnibus
1756 3206 2044 3248 secundum

545 3252 940 3328 substantiam;
975 3263 1039 3328 et
1069 3256 1203 3309 sicut
1227 3257 1553 3328 substantia
1589 3261 1738 3313 adest
1789 3277 2039 3328 prmenr,

491 3361 494 3364 .
538 3323 617 3386 sic
646 3323 809 3401 etiam
839 3325 1315 3401 operationeudcat
1343 3341 1362 3380 :
1387 3336 1436 3380 et
1463 3329 1584 3397 quis
1607 3323 1882 3384 modusait
1902 3323 2048 3401 prta-'-

542 3393 729 3450 seutite
747 3393 872 3460 .ejus
893 3394 984 3461 qui
1009 3394 1268 3463 explicari
1297 3411 1398 3450 non
1427 3393 1620 3465 potest.

2061 3060 2110 3124 ε
2139 3063 2284 3133 quia
2313 3061 2553 3132 potentia
2605 3058 2698 3118 Dei
2732 3057 2990 3118 omnibus
3037 3073 3160 3131 qua
3217 3059 3384 3124 unt,
3418 3057 3689 3114 secundum

2145 3153 2506 3208 substantiam
2553 3153 2764 3219 aderat,
2793 3153 2930 3207 nihil
2971 3152 3207 3222 amplius
3243 3151 3503 3222 templqu
3537 3151 3692 3217 ipsum

2146 3245 2353 3312 in-quo~
2381 3242 2504 3310 fuit,
2535 3242 2814 3298 habebat?
2851 3239 3026 3298 Habet
3071 3243 3175 3297 hoc
3217 3242 3624 3302 dubitationem,
3648 3244 3693 3290 et

2143 3335 2504 3401 illud‘hahet;
2553 3345 2606 3389 et
2637 3333 2770 3390 lldes
2801 3345 2888 3390 est
2930 3334 3217 3404 utriusque
3244 3333 3594 3389 dubitationis
3619 3345 3696 3386 so-

2047 3451 2051 3455 -
2146 3427 2301 3482 latio.
2356 3425 2540 3481 Vidisti
2575 3425 3032 3496 quemadmodum
3082 3426 3219 3479 ratio
3266 3426 3470 3480 invicta
3520 3424 3693 3477 evertit

545 3502 784 3558 Sanctus
817 3500 1066 3560 Justinus
1117 3514 1344 3577 martyr,
1389 3508 1445 3563 in
1494 3509 1756 3565 Oratione
1791 3512 1858 3567 de
1891 3522 2040 3568 recta
2143 3517 2460 3588 perﬁdiam;
2496 3518 2616 3573 vide
2647 3517 2861 3586 linguas
2893 3526 3018 3570 cum
3047 3515 3158 3571 Deo
3187 3525 3496 3586 pugnantes
3525 3515 3688 3568 0qu-

471 3591 820 3649 coul'essione
849 3596 927 3650 ait
965 3614 980 3651 :
1011 3597 1300 3662 Quomodo
1331 3600 1801 3672 Verbum‘ubique
1831 3616 1916 3660 est
1958 3621 2056 3661 se-
2144 3609 2434 3663 sas.:l‘dem
2465 3608 2665 3664 etiam:
2701 3609 2796 3663 Dic
2825 3608 2991 3677 igitur
3021 3609 3304 3677 quomodo
3334 3606 3556 3662 Verbum
3577 3619 3688 3659 caro

475 3684 714 3738 cundum
755 3686 1156 3742 substantiam?
1191 3691 1260 3744 Et
1286 3693 1561 3760 quomodo
1586 3694 1644 3748 in
1673 3710 1775 3751 suo
1804 3698 2056 3767 templo?‘
2144 3700 2369 3764 factum,
2410 3704 2579 3756 coctos
2611 3711 2717 3756 nun
2755 3696 3088 3771 dereliquit?
3122 3698 3272 3753 Sane
3313 3700 3520 3763 dicetis,
3561 3695 3687 3768 quod

473 3771 686 3827 Etenim
713 3777 759 3830 si
791 3777 901 3832 illic
927 3789 1038 3842 est,
1074 3780 1214 3835 sicut
1239 3790 1321 3836 est
1359 3783 1410 3835 in
1442 3784 1722 3848 omnibus,
1760 3787 1892 3841 nihil
1921 3803 2036 3842 am-

2142 3805 2370 3846 manens
2421 3791 2581 3856 Deus,
2613 3791 2696 3847 sic
2752 3791 2928 3845 fartus
2977 3799 3081 3845 est.
3122 3789 3341 3845 Rursus
3392 3803 3518 3858 ergo
3546 3786 3690 3841 dicite

473 3863 616 3928 ptius
649 3865 871 3921 habebit
897 3870 1181 3938 templum,
1209 3881 1374 3941 atque
1397 3885 1592 3928 cetera
1621 3879 1824 3931 omnia.
1854 3877 1916 3932 ελ
1949 3881 2039 3934 ubi
2141 3882 2322 3947 nobis,
2365 3883 2637 3952 quomodo
2667 3895 2914 3948 manens,
2942 3881 3116 3934 factus
3137 3886 3218 3935 est
3239 3879 3267 3934 ΐ
3297 3879 3352 3935 Si
3386 3880 3525 3934 enim
3561 3891 3693 3930 tuan-

472 3953 606 4007 illud
642 3969 930 4023 ponemus,
956 3962 1101 4028 quod
1131 3962 1394 4030 scriptum
1423 3971 1506 4018 est
1535 3980 1550 4017 :
1576 3961 1646 4016 In
1685 3966 1804 4032 ipso
1833 3967 2056 4022 hubitat'
2102 3986 2114 4001 ο
2140 3971 2212 4026 sit
2235 3971 2380 4040 quod
2415 3979 2552 4035 erat,
2597 3972 2878 4040 quomodo
2914 3970 3088 4024 factus
3129 3979 3214 4025 est
3241 3971 3394 4039 quod
3431 3983 3532 4023 non
3562 3964 3694 4019 erat?

469 4045 747 4112 plenitudo
775 4048 1068 4102 diuinitatis
1097 4052 1552 4117 corporaliter"?
1588 4054 1686 4110 Sin
1711 4067 1892 4111 autem
1913 4060 2039 4128 quis
2139 4062 2234 4119 Sin
2291 4073 2474 4117 autem
2520 4063 2697 4118 iactus
2750 4072 2832 4117 est
2884 4063 3028 4130 quod
3082 4075 3189 4116 non
3247 4072 3389 4126 erat,
3439 4057 3688 4130 quomodo

473 4139 762 4198 concedat.
806 4140 978 4210 magis
1005 4156 1126 4196 esse
1176 4142 1229 4196 in
1266 4146 1490 4214 templo,
1521 4163 1628 4202 non
1681 4149 1828 4204 adest
1862 4153 2041 4205 otuni-
2141 4154 2356 4209 mansit
2390 4155 2543 4222 quod
2581 4153 2742 4208 erat?“
2795 4154 3028 4208 Dubium
3087 4153 3254 4207 habes
3306 4155 3371 4204 de
3421 4151 3689 4207 solutione.

471 4227 576 4282 bus
618 4230 917 4284 secundum
971 4231 1363 4300 substantiam,
1415 4239 1560 4307 quod
1616 4248 1698 4295 est
1755 4243 2036 4311 proprium
2141 4245 2281 4298 habe
2327 4245 2489 4297 etiam
2527 4243 2764 4299 dubium
2823 4243 2890 4297 de
2941 4243 3099 4297 modo
3135 4243 3382 4298 unicuis.
3436 4245 3501 4295 At
3531 4237 3690 4293 credis

474 4315 590 4371 Dei.
620 4315 855 4374 Evidens
883 4329 1268 4390 argumentum
1307 4335 1391 4381 est
1447 4329 1705 4396 perﬁdiae,
1739 4331 1925 4388 dicere
1974 4333 2036 4388 de

2139 4337 2284 4406 quod
2317 4351 2564 4401 manens,
2597 4335 2772 4390 factus
2801 4342 2921 4400 est;
2952 4335 3112 4390 crede
3143 4335 3309 4389 etiam
3357 4335 3542 4388 adesse
3583 4330 3688 4382 ubi-

471 4409 603 4476 Deo,
633 4410 958 4476 Quomodo?
1000 4414 1286 4482 Quomodo
1315 4421 1460 4476 'coeli
1490 4421 1712 4479 eil‘ector
1749 4434 1854 4488 est,
1898 4441 2036 4494 quo-

2141 4405 2250 4498 que
2299 4429 2598 4496 secundum
2640 4427 2998 4482 substantiam
3048 4425 3308 4492 Verbum,
3356 4435 3410 4481 et
3441 4423 3688 4496 pra-cipue

471 4501 636 4558 modo
670 4510 847 4568 terrae,
876 4509 1154 4575 quomodo
1184 4511 1372 4574 utaris,
1394 4515 1646 4584 aerisque
1671 4525 1726 4571 et
1759 4518 2036 4587 stirpi-uin,

471 4599 523 4646 ct
557 4593 916 4649 animantium
947 4601 1214 4662 omnium,
1253 4614 1318 4658 et-
1338 4605 1415 4660 tui
1465 4607 1673 4674 ipsius?
1701 4607 1805 4676 Qui
1851 4611 2038 4666 omnia

470 4683 761 4750 diligenter
785 4688 852 4748 de
891 4687 1004 4744 Deo
1032 4693 1256 4761 quaeris,
1285 4696 1444 4762 plane
1482 4698 1656 4765 dices,
1681 4701 1865 4755 omnia
1907 4717 2039 4771 pro-

470 4776 696 4832 duxisse
733 4781 952 4849 copiosa
980 4785 1221 4853 potentia
1260 4803 1382 4843 sua.
1411 4787 1548 4844 Num
1589 4791 1754 4862 igitur
1796 4796 2039 4862 potentia

474 4865 568 4920 Dei
595 4869 781 4924 aderat
811 4873 1115 4928 secundum
1158 4877 1414 4934 accidens
1456 4880 1522 4934 iis
1543 4895 1670 4948 qua
1712 4882 1931 4948 ﬁebant,
1969 4898 2036 4937 an

473 4962 773 5014 secundum
832 4965 1236 5022 subeuntium?
1285 4970 1340 5024 Si
1404 4973 1702 5026 secundum
1756 4975 2035 5040 accidens,

472 5051 660 5105 aderat
693 5053 912 5120 quidem
947 5055 1052 5110 illis
1079 5061 1235 5126 quasi
1263 5072 1465 5126 essent,
1487 5071 1777 5131 antequam
1807 5065 2035 5130 tierent;

473 5139 744 5209 siquidem
781 5146 1035 5201 accidens
1064 5164 1180 5203 non
1207 5158 1292 5205 est
1319 5153 1616 5206 secundum
1653 5163 1903 5207 naturam
1928 5171 2038 5224 per

476 5244 556 5292 se,
596 5232 688 5285 sed
723 5233 772 5286 in
804 5235 1075 5304 aliquibus
1103 5238 1257 5307 prius
1297 5241 1563 5310 subjectis
1595 5245 1827 5299 exsistit.
1869 5244 1940 5298 At
1989 5244 2036 5300 si

476 5320 579 5374 huc
603 5324 890 5380 ridiculum
931 5337 1036 5392 est,
1072 5330 1401 5402 relinquitur
1440 5335 1737 5402 potentiam
1784 5335 1876 5390 Dei
1916 5353 2036 5390 om-

477 5412 639 5467 nibus
684 5416 877 5472 adesse
917 5423 1220 5479 secundum
1252 5417 1638 5482 substantiam.
1691 5426 1830 5484 Num
1873 5427 2038 5501 igitur

550 5581 594 5614 "’
626 5585 836 5645 Coloss.
871 5607 932 5657 tt,
959 5592 1011 5648 9.

2148 4518 2546 4587 quodammodo
2571 4531 2692 4571 esse
2721 4516 2773 4570 itt
2814 4517 3012 4584 templo
3053 4530 3176 4569 suo.
3229 4515 3363 4569 lmo-
3392 4523 3444 4567 et
3489 4520 3690 4566 sanctus

2145 4610 2468 4664 Anastasius
2517 4607 2913 4670 Antiochenus,
2955 4608 3008 4660 in
3042 4607 3184 4660 libro
3221 4605 3296 4661 De
3325 4599 3691 4660 incircumscri-

2144 4713 2256 4773 pto,
2281 4705 2356 4756 ait
2390 4722 2404 4758 :
2430 4703 2534 4759 Sed
2568 4703 2817 4772 quidam,
2848 4703 3043 4772 inquit,
3069 4711 3125 4756 ut
3155 4703 3402 4772 videtur,~
3425 4698 3693 4754 inﬁrmita-

2149 4803 2254 4846 tem
2285 4793 2516 4861 propriaa
2539 4801 2749 4846 natur-te
2785 4793 2839 4846 in
2871 4791 3040 4845 Deum
3075 4791 3436 4852 transferunt,
3473 4783 3690 4844 restricti

2147 4884 2200 4938 in
2237 4883 2510 4947 maximis,
2534 4893 2587 4938 et
2607 4884 2984 4939 existimantes
3015 4883 3214 4939 melius
3236 4898 3356 4938 esse
3385 4877 3688 4936 contrahere

2145 4974 2379 5028 divinam
2412 4983 2660 5028 naturam
2697 4989 2724 5028 a
2759 4973 3194 5046 tnatcria,quam
3217 4973 3555 5034 existimare,
3581 4980 3689 5022 eam

2147 5079 2316 5134 usque
2367 5065 2432 5119 ad
2487 5067 2670 5122 omnia
2725 5066 2880 5120 tendi
2927 5077 2981 5121 et
3020 5066 3260 5136 porrigi;
3313 5078 3530 5135 prorsus
3561 5059 3692 5113 arbi-

2149 5165 2354 5210 trantes
2382 5156 2533 5212 nefas
2562 5165 2616 5211 et
2657 5159 2880 5228 impium
2922 5173 3067 5222 esse,
3109 5169 3354 5211 naturam
3401 5155 3542 5209 illam
3577 5161 3690 5218 qua

2091 5252 2097 5258 '
2146 5248 2434 5318 plusquam
2485 5248 2624 5300 ultra
2656 5249 2838 5301 Omnia
2883 5258 2986 5312 est,
3027 5247 3174 5302 indui
3228 5243 3547 5314 corporibus
3593 5255 3688 5293 non

2147 5336 2485 5400 docentibus,
2518 5335 2769 5390 sordibus
2799 5345 2853 5389 et
2879 5344 3018 5391 tetro
3041 5338 3207 5392 odore
3249 5332 3552 5407 plenis,.vel
3579 5330 3688 5384 atti-

2150 5428 2253 5482 mis
2287 5427 2468 5498 impiis
2496 5446 2523 5493 εε-
2553 5428 2638 5486 vel
2667 5427 2792 5486 aliis
2824 5428 3186 5499 quibusdam,
3220 5445 3337 5499 quae
3384 5427 3602 5484 minime
3629 5420 3690 5476 de
