3980 6208
328 355 440 417 865

1136 358 1377 422 DECAS
1411 362 1518 421 VII
1578 385 1638 398 *ι
1673 362 1773 421 DE
1812 360 2069 424 DIVINA
2105 360 2778 424 PARTICIPATIONB.
2869 383 2874 388 ·

3464 367 3570 430 866

336 467 445 523 Deo
473 469 703 539 mgilari
736 470 962 534 deb-nt;
993 467 1048 524 1ιί
1087 486 1272 525 revera
1305 472 1528 526 lnnnilia
1564 472 1826 534 sentiant,
1853 480 1905 525 et
1937 481 1975 528 Α
2003 478 2084 523 est
2125 483 2222 537 per
2256 483 2316 524 se
2364 470 2717 538 substantia),
2751 467 2978 525 evidens
3004 475 3321 529 consecutio
3367 487 3474 543 est,
3517 481 3570 534 in

333 557 474 628 Deo,
500 576 564 614 ac
599 560 976 629 magnitudine
1009 560 1126 627 eius
1159 576 1281 629 quae
1313 563 1504 631 attingi
1545 576 1650 614 non
1700 570 1898 628 potest,

331 650 578 718 indigna.
624 649 687 703 Et
723 651 885 718 paulo
935 663 1056 719 post
1092 666 1106 704 :
1139 651 1344 704 Debilia
1379 652 1546 720 igitur
1593 660 1647 705 et
1688 652 1900 704 infirma

332 740 533 796 animis
558 742 784 810 agitant,
837 741 1152 810 nulluntque
1184 743 1586 797 firmamentum
1621 743 1897 807 habentia,

330 832 459 903 quia
496 834 698 887 nullam
749 845 1058 889 creaturam
1095 849 1250 889 suam
1310 836 1486 902 reiicit
1523 835 1703 900 Deus;
1766 836 1898 891 nihil

307 911 478 981 enim
513 925 796 981 sordidum
826 942 1014 980 eorum
1059 941 1180 996 quae
1231 939 1380 993 sunt,
1413 928 1727 994 existimat;
1770 929 1898 996 quin

318 1018 442 1071 imo
473 1033 592 1070 cum
627 1017 691 1070 ad
724 1032 825 1071 nos
849 1019 1272 1088 appropinquat,
1298 1019 1414 1074 vitii
1454 1021 1625 1074 nostri
1658 1035 1762 1073 non
1789 1019 1900 1076 elli—

315 1110 472 1164 -citur
506 1108 799 1178 particeps.
833 1108 900 1163 Et
932 1125 1124 1166 rursus
1156 1111 1206 1164 in
1241 1110 1432 1166 eodeni
1468 1111 1610 1165 libro
1639 1127 1652 1164 :
1701 1110 1894 1164 Verum

307 1201 451 1271 quia
511 1203 880 1270 operationem
933 1202 986 1254 in
1036 1201 1294 1257 omnibus
1338 1217 1459 1257 esse
1519 1203 1674 1256 aiunt
1733 1203 1896 1272 (hanc

317 1293 466 1353 enim
494 1294 679 1346 volunt
707 1308 812 1345 non
843 1291 1322 1359 circumscribere)
1346 1291 1716 1363 interrogandi
1745 1300 1892 1356 sunt,

317 1383 596 1451 quomodo
636 1385 700 1436 de
727 1397 788 1436 ea
841 1382 1105 1436 sentiant.
1137 1381 1410 1452 Numquid
1453 1382 1642 1437 dicunt
1671 1382 1894 1451 partici-

316 1489 451 1545 p.-.rc
486 1475 658 1543 ipsam
685 1482 931 1530 terrenas
959 1477 1172 1539 sordes,
1202 1490 1323 1529 cum
1359 1475 1758 1545 apprOpinquat
1789 1477 1890 1540 eis,

314 1582 383 1619 an
418 1565 569 1618 non?
613 1563 840 1631 Quodsi
872 1581 1060 1618 verum
1089 1564 1386 1631 fateantur,
1429 1565 1779 1620 manifestum
1809 1576 1892 1620 est

316 1659 434 1711 fieri
473 1673 656 1728 posse,
694 1669 753 1712 ut
797 1660 943 1728 quod
995 1661 1418 1729 appropinquat,
1451 1675 1560 1714 non
1602 1659 1924 1728 partiripet,

313 1749 509 1802 vitium
543 1763 733 1802 eorum
770 1748 971 1816 quibus
1019 1749 1503 1819 appropinquavit.
1535 1749 1690 1816 Quod
1728 1750 1773 1804 si
1807 1751 1891 1802 di-

311 1839 454 1892 cturi
497 1847 627 1894 sunt
673 1840 1024 1910 participare,
1078 1817 1268 1894 eadem
1308 1817 1622 1895 altsurditas
1665 1856 1762 1895 eos
1795 1843 1890 1909 qni
1923 1817 1963 1873 Β

311 1933 417 1984 hoc
448 1930 659 1996 dicunt,
697 1942 1087 2000 consequetur,
1120 1948 1282 2001 quam
1326 1942 1383 1987 ttt
1409 1933 1676 2002 fugerent,
1714 1934 1890 1988 Deum

312 2023 869 2078 cireutnscribebaut.
909 2023 1254 2078 Contrahant
1315 2024 1480 2094 igitur
1509 2033 1563 2079 et
1617 2028 1890 2095 operatio-

309 2129 461 2178 nem,
497 2125 554 2167 ut
592 2116 906 2168 universum
934 2114 1092 2184 plane
1121 2115 1443 2170 dissolvent.
1482 2113 1578 2170 Sin
1610 2132 1736 2170 vero
1773 2131 1887 2170 tne-

309 2217 530 2260 tuentes
568 2206 680 2260 ‘hoc
714 2205 1037 2271 absurdum,
1073 2216 1328 2276 tanquam
1363 2208 1680 2276 prenitentia
1715 2209 1883 2274 ducti,

306 2298 555 2352 divinam
596 2300 977 2368 operationem
1015 2298 1148 2353 nihil
1195 2299 1496 2370 quidquant
1527 2299 1648 2354 laedi
1679 2299 1884 2367 dicant,

306 2407 408 2446 cur
438 2407 547 2445 non
590 2391 692 2446 hoc
727 2392 901 2461 ipsum
954 2393 1023 2448 de
1078 2393 1389 2448 substantia
1440 2390 1751 2447 slﬁrtnant‘l
1802 2393 1884 2446 Ad

306 2479 446 2544 haec,
480 2476 712 2532 Photius
744 2479 1076 2548 patriarcha,
1115 2479 1168 2534 in
1219 2479 1609 2546 (lucrationibus
1649 2481 1720 2534 ad
1759 2479 1888 2533 Ant-

306 2572 657 2640 philochium,
690 2587 811 2642 cap.
856 2571 923 2626 75
969 2589 985 2626 :
1034 2571 1218 2638 Quare
1264 2573 1359 2643 qui
1407 2573 1639 2638 dubitat,
1685 2571 1881 2643 inquit,

306 2676 490 2718 utrum
527 2665 576 2720 si
631 2663 771 2718 Deus
804 2674 889 2719 est
915 2663 975 2718 in
1001 2665 1282 2732 ontuibus,
1330 2680 1439 2720 non
1470 2665 1736 2734 sit‘supra
1761 2680 1882 2719 Olll-

303 2756 422 2820 nia,
451 2757 629 2811 nescit
662 2771 723 2812 se
770 2755 1027 2826 ignorare
1069 2772 1193 2828 quae
1238 2759 1304 2812 de
1350 2756 1535 2812 divina
1583 2765 1776 2811 natura
1825 2757 1882 2812 in

303 2845 592 2917 Scriptura
645 2859 839 2905 sancta
889 2849 1093 2920 scripta
1149 2857 1314 2915 sunt;
1369 2864 1547 2920 neque
1577 2849 1880 2920 quidquam

301 2939 501 3008 altius,
553 2956 714 3012 quam
743 2942 1095 2998 consuetudo
1146 2957 1328 2996 rerum
1363 2953 1704 2998 terrenarum
1753 2943 1878 3009 fert,

295 3047 483 3102 neque
517 3034 757 3088 divinius
786 3035 990 3104 aliquid
1027 3034 1093 3088 de
1129 3033 1196 3088 iis
1232 3047 1353 3101 quae
1391 3035 1616 3090 materia
1663 3045 1879 3101 vacant,

293 3122 531 3195 cogitat.
551 3124 620 3177 At
645 3139 778 3178 vero
806 3124 1083 3195 quomodo
1130 3124 1184 3177 in
1220 3124 1478 3180 omnibus
1515 3136 1600 3181 est
1629 3125 1746 3196 (a)?
1795 3126 1884 3180 Di-
1908 3146 1954 3207 ρ

287 3226 451 3270 etum
485 3217 704 3287 quidem
756 3230 860 3283 εει,
917 3219 1064 3272 nullo
1112 3217 1274 3272 modo
1315 3233 1506 3273 eorum
1553 3233 1674 3288 qua:
1726 3224 1876 3284 Sunt,

289 3320 349 3363 et
408 3309 455 3364 si
513 3309 642 3378 quid
685 3311 857 3379 magis
907 3309 974 3363 ad
1028 3309 1544 3376 contemplationem
1601 3310 1878 3378 pertinens

287 3399 596 3454 dicendum
628 3410 731 3464 est,
761 3408 814 3454 et
864 3415 973 3453 non
1024 3408 1104 3453 cst
1141 3399 1600 3454 reformidandum
1655 3413 1876 3454 sursum

273 3491 459 3546 evehi
485 3491 648 3546 simul
677 3506 803 3545 cum
840 3490 909 3545 iis
935 3491 1028 3561 qui
1056 3501 1184 3546 sunt
1215 3491 1322 3547 alta
1357 3501 1558 3557 mente,
1595 3493 1662 3546 ad
1693 3493 1878 3547 altitu-

286 3584 484 3638 dinem
516 3583 828 3653 dogmatum
855 3582 1311 3651 theologicorum,
1356 3592 1441 3638 est
1486 3582 1629 3638 Deus
1666 3583 1717 3636 in
1757 3585 1881 3637 uni-

285 3690 466 3730 verso
498 3675 797 3728 secundum
823 3674 1193 3742 operationem
1224 3673 1386 3728 simul
1413 3681 1466 3727 et
1490 3672 1874 3727 substantiam.

283 3768 356 3823 Et
393 3784 468 3823 ne
507 3768 642 3822 mihi
694 3751 848 3823 dicas
893 3766 1262 3832 :Quomodo?
1319 3765 1532 3820 Dictum
1592 3765 1737 3820 enim
1793 3776 1876 3821 est

273 3864 432 3934 jam,
493 3861 643 3914 nullo
699 3860 860 3915 modo
913 3870 1313 3914 creaturarum.
1369 3855 1654 3923 Quomodo
1711 3857 1876 3926 igitur

273 3967 370 4012 est
429 3952 742 4009 secundum
796 3950 1199 4007 substantiam?
1233 3949 1389 4003 Sicut
1424 3949 1736 4006 intellexisti
1789 3963 1877 4004 se-

275 4047 541 4103 cundum
573 4045 973 4115 sperationem.
992 4043 1134 4109 Quia
1155 4041 1302 4098 enim
1329 4041 1436 4096 alia
1465 4053 1594 4098 sunt
1621 4045 1873 4114 quando-

274 4155 393 4206 que
448 4138 720 4209 patentia,
779 4145 832 4190 et
863 4135 1198 4205 quandoque
1253 4144 1419 4200 actu;
1471 4135 1613 4191 Deus
1665 4144 1906 4201 autem,

275 4221 571 4303 quatenus
603 4243 766 4284 meus
785 4237 942 4284 acuta
978 4227 1284 4299 intelligere
1311 4235 1508 4297 potest,
1539 4244 1755 4298 semper
1789 4237 1872 4284 est

277 4323 408 4378 actis
443 4323 587 4394 (non
614 4320 761 4375 enim
791 4335 857 4374 es
900 4320 1222 4391 imperfecto
1251 4319 1320 4375 ad
1361 4319 1658 4391 perfectura
1709 4323 1873 4391 proli-

272 4417 558 4480 eiscitur;
610 4429 708 4470 nec
740 4412 888 4470 aliud
919 4413 1240 4484 quidquam,
1283 4427 1447 4484 quam
1475 4427 1571 4484 per
1605 4427 1666 4470 se
1692 4423 1867 4481 actus,

339 4560 396 4595 ”
430 4558 649 4616 Jerem.
684 4568 842 4622 χχιιι,
885 4553 979 4611 ει.

2005 558 2216 626 quibus
2257 568 2343 614 est
2387 561 2685 614 secundum
2715 560 3090 629 operationem
3126 564 3240 619 sive
3265 575 3473 634 actum,
3512 571 3567 624 in

2004 648 2074 704 iis
2126 648 2261 718 ipsis
2308 665 2428 705 esse
2481 651 2781 705 secundum
2818 651 3202 710 substantiam.
3245 655 3312 711 Et
3341 672 3574 729 magnus

2003 741 2340 796 Athanasius
2392 741 2447 796 in
2487 743 2644 797 libris
2677 742 2881 798 Centra
2915 745 3140 801 Aricinos
3171 763 3190 802 :
3225 746 3459 819 Ubique,
3491 753 3575 806 in-

2003 830 2144 900 quit,
2183 830 2337 885 adest
2367 847 2605 901 prarsens
2654 834 2961 889 substantia
2995 838 3388 906 magnitudinis
3423 857 3570 908 suae;

1999 918 2128 987 quia
2159 917 2386 987 mqualis
2416 931 2500 975 est
2531 919 2702 976 Filius
2736 921 2904 987 Patri,
2944 934 2998 978 et
3027 939 3150 979 eum
3184 927 3344 983 Patre
3372 930 3575 1000 ubique

1991 1011 2154 1066 adest
2180 1011 2504 1078 divinitate;
2533 1021 2587 1066 et
2616 1015 2744 1083 quia
2765 1016 2948 1069 omnia
2979 1019 3222 1074 continet
3244 1023 3570 1080 substantia.

2001 1099 2060 1152 Si
2096 1099 2242 1154 enim
2300 1101 2506 1156 dixeris
2545 1116 2656 1155 non
2687 1102 2881 1158 adesse
2930 1105 3150 1174 ubique,
3195 1110 3402 1178 majora
3447 1128 3571 1169 esse

1997 1188 2147 1244 dices
2193 1204 2257 1244 ea
2305 1205 2428 1259 qua
2459 1191 2600 1245 facta
2631 1202 2781 1257 sunt,
2813 1208 2978 1263 quam
3011 1210 3200 1251 eorum
3233 1210 3427 1255 auctor
3472 1205 3568 1260 sit.
3617 1213 3660 1272 ’,,

1996 1279 2070 1347 Et,
2115 1283 2333 1340 divinus
2383 1284 2856 1356 Chrysostomus:
2903 1289 3060 1356 Quod
3095 1295 3314 1360 quidem
3366 1299 3570 1369 ubique

1998 1373 2141 1429 Deus
2173 1385 2278 1440 est,
2314 1377 2451 1442 scio,
2489 1379 2706 1447 etquod
2732 1389 2879 1433 totus
2912 1392 2992 1436 est
3026 1384 3261 1453 ubique;
3294 1393 3570 1456 quomodo

1994 1474 2201 1530 autem,
2233 1465 2438 1531 nescio;
2468 1483 2574 1522 non
2597 1471 2742 1522 enim
2773 1471 2886 1525 lleri
2913 1482 3092 1542 potest
3122 1485 3178 1528 ut
3207 1477 3568 1533 substantiam

1994 1555 2302 1621 videamus,
2331 1572 2507 1626 neque
2537 1575 2658 1628 quae
2687 1575 2718 1615 a
2747 1575 2804 1616 se
2835 1572 2938 1628 est,
2985 1580 3159 1634 neque
3195 1583 3315 1632 quze
3341 1569 3408 1622 ab
3434 1571 3566 1626 alio.

1995 1643 2059 1698 Et
2099 1645 2338 1717 Cyrillus
2389 1646 2920 1720 llierosolymitanus
2955 1652 3011 1706 in
3049 1652 3458 1711 Catechesieus:
3509 1658 3567 1712 In

1993 1751 2164 1801 mera,
2191 1737 2392 1807 inquit,
2413 1740 2699 1794 divinitate
2728 1755 3191 1809 supervacaneum
3219 1753 3302 1802 est
3327 1741 3566 1818 cogitare

1995 1843 2285 1885 ascensum
2340 1839 2394 1885 et
2443 1832 2806 1899 descensum;
2845 1837 3084 1904 potentia
3119 1841 3262 1891 enim
3321 1837 3410 1893 illa
3444 1859 3566 1908 «μιίε

1992 1922 2176 1976 omnia
2209 1923 2475 1988 continet,
2505 1924 2598 1979 ille
2627 1926 2720 1995 qui
2754 1927 2953 1996 ubique
2979 1929 3232 1985 omnibus
3268 1932 3444 1996 adeSI,
3471 1935 3562 2001 qui

1991 2013 2244 2068 universa
2281 2014 2482 2083 spiritu
2514 2029 2614 2068 suo
2655 2017 2981 2081 circumdat,
3039 2035 3145 2073 non
3177 2022 3502 2077 transfertur
3533 2040 3565 2080 a

1988 2104 2125 2159 loris
2157 2107 2210 2158 in
2246 2106 2360 2161 loca
2396 2124 2411 2170 ;
2445 2107 2622 2176 ipsius‘
2649 2119 2732 2163 est
2755 2124 2860 2164 vox
2890 2127 2906 2166 :
2944 2110 3142 2164 Caelum
3172 2120 3221 2166 et
3253 2121 3445 2167 terram
3471 2133 3567 2185 ego

1989 2194 2180 2264 impleo
2208 2197 2278 2250 ὀ.
2332 2197 2390 2250 Si
2428 2198 2592 2268 igitur
2639 2199 2845 2269 implet,
2878 2214 2989 2270 quo
3022 2203 3460 2259 transmittatur?
3485 2207 3564 2262 Ita

1989 2284 2068 2351 fit,
2111 2295 2169 2340 ut
2233 2290 2472 2342 ascendit
2520 2297 2574 2344 et
2633 2291 2897 2344 descendit
2947 2307 3348 2363 supervacuum
3405 2298 3476 2351 sit
3507 2298 3562 2352 in

1985 2377 2290 2434 divinitate.
2320 2378 2379 2434 ιιι
2417 2378 2706 2436 Salvatore
2739 2392 2946 2448 autem,
2978 2393 3033 2438 et
3074 2385 3125 2439 in
3157 2385 3562 2456 dispensatione

1986 2469 2256 2524 adventus
2287 2470 2482 2540 ejusin
2517 2487 2704 2539 carne,
2735 2475 2952 2543 proprie
2987 2476 3192 2531 dicitur
3241 2481 3472 2532 ascendit
3507 2489 3564 2534 et

1984 2562 2273 2616 descendit.
2308 2559 2374 2616 Et
2408 2561 2646 2619 Joannes
2693 2563 3060 2622 Damascenus
3113 2567 3191 2639 (b)
3224 2581 3241 2622 :
3275 2568 3442 2634 Deus,
3473 2571 3563 2624 iu~

1985 2653 2130 2722 quit,
2186 2669 2384 2724 expers
2419 2652 2596 2724 partis
2635 2663 2744 2721 est,
2795 2663 2940 2711 totus
2974 2670 3041 2712 ex
3073 2665 3189 2713 toto
3232 2659 3472 2728 ubique;
3505 2669 3561 2715 et

1984 2757 2092 2798 non
2127 2758 2257 2811 pars
2297 2744 2355 2799 in
2408 2751 2565 2815 parte
2614 2758 2878 2815 corporeo
2905 2745 3148 2812 divisus;
3185 2748 3284 2803 sed
3325 2755 3472 2805 totus
3503 2751 3560 2806 iu

1983 2835 2265 2902 omnibus,
2295 2846 2350 2890 et
2383 2844 2532 2892 totus
2560 2850 2727 2907 supra
2758 2837 2964 2892 omnia.
3011 2836 3091 2893 Ex
3127 2839 3329 2910 quibus
3356 2840 3416 2896 ﬁt
3445 2857 3565 2897 ma-

1985 2924 2265 2992 nifestum,
2316 2928 2604 2998 proprium
2645 2941 2770 2984 esse
2813 2927 2905 2984 Del
2955 2931 3211 2986 omnibus
3257 2933 3558 2990 secundum

1983 3017 2350 3073 substantiam
2382 3019 2597 3072 adesse.
2634 3016 2790 3073 Sicut
2828 3027 3014 3074 autem
3042 3021 3350 3078 substantia
3381 3025 3556 3090 adeSt,

1985 3106 2066 3161 sic
2103 3122 2204 3164 sua
2262 3117 2534 3178 potestate
2587 3119 2642 3164 et
2672 3112 3012 3181 operatione,
3063 3113 3365 3168 secundum
3411 3117 3554 3170 enim

1984 3197 2352 3254 substantiam
2391 3200 2632 3269 potentia
2669 3187 2858 3266 adest;
2907 3209 3100 3256 etnon
3143 3214 3225 3258 est
3276 3205 3422 3259 aliud
3464 3221 3558 3276 per

1981 3305 2044 3346 se
2087 3289 2355 3359 operatio,
2399 3298 2454 3344 et
2482 3289 2626 3344 aliud
2659 3305 2755 3360 per
2786 3305 2846 3346 se
2891 3291 3218 3348 substantia.
3269 3293 3560 3362 Quomodo

1980 3390 2162 3436 autem
2209 3379 2352 3436 Deus
2398 3379 2703 3435 secundum
2751 3380 3142 3448 substantiam,
3191 3393 3246 3438 et
3276 3387 3562 3454 aequaliter

1978 3473 2236 3528 omnibus
2281 3473 2456 3538 adest,
2494 3479 2548 3525 et
2595 3472 2873 3541 quomodo
2916 3475 3033 3543 ipse
3087 3475 3141 3529 in
3194 3457 3451 3532 Omnibus
3501 3489 3557 3533 et

1979 3579 2143 3632 supra
2183 3562 2392 3629 omnia,
2443 3561 2640 3618 modus
2674 3579 2850 3633 ueqtte
2893 3564 3027 3631 dici,
3064 3580 3244 3632 neque
3297 3571 3556 3637 cognosci

1977 3671 2177 3731 petest.

2575 3772 2800 3832 CAPUT
2860 3773 2924 3830 ll.

1979 3887 2138 3962 Quod
2163 3890 2296 3943 sicut
2327 3890 2470 3962 adest
2502 3890 2648 3944 nobis
2675 3906 2904 3962 presens
2935 3890 3068 3945 Deus
3092 3873 3250 3946 etiam
3282 3908 3397 3946 eum
3425 3911 3557 3962 pur-

2047 3961 2326 4028 ticipamns
2346 3975 2364 4020 ;
2385 3961 2431 4012 si
2457 3971 2632 4013 autent
2669 3961 2968 4014 substantia
3007 3964 3171 4028 adest,
3199 3966 3439 4017 substant
3466 3982 3554 4018 am

2047 4031 2158 4097 ejus
2186 4031 2584 4099 partit-inantus.

2047 4142 2275 4213 Magnus
2302 4143 2592 4216 Dionysius
2627 4143 2681 4198 in
2713 4144 2780 4200 iis
2809 4159 2929 4216 qua:
2961 4144 3243 4202 adnotavit
3267 4162 3332 4202 ex
3362 4159 3555 4202 Sancto

1975 4235 2272 4292 llierotheo
2324 4236 2376 4290 in
2417 4236 2740 4306 tlteologicis
2788 4237 2958 4306 ipsius
3007 4237 3293 4308 Principiis
3329 4257 3343 4295 :
3378 4243 3554 4311 Causa

1973 4324 2219 4383 outnium
2249 4365 2264 4390 ,
2294 4327 2498 4395 ethuze
2537 4327 2722 4380 omnia
2765 4325 2988 4395 implet,
3023 4335 3105 4382 est
3133 4326 3259 4383 .lesu
3291 4328 3556 4386 divinitws

1972 4431 2094 4488 quae
2118 4426 2301 4474 servat
2337 4427 2521 4487 partes
2555 4417 2654 4472 toti
2687 4417 3094 4474 consentientes
3127 4418 3204 4486 (ι)
3241 4435 3258 4474 :
3292 4429 3347 4476 et
3373 4437 3553 4491 neque

1765 4643 2040 4710 Scholia.

374 4756 431 4826 Ι)
476 4752 538 4809 ln
589 4750 844 4826 essent‘iis
877 4732 1072 4806 “rerum
1131 4749 1220 4803 hic
1263 4746 1402 4826 ordo
1451 4745 1870 4826 consideratur;
1903 4753 1950 4813 υ
1976 4756 2079 4826 est_.
2109 4747 2164 4802 in
2196 4745 2461 4816 principia
2497 4761 2703 4802 rerum.
2757 4746 3078 4826 conservat.
3113 4747 3298 4818 igitur,
3333 4746 3549 4826 inquit,

255 4816 820 4900 priniotprincipia
871 4835 1115 4900 rerum;-
1141 4817 1404 4900 secundo,
1447 4816 1870 4900 substantia}:

253 4885 582 4971 principiis
611 4885 942 4971 constituta;
992 4890 1174 4971 tertio.
1208 4888 1417 4955 Species
1451 4887 1672 4971 prOpria
1707 4885 1874 4971 totius

250 4955 585 5038 compdsiti
617 4978 684 5018 es
720 4961 897 5038 forma
934 4959 1324 5038 proficiscens;
1367 4964 1582 5036 quarto,
1610 4955 1874 5038 perfectio

248 5026 464 5108 ipsius
498 5035 580 5087 rei
615 5048 718 5086 non
766 5026 950 5108 solum
991 5027 1170 5108 quoad
1240 5026 1496 5108 speciem,
1529 5027 1622 5105 sed
1686 5027 1864 5108 quoad

246 5095 977 5180 propriam.operationem
1013 5095 1067 5151 et
1103 5102 1282 5162 tinem;
1317 5105 1451 5180 tunc
1481 5095 1632 5180 enirn
1659 5110 1756 5180 res
1784 5103 1866 5150 est

245 5164 628 5235 nutritimodis
648 5164 914 5240 perfecta,
951 5183 1072 5223 cum
1107 5182 1266 5240 suum
1315 5164 1866 5240 linenrassequitur;

245 5234 508 5319 quinto,
560 5234 671 5295 rcs'
699 5241 860 5319 variae
906 5255 1026 5306 qua:
1057 5236 1323 5319 singula}.
1359 5234 1594 5319 quadam
1653 5235 1866 5303 propria

244 5305 632 5392 perfectione
675 5305 1096 5392 prwditm’suut,‘
1125 5305 1662 5392 etordinequotlam
1698 5319 1866 5392 COptl:

245 5374 391 5444 ἶειίω
427 5395 624 5440 totum
664 5374 934 5444 quoddam
974 5376 1280 5444 pertlciunt,
1310 5385 1366 5427 ιιι
1408 5374 1462 5427 in
1493 5375 1771 5435 universo,
1816 5384 1868 5428 et

245 5397 391 5444 lata:
427 5397 624 5440 totum
705 5397 934 5433 ttouuam
974 5397 1280 5444 pcrucrunt,
1310 5397 1366 5427 ut
1408 5397 1462 5427 ιιι
1493 5397 1771 5435 umversu,
1816 5397 1868 5428 et

243 5465 307 5516 in
349 5454 628 5513 homine.
655 5397 976 5503 ﬂierotheus
1009 5461 1137 5514 ergo
1156 5447 1334 5516 docet,
1362 5446 1636 5513 quo.no.lo
1670 5445 1869 5516 divini-

241 5513 341 5588 ἑᾶς
379 5521 619 5582 Christi
653 5530 735 5575 est
768 5532 930 5572 causa
966 5519 1016 5570 in
1067 5513 1152 5569 his
1188 5513 1444 5588 omnibus
1477 5515 1771 5583 incipitque
1801 5515 1869 5567 ab

237 5586 564 5658 extremo,
603 5591 652 5644 id
698 5599 800 5664 est,
830 5604 858 5642 a
893 5597 1002 5642 toto
1025 5626 1040 5652 ,
1082 5595 1136 5641 et
1177 5593 1378 5640 remeat
1410 5586 1462 5638 in
1498 5600 1736 5655 prttnnm
1761 5623 1778 5648 ,
1811 5587 1866 5641 id

325 5723 418 5802 (η)
463 5726 603 5802 Lib.
637 5723 1088 5802 rufus/siceram
1118 5724 1345 5802 exponit
1398 5722 1717 5780 Aristoteles
1753 5737 1864 5778 mo-

240 5797 357 5867 dos
395 5797 628 5873 Quibus
657 5797 800 5849 aliud
829 5801 878 5849 iu
906 5797 1011 5848 alio
1040 5810 1157 5871 esse
1190 5797 1409 5849 ιιίειιιιιο.

1975 4818 2332 4883 universum,
2377 4831 2431 4872 et
2487 4827 2669 4886 partes
2702 4819 2942 4872 universi
2983 4819 3078 4874 toti
3115 4821 3546 4882 consentientes,

1971 4894 2027 4940 et
2053 4901 2176 4940 cum
2201 4902 2267 4940 eo
2293 4885 2708 4958 conspirantes;
2743 4897 2800 4943 et
2827 4885 2942 4956 ipsa
2971 4904 3076 4943 non
3109 4899 3189 4942 est
3222 4897 3419 4952 totum,
3452 4904 3553 4940 lto--

1973 4970 2079 5024 que
2109 4970 2256 5025 pars,
2285 4959 2408 5026 qrtia
2457 4957 2662 5013 scilicet
2696 4974 2799 5012 non
2833 4958 2997 5013 habet
3037 4958 3422 5028 perfectionem
3474 4969 3552 5011 Io-

1973 5030 2082 5097 tius
2110 5034 2162 5079 et
2190 5028 2383 5095 partis,
2416 5028 2558 5083 sicut
2594 5036 2763 5081 totum
2795 5038 2847 5083 et
2883 5027 3156 5097 pars,’sed
3192 5027 3550 5083 excellentius

1976 5095 2031 5166 in
2063 5095 2354 5159 infinitum,
2384 5105 2573 5166 estque
2601 5113 2792 5152 rursus
2821 5095 2996 5152 toium
3041 5108 3094 5152 et
3134 5114 3256 5165 pars
3289 5097 3550 5151 divinitas

1975 5165 2204 5229 Christi,
2241 5182 2431 5235 nempe
2478 5165 2605 5234 quia
2659 5167 2918 5235 quidquid
2973 5168 3321 5236 perfectionis
3361 5182 3443 5221 est
3489 5167 3544 5221 in

1980 5247 2095 5290 toto
2121 5243 2175 5289 et
2213 5238 2264 5289 in
2298 5246 2468 5304 parte,
2499 5237 2599 5290 hoc
2634 5237 2747 5304 ipsa
2780 5238 2984 5291 Christi
3031 5237 3286 5291 divinitas
3342 5239 3549 5303 praelii-

1979 5306 2086 5370 bet,
2118 5316 2169 5375 et
2203 5306 2554 5373 suprahabet;
2583 5309 2786 5375 reliqua
2831 5308 3076 5363 faciIiOra
3108 5316 3256 5360 sunt.
3293 5305 3426 5361 Illud
3460 5321 3551 5359 reo

1978 5389 2040 5448 ro
2069 5366 2082 5427 Ξ
2117 5366 2580 5448 Substantiatotis
2601 5366 2922 5430 substantiis
2953 5377 3212 5448 insistens
3243 5377 3548 5448 impollute,

1976 5445 2251 5514 significat
2279 5459 2403 5514 esse
2439 5445 2604 5497 Deum
2642 5448 2694 5499 in
2730 5447 2984 5500 omnibus
3017 5445 3361 5511 substantiis,
3395 5456 3447 5501 et
3477 5451 3544 5499 ah

1979 5513 2061 5568 eis
2094 5513 2408 5583 participari
2442 5529 2545 5566 non
2578 5529 2673 5582 per
2701 5515 3084 5570 adtuistioucm
3113 5556 3126 5580 ,
3170 5518 3268 5571 hoc
3298 5531 3401 5582 cal,
3439 5533 3554 5572 non

1974 5583 2191 5638 tn.sccri
2215 5591 2340 5637 ‘eum
2370 5584 2470 5647 eis,
2507 5599 2570 5638 ex
2599 5595 2788 5639 saticto
2817 5584 3022 5639 'l‘homa
3057 5587 3107 5641 in
3139 5584 3472 5657 Dionysium.

2041 5721 2115 5792 (tv)
2155 5719 2253 5776 Lib
2291 5733 2330 5788 ι,
2361 5735 2484 5792 cap.
2517 5721 2602 5786 lG,
2641 5719 2865 5776 Orthod.
2910 5722 2998 5776 ἠμί.
