3980 6208
437 248 545 313 εστ

442 463 604 506 tenus
638 462 819 510 omne,
846 454 900 500 et
932 451 1104 499 totum
1129 478 1147 506 ,
1180 450 1235 497 et
1280 448 1485 511 partem
1505 439 1570 492 -in
1600 452 1670 492 se
1700 438 1815 506 ipsa
1846 449 2012 490 com-

444 539 767 612 prehendit;
805 543 858 591 et
903 533 1257 603 suprahabet,
1304 541 1359 586 et
1410 528 1724 591 antehahet,
1774 525 2012 596 perfecta

445 630 663 700 quidem
711 637 794 682 est
859 626 915 680 in
968 622 1316 693 imperfectis,
1378 630 1636 690 tanquam
1666 615 2016 689 principialis

449 736 612 776 causa
646 716 999 788 perfectionis
1020 732 1041 780 5;
1078 711 1397 782 imperfecta
1430 722 1612 766 autem
1647 710 1701 764 in
1736 707 2015 778 perfectis,

446 819 705 880 tanquam
740 822 1071 877 supraquam
1100 805 1365 874 perfecta,
1399 814 1452 858 et
1482 802 1874 873 anteperfee‘ta,
1904 801 2015 856 ἴοι-α-

445 918 534 959 ma
567 902 754 956 formae
774 939 791 963 ,
828 898 1065 953 miscui:
1094 898 1148 950 in
1179 898 1246 951 iis
1272 912 1393 965 quae
1418 904 1608 951 carent
1642 895 1816 949 forma
1845 935 1859 957 ,
1895 904 2016 947 tan-

445 1008 607 1063 quam
642 989 979 1061 principia-lis
1007 1002 1171 1042 causa
1203 988 1410 1049 ferinae,
1446 990 1563 1040 sine
1592 985 1767 1039 forma
1807 986 1859 1037 in
1884 984 2019 1053 ipsis

446 1083 877 1150 formisuttpole
899 1095 1063 1149 supra
1087 1079 1320 1133 formam
1343 1094 1358 1142 ;
1390 1076 1696 1131 substantia
1730 1076 1864 1131 totis
1890 1074 2023 1129 sub-

452 1174 671 1229 stantiis
694 1170 963 1225 insistens
1003 1168 1308 1237 impoliute,
1336 1178 1396 1221 et
1436 1168 1506 1221 ab
1536 1166 1683 1220 omni
1716 1164 2020 1220 substantia

448 1278 613 1333 supra
640 1260 1001 1316 substantiam
1028 1262 1308 1313 abstracta
1334 1294 1348 1317 ,
1382 1265 1491 1312 tota
1524 1257 1813 1326 principia,
1845 1264 1899 1310 et
1934 1270 2024 1311 ομ

449 1357 604 1411 dines
638 1353 900 1410 deﬁniens
922 1392 937 1415 ,
970 1366 1134 1420 supra
1167 1363 1329 1402 omne
1361 1350 1689 1418 principium
1723 1358 1776 1402 et
1802 1362 2020 1402 omnem

451 1447 702 1502 ordinem
733 1444 1023 1499 collocata.
1061 1440 1128 1494 Et
1162 1455 1393 1509 magnus
1436 1440 1790 1505 Athanasius,
1836 1439 1893 1492 in
1929 1439 2023 1491 Di-

452 1538 764 1607 sputatione
796 1546 980 1589 contra
1013 1532 1238 1588 Arium:
1271 1531 1584 1586 Secundum
1628 1531 1742 1586 hac
1770 1530 2025 1586 divinitas

450 1629 633 1686 Patris
659 1636 711 1682 et
744 1627 860 1680 Filii
889 1634 1072 1680 sancta
1102 1631 1155 1678 et
1175 1622 1548 1684 sanetillcans,
1579 1636 1703 1691 quae
1723 1620 2027 1676 sanctiﬁcat

453 1719 637 1774 omnia
671 1732 793 1786 quae
825 1716 1091 1769 rationem
1142 1712 1497 1783 participant,
1529 1711 1729 1780 quibus
1769 1710 1897 1765 data
1944 1718 2028 1764 est

451 1807 638 1862 libera:
665 1805 964 1859 voluntatis
993 1812 1049 1856 et
1096 1801 1263 1855 studii
1315 1809 1571 1870 potestas-
1608 1800 1675 1855 ad
1707 1799 2026 1871 capiendam

452 1902 699 1952 sanctam
741 1900 795 1947 et
845 1891 1059 1946 beatam
1094 1890 1454 1945 substantiam
1493 1890 1548 1943 in
1583 1890 2028 1944 communionem

454 1984 928 2042 sanctiﬁcationis.
946 1984 1008 2037 Et
1032 1982 1250 2038 divinus
1275 1982 1508 2053 Cyrillus
1540 1982 1592 2035 in
1615 1981 1897 2035 Tltesauris
1914 1980 2027 2047 (a):

456 2076 613 2133 Sicut
646 2076 833 2145 igitur,
863 2074 1041 2144 inquit
1065 2113 1079 2136 ,
1115 2073 1311 2127 mulier
1335 2072 1512 2141 gleria
1546 2072 1645 2126 viri
1680 2081 1873 2126 vorata
1906 2083 1988 2126 est
2013 2111 2028 2136 ,

455 2169 583 2240 quia
616 2175 819 2237 partem
856 2181 917 2221 es
949 2163 1207 2218 membris
1235 2164 1355 2231 eius
1381 2164 1448 2217 ad
1483 2163 1571 2217 sui
1619 2162 2029 2217 fabricationem

457 2257 704 2329 accepit,
742 2256 823 2313 sic
853 2255 937 2309 vir
965 2254 1135 2327 gloria
1171 2253 1266 2309 Dei
1301 2254 1608 2323 appellatus
1632 2262 1742 2317 est,
1781 2256 1912 2319 quia
1946 2252 2029 2307 fa-

457 2358 581 2405 ctus
618 2357 704 2404 est
749 2348 1020 2418 particeps
1065 2345 1382 2401 substantiae
1427 2344 1547 2413 ejus
1593 2359 1688 2414 per
1769 2344 2031 2413 Spiritum

458 2449 734 2504 sanctum,
766 2440 857 2509 qui
891 2439 943 2492 in
989 2450 1054 2492 eo
1086 2436 1374 2491 habitavit.
1412 2435 1479 2489 Et
1526 2450 1719 2491 rursus
1751 2437 1890 2490 idem
1921 2436 2033 2489 dis-

458 2546 648 2587 serens
688 2531 755 2586 de
807 2530 1012 2597 Spiritu
1063 2537 1256 2583 sancto
1304 2544 1319 2581 :
1370 2527 1543 2593 Igitur
1594 2527 2031 2597 quandoquidem

465 2623 673 2693 Spiritu
706 2631 894 2676 saneto
922 2621 1205 2674 habitante
1236 2619 1289 2673 in
1317 2619 1384 2673 iis
1405 2618 1498 2687 qui
1520 2619 1629 2673 Deo
1648 2620 1858 2688 probati
1884 2628 2032 2685 sunt,

463 2715 716 2770 Christus
743 2721 829 2766 est
856 2713 951 2780 qui
981 2711 1205 2773 habitat,
1238 2724 1459 2764 necesse
1488 2720 1573 2764 est
1619 2711 1801 2764 dicere
1847 2710 2031 2779 ipsum

468 2805 736 2875 Spiritum
772 2801 972 2856 divina:
1013 2799 1337 2871 substantia
1361 2814 1520 2866 esse;
1556 2801 1718 2869 cujus
1744 2801 2035 2869 participes

462 2895 596 2951 facit
622 2908 717 2948 eos
745 2894 838 2963 qui
872 2893 1048 2961 ipsum
1096 2890 1461 2960 participant,
1493 2900 1548 2945 et
1580 2890 1777 2944 iterum
1812 2890 1952 2944 idem
1981 2894 2033 2945 in

1586 235 1910 302 JOANNIS
1946 232 2509 298 CYPARISSIO’I‘R

441 374 592 428 pars,
634 367 810 425 neque
836 359 1007 408 totum
1038 355 1170 406 est:
1201 355 1256 404 et
1283 356 1367 404 est
1401 350 1599 412 totum,
1626 354 1679 400 et
1702 359 1850 415 pars,
1882 359 2017 415 qtta-
2044 344 2091 402 Δ
2134 344 2137 347 ’

3542 227 3649 289 .868

2710 334 2940 394 CAPUT
3002 333 3090 392 Ili.

2118 426 2271 492 Quod
2302 427 2679 496 participantes
2708 427 2939 480 divinam
2972 424 3343 487 substantiam,
3379 439 3466 490 per
3495 424 3654 496 Spiri-

2188 494 2575 551 tum‘aanctum
2607 494 2809 550 Filium
2846 496 2959 561 Dei,
3004 497 3094 564 qui
3124 510 3283 563 supra
3325 495 3655 564 substantiam

2188 580 2287 632 est,
2308 569 2732 635 partieipamus;
2757 578 2804 620 et
2819 567 2955 618 hunc
2976 561 3368 634 participant“,
3390 561 3542 635 Deum
3562 562 3657 616 Pa-

2190 632 2322 692 trem
2352 632 2731 704 participantus
2766 676 2781 699 ,
2821 632 2983 699 atque
3004 636 3077 687 ita
3097 635 3339 703 elﬁcimur
3366 632 3547 686 divina:
3576 648 3662 685 na-

2188 717 2324 765 tura:
2353 717 2401 759 et
2428 706 2732 760 substantite
2757 708 3059 773 participes.

2190 797 2453 854 Dominus
2486 798 2563 852 ait
2585 799 2636 851 in
2667 797 2959 866 Evangelia
2991 812 3004 849 :
3037 793 3143 860 Qui
3176 793 3348 862 diligit
3400 808 3497 856 me,
3536 804 3669 846 matt-

2119 886 2250 941 data
2302 903 2416 940 mea
2466 888 2727 950 servabit;
2764 895 2811 938 et
2848 901 2941 955 ego
2984 894 3036 939 et
3086 882 3248 937 Pater
3292 884 3547 937 veniemus
3572 921 3587 945 ,
3627 892 3668 934 et

2121 980 2444 1033 mansionem
2499 979 2641 1046 apud
2688 994 2803 1032 eum
2858 979 3114 1045 faciemus
3153 976 3222 1030 ".
3273 976 3426 1042 Quod
3470 974 3668 1043 quidem

2122 1083 2354 1139 magnus
2375 1078 2432 1123 et
2459 1082 2705 1122 summus
2738 1068 3101 1135 apostolorum
3138 1064 3329 1119 Petrus
3361 1064 3417 1118 in
3457 1064 3673 1133 Epistula

2122 1174 2219 1214 sua
2252 1159 2502 1228 explicat,
2534 1172 2656 1213 cum
2690 1160 2766 1212 ait
2794 1175 2808 1211 :
2837 1158 3043 1213 Diuina!
3072 1168 3277 1212 naturae
3311 1167 3568 1211 consortes
3595 1158 3671 1225 fa-

2123 1251 2195 1303 cti
2232 1265 2411 1303 sumus
2431 1251 2498 1304 ".
2526 1248 2891 1305 Consentiunt
2924 1264 3048 1303 cum
3080 1265 3145 1304 eo
3175 1264 3295 1317 quae
3336 1247 3535 1302 Paulus
3563 1250 3672 1300 item

2126 1353 2359 1407 magnus
2400 1338 2518 1391 ait:
2554 1336 2786 1391 Nescitis
2834 1338 2973 1406 quod
3024 1338 3270 1407 templum
3317 1337 3412 1391 Dei
3461 1339 3595 1401 estis,
3631 1348 3671 1390 et

2128 1429 2362 1494 Spiritus
2387 1428 2481 1483 Dei
2507 1428 2708 1481 habitat
2743 1430 2798 1482 in
2820 1430 2961 1483 vobis
2982 1430 3071 1483 "7
3096 1428 3161 1484 Et
3182 1445 3375 1485 rursus
3404 1446 3418 1481 :
3450 1427 3548 1483 Vos
3567 1432 3674 1481 estis

2128 1519 2377 1589 templum
2417 1519 2512 1573 Dei
2545 1521 2778 1579 viventis.
2827 1521 2964 1573 sicut
3018 1520 3154 1573 dixit
3210 1518 3386 1584 Deus,
3432 1517 3675 1581 Quoniam

2127 1610 2378 1663 habitabo
2407 1611 2458 1664 in
2490 1612 2589 1673 eis,
2627 1623 2673 1663 et
2706 1610 3085 1676 inambulabo;
3122 1620 3171 1664 et
3205 1594 3395 1664 ero'eis
3439 1609 3588 1672 Deus,
3633 1621 3675 1661 et

2129 1702 2233 1771 ipsi
2277 1710 2430 1755 erunt
2466 1701 2595 1754 mihi
2629 1701 2853 1769 populus
2883 1702 2953 1756 ".
2994 1701 3259 1755 Similiter
3306 1702 3401 1769 qui
3450 1700 3678 1765 deinceps

2130 1793 2408 1848 consecuti
2448 1802 2578 1847 sunt
2607 1793 2804 1847 sancti.
2843 1792 3069 1861 Magnus
3098 1793 3452 1855 Athanasius,
3481 1795 3531 1845 in
3565 1789 3679 1859 Epi-

2132 1883 2267 1936 stola
2297 1881 2369 1936 ad
2410 1881 2762 1952 Serapionem
2790 1898 2804 1935 :
2837 1881 2926 1937 Sic
2963 1892 3169 1948 autem,
3203 1882 3427 1951 inquit,
3466 1879 3678 1949 signati,

2130 1979 2494 2027 consentanea
2544 1982 2752 2027 natura:
2784 1972 2979 2026 dit-ina:
3003 1983 3291 2029 consortes
3325 1972 3595 2037 cﬂicintur,
3623 1969 3685 2024 si-

2131 2075 2223 2119 cut
2268 2062 2460 2118 Petrus
2502 2063 2678 2129 dixit,
2712 2074 2875 2133 atque
2922 2064 2996 2119 ita
3041 2065 3221 2119 omnis
3258 2078 3507 2120 creatura
3540 2065 3681 2121 Verbi

2106 2155 2406 2223 particeps
2444 2155 2675 2209 abicitur
2708 2156 2761 2209 itt
2806 2154 3013 2224 Spiritu
3059 2166 3273 2219 sancto,
3308 2165 3364 2209 et
3408 2172 3499 2226 per
3526 2156 3683 2226 Spiri-

2135 2262 2251 2305 tum
2305 2261 2556 2306 sanctunt
2607 2253 2843 2306 dicimur
2882 2253 3172 2322 participes
3207 2252 3348 2318 Dei,
3392 2254 3467 2306 ait
3508 2254 3682 2308 enim:

2136 2342 2368 2396 Nescitis
2401 2344 2539 2411 quod
2572 2344 2818 2407 templum
2852 2344 2945 2397 Dei
2976 2347 3122 2410 satis,
3156 2355 3206 2398 et
3237 2342 3471 2412 Spiritus
3496 2340 3583 2398 Dei
3605 2345 3685 2397 Ita-

2135 2436 2268 2488 bttat
2309 2436 2362 2487 in
2396 2436 2582 2491 vobis?
2612 2436 2674 2489 Et
2718 2437 2860 2491 idem
2909 2438 2963 2490 in
3000 2439 3187 2491 eadem
3219 2439 3453 2506 epistola
3498 2454 3511 2489 :
3552 2437 3685 2491 Nunc

2135 2536 2316 2580 autem
2346 2541 2471 2580 cum
2508 2527 2743 2582 dicimur
2768 2529 3055 2598 participes
3077 2530 3305 2594 Christi,
3335 2539 3389 2586 et
3421 2530 3685 2600 participes

2138 2616 2254 2680 Dei,
2290 2617 2695 2673 demonstratur
2725 2621 2990 2684 chrisma,
3030 2620 3080 2675 id
3118 2628 3200 2675 est
3234 2622 3447 2687 unctio,
3478 2638 3587 2691 qur.
3616 2628 3687 2675 est

2139 2709 2192 2761 in
2220 2709 2398 2773 nobis,
2433 2718 2486 2763 et
2516 2710 2778 2780 sigillum,
2811 2712 2956 2780 quod
2988 2728 3095 2765 non
3133 2722 3217 2766 est
3249 2724 3460 2767 natura:
3485 2723 3686 2773 creata,

2137 2803 2230 2854 sed
2262 2800 2407 2864 Filii,
2439 2804 2531 2871 qui
2563 2818 2658 2871 per
2690 2801 2953 2873 Spiritum
2989 2812 3237 2857 sant-tum
3269 2819 3376 2859 nos
3401 2820 3519 2860 eum
3549 2802 3688 2857 Patre

2138 2893 2443 2963 cenjungit,
2481 2894 2583 2947 hoc
2624 2894 2769 2948 enim
2804 2892 3043 2948 Joannes
3081 2897 3242 2963 paulo
3291 2911 3461 2966 supra
3511 2895 3688 2949 docens

462 2990 669 3043 eisdem
704 3004 718 3040 :
748 2985 844 3040 Est
877 2984 1045 3056 igitur
1086 2981 1326 3054 Spiritus
1354 2991 1575 3038 sanctus
1602 2982 1901 3037 secundum
1935 3000 2028 3037 na-
2058 2990 2107 3051 ο
2138 2986 2356 3053 scripsit
2386 3002 2400 3038 :
2436 2984 2499 3039 In
2535 2987 2631 3039 hoc
2663 2987 3015 3055 cognoscimus
3039 2988 3175 3056 quod
3205 2988 3259 3040 in
3284 2986 3397 3041 Deo
3421 3002 3688 3048 manemus,

466 3089 645 3132 turam
685 3078 845 3142 Deus,
874 3077 1075 3145 quippe
1109 3074 1201 3144 qui
1233 3084 1458 3130 sanctos
1492 3085 1811 3144 regenerat,
1846 3083 1905 3128 ut
1930 3075 2039 3129 sint

466 3186 636 3226 unum
664 3183 787 3223 cum
823 3168 952 3229 Deo,
991 3166 1084 3235 qui
1125 3162 1332 3220 habitat
1365 3165 1418 3219 in
1454 3165 1561 3221 eis.
1597 3164 1660 3218 Et
1686 3165 1864 3220 adhuc
1897 3165 2037 3219 idem
2078 3168 2079 3171 “

470 3262 527 3318 in
558 3263 761 3317 eisdem
798 3274 811 3309 :
846 3258 989 3324 Quid
1041 3258 1207 3327 igitur
1253 3272 1388 3328 opus
1434 3265 1519 3312 est
1566 3258 1725 3322 longo
1751 3258 2039 3313 verborum

474 3356 712 3409 circuitu
736 3349 835 3415 uti,
883 3358 931 3404 et
981 3349 1309 3417 multiplices
1357 3348 1607 3402 notiones
1649 3348 1857 3402 texere?
1896 3349 2043 3403 llanc

475 3445 622 3498 enim
661 3442 835 3512 ipsam
882 3440 989 3492 tim
1036 3440 1468 3493 sanctilieantem
1505 3453 1571 3492 ex
1616 3437 1774 3492 Patre
1821 3452 2045 3491 manan-

470 3546 602 3600 tetn,
637 3550 758 3603 qua:
788 3530 1114 3602 imperfectis
1146 3530 1332 3583 tribuit
1362 3528 1748 3597 perfectionem
1776 3569 1792 3595 ,
1817 3530 2046 3583 dicimus

470 3642 595 3681 esse
656 3625 921 3696 Spiritum
978 3632 1267 3685 sanctum;
1327 3636 1898 3691 supervacaneumque
1961 3631 2047 3676 est

471 3726 784 3775 creaturam
841 3729 937 3784 per
984 3713 1330 3780 interjcctum
1380 3713 1617 3768 medium
1670 3713 2045 3777 sanctilirari,

473 3822 596 3861 cum
622 3806 928 3875 benignitas
953 3803 1047 3869 Dei
1074 3804 1293 3873 dignata
1332 3803 1497 3857 fuerit
1521 3820 1695 3875 usque
1724 3807 1789 3858 ad
1823 3806 2048 3859 minima

475 3899 793 3967 pervadere,
849 3902 905 3949 et
941 3909 1002 3948 ea
1038 3910 1132 3963 per
1179 3893 1440 3961 Spiritum
1481 3909 1640 3949 suum
1687 3895 2048 3952 sattctitieare.

475 3986 541 4040 Et
589 3984 804 4039 divinus
835 3984 1196 4052 TltcOphanes
1242 3984 1294 4037 in
1329 3983 1569 4040 Canticis
1600 3986 1717 4040 suis
1750 4002 1764 4039 :
1798 3985 2005 4041 Lumen
2034 4027 2048 4051 ,

476 4078 671 4146 inquit,
699 4077 860 4129 unius
899 4074 1174 4143 principii,
1207 4084 1261 4127 et
1290 4074 1340 4126 in
1376 4076 1548 4130 tribus
1580 4076 1893 4145 splendens,
1926 4078 2051 4130 sub-

2138 3083 2187 3128 et
2219 3077 2326 3142 ipse
2355 3075 2407 3128 iu
2440 3077 2611 3137 nobis,
2652 3090 2716 3128 ea:
2742 3075 2942 3143 Spiritu
2973 3077 3087 3146 ejus
3116 3093 3264 3146 quem
3291 3074 3444 3131 dedit
3474 3078 3611 3130 nobis
3629 3077 3686 3128 ".

2144 3166 2203 3220 Si
2234 3177 2414 3221 autem
2445 3167 2862 3237 participatione
2900 3168 3135 3237 Spiritus
3185 3170 3369 3223 sancti
3424 3167 3694 3223 eﬂiciemur

2142 3267 2425 3313 censortes
2451 3260 2647 3313 divina:
2679 3268 2905 3319 naturae,
2942 3259 3168 3312 insanus
3202 3257 3373 3314 fuerit
3402 3259 3448 3313 si
3474 3258 3590 3329 quis
3622 3255 3694 3309 di-

2144 3359 2231 3403 cat
2270 3364 2389 3405 esse
2429 3348 2691 3419 Spiritum
2725 3357 2975 3403 sanctum
3017 3358 3221 3403 natura:
3268 3359 3499 3413 creatae,
3529 3357 3577 3400 et
3601 3360 3693 3400 non

2147 3441 2274 3505 Dei;
2302 3441 2371 3495 ob
2406 3440 2547 3494 hanc
2584 3441 2727 3494 enim
2778 3455 2999 3493 causam
3052 3449 3135 3494 est
3182 3440 3235 3493 in
3296 3440 3625 3503 hominibus,
3651 3444 3697 3489 et

2147 3547 2243 3601 per
2271 3546 2391 3585 eum
2430 3531 2677 3585 homines
2697 3530 3038 3596 deitirautur;
3065 3533 3109 3584 si
3136 3542 3316 3584 autem
3352 3534 3578 3596 dcitieat,
3603 3541 3695 3581 non

2148 3633 2232 3677 est
2263 3622 2486 3677 dubium
2527 3622 2655 3691 quin
2710 3632 2903 3676 natura
2955 3624 3076 3692 ejus
3114 3630 3307 3677 natura
3345 3623 3439 3678 Dei
3474 3623 3561 3678 sit.
3595 3618 3694 3673 ila-

2150 3727 2289 3782 gnus
2319 3711 2552 3767 Basilius
2582 3712 2636 3766 in
2678 3712 2745 3765 iis
2776 3726 2896 3781 qua:
2926 3712 2992 3767 de
3028 3713 3233 3782 Spiritu
3266 3723 3463 3767 sancto
3490 3710 3694 3767 scribit:

2150 3804 2327 3867 Nulla,
2353 3805 2549 3873 inquit,
2585 3812 2830 3858 creatura
2864 3806 2931 3859 ab
2962 3807 3142 3859 anima
3194 3806 3430 3860 rationis
3474 3811 3698 3871 compote

2150 3896 2464 3967 participari
2500 3904 2697 3965 potest,
2737 3897 2806 3950 ita
2835 3907 2897 3950 ut
2929 3897 2981 3951 in
3013 3912 3077 3952 ea
3115 3899 3321 3951 habitet
3350 3896 3630 3958 οὑσιωδὼς.
3653 3893 3699 3946 id

2151 3996 2234 4040 est
2271 3984 2570 4040 secmidum
2604 3986 2968 4042 substantiam
3002 3986 3103 4057 (ὁ),
3146 3986 3387 4058 Spiritus
3435 4003 3555 4041 vero
3590 3998 3701 4039 san-

2155 4087 2275 4131 ctus
2314 4078 2518 4131 habitat
2546 4078 2597 4131 iu
2632 4092 2694 4131 ea
2724 4117 2739 4139 ,
2776 4080 2922 4132 sicut
2963 4080 3038 4134 ait
3088 4077 3375 4149 Scriptura
3406 4096 3420 4131 :
3457 4077 3699 4142 Tenedum

476 4167 672 4222 stant'a
702 4166 818 4219 sine
844 4164 1130 4233 prittcipie,
1162 4164 1529 4233 pulchritudo,
1558 4166 1821 4220 immensa
1852 4168 2057 4223 habitat
2155 4161 2290 4225 estis.
2316 4169 2427 4232 Dei,
2452 4178 2502 4224 et
2537 4168 2770 4238 Spiritus
2801 4170 2893 4226 Dei
2926 4172 3131 4226 habitat
3159 4176 3210 4225 in
3244 4174 3414 4238 vobis;
3456 4172 3701 4225 inereattts

478 4262 533 4315 in
575 4262 737 4314 corde
767 4274 909 4323 meo,
941 4266 995 4311 et
1031 4259 1227 4312 iterum
1262 4258 1314 4312 in
1346 4258 1551 4313 eisdem
1587 4276 1603 4313 :
1641 4257 1750 4314 Rex
1794 4260 2048 4317 cmlcstis,

479 4350 766 4418 paraclete,
809 4347 1042 4416 Spiritus
1083 4347 1356 4414 veritatis,
1391 4346 1483 4416 qui
1521 4347 1719 4416 ultique
1752 4348 1881 4403 ades
1911 4364 2050 4418 prte-

478 4456 623 4504 sens,
655 4449 709 4493 et
733 4440 914 4492 omnia
947 4438 1158 4507 imples,
1198 4437 1289 4506 qui
1325 4453 1384 4491 es
1420 4438 1706 4492 thesaurus
1740 4439 2005 4493 honorum
2033 4479 2049 4505 ,

478 4542 531 4586 et
564 4537 684 4584 vita:
715 4532 889 4593 dator,
932 4531 1075 4593 veni,
1110 4537 1163 4583 et
1195 4529 1374 4582 habita
1414 4527 1686 4593 innubis;
1730 4540 1783 4582 et
1820 4531 2050 4584 emunda

481 4639 582 4676 nos
617 4625 682 4674 ab
714 4623 862 4675 omni
897 4622 1130 4682 macula,
1162 4631 1214 4674 et
1252 4620 1429 4673 salvas
1461 4619 1544 4673 fac
1575 4620 1783 4673 animas
1814 4630 2051 4675 nostras.

481 4712 560 4765 Ex
601 4713 801 4781 quibus
834 4722 999 4781 patet,
1031 4716 1173 4781 quod
1212 4711 1317 4766 Deo
1354 4714 1649 4766 secundum
1697 4714 2050 4768 substantiam

482 4814 773 4873 praesente,
827 4805 1183 4859 substantiam
1223 4804 1344 4873 ejus
1376 4806 1709 4871 ittlpel'lltlsle
1762 4809 2052 4875 participa-

484 4911 603 4951 tnus
634 4912 646 4947 :
681 4906 734 4949 et
765 4897 905 4963 quod
938 4897 1047 4963 ipsa
1075 4903 1155 4947 est
1191 4908 1309 4961 quae
1340 4910 1439 4949 no»-
1480 4897 1818 4961 sanctiﬁcat,
1862 4909 1916 4952 et
1959 4900 2053 4952 ba-

483 4986 613 5039 hitat
649 4986 701 5038 in
752 4986 928 5049 nobis,
963 5000 1170 5052 nosque
1201 4985 1269 5036 ab
1307 4984 1453 5037 omni
1487 4985 1605 5039 labe
1652 4984 1746 5054 per
1792 4985 2050 5055 Spirituut

483 5092 641 5130 suum
673 5076 764 5146 qui
795 5091 959 5144 supra
991 5077 1347 5129 substantiam
1380 5083 1486 5141 est,
1532 5087 1804 5145 repurgat.

555 5305 599 5337 "
666 5303 819 5359 Joan.
876 5318 985 5367 xtr,
1032 5304 1123 5360 23.
1202 5302 1244 5335 ⁹¹
1277 5304 1317 5358 ll
1353 5305 1501 5359 Patr.
1538 5322 1578 5373 ι,
1611 5308 1666 5361 ι.

558 5531 637 5604 (ᾳ)
669 5531 786 5604 Lib.
814 5550 930 5595 xm,
964 5549 1087 5604 cap.
1119 5535 1173 5589 5.

562 5601 634 5670 ψ)
675 5602 955 5666 Quotnodo
986 5601 1165 5659 autem
1203 5607 1555 5679 participetur
1586 5608 1731 5665 Deus
1764 5611 2063 5667 secundum

2159 4259 2318 4330 igitur
2345 4271 2427 4316 est
2458 4260 2695 4330 Spiritus
2734 4274 2980 4326 sanctus,
3010 4273 3063 4318 et
3087 4265 3277 4318 beatus
3305 4264 3541 4335 Cyrillus
3574 4261 3619 4313 in
3644 4257 3702 4311 i;s

2157 4366 2280 4419 qua:
2318 4350 2385 4405 de
2415 4350 2619 4420 Spiritu
2649 4362 2841 4409 sancto
2870 4355 3090 4425 scripsit
3129 4372 3145 4410 :
3183 4354 3285 4409 Per
3310 4373 3372 4411 se
3404 4357 3560 4425 igitur
3585 4366 3701 4421 ope-

2159 4450 2313 4496 ratur
2353 4442 2408 4496 in
2455 4443 2611 4497 nobis
2648 4444 2885 4514 Spiritus
2923 4427 3143 4502 sa‘nctus
3189 4463 3315 4503 vere
3358 4446 3703 4506 satictillcatts,

2161 4544 2207 4587 et
2242 4551 2341 4589 nos
2373 4551 2555 4589 secum
2592 4539 2644 4590 in
2682 4554 2848 4593 unum
2889 4555 2986 4594 sua
3018 4524 3409 4612 conjunctione
3444 4539 3705 4610 capularis.

2160 4640 2223 4680 ac
2251 4625 2447 4681 divina:
2475 4638 2678 4682 natura:
2706 4630 2999 4700 participes
3028 4632 3283 4688 eﬂiciens.
3318 4634 3386 4690 Et
3415 4647 3627 4686 rursus:
3656 4628 3704 4681 Si

2159 4718 2513 4786 accipientes,
2552 4720 2745 4788 inquit,
2784 4720 3045 4791 Spiritum
3092 4724 3334 4791 Christi,
3378 4744 3470 4795 per
3497 4740 3611 4781 eum
3646 4722 3703 4774 ad

2162 4808 2329 4861 Deum
2362 4807 2572 4863 Patrem
2610 4810 2949 4879 adducimur,
2982 4824 3239 4886 tanquam
3285 4818 3481 4871 divinat
3518 4824 3705 4869 naturte

2158 4911 2438 4955 consortes
2469 4905 2615 4966 lacti,
2651 4907 2809 4958 modo
2842 4909 2946 4960 erit
2975 4917 3243 4973 creatura,
3280 4925 3375 4979 per
3403 4924 3557 4979 quem
3594 4918 3702 4958 cum

2163 4991 2271 5045 Deo
2302 5002 2556 5061 tanquam
2594 5011 2765 5064 genus
2798 5000 3226 5067 cunjungimur?
3258 5001 3451 5055 Adhuc
3490 5000 3620 5055 idem
3653 4996 3701 5048 in

2158 5084 2427 5152 Capitibus
2472 5085 2539 5139 de
2579 5086 2785 5155 Spiritu
2828 5104 3018 5145 sancto
3048 5109 3063 5144 :
3107 5093 3162 5147 Si
3194 5109 3384 5149 servus
3415 5105 3515 5155 est,
3547 5100 3603 5145 ut
3631 5086 3703 5142 ia-

1745 5308 1840 5361 ”l
1883 5308 2009 5366 Cor.
2045 5313 2239 5377 ttt,i6.
2316 5311 2361 5342 "
2394 5312 2437 5366 ll
2490 5312 2617 5367 Cor.
2655 5331 2727 5379 rt,
2771 5318 2851 5373 t6.
2931 5322 3201 5379 "Hoan.
3272 5340 3343 5390 tv,
3406 5326 3490 5380 15.

2174 5546 2535 5630 substantiam
2572 5566 2601 5602 a
2638 5559 2885 5630 creatura
2913 5592 2928 5614 ,
2985 5564 3039 5609 et
3095 5572 3201 5630 non
3258 5556 3611 5630 participi-tur.
3656 5560 3711 5621 ut

2173 5626 2318 5673 recte
2347 5620 2697 5691 intelligatur,
2730 5623 2934 5692 legatur
2962 5640 3083 5695 cap.
3119 5628 3185 5681 t0
3215 5620 3374 5699 hujus
3410 5620 3635 5682 decadis.
