3980 6208
263 351 379 416 .86,

1062 350 1313 412 DECAS
1355 352 1488 414 VII.
1534 376 1603 388 ··-
1636 348 1733 411 DE
1765 348 2029 412 DIVINA
2079 352 2747 416 PARTICII‘ATIONE.

3409 348 3515 413 870

274 474 391 516 «κως
432 459 512 513 vel
543 466 757 516 creatus
792 458 1026 529 Spiritus
1061 473 1283 518 sanctus
1310 501 1325 526 ,
1357 463 1632 532 quomodo
1666 464 1718 518 in
1768 478 1836 519 eo
1886 471 1931 524 Α
1960 466 2140 520 ritiam
2177 468 2387 522 deﬂecti
2421 466 2561 523 Deus
2606 477 2826 535 pr0pter
2864 462 3286 534 magnitudinem
3333 474 3386 518 et
3434 479 3529 517 ex-

270 554 576 605 clamamus
607 569 621 604 :
647 551 791 604 Abba
827 552 987 606 Pater
1017 553 1104 606 "'l
1138 550 1341 607 Verum
1379 569 1407 607 a
1441 555 1703 608 servitute
1729 555 1850 623 qui-

275 644 396 695 dem
442 644 635 696 liberat
664 658 758 696 eos
784 683 799 705 ,
831 642 885 713 in
931 644 1132 711 quibus
1162 654 1267 706 est,
1299 644 1381 698 vel
1416 646 1599 712 potius
1634 645 1850 714 reﬁngit

280 733 332 785 in
367 733 510 785 ﬁlios
560 730 852 794 libertatis,
903 732 1111 787 faciens
1156 748 1253 787 eos
1301 735 1597 802 participes
1642 741 1851 789 naturae

273 838 423 885 sua»;
459 838 569 875 non
598 834 683 877 est
712 822 877 891 igitur
902 838 1095 878 servus
1120 841 1134 889 ;
1156 825 1299 894 quod
1327 825 1371 879 si
1402 839 1508 878 non
1533 833 1615 879 est
1642 838 1852 886 servus,

274 914 441 984 igitur
481 928 652 981 neque
690 923 970 978 creatura,
1029 930 1152 970 esse
1201 926 1380 970 autem
1432 925 1764 980 creaturam,
1799 925 1855 971 et

272 1005 560 1059 numerari
601 1019 844 1070 servum,
885 1006 1019 1059 nihil
1055 1006 1198 1061 aliud
1227 1013 1374 1060 esset
1407 1021 1568 1075 quam
1602 1005 1853 1074 refugere
1898 1040 1901 1043 λ

274 1110 303 1149 a
339 1095 525 1148 divina
556 1094 857 1149 substantia
884 1134 900 1158 ,
953 1109 1015 1149 ac
1059 1111 1252 1151 rursus
1304 1095 1448 1148 idem
1503 1095 1556 1148 in
1599 1094 1801 1149 eisdem
1838 1111 1853 1149 :

277 1186 421 1239 Deus
457 1184 622 1256 igitur
654 1194 737 1240 est
762 1185 998 1255 Spiritus
1029 1185 1121 1255 qui
1152 1202 1256 1240 nos
1293 1187 1357 1239 ad
1406 1185 1499 1242 Dei
1535 1178 1853 1242 similitudi?

266 1291 401 1330 nem
421 1275 659 1342 format,
690 1291 797 1330 non
829 1285 1083 1346 tanquam
1129 1292 1225 1346 per
1257 1278 1485 1347 gratiam
1522 1276 1849 1331 ministran-

277 1372 409 1428 tem,
444 1366 537 1420 sed
572 1382 667 1432 per
694 1365 933 1420 divinam
967 1375 1214 1420 naturam
1246 1367 1710 1437 participationem
1765 1364 1852 1421 sui

1957 558 2263 613 celleutiam
2310 569 2562 624 natura;
2592 559 2721 627 quin
2749 559 2928 626 potius
2964 564 3114 610 tanto
3147 554 3319 624 magis
3347 554 3413 609 ad
3449 555 3529 607 1ο»-

1915 663 1917 667 τ
1956 644 2180 701 nitatem
2213 646 2403 714 vergit,
2434 654 2640 714 quanto
2663 645 2867 713 majora
2900 644 2954 698 in
2984 658 3048 698 eo
3070 652 3217 704 sunt,
3244 658 3307 697 ex
3327 642 3529 712 quibus

1956 750 2124 789 unum
2151 774 2167 798 ,
2206 738 2367 805 idque
2402 737 2828 806 pulcherrimum
2864 746 2949 790 est
2975 779 2990 801 ,
3028 736 3242 790 bonitas
3273 749 3396 804 qua:
3428 750 3527 803 per

1954 822 2177 888 Filium,
2212 825 2355 880 sicut
2385 826 2500 895 ipse
2527 824 2603 879 ait
2633 826 2709 892 °’,
2740 826 2794 878 in
2832 826 3005 880 malos
3035 836 3088 879 et
3120 825 3291 879 bonos
3317 823 3529 891 pertin-

1956 913 2055 981 git,
2095 914 2230 967 nul‘li
2277 928 2503 983 prorsus
2532 914 2616 968 sui
2661 913 3129 982 participationem
3172 911 3527 981 pratcludens.

1958 1000 2309 1072 Participatio
2342 1019 2471 1058 vero
2503 1003 2678 1058 Patris
2710 1018 2805 1072 per
2836 1002 3028 1056 Filium
3061 1002 3113 1055 in
3168 1001 3371 1071 Spiritu
3403 1016 3531 1055 san-

1954 1104 2045 1148 cto
2081 1095 2300 1162 proprie
2348 1103 2402 1148 et
2444 1096 2697 1149 decenter
2732 1093 2820 1157 lit;
2875 1093 3017 1147 sit-ut
3037 1092 3199 1147 etiam
3235 1092 3403 1146 solem
3435 1105 3531 1160 per

1960 1183 2303 1252 splendorem
2334 1198 2399 1247 ex
2432 1198 2498 1238 eo
2526 1198 2634 1237 non
2683 1183 2803 1237 sine
2829 1182 3011 1236 calore
3069 1182 3269 1236 editum
3303 1181 3529 1249 partici-
3574 1195 3590 1218 ν

1958 1293 2178 1347 panius.
2213 1279 2370 1332 Sicut
2404 1279 2570 1347 igitur
2596 1291 2761 1332 nemo
2790 1277 2937 1331 dicat
2982 1275 3247 1331 dissimile
3276 1289 3396 1329 esse
3426 1272 3528 1327 soli

1961 1368 2144 1423 lumen
2183 1369 2327 1440 quod
2377 1385 2442 1424 ex
2492 1370 2611 1439 ipso
2653 1370 2936 1434 emittitur,
2967 1368 3051 1421 vel
3082 1366 3315 1421 calorem
3346 1404 3361 1428 ,
3401 1366 3529 1434 quia

274 1458 344 1510 iis
374 1456 469 1526 qui
500 1456 645 1526 digni
675 1465 821 1520 sunt,
852 1458 1087 1511 donans.
1125 1455 1189 1508 Et
1220 1471 1339 1525 quae
1361 1467 1445 1511 est
1480 1457 1669 1509 horum
1700 1445 1861 1509 ﬁdes?
1959 1477 2055 1531 per
2083 1462 2179 1516 ista
2212 1460 2724 1532 participatur‘sol;
2759 1460 2839 1515 sic
2884 1475 2991 1514 non
3043 1466 3126 1513 est
3177 1473 3425 1519 necesse,
3471 1465 3530 1510 ut

275 1551 564 1616 Scriptum
606 1561 757 1602 sacra
785 1597 803 1624 ,
849 1545 1140 1616 Scriplura
1176 1547 1434 1602 (ίὶνίηῖιυε
1485 1547 1705 1610 amalai
1741 1562 1862 1616 qua:
1962 1553 2131 1607 Filius
2170 1554 2238 1607 sit
2279 1552 2422 1607 Patri
2467 1551 2777 1614 dissimilis,
2827 1551 2954 1621 quia
2999 1550 3159 1604 Pater
3206 1566 3303 1620 per
3333 1547 3527 1603 Filium

273 1648 466 1710 aperte
495 1648 548 1693 et
572 1638 810 1707 perfecte
840 1639 895 1692 in
926 1654 1093 1692 unum
1126 1639 1345 1707 copulat
1376 1636 1545 1692 Deum
1594 1647 1648 1692 et
1685 1636 1859 1705 Spiri-

1961 1642 2339 1714 participatur,
2391 1642 2521 1709 quin
2549 1640 2730 1710 potius
2764 1636 2995 1695 similem
3043 1656 3136 1709 per
3182 1640 3363 1693 omnia
3407 1652 3531 1693 esse

264 1742 391 1788 tum
423 1732 578 1800 ejus;
616 1745 711 1784 net:
740 1730 898 1783 aliter
928 1730 1166 1783 futuram
1207 1744 1328 1784 esse
1356 1728 1450 1783 Dei
1484 1728 1862 1799 participatio.
1889 1790 1926 1800 .-
1965 1731 2326 1786 demonstrat.
2363 1730 2466 1786 Ubi
2512 1731 2657 1785 enim
2714 1730 2843 1785 lacti
2886 1731 3179 1799 participes
3220 1714 3371 1793 Filii,
3423 1744 3529 1783 non

265 1837 429 1886 «nem,
466 1820 570 1877 nisi
595 1836 698 1891 per
727 1819 990 1889 Spiritum
1020 1828 1294 1882 sanctum,
1322 1831 1508 1887 aperte
1540 1818 1699 1872 docet
1733 1834 1750 1873 :
1776 1820 1856 1871 si-

1959 1822 2238 1890 privamur
2268 1822 2685 1892 participatione
2716 1820 2917 1886 Patris,
2948 1821 3217 1891 quomodo
3242 1835 3347 1874 non
3373 1826 3534 1874 erunt

271 1916 496 1983 quidem
538 1912 808 1968 Dominus
836 1921 1034 1967 noster
1081 1910 1240 1966 Iesus
1272 1910 1524 1965 Christus
1563 1910 1630 1964 de
1656 1910 1853 1973 omni,
1952 1916 2096 1971 idem
2148 1917 2307 1972 pater
2348 1926 2401 1971 ει
2438 1916 2654 1972 Filius?
2708 1915 2810 1970 Ubi
2840 1925 3025 1970 autem
3056 1923 3139 1969 ρει
3179 1914 3366 1969 eadem
3399 1916 3533 1968 sub-

270 2008 492 2077 opinor,
529 2000 670 2059 Μιξιὶ
706 2013 759 2058 et
784 2003 935 2058 ‘bono
966 2002 1132 2056 dicit:
1155 2000 1267 2072 Ego
1297 2010 1345 2054 et
1382 2001 1541 2055 Pater
1572 2004 1855 2068 veniemus,

256 2107 320 2153 et
346 2098 675 2151 mansionem
708 2094 848 2162 apud
869 2109 985 2147 eum
1007 2092 1284 2163 faciemus,
1316 2102 1370 2147 et
1400 2109 1414 2146 :
1452 2091 1517 2146 In
1549 2094 1644 2145 hac
1669 2108 1861 2163 cogno-

271 2192 475 2244 scimus
510 2188 653 2258 quod
688 2187 740 2241 in
766 2186 910 2240 nobis
936 2196 1034 2249 est,
1068 2202 1133 2239 ea:
1171 2184 1373 2251 Spiritu
1397 2202 1547 2255 quem
1587 2185 1728 2239 dedit
1762 2202 1860 2239 tw-

274 2284 380 2338 bis.
425 2281 484 2336 ln
512 2297 571 2336 se
609 2296 756 2336 enim
785 2280 910 2349 quis
953 2287 1131 2349 potest
1178 2281 1407 2348 copiose
1447 2277 1653 2333 habere
1699 2277 1858 2333 babi-

272 2383 486 2429 tantem
524 2380 580 2427 et
611 2381 917 2428 versantem
960 2379 1153 2424 natura
1210 2380 1264 2424 et
1313 2384 1439 2424 vere
1490 2369 1679 2434 Deum,
1733 2384 1857 2424 cum

266 2466 552 2535 Spiritum
580 2462 701 2533 ejus
734 2462 1045 2533 acceperit,
1077 2475 1184 2516 non
1217 2460 1473 2525 alienum,
1505 2474 1687 2529 neque
1717 2459 1853 2515 sub-

268 2556 485 2610 stantia
523 2556 703 2609 ab'eo
735 2554 1057 2608 distractum
1092 2560 1145 2606 et
1178 2550 1451 2605 divulsutn
1474 2590 1491 2615 ,
1545 2550 1637 2603 sed
1676 2548 1859 2619 potius

274 2661 344 2700 ex
366 2644 523 2714 ipso,
552 2654 607 2698 et
638 2644 885 2712 in'ipsos,
916 2650 971 2697 et
999 2642 1276 2711 proprium
1304 2641 1444 2709 ejus,
1475 2648 1529 2694 et
1580 2639 1847 2710 aequalem

271 2752 406 2791 cum
432 2752 498 2791 eo
519 2735 857 2790 dominatum
882 2739 1283 2802 gestentem,et
1304 2731 1383 2787 sic
1407 2730 1742 2786 nominatum
1761 2730 1860 2802 (α),

272 2836 328 2884 ει
369 2839 634 2897 tanquam
689 2826 743 2881 in
781 2826 973 2881 ordine
993 2823 1227 2895 Filiil-b)
1269 2835 1610 2891 assumptum
1646 2831 1863 2891 propter

266 2920 533 2977 atmdem
558 2916 913 2974 naturam.Et
930 2917 982 2971 itt
1011 2931 1132 2986 cap.
1158 2915 1183 2969 ί
1227 2915 1349 2970 libri
1376 2930 1433 2969 tv
1454 2913 1861 2978 Tltesaurarum,

270 3023 548 3081 tauquam
589 3014 641 3064 in
679 3024 908 3080 persona
946 3008 1324 3062 haereticorum
1373 3022 1387 3059 :
1433 3006 1660 3060 Alienus
1704 3014 1784 3059 est
1830 3020 1860 3057 a

1956 2005 2178 2068 Stantia,
2208 2021 2368 2076 quem
2390 2005 2567 2061 locum
2591 2006 2811 2061 habebit
2842 2005 3260 2060 dissimilitudo?
3287 2005 3331 2060 Β
3365 2019 3534 2074 spon-

1959 2098 2117 2152 deant
2146 2096 2348 2152 Christi
2388 2105 2819 2167 oppugnatores.
2862 2098 2939 2149 Es
2968 2096 3171 2165 quibus
3205 2097 3263 2150 lit
3292 2096 3529 2150 manife-

1955 2197 2127 2251 stum,
2161 2189 2304 2258 quod
2337 2189 2719 2259 participantes
2754 2187 3015 2258 Spiritum
3051 2194 3330 2251 sanctum,
3364 2190 3533 2254 pa:ti-

1958 2282 2207 2350 cipamus
2229 2279 2430 2335 Filium
2459 2279 2657 2346 Deum,
2682 2290 2737 2336 et
2783 2281 2927 2335 hunc
2964 2281 3377 2351 participautes,
3405 2293 3533 2351 par-

1960 2370 2251 2438 ticipamus
2284 2371 2450 2425 Deum
2484 2369 2697 2427 Patrem
2722 2410 2738 2437 ,
2770 2380 2935 2441 atque
2972 2372 3044 2426 ita
3075 2370 3340 2427 ellicimur
3369 2382 3536 2427 totius

1959 2462 2157 2518 divitue
2186 2476 2396 2518 natura:
2428 2472 2487 2519 et
2519 2464 2840 2520 substantia:
2885 2463 3201 2534 participes.
3251 2463 3537 2530 Quomodo

1958 2572 2087 2609 vero
2118 2556 2212 2611 ﬁat
2235 2557 2292 2611 in
2324 2558 2485 2614 nobis
2514 2557 2857 2627 participatio
2882 2555 3190 2619 Trinitatis,
3219 2571 3341 2625 qua
3371 2550 3546 2625 supra

1962 2641 2324 2697 substantiam
2355 2653 2477 2709 est,
2509 2644 2615 2699 dici
2647 2660 2753 2699 non
2791 2652 3001 2714 potest;
3036 2644 3179 2700 sicut
3209 2659 3387 2714 neque
3427 2645 3538 2700 dici

1961 2745 2162 2806 potest,
2186 2735 2308 2806 quis
2337 2738 2530 2792 modus
2556 2737 2630 2794 sit
2657 2737 2977 2792 substantiae
3002 2737 3120 2806 ejus
3138 2775 3154 2799 ,
3181 2744 3235 2791 et
3262 2739 3544 2807 quomodo

1964 2826 2038 2881 sit
2070 2826 2273 2897 ubique
2304 2842 2543 2899 praesens
2580 2828 2882 2883 secundum
2913 2828 3300 2885 substantiam.

2562 2940 2795 2998 CAPUT
2834 2940 2925 2999 IV.

1961 3053 2120 3122 Quod
2162 3056 2544 3124 participautes
2583 3058 2815 3109 divinam
2873 3066 3141 3117 naturam,
3193 3073 3295 3109 non
3343 3060 3537 3126 gratim

266 3103 789 3161 communicatione
818 3110 1027 3165 nostra,
1053 3109 1112 3155 et
1138 3116 1167 3153 a
1195 3099 1351 3153 nobis
1382 3113 1487 3152 non
1517 3096 1863 3167 participabi-
1892 3142 1936 3200 ϐ

268 3196 341 3251 lis
375 3211 481 3266 per
512 3210 573 3248 se
596 3195 775 3263 ipsum
811 3192 977 3247 Pater
1006 3201 1225 3259 propter
1253 3190 1474 3245 nimiam
1497 3201 1551 3243 et
1575 3204 1865 3254 summam,

268 3300 332 3344 et
364 3302 499 3359 qua
522 3286 602 3341 ab
637 3287 875 3339 humana
900 3294 1103 3338 natura
1135 3281 1255 3351 capi
1286 3296 1396 3336 non
1432 3290 1629 3350 potest,
1667 3279 1869 3333 divini-

268 3379 413 3431 ιειίς
442 3376 940 3474 egestionem.
976 3375 1190 3443 οπρίιιπ
1219 3382 1442 3474 unum
1485 3380 1651 3474 egra
1683 3371 1871 3474 ίηηηο-
2036 3371 3543 3472 Edidi;.5..iii,ii.i,}7.”io‘}i'i{Eiiii'iiiiiii'i‘iéiii;

259 3471 371 3529 his.
397 3483 500 3538 per
530 3466 723 3520 Filium
755 3476 1010 3534 tanquam
1043 3480 1137 3533 per
1163 3463 1429 3518 minorem
1460 3462 1687 3518 scilicet.
1723 3459 1871 3526 Quo-
2040 3459 2158 3525 ἱενο
2183 3459 2492 3542 Ιιονιοηῃηὶι
2520 3459 2722 3541 gratia.
2759 3473 2813 3525 id
2843 3459 2944 3535 εὲι,
2977 3471 3119 3543 quod
3151 3476 3215 3526 ab
3244 3459 3326 3525 Itis
3359 3488 3541 3540 perso-

262 3561 451 3615 modo
479 3558 649 3627 igitur
677 3556 873 3610 similis
898 3554 1049 3609 Patri
1076 3594 1091 3618 ,
1125 3556 1216 3624 qui
1253 3570 1282 3607 a
1322 3556 1479 3609 nobis
1509 3554 1623 3621 capi
1654 3561 1831 3622 potest
2042 3544 2121 3594 πίε
2151 3543 2236 3610 ﬁl-

261 3654 369 3723 qui
422 3651 585 3704 illum
617 3662 814 3717 capere
842 3661 952 3699 ""0
987 3643 1319 3712 βοέείιηιυεῗ
1350 3643 1550 3697 Comm
1598 3659 1726 3698 V870
1752 3644 1868 3698 ἀίε-
2041 3654 2279 3711 Sanctus
2326 3654 2584 3726 Cyrillus,
2620 3653 2760 3709 libro
2811 3653 3044 3723 septimo
3079 3651 3422 3722 Dialogorum
3466 3654 3540 3707 ad

264 3754 493 3813 putans
552 3739 795 3810 Cyrillus
833 3754 847 3790 :
880 3735 1030 3789 Ebrii
1051 3776 1065 3798 ,
1091 3735 1304 3806 inquit,
1361 3750 1555 3789 rursus
1589 3747 1717 3790 sunt
1751 3738 1868 3790 suis
1974 3747 2243 3802 ιιετ-ηιίαιη
2272 3766 2285 3802 ε
2310 3748 2388 3810 δε,
2425 3746 2623 3815 inquit,
2654 3746 2825 3814 gratia
2850 3761 2971 3814 qua,
2996 3760 3090 3812 ρει-
3113 3744 3383 3815 spiritu“
3405 3751 3537 3799 ω..-

250 3834 523 3897 jnsan-iis
558 3831 647 3886 isti
672 3836 1075 3899 oppugnatores
1111 3826 1227 3893 Dei,
1259 3843 1364 3881 non
1398 3827 1781 3893 iutelligentes,
1809 3836 1858 3881 ut

1971 3851 2115 3895 ctum
2149 3841 2330 3902 datur,
2356 3839 2585 3895 discissa
2609 3846 2725 3893 erat
2754 3854 2784 3892 a
2808 3838 3108 3892 substantia
3144 3836 3380 3906 Spit-itus
3404 3852 3539 3891 san-

256 3932 531 3993 3993f“:
573 3936 748 3991 ηειιιιθ
793 3935 916 3991 ιιυω
966 3920 1279 3990 ιοίιυυιιιιινν
1332 3934 1507 3989 neque
1554 3920 1621 3973 de
1670 3921 1868 3988 quibus
1971 3934 2063 3997 cti,
2099 3948 2200 3986 cur
2247 3946 2356 3985 non
2409 3939 2598 4000 aperte
2630 3930 2769 3985 dixit
2815 3931 3007 3984 beatus
3038 3931 3255 3999 quidem
3300 3929 3538 4001 Moyses,

255 4016 586 4069 alitrmaut.
620 4012 679 4064 Si
715 4010 883 4073 enim,
914 4019 978 4063 lli.
1012 4024 1108 4063 VOS
1132 4009 1345 4073 dicitis,
1377 4009 1560 4064 omnia
1589 4026 1780 4079 magna
1815 4019 1869 4065 et
1970 4023 2114 4092 quod
2150 4006 2426 4094 ριιυάιιοιο
2455 4022 2719 4077 animanli
2751 4022 3043 4089 inspiravit
3071 4021 3302 4090 “raliam
3348 4032 3540 4075 auctor

256 4122 445 4173 supra
480 4115 739 4159 naturam
763 4112 887 4157 sunt
916 4103 967 4155 in
996 4100 1177 4165 Patre,
1209 4117 1429 4157 necesse
1457 4112 1540 4156 est
1568 4104 1868 4158 COIICt'dCl‘e
1971 4115 2239 4178 omnium,
2293 4115 2522 4183 gratiam
2579 4113 2705 4167 dico
2752 4126 2851 4181 per
2910 4112 3321 4183 inspiratiopem
3372 4112 3494 4166 νίιω
3515 4111 3542 4165 ἳ

259 4213 466 4267 parem
494 4185 801 4252 bonitatem
833 4196 911 4250 illi
942 4196 1142 4250 inesse.
1171 4195 1453 4260 Quomodo
1480 4196 1643 4264 igitur
1675 4197 1869 4266 quiest

260 4304 499 4344 summe
542 4289 743 4352 bonus,
783 4302 886 4341 non
938 4295 1116 4356 potest
1148 4285 1268 4355 capi
1309 4286 1377 4340 ab
1408 4285 1473 4341 iis
1508 4289 1597 4355 qui
1631 4289 1869 4343 bonitate
1966 4306 2070 4361 per
2109 4292 2473 4346 ministerium
2510 4291 2745 4360 Spiritus
2772 4292 2991 4347 sancti?
3019 4292 3159 4358 Quin
3197 4292 3376 4361 potius
3407 4292 3541 4347 illud

262 4378 574 4450 indigent?
599 4376 881 4443 Quomodo
909 4389 992 4433 est
1022 4387 1165 4431 totus
1208 4376 1405 4441 bonus,
1440 4378 1527 4446 qui
1570 4378 1736 4431 nimia
1771 4386 1866 4432 ευ·
1972 4383 2190 4451 quidem
2222 4391 2471 4436 vocatum
2503 4391 2586 4437 est
2618 4380 2957 4450 Spiraculum
2992 4384 3114 4435 uitta
3136 4384 3180 4416 "
3210 4398 3224 4445 ;
3261 4383 3369 4435 vita
3392 4382 3539 4435 enim

254 4487 358 4539 pra
400 4479 695 4526 creaturae
722 4467 1031 4523 facultatem
1066 4468 1305 4522 bonitate
1338 4468 1594 4523 omnibus
1621 4470 1704 4522 sui
1736 4483 1860 4537 par-
1897 4482 1941 4537 ο
1970 4482 2086 4527 crat
2118 4482 2312 4526 natura
2344 4472 2675 4534 divinitatis,
2713 4469 2982 4540 siquidem
3017 4486 3143 4525 vere
3170 4472 3223 4524 in
3259 4472 3376 4539 ipso
3402 4472 3542 4523 vivi-

250 4563 666 4634 ticipationem
708 4560 1028 4629 praecludit]
1059 4558 1353 4629 Oportebat
1380 4558 1523 4612 enim
1557 4560 1719 4628 (quod
1748 4560 1871 4630 qui-
1976 4576 2118 4625 tnus,
2153 4575 2455 4626 movemur,
2499 4573 2554 4614 et
2602 4574 2795 4615 sumus
2819 4560 2875 4623 ¹;
2907 4574 3042 4615 voce
3090 4571 3274 4614 autem
3324 4559 3539 4614 Domini

238 4654 383 4708 dem
425 4668 640 4707 verum
668 4651 879 4704 videtur
903 4650 1069 4719 esse),
1104 4661 1164 4703 ut
1207 4649 1299 4719 qui
1333 4658 1642 4704 estsumme
1671 4650 1865 4713 bonus,
1974 4651 2177 4705 dictum
2222 4658 2341 4704 est:
2382 4650 2617 4718 Accipite
2652 4646 2910 4715 Spiritum
2941 4660 3206 4714 sanctum,
3240 4651 3366 4718 quia
3402 4650 3534 4719 ipse

236 4745 592 4800 bonitatem
623 4743 724 4796 sibi
758 4743 1170 4796 convenientem
1207 4740 1488 4795 adhiberet
1518 4741 1794 4807 omnibus,
1816 4750 1871 4795 et
1975 4758 2102 4797 vere
2126 4744 2179 4796 in
2212 4741 2469 4796 cordibus
2491 4741 2828 4796 credentium
2854 4739 3079 4794 habi:at.
3110 4740 3172 4793 Et
3197 4734 3358 4809 patilo
3378 4751 3538 4810 post:

230 4856 375 4894 eam
415 4835 663 4895 cunctis
713 4833 1081 4902 indigentibus
1114 4832 1178 4886 ad
1214 4831 1502 4884 lruendum
1548 4830 1873 4898 impartiret.
1974 4833 2201 4899 Quando
2236 4831 2399 4901 igitur
2430 4830 2497 4884 ad
2534 4829 2948 4885 similitudinem
2976 4829 3183 4887 Christi
3214 4828 3538 4895 Ῑυτιιςωηιιιι,

236 4932 484 4986 Verum
541 4928 658 4998 jam
692 4926 794 4979 hoc
825 4923 1023 4979 iecisse
1049 4932 1291 4992 apparet,
1324 4936 1446 4976 cum
1480 4922 1745 4990 promittit
1776 4920 1875 4975 ha-
1979 4924 2093 4991 ipse
2126 4923 2287 4978 etiam
2329 4923 2380 4975 in
2418 4922 2576 4977 nobis
2607 4920 2981 4990 consignatur,
3017 4931 3071 4975 et
3099 4921 3321 4990 pulchre
3355 4924 3543 4990 expri-

226 5026 595 5080 ltitaturum
631 5032 689 5072 se
726 5018 779 5071 in
811 5016 988 5077 nobis,
1036 5024 1090 5068 et
1122 5015 1604 5075 inambulaturum,
1629 5021 1684 5066 et
1736 5027 1869 5081 pro-
1978 5016 2147 5068 mitur
2177 5023 2434 5084 tanquam
2468 5029 2562 5082 per
2604 5012 2871 5083 Spiritum
2923 5015 3249 5069 naturaliter
3284 5015 3541 5070 similent.

225 5116 439 5169 mittit
476 5110 750 5179 adoptare
784 5107 950 5164 illius.
981 5106 1164 5161 Inanis
1192 5105 1357 5173 igitur
1390 5105 1681 5174 impiorum
1712 5119 1866 5173 quzec
1981 5104 2119 5160 Deus
2145 5122 2274 5175 ergo
2307 5120 2389 5160 est
2425 5104 2665 5175 Spiritus
2712 5113 2960 5171 sanctus,
2994 5106 3086 5176 qui
3120 5106 3184 5159 ad
3224 5104 3545 5159 similitudi-

220 5209 355 5264 stio
398 5212 551 5264 est;
592 5209 814 5271 apparet
836 5203 1005 5267 enim,
1038 5198 1492 5269 quemadmodum
1520 5213 1626 5252 non
1657 5198 1723 5251 ad
1762 5197 1864 5250 du—
1974 5213 2095 5253 nem
2132 5197 2221 5252 Dei
2271 5197 2472 5252 format
2511 5214 2622 5253 non
2676 5210 2934 5267 tanquam
2969 5213 3064 5268 per
3114 5197 3342 5266 gratiam
3380 5195 3545 5251 mini-

2040 3128 2223 3187 salitts,
2252 3137 2303 3179 et
2343 3143 2436 3186 per
2457 3145 2512 3179 sc
2535 3142 2637 3178 non
2664 3127 2998 3180 subsistentis
3024 3128 3307 3194 participes
3331 3143 3537 3190 sumus,

2040 3195 2133 3248 sed
2164 3196 2328 3261 ipsius
2356 3194 2589 3262 Spiritus
2620 3196 2791 3249 sancti
2820 3197 3056 3257 viventis,
3084 3206 3133 3248 et
3172 3212 3264 3261 per
3293 3211 3348 3246 se
3396 3200 3542 3248 exsi—

2039 3266 2263 3327 stentis;
2294 3276 2341 3315 et
2376 3266 2511 3331 quod
2546 3276 2685 3317 totus
2729 3265 2862 3315 Deus
2919 3265 3090 3317 tritius
3120 3266 3290 3331 gratia
3318 3264 3539 3325 dicitur.

2039 3348 2085 3387 et
2122 3333 2280 3386 simul
2316 3331 2512 3394 Filius,
2543 3346 2698 3396 atque
2728 3330 2958 3401 Spiritus
2981 3330 3193 3386 sanctus
3229 3334 3434 3403 gratia;
3462 3333 3540 3387 si-

1971 4203 2220 4257 Cdtristus
2251 4217 2381 4255 vero
2431 4201 2615 4264 nobis,
2658 4202 2900 4269 Accipite
2944 4203 3172 4270 gratiam
3202 4202 3269 4263 ".
3327 4201 3541 4256 scilicet

301 5411 360 5444 ³³
422 5406 621 5460 Boni.
680 5419 798 5467 vttt,
862 5403 949 5459 l5.
1026 5403 1071 5436 "
1094 5402 1284 5458 Matth.
1330 5421 1382 5469 v,
1432 5404 1519 5459 45.
1594 5399 1642 5435 ⁸⁸
1677 5400 1836 5456 Joan.

1969 5398 2097 5463 ,ελ
2174 5401 2220 5432 θ’
2266 5396 2402 5454 Gen.
2437 5399 2575 5463 tt,7.
2653 5400 2670 5430 ¹
2714 5401 2832 5455 Act.
2872 5415 3005 5465 xm,
3034 5397 3127 5453 28.

301 5596 405 5667 (α)
443 5592 529 5667 fit
575 5590 1018 5667 sicrtominatum.
1040 5590 1097 5645 id
1122 5601 1203 5645 est
1235 5589 1750 5667 Dominttu‘tJIACor.
1779 5606 1860 5645 ttt.
1972 5604 2164 5667 savii},
2203 5588 2545 5667 Baptizantes
2582 5603 2668 5667 eos
2805 5588 3012 5667 nomine
3041 5584 3217 5667 Pagi:
3249 5593 3295 5636 et
3337 5581 3467 5667 Filii
3494 5593 3547 5665 et

300 5653 401 5737 ξιτ)
442 5663 519 5716 In
572 5662 765 5737 ordine
792 5661 908 5714 Filii
933 5672 1242 5737 assumptus
1267 5664 1462 5737 dicitur
1480 5661 1728 5737 Spiritus
1745 5677 1874 5737 san-
1978 5658 2210 5726 Spiritus
2240 5653 2450 5737 sancti;
2493 5668 2542 5711 et
2585 5658 2717 5711 illud
2756 5657 2967 5712 lJuan.
3003 5672 3031 5711 ν
3070 5672 3085 5710 :
3122 5653 3245 5708 Tres
3295 5666 3413 5707 sunt
3458 5656 3547 5721 qui

218 5730 426 5802 ctus',
500 5732 649 5800 quia
702 5740 1017 5785 numeratur
1048 5731 1240 5787 tertius
1269 5770 1284 5795 ,
1328 5734 1470 5786 sicut
1500 5734 1634 5781 dicit
1676 5730 1873 5789 Malllt.
1938 5802 1949 5811 ,
1987 5731 2362 5792 testimonium,
2393 5739 2497 5783 etc.
