3980 6208
497 257 621 329 ’871

1668 266 2003 329 JOANNIS
2039 266 2277 328 CYPAB
2293 265 2600 327 lSSiOTAE
2905 284 2910 291 ”
3595 269 3683 353 8ῖῖ

512 384 795 441 strantcm,
829 376 921 432 sed
951 386 1351 447 tanquam'ipse
1377 378 1848 448 participationem
1880 380 2079 435 divina:
2108 387 2152 440 Α
2183 389 2347 447 atque
2377 379 2448 432 ita
2487 379 2541 432 iit
2573 377 2724 433 illud:
2762 375 2933 446 Ego-et
2968 375 3134 431 Pater
3156 377 3419 444 veniemus,
3441 388 3482 431 et
3502 384 3698 443 mansio-

516 478 733 521 naturze
774 468 952 537 dignis
997 469 1250 537 largiens.
1284 467 1350 521 Et
1396 482 1590 523 rursus
1637 470 1780 523 idem
1833 470 2075 525 ibidem:

2176 485 2300 524 item
2353 470 2493 539 apud
2547 488 2664 524 eum
2724 470 2981 537 faciemus
3006 474 3048 535 ⁸,
3084 470 3225 524 sicut
3252 470 3443 525 dictum
3487 480 3578 525 est.
3612 471 3704 525 libi

511 553 732 621 Templa
780 555 896 619 Dei,
952 556 1063 610 imo
1108 557 1272 610 etiam
1323 557 1399 611 dii
1435 572 1719 625 vocamur,
1758 569 1824 615 -ct
1863 574 2077 627 sumus,
2172 564 2329 618 enim
2346 574 2436 619 est
2466 563 2670 628 lumen,
2698 564 2805 617 illic
2828 573 2923 618 est
2952 562 3225 630 splendor:
3269 570 3321 615 ct
3351 563 3434 616 ubi
3464 550 3704 632 splendor,

510 658 678 709 quare
697 653 902 709 autem,
946 646 1231 713 interroga
1255 647 1624 702 adversarium
1648 665 1664 712 ;
1689 650 1960 721 siquidem
1987 666 2081 705 su-

510 748 634 786 mus
667 750 791 788 vere
817 735 1109 806 participes
1140 739 1301 793 nuda:
1330 747 1385 792 et
1419 755 1526 793 non
1554 754 1650 808 per
1676 756 1735 795 se
1762 743 2081 799 exsistcntis

508 826 717 893 gratiae,
750 836 804 880 at
825 842 935 881 non
961 830 1062 893 sic,
1091 846 1435 899 nequaquam
1461 848 1480 896 ;
1504 833 1699 902 templa
1719 833 1863 888 enim
1889 850 2082 890 sumus

511 912 750 983 Spiritus
799 918 975 971 sancti
1020 932 1114 987 per
1162 934 1222 973 se
1267 920 1630 987 exsistentist;
1682 906 1856 977 vocati
1898 935 2079 978 autem

500 1018 704 1057 sumus
739 1005 813 1059 dii
866 1016 1084 1076 propter
1133 1007 1335 1076 ipsum,
1388 1020 1575 1079 utpote
1626 1011 1821 1065 divina:
1872 1023 2082 1068 natura:

506 1103 731 1163 propter
767 1098 1217 1164 coniunctionem
1254 1113 1380 1152 cum
1434 1101 1555 1169 ipso
1598 1102 1892 1172 participes
1928 1103 2075 1158 facti.

506 1184 576 1239 Et
605 1186 797 1240 iterum
828 1188 967 1243 idem
1004 1190 1054 1243 in
1093 1191 1342 1245 eisdem:
1379 1191 1461 1244 An
1498 1208 1604 1246 non
1648 1195 1881 1250 dicimus
1910 1195 2079 1250 fabri-

504 1279 619 1331 cari
636 1279 923 1351 hominem
950 1282 1015 1334 ad
1047 1282 1339 1352 imaginem
1364 1285 1456 1340 Dei
1482 1287 1506 1339 ι
1529 1285 1664 1350 Quis
1697 1298 1853 1355 neget
1877 1287 1901 1340 i
1924 1287 2079 1353 Quod

506 1376 687 1420 autem
718 1368 1011 1434 imaginem
1044 1370 1333 1439 imprimit.
1359 1383 1411 1427 ct
1437 1373 1612 1428 instar
1646 1375 1809 1443 sigilli
1842 1376 2081 1444 pulchri-

507 1457 753 1511 tudinem
811 1462 1309 1527 supramundanam
1358 1462 1541 1529 eﬂicit,
1572 1479 1638 1518 an
1682 1480 1791 1519 non
1837 1478 1920 1521 est
1960 1466 2081 1536 Spi-

431 1601 433 1603 ,
507 1551 646 1601 ritus
691 1551 1041 1604 sanctusiAt
1080 1566 1209 1618 non,
1249 1553 1449 1622 inquit,
1479 1566 1536 1608 ut
1568 1554 1731 1622 Deus,
1767 1558 1859 1611 sed
1909 1568 1967 1611 ut
1996 1558 2080 1611 di-

506 1640 650 1692 vina:
685 1642 876 1707 gratia:
923 1642 1192 1708 minister,
1224 1625 1405 1711 ‘igitnr
1445 1660 1552 1698 non
1588 1646 1725 1717 ipse,
1776 1652 1869 1701 sed
1903 1651 2077 1719 gratia

506 1746 603 1799 per
648 1731 823 1800 ipsum
876 1734 1252 1803 consignatur.
1304 1734 1552 1799 Videtur,
1603 1738 1799 1807 inquit.
1846 1738 2080 1795 Necesse

504 1838 636 1891 ergo
669 1831 787 1875 erat
842 1825 1115 1893 appellare
1145 1826 1424 1882 hominem
1460 1829 1753 1898 imaginem
1787 1831 1990 1900 gratim,
2026 1843 2081 1887 et

506 1931 615 1970 non
649 1916 831 1985 [mlius
870 1917 1162 1985 imaginem
1199 1917 1316 1984 Dei,
1359 1919 1657 1989 Gregorius
1689 1922 1986 1993 Nyssenns,
2026 1925 2078 1977 in

503 2006 732 2060 Cantica
766 2007 1146 2062 canticorum:
1178 2008 1357 2075 Quod,
1390 2011 1588 2080 inquit,
1624 2027 1751 2067 vere
1778 2022 1861 2067 est
1889 2013 2082 2081 praedi-

502 2095 737 2148 candum
776 2096 1017 2156 beatum.
1071 2112 1276 2151 numen
1322 2099 1501 2167 ipsum
1548 2100 1790 2154 divinum
1826 2113 1931 2165 est,
1964 2103 2079 2170 ipsa

507 2184 857 2253 pulchritudo
903 2186 1325 2255 inexplicabilis,
1380 2188 1497 2257 ipsa
1553 2206 1650 2257 per
1693 2207 1753 2246 se
1788 2194 1983 2261 gratia,
2028 2198 2082 2247 ct

501 2278 801 2347 sapientia,
825 2286 881 2332 et
906 2288 1167 2346 potestas.
1194 2279 1260 2334 Et
1290 2279 1513 2335 divinus
1547 2280 1843 2353 Gregorius
1872 2284 1927 2339 in
1953 2299 2080 2338 ora-

503 2371 655 2424 tione
700 2371 770 2424 de
814 2370 1098 2427 divinitate
1131 2380 1328 2426 contra
1365 2373 1655 2438 Evagrium
1692 2375 2025 2430 monachum
2056 2395 2071 2431 :

504 2462 773 2518 Similiter
800 2462 989 2533 igitur,
1018 2464 1230 2533 inquit,
1272 2464 1364 2534 qui
1397 2466 1556 2521 dator
1583 2475 1667 2520 est
1704 2469 1947 2522 omnium
1978 2470 2077 2524 bo-

503 2567 726 2618 norum,
764 2554 857 2623 qui
896 2554 1144 2608 veritatis
1180 2556 1517 2617 moderator.
1558 2568 1612 2611 et
1643 2558 1941 2615 Salvatoris
1972 2561 2079 2613 Pa-

502 2653 608 2711 ter,
645 2645 1021 2702 dimanantem
1053 2652 1352 2717 quamdam
1402 2649 1525 2705 Filii
1558 2666 1613 2706 et
1642 2652 1878 2722 Spiritus
1906 2655 2078 2710 sancti

502 2735 733 2806 gratiam
782 2738 1152 2794 intellectilem
1212 2740 1280 2795 ad
1338 2756 1438 2796 nos
1496 2745 1684 2809 misit,
1738 2759 1917 2815 neque
1965 2747 2081 2815 ipse

501 2829 807 2899 quidquam
836 2830 1171 2885 incommodi
1201 2832 1255 2886 in
1279 2834 1583 2889 substantia
1611 2850 1806 2905 passus
1837 2846 1944 2904 est;
1972 2854 2078 2892 non

486 2908 649 2974 cnim
700 2920 866 2976 ullam
903 2922 1342 2978 imminutionem
1391 2924 1563 2981 subiit
1599 2938 1815 2998 propter
1860 2928 2077 2984 illorum

2177 656 2259 711 ibi
2322 665 2406 711 est
2439 633 2601 724 hujus
2662 656 2929 725 operatio,
2987 664 3042 707 et
3100 652 3376 722 splendida
3411 654 3592 724 gratia.
3633 656 3691 710 Et

2178 762 2411 817 magnus
2434 743 2666 800 Basilius
2701 744 2752 798 in
2786 745 3013 814 epistola
3035 745 3102 799 ad
3136 744 3446 816 Gregorium
3481 745 3701 803 fratrem:

2174 832 2375 900 Omne,
2412 834 2609 903 inquit,
2644 834 2867 898 bonum,
2927 835 3290 903 quodcunque
3332 848 3395 888 ex
3436 834 3605 889 divina
3630 852 3711 905 po-

2178 935 2380 982 testate
2407 927 2471 979 ad
2502 942 2603 979 nos
2630 925 2902 990 deveniat,
2945 925 3319 993 operationem
3344 926 3522 993 gratia:
3551 930 3712 981 omnia

2184 1017 2237 1071 in
2268 1016 2424 1071 nobis
2456 1016 2731 1085 operantis
2756 1029 2880 1071 esse
2909 1015 3161 1078 dicimus,
3197 1015 3370 1067 omnia
3400 1018 3534 1068 enim
3556 1031 3716 1083 opera-

2184 1118 2272 1161 tur
2292 1123 2425 1161 unus
2447 1115 2501 1162 et
2528 1108 2674 1162 idem
2696 1105 2974 1176 Spiritus“;
2993 1119 3057 1159 ac
3084 1120 3271 1161 rursus
3296 1105 3460 1159 idem:
3486 1104 3717 1174 Spiritum

2179 1210 2431 1255 sanctum
2458 1199 2553 1268 qui
2582 1214 2656 1253 ea
2701 1197 2810 1252 Deo
2834 1197 3078 1260 exsistit,
3114 1197 3312 1251 fontem
3347 1197 3463 1251 dico
3492 1198 3721 1252 sanctita-

2183 1288 2277 1353 tis,
2319 1299 2638 1357 potestatem
2694 1288 2816 1342 vita:
2846 1285 3198 1351 effectricem,
3249 1294 3304 1340 et
3334 1285 3551 1355 gratiam
3584 1287 3722 1353 perli-

2183 1381 2413 1435 cientem
2442 1397 2460 1445 ;
2492 1392 2589 1449 per
2610 1394 2771 1449 quem
2798 1380 2971 1433 «homo
2993 1380 3283 1447 adoptatur
3313 1378 3496 1443 Filius,
3528 1388 3573 1431 et
3598 1380 3719 1447 quod

2184 1474 2411 1527 mortale
2450 1482 2557 1537 est,
2590 1470 2829 1526 efticitur
2852 1471 3186 1535 immortale,
3249 1485 3415 1524 unum
3445 1485 3533 1538 per
3566 1471 3722 1524 omnia

2182 1581 2307 1620 cum
2364 1563 2524 1619 Patre
2557 1573 2611 1618 ct
2647 1563 2809 1617 Filio.
2844 1561 3137 1627 Praeterea,
3160 1561 3457 1617 secundum
3492 1561 3723 1631 homony-

2185 1657 2349 1710 miam
2385 1656 2684 1710 divinitatis
2712 1653 2814 1725 (a),
2864 1668 2988 1723 quae
3022 1667 3187 1722 supra
3239 1650 3585 1707 substantiam
3638 1664 3723 1714 est,

2189 1743 2439 1814 quaedam
2472 1742 2575 1796 alia
2604 1743 2863 1795 dicuntur
2884 1741 3084 1810 gratia.
3120 1742 3379 1796 Declarat
3411 1742 3509 1796 boc
3531 1740 3723 1805 Paulus,

2182 1850 2306 1889 cum
2334 1836 2583 1888 scribens
2605 1833 2671 1886 ad
2693 1831 2990 1886 Romanos:
3020 1829 3113 1885 Sic
3136 1849 3281 1902 ergo,
3315 1832 3559 1901 inquit,ct
3584 1833 3631 1884 in
3646 1832 3724 1883 hoc

2181 1937 2411 1989 tempore
2442 1926 2677 1995 reliquiae
2720 1926 3004 1979 secundum
3034 1926 3341 1978 electionem
3393 1924 3564 1992 gratia:
3589 1922 3726 1974 saluis

2183 2017 2342 2086 facit:
2397 2025 2539 2069 sunt.
2594 2014 2650 2068 Si
2678 2025 2854 2069 autent
2911 2017 3107 2085 gratia,
3133 2015 3252 2082 jam
3280 2029 3382 2067 non
3406 2027 3469 2066 ex
3494 2011 3726 2079 operibus,

2184 2104 2385 2174 alioqui
2409 2104 2580 2172 gratia
2608 2105 2727 2173 jam
2758 2120 2862 2158 non
2906 2114 2979 2158 est
3005 2105 3204 2173 gratia.
3259 2102 3321 2157 Si
3344 2113 3519 2157 autem
3543 2110 3602 2154 ex
3628 2116 3727 2167 ορε-

2186 2196 2352 2262 ribus,
2396 2196 2515 2265 jam
2568 2213 2671 2251 non
2709 2208 2789 2252 est
2838 2198 3019 2266 gratia
3055 2213 3073 2250 :
3123 2197 3331 2269 alioqui
3377 2211 3501 2263 opus
3546 2209 3637 2264 non
3663 2201 3727 2247 est

2183 2289 2357 2357 opus'.
2387 2287 2456 2343 Et
2483 2303 2672 2343 rursus
2705 2288 2846 2342 idem
2881 2287 3174 2359 Apostolus
3226 2306 3242 2343 :
3276 2288 3461 2343 Gratia
3484 2286 3609 2340 enim
3632 2284 3728 2337 ιρι.

2184 2381 2236 2435 υἱ
2268 2381 2398 2449 {acti
2427 2380 2599 2435 estis’.
2643 2379 2705 2434 Et
2728 2379 2925 2435 iterum
2958 2399 2971 2435 :
3005 2382 3119 2434 Non
3149 2382 3296 2435 enim
3325 2382 3451 2434 estis
3479 2378 3567 2433 sub
3614 2379 3728 2447 lege,

2183 2473 2275 2526 red
2313 2472 2405 2526 sub
2442 2473 2617 2541 gratia
2644 2471 2685 2527 ⁸.
2726 2471 2787 2526 Et
2825 2473 2961 2527 alias
2994 2491 3009 2527 :
3046 2472 3114 2527 In
3146 2475 3331 2543 gratia
3364 2474 3480 2533 hac,
3508 2484 3615 2540 qua
3641 2469 3727 2519 mi-

2186 2562 2447 2612 nistratur
2484 2576 2515 2612 a
2541 2560 2691 2613 nobis
2725 2562 2767 2614 ’.
2799 2560 2864 2615 Et
2898 2577 3091 2617 rursus
3124 2580 3135 2615 :
3173 2561 3263 2615 Ea;
3295 2578 3395 2631 quo
3422 2563 3502 2614 die
3529 2558 3725 2613 audistis

2183 2658 2232 2704 et
2260 2652 2575 2719 cognoristis
2612 2652 2841 2722 gratiam
2875 2654 2927 2706 in
2964 2653 3060 2707 Dei
3089 2655 3314 2708 veritate
3343 2653 3406 2707 ‘°.
3448 2651 3512 2706 Et
3539 2652 3727 2706 divinus

2184 2742 2606 2813 Chrysostomus
2665 2745 2963 2818 explanatis
3016 2746 3145 2800 illud
3208 2764 3225 2800 :
3293 2745 3381 2799 Es
3440 2742 3726 2816 plenitudine

2184 2834 2300 2903 ejus
2336 2852 2511 2889 omnes
2547 2839 2842 2906 accrpimus
2874 2839 2913 2869 ”
2939 2878 2956 2902 ,
2992 2847 3047 2892 ct
3080 2856 3095 2892 :
3122 2838 3381 2893 Gratiam
3408 2855 3498 2908 pro
3535 2836 3724 2907 gratia:

2150 2918 2153 2919 ν
2186 2925 2433 2994 Qualem,
2477 2930 2675 2998 inquit,
2717 2944 2814 2997 pro
2854 2928 3043 2997 quali?
3084 2930 3189 2984 Pro
3223 2942 3407 2985 vetere
3437 2942 3649 2988 novam;
3682 2933 3727 2976 ct

500 3012 569 3067 ad
613 3028 713 3067 nos
744 3012 1060 3088 adyentum,
1093 3017 1358 3084 usquead
1413 3032 1515 3073 nos
1566 3030 1977 3089 processerunt,
2027 3031 2080 3077 et
2107 3034 2151 3094 α
2186 3020 2239 3073 in
2275 3021 2404 3075 illud
2440 3038 2453 3074 :
2497 3020 2685 3075 Gratia
2720 3022 2855 3076 salvi
2896 3022 3029 3091 facti
3062 3025 3189 3077 catis
3214 3039 3237 3077 :
3266 3021 3383 3077 Non
3414 3039 3476 3077 ex
3506 3020 3727 3090 operibus

501 3104 864 3161 nihilominus
895 3120 925 3159 a
961 3104 1121 3161 Patre
1148 3107 1538 3178 inseparabiles
1575 3111 1955 3180 perstiterunt,
1988 3128 2079 3167 ex-

500 3209 630 3263 pers
660 3195 808 3248 enim
854 3195 1027 3265 partis
1071 3206 1180 3260 est,
1225 3206 1283 3251 ut
1332 3212 1359 3251 a
1394 3197 1669 3268 principio
1698 3199 1960 3267 diximus,
1996 3201 2079 3256 di-

499 3285 631 3337 vina
670 3294 886 3339 natura.
918 3285 974 3339 lu
1002 3285 1196 3355 primis
1235 3296 1416 3341 autem
1448 3290 1663 3344 divinus
1696 3289 1988 3360 Apostolus
2021 3292 2076 3346 in

499 3373 740 3445 Epistola
766 3378 831 3431 ad
862 3375 1044 3431 Titum
1072 3378 1182 3431 ait:
1208 3377 1663 3450 Apparuitgratia
1697 3381 1867 3447 Dei“,
1907 3385 2079 3453 gratia

498 3472 711 3525 scilicet
777 3471 1054 3536 salutaris,
1116 3472 1374 3528 omnibus
1426 3475 1738 3528 hominibus
1786 3489 1906 3528 eum
1968 3491 2079 3544 quo

500 3563 848 3617 consentiunt
870 3564 959 3632 qui
992 3563 1044 3617 in
1065 3564 1295 3619 cautius
1328 3566 1719 3621 ecclesiasticis
1735 3566 1943 3621 dicunt:
1967 3569 2077 3637 Ap-

498 3655 682 3723 paruit
714 3654 981 3719 Salvator,
1006 3655 1093 3723 qui
1121 3666 1205 3709 eet
1230 3656 1399 3725 gratia
1420 3665 1475 3710 et
1499 3660 1720 3721 veritas,
1761 3660 1813 3712 iu
1853 3655 2075 3712 Jordani

498 3743 736 3797 liuentis:
765 3752 822 3797 et
842 3744 1014 3811 gratia
1041 3744 1304 3798 habitavit
1332 3746 1387 3799 in
1416 3755 1487 3811 te,
1519 3761 1641 3815 quae
1668 3746 1760 3800 Dei
1794 3756 1965 3800 mater
1996 3763 2075 3815 es;

497 3844 557 3887 et
572 3835 833 3889 mundum
851 3835 1139 3904 splendore
1164 3837 1477 3892 illustravit.
1503 3836 1564 3889 Et
1582 3838 1798 3893 divinus
1818 3838 2074 3908 Ephrem,

498 3926 556 3981 in
582 3925 843 3982 Oratione
857 3927 925 3982 de
944 3928 1121 3983 salute
1148 3930 1343 3984 animae
1362 3945 1376 3984 :
1397 3929 1650 3998 Quando,
1670 3931 1868 4000 inquit,
1883 3932 2074 3997 voluit,

497 4017 769 4087 benignus
806 4028 861 4072 et
890 4018 1208 4074 misericors
1239 4018 1385 4074 Deus
1406 4020 1638 4075 liberare
1664 4037 1765 4076 nos
1789 4022 1859 4075 ab
1884 4022 2079 4090 hujus-

497 4108 647 4162 modi
683 4123 892 4174 errore,
926 4109 1165 4163 visitavit
1195 4124 1295 4166 nos
1324 4112 1507 4165 oriens
1531 4124 1596 4165 ex
1628 4113 1737 4167 alto
1759 4116 1800 4177 ';
1824 4124 1880 4167 et
1909 4130 2077 4183 appa-

498 4198 611 4253 ruit
650 4196 745 4251 Dei
778 4202 950 4268 gratia
981 4201 1260 4267 salutaris,
1301 4202 1561 4271 deditque
1592 4220 1651 4258 se
1698 4205 1811 4274 ipse
1841 4206 1893 4258 in
1929 4221 2079 4260 com-

498 4291 859 4345 mutationem
901 4306 1002 4361 pro
1038 4291 1221 4348 nobis.
1252 4293 1320 4349 Et
1359 4295 1578 4361 sapiens
1607 4295 1865 4367 Cyrillus:
1917 4298 2072 4365 Qum,

2189 3112 2447 3180 pmpriis,
2508 3112 2705 3180 inquit,
2743 3114 2836 3167 sed
2879 3116 3070 3184 gratis.
3130 3118 3197 3171 Et
3251 3129 3480 3183 magnus
3520 3112 3727 3167 Albana-

2185 3202 2489 3265 s‘ius,libro
2527 3205 2687 3259 tertio
2731 3202 2936 3258 Contra
2967 3206 3195 3259 Ariauos
3234 3221 3257 3265 ,:
3292 3203 3507 3259 Sciebat
3538 3202 3618 3257 ubi
3647 3198 3731 3252 La-

2186 3310 2350 3349 zarus
2407 3296 2647 3366 jacebat,
2698 3296 3078 3366 interrogabat
3133 3306 3345 3363 tamen,
3408 3304 3465 3350 ut
3509 3300 3727 3361 suscepta

2186 3394 2372 3441 nostra
2412 3386 2737 3457 ignorantia,
2783 3390 3072 3458 largiretur
3108 3388 3276 3444 nobis
3314 3398 3374 3443 ut
3410 3400 3731 3457 cognoscere—

2186 3494 2308 3533 tnus
2339 3481 2515 3533 scium
2546 3494 2731 3533 verum
2774 3478 2988 3534 Patrem
3020 3495 3204 3543 suum,
3236 3489 3297 3535 et
3334 3495 3497 3550 quem
3540 3487 3729 3548 propter

2185 3584 2284 3624 nos
2320 3569 2384 3624 ad
2435 3574 2665 3625 saiutem
2707 3554 2953 3625 omnium
3008 3572 3176 3637 misit,
3209 3587 3329 3642 qua
3379 3573 3549 3643 major
3582 3570 3728 3642 gratia

2184 3676 2294 3716 non
2336 3671 2511 3728 potest
2545 3677 2683 3729 esse.
2720 3662 2799 3717 Ex
2832 3664 3029 3733 quibus
3058 3672 3231 3732 patet,
3261 3665 3407 3735 quod
3433 3664 3552 3719 facti
3584 3659 3724 3731 ριιηίν

2184 3754 2334 3823 cipes
2356 3766 2568 3808 naturas
2603 3753 2720 3819 Dei,
2748 3771 2854 3809 non
2889 3756 3045 3809 nudae
3064 3756 3257 3825 gratia:
3292 3772 3324 3812 a
3362 3758 3468 3813 Deo
3492 3758 3732 3810 manantis

2183 3855 2239 3899 et
2279 3861 2400 3915 qua:
2436 3861 2529 3915 per
2568 3860 2628 3900 se
2670 3862 2777 3900 non
2804 3846 3040 3912 exsistit,
3072 3847 3375 3917 participes
3399 3861 3612 3903 sumus;
3652 3840 3731 3896 sed

2186 3939 2361 4005 ipsius
2410 3938 2650 4007 Spiritus
2682 3951 2843 4005 supra
2893 3938 3286 4004 substantiam,
3329 3951 3384 3993 et
3428 3934 3635 3999 viviﬁci,
3681 3947 3734 3986 ac

2184 4045 2281 4100 per
2316 4045 2375 4084 se
2410 4029 2761 4094 cxsistenlis;
2805 4038 2857 4083 et
2898 4044 2993 4097 per
3032 4029 3177 4083 hunc
3218 4029 3405 4099 ipsum
3443 4046 3558 4083 cum
3597 4025 3735 4079 Patre

2184 4134 2240 4178 et
2279 4121 2417 4178 Filio
2455 4123 2727 4191 copulari,
2768 4116 2970 4176 divinae
3008 4131 3215 4177 natura:
3256 4133 3546 4180 consortes
3586 4121 3735 4176 cilici-

2184 4230 2343 4282 mur;
2383 4222 2436 4269 et
2469 4214 2569 4267 bac
2599 4214 2772 4281 gratia
2817 4214 3078 4276 ditamur,
3126 4216 3305 4282 gratia
3347 4217 3553 4271 scilicet
3594 4213 3737 4267 trium

2185 4320 2571 4374 personarum,
2616 4321 2737 4375 qua:
2775 4315 2860 4360 est
2892 4320 2987 4375 per
3023 4322 3081 4361 se
3107 4310 3309 4379 gratia.
3346 4307 3407 4363 Et
3448 4308 3586 4363 sicut
3630 4321 3739 4361 cre-

499 4382 700 4452 inquit,
733 4384 904 4453 gratia
934 4384 1188 4454 apparuit
1222 4385 1423 4442 nobis?
1453 4395 1547 4441 aut
1571 4387 1748 4457 qualis
1777 4387 1866 4443 Dei
1900 4393 2074 4459 gratia
2110 4386 2153 4442 D
2181 4397 2330 4451 ditur
2367 4410 2489 4451 esse
2539 4395 2855 4450 communis
2891 4395 3183 4453 nobiscum
3215 4412 3319 4467 per
3362 4413 3423 4453 se
3461 4396 3644 4467 gratia,
3665 4398 3737 4447 sic

497 4474 765 4529 salutaris
822 4476 1079 4531 omnibus
1120 4477 1438 4533 hominibus
1474 4479 1795 4549 apparuisse
1849 4479 2077 4534 dicitur?

496 4566 1030 4635 Atquimanifestutu
1050 4578 1133 4623 est
1157 4568 1301 4639 quod
1318 4568 1394 4624 ait
1422 4569 1608 4624 David:
1627 4570 1765 4624 Deus
1794 4569 2074 4635 Dominus,

496 4667 546 4710 et
579 4659 829 4726 apparuit
852 4659 1049 4726 uobis';
1081 4672 1138 4716 et
1167 4669 1226 4715 ut
1254 4661 1428 4731 ipsius
1458 4662 1629 4731 gloria
1667 4663 1825 4717 nobis
1861 4664 1928 4717 de
1956 4678 2067 4717 coe-

497 4750 551 4803 lo
582 4759 862 4818 appareat,
910 4760 1315 4819 exspectamus.
1362 4750 1427 4805 Et
1458 4768 1687 4822 magnus
1718 4744 2072 4818 Athanasids,

497 4842 552 4895 in
585 4841 816 4909 cpistola
862 4842 929 4897 ad
964 4843 1352 4913 Serapionem,
1398 4845 1617 4911 Omnia,
1654 4846 1849 4914 inquit,
1896 4844 2074 4900 Patris

498 4941 623 4985 sunt
657 4932 778 4987 Filii
812 4949 827 4998 ;
877 4950 1047 5003 quare.
1086 4936 1438 5002 charismata,
1475 4952 1595 5006 qua:
1622 4952 1651 4990 a
1681 4935 1821 4990 Filio
1856 4936 1907 4990 in
1951 4937 2074 5006 Spi-

496 5031 601 5079 ritu
637 5025 858 5090 dantur,
888 5026 1066 5083 Patris
1090 5029 1423 5082 charismata
1457 5039 1606 5083 sunt:
1640 5036 1694 5082 et
1725 5043 1849 5082 cum
1888 5029 1939 5082 in
1976 5045 2074 5083 no-

498 5117 581 5169 bis
617 5115 702 5170 e‘st
740 5116 975 5185 Spiritus
1006 5130 1255 5185 Sanctus,
1280 5120 1331 5175 in
1352 5122 1551 5191 eoipso
1577 5121 1740 5175 etiam
1774 5130 1858 5175 est
1883 5120 2070 5187 l’ater;

572 5364 610 5392 "
648 5362 756 5417 Tit.
848 5381 908 5428 ll,
950 5367 1030 5420 ll.

496 5433 551 5486 ὅ.
628 5435 646 5465 ⁷
680 5435 880 5503 Εριιεε.
910 5452 969 5501 ιι,
1002 5440 1056 5491 8.

1108 5366 1128 5396 ¹
1198 5366 1398 5429 Luc.l,
1468 5365 1555 5419 78.

1656 5373 1679 5406 ⁸
1720 5366 1859 5421 Psai.
1885 5382 2046 5429 cxm,
2080 5366 2171 5422 27.
2248 5368 2269 5397 ⁸
2292 5366 2447 5421 Joau.
2481 5382 2590 5432 ην,
2619 5368 2704 5421 25.

1134 5434 1156 5466 ⁸
1205 5435 1364 5492 Rom.
1396 5453 1468 5503 vn,
1503 5438 1584 5490 l4.
1659 5440 1678 5471 ⁹
1708 5437 1750 5491 ll
1801 5440 1904 5491 (Lor
1953 5454 2073 5502 Vill,
2106 5440 2192 5492 19.

2173 4489 2340 4542 etiam
2376 4486 2653 4557 sigillatim
2690 4503 3030 4557 unaquaeque
3065 4504 3300 4558 persona
3336 4491 3520 4545 divina
3565 4503 3629 4541 ex
3654 4486 3741 4541 tri-

2176 4580 2279 4634 bus
2312 4580 2483 4649 gratia
2515 4578 2752 4645 dicitur;
2793 4588 2848 4633 et
2883 4578 3119 4633 maxime
3153 4594 3414 4635 summus
3455 4582 3593 4633 Deus
3626 4577 3735 4631 Sal-

2175 4679 2353 4733 vator,
2385 4677 2439 4723 et
2479 4668 2572 4739 qui
2607 4678 2690 4724 est
2732 4684 2898 4739 supra
2939 4670 3332 4737 substantiam,
3368 4671 3601 4740 Spiritus
3630 4683 3742 4721 san-

2182 4770 2322 4826 ctus,
2362 4770 2589 4828 uterque
2622 4760 2787 4815 simul
2824 4761 2997 4829 gratia
3025 4761 3317 4816 bimauans
3348 4763 3570 4815 dicitur.
3610 4757 3745 4810 Sicut

2181 4852 2345 4921 igitur
2387 4853 2501 4907 haec
2540 4853 2716 4923 gratia
2771 4853 3031 4907 dicuntur
3080 4853 3499 4923 principialiter,
3537 4858 3587 4903 ct
3618 4846 3743 4903 divi-

2181 4959 2296 5009 ne,
2327 4954 2377 4998 et
2415 4943 2729 5009 emiticutcr,
2763 4944 2842 4999 sic
2880 4944 3208 5013 bomonyme
3245 4958 3415 4997 omne
3450 4943 3631 4997 datum
3658 4941 3744 4992 bo-

2182 5052 2337 5101 num,
2369 5038 2514 5105 quod
2558 5037 2625 5089 ab
2666 5037 2799 5105 ipsis
2839 5035 3088 5104 personis
3126 5034 3331 5087 divinis
3382 5033 3449 5088 ad
3492 5046 3589 5085 nos
3632 5041 3740 5097 pro-

2185 5127 2473 5192 liciscitur,
2517 5137 2775 5196 tanquam
2830 5126 3157 5182 beneﬁcium
3209 5125 3377 5180 nobis
3422 5134 3661 5179 creatum
3696 5128 3742 5172 ct

2783 5369 2803 5399 ⁵
2831 5368 2847 5422 1
2874 5370 2999 5423 Cor.
3029 5387 3127 5436 XII,
3157 5372 3245 5428 Η.

2767 5442 2805 5470 “
2840 5440 2997 5495 Joan.
3033 5459 3071 5505 I,
3108 5443 3195 5497 16.

3327 5372 3349 5403 ⁸
3371 5370 3534 5429 Rom.
3570 5380 3643 5438 ιι,
3692 5367 3739 5431 ⁵ο

2272 5442 2314 5469 ⁸³
2344 5439 2554 5493 Colossi.
2592 5455 2604 5491 l
2632 5440 2683 5494 ὓ.

575 5636 649 5707 (α)
680 5636 733 5691 id
770 5646 873 5701 est,
902 5638 1040 5693 sicut
1074 5618 1233 5696 homo
1258 5653 1480 5698 sanctus
1512 5645 1785 5713 atquivoce
1816 5646 2018 5701 dicitur
2044 5646 2210 5711 Dens,
2245 5646 2325 5703 sic
2351 5646 2513 5702 etiam
2540 5646 2711 5715 gratia
2744 5662 2864 5717 qua:
2890 5663 2920 5703 a
2958 5646 3067 5706 Deo
3098 5649 3183 5704 tit.
