3980 6208
224 320 319 409 8‘7
375 278 409 315 ⁵

994 324 1236 388 DECAS
1267 322 1388 387 VII
1456 321 1628 384 -ΒΕ
1664 321 1935 383 DiVlNA
1966 317 2646 385 PARTICIPATIONE.

3357 322 3465 386 878
3533 337 3547 346 '

225 439 643 508 providentiam;
684 438 887 515 reliqua
937 455 1066 494 vero
1120 441 1340 494 nomina
1386 447 1568 511 partes
1602 438 1779 508 provi-
1811 445 1852 497 Α
1884 439 2102 515 causam
2136 453 2258 494 esse
2294 456 2308 494 :
2343 440 2474 508 quin
2504 442 2693 510 potius
2718 440 3211 513 quomodocumque
3266 458 3462 503 vocata

224 532 432 596 (lentim,
487 539 545 584 ut
602 531 806 596 vitam,
858 532 1206 602 sapientiam,
1260 535 1564 596 rationem;
1602 531 1786 585 omnia

223 626 355 677 cnim
406 638 527 692 qum
571 631 719 687 sunt,
768 633 988 692 propter
1017 624 1315 679 bonitatem
1376 622 1467 677 Dei
1520 621 1785 692 producta
1826 652 1837 659 -

224 727 361 779 sunt,
397 725 454 769 ut
498 715 792 782 exsistant,
818 726 872 769 et
904 724 1033 770 sunt
1066 716 1228 781 bona,
1258 716 1310 771 id
1336 724 1441 781 est,
1475 715 1629 770 valde
1663 714 1791 786 pul-.

222 807 366 868 citra,
428 822 534 861 non
597 818 777 862 tamen
837 808 1022 863 omnia
1083 808 1406 880 participant
1455 808 1656 873 vitam,
1706 804 1788 862 vel

222 901 583 970 sapientiam,
652 900 735 953 vel
791 901 1083 955 rationem.
1139 898 1523 957 Generaliores
1577 898 1789 952 scilicet

221 993 581 1063 providentias
629 1001 805 1058 vocat,
842 1008 981 1060 quas
1035 993 1089 1047 in
1145 991 1394 1062 pluribus
1448 989 1789 1058 contempla-

221 1102 357 1148 rnur,
392 1093 449 1138 ut
480 1086 585 1137 vita
621 1085 869 1150 pervadit
892 1085 948 1139 iu
981 1085 1214 1155 stirpes,
1248 1093 1305 1138 ct
1335 1084 1643 1136 animantes
1673 1090 1788 1135 tum

217 1177 441 1232 rationis
482 1176 798 1245 parti-ipes,
856 1187 968 1230 tum
1011 1191 1118 1229 non
1154 1172 1485 1247 participes:
1522 1172 1789 1242 sapientia

218 1283 363 1333 vero,
394 1280 447 1324 et
468 1268 609 1321 ratio
644 1268 966 1337 pauciorum
998 1277 1164 1334 sunt;
1196 1267 1309 1322 haec
1339 1266 1487 1320 enim
1520 1266 1697 1320 solum
1734 1265 1788 1319 in

217 1362 423 1416 ratione
467 1363 748 1416 utentibus
806 1368 1131 1416 cernuntur.
1181 1358 1328 1414 Idem
1380 1361 1562 1414 adhuc
1609 1359 1789 1427 capite

218 1446 458 1505 secundo
505 1451 572 1506 de
617 1453 815 1505 divinis
872 1450 1187 1505 numinibus
1220 1452 1271 1504 in
1311 1450 1792 1520 explanationihus

217 1545 327 1619 suis
367 1544 421 1598 in
472 1543 808 1617 Dionysium,
832 1557 1115 1609 exponens
1150 1544 1294 1610 quod
1325 1542 1403 1596 ait
1441 1541 1735 1612 Dionysius
1770 1558 1789 1596 :

216 1636 653 1701 Staturientcm,
701 1645 757 1689 et
806 1650 1086 1702 rmnquatu
1133 1631 1473 1688 deﬁcientem
1522 1648 1787 1699 causam,

218 1737 377 1795 atque
400 1727 840 1781 distributionem
873 1725 1166 1789 donorum,
1191 1740 1312 1794 quae
1338 1726 1541 1779 bonum
1568 1724 1787 1779 decent:

1896 514 2144 584 suntilla
2196 531 2369 601 magis
2410 533 2704 602 generalia,
2745 534 2860 588 sive
2909 544 3171 590 vocentur
3224 539 3463 605 primum

1894 621 2236 688 cxsistentia,
2269 623 2383 679 sive
2431 638 2527 691 per
2571 639 2629 679 se
2678 625 3144 695 participationes,
3174 622 3292 684 sive
3323 632 3468 691 dona

1900 713 2014 778 ltei,
2063 714 2176 767 sive
2237 715 2615 784 providentiae,
2650 716 2765 771 sive
2812 722 3338 779 communicationes
3390 728 3474 778 di-

1896 803 2033 859 vintn
2078 804 2300 873 (dictum
2339 807 2483 860 enim
2528 819 2612 862 est
2660 807 2728 862 de
2784 809 2867 864 bis
2913 826 2943 864 a
2997 810 3469 886 Theologisﬁnon

1897 897 2174 964 negabunt
2228 912 2405 966 neque
2453 889 2836 957 diftitebuutur
2869 918 3032 972 opera
3068 922 3191 961 essc
3223 908 3341 975 ejus
3372 912 3463 976 qui

1897 985 2081 1040 omnia
2120 988 2174 1041 iu
2224 989 2479 1044 omnibus
2535 1005 2794 1060 operatur
2848 1005 2907 1048 ιιι
2969 996 3246 1066 ιἰιιιλῡιιὶ
3293 1001 3470 1059 Patris

1897 1079 2130 1145 scilicet,
2163 1081 2427 1149 producta
2467 1084 2541 1136 ad
2573 1085 2933 1140 ministerium
2979 1100 3032 1143 et
3068 1092 3468 1163 sanctificatio

1896 1185 2022 1225 nem
2083 1181 2460 1230 creaturarum
2518 1191 2614 1241 per
2668 1177 2835 1231 Deum
2872 1178 3091 1246 Filium,
3129 1192 3185 1236 et
3220 1185 3468 1240 divinum

1897 1260 2020 1330 ejus
2059 1260 2345 1331 Spiritum.
2379 1262 2688 1320 Divisiones
2730 1279 2911 1321 autent
2941 1272 3238 1337 gratiarum
3275 1276 3472 1347 Diony-

1899 1352 2037 1417 sius,
2065 1355 2157 1421 qui
2191 1352 2291 1408 bas
2338 1370 2368 1407 a
2414 1371 2609 1425 magno
2655 1360 2899 1426 apostolo
2941 1363 3108 1417 Paulo
3151 1366 3361 1433 didicit,
3404 1351 3472 1427 ad

1899 1443 2234 1503 laudandum
2269 1446 2337 1500 ab
2362 1444 2570 1502 elTectis
2599 1451 2996 1519 providentiam
3034 1470 3155 1523 qua:
3191 1467 3275 1513 est
3321 1461 3478 1528 prin-

1899 1537 2105 1605 cipium
2131 1547 2192 1592 ut
2222 1537 2349 1593 boui
2390 1539 2701 1595 efficiamur
2720 1550 2773 1596 et
2807 1542 3149 1613 deificemur,
3178 1553 3474 1619 pertinere,

1903 1638 2088 1697 aperte
2117 1628 2391 1697 exposuit,
2447 1646 2654 1713 vocans
2690 1633 2918 1689 effectus
2976 1638 3123 1705 ipsas
3181 1642 3480 1713 participa-

1902 1719 2079 1774 tiones
2102 1708 2551 1790 participantiuui
2594 1724 2871 1792 expositas
2903 1728 2967 1779 ad
3004 1708 3476 1801 participationem

217 1793 428 1873 Dii-tum
466 1807 569 1880 est.
615 1816 812 1886 inquit,
861 1817 913 1870 in
947 1815 1178 1870 Psalmis
1256 1816 1521 1882 Quoniam
1566 1815 1709 1886 apud
1745 1824 1794 1870 te
1826 1793 1868 1848 π
1898 1806 2169 1862 donorum
2201 1807 2315 1875 Dei,
2342 1810 2543 1880 quibus
2591 1814 2935 1883 participatis
2963 1793 3398 1875 dicimur'divini
3426 1833 3483 1879 ct

215 1918 290 1962 est
343 1908 462 1978 [om
514 1910 635 1962 ritis
661 1908 727 1963 ”.
762 1907 825 1960 Et
871 1906 923 1961 in
967 1905 1199 1962 Jeremia
1234 1924 1247 1960 :
1282 1904 1369 1960 He
1408 1906 1798 1977 dereliquerunt

219 2001 414 2070 fontem
455 2016 606 2070 aqua:
648 1999 855 2057 vium“.
894 1999 1036 2055 Deus
1072 1998 1235 2071 igitur
1270 1998 1472 2057 dicitur
1500 1999 1625 2054 fons
1654 2000 1802 2053 velut

216 2092 437 2161 quidam
469 2107 686 2162 parcns,
714 2102 768 2146 et
798 2091 1131 2161 principium
1177 2099 1343 2160 atque
1386 2104 1553 2146 causa
1606 2103 1798 2145 eorum

218 2185 462 2238 munium
489 2200 609 2252 quae
636 2191 1030 2255 apparuerunt,
1062 2194 1120 2239 et
1145 2182 1487 2241 devenerunt
1508 2182 1579 2237 ad
1612 2196 1801 2238 essen-

216 2278 349 2333 tiam
383 2295 397 2329 :
430 2292 552 2346 quae
587 2276 733 2332 enim
763 2277 986 2346 quidam
1020 2290 1216 2332 vocare
1242 2280 1649 2331 consueverunt
1676 2273 1803 2328 uni-

218 2368 472 2433 versalia,
507 2368 559 2422 id
587 2375 690 2433 est,
722 2350 948 2438 honera,
982 2367 1066 2422 vel
1120 2374 1255 2433 tota,
1309 2365 1394 2421 vel
1440 2366 1799 2430 centiuentia.

219 2468 411 2529 utpote
482 2474 604 2526 quae
654 2458 1095 2528 complet-tantur
1153 2468 1339 2527 partes
1390 2456 1800 2511 emanatiouum

221 2552 366 2622 ejus,
403 2552 590 2605 borum
628 2548 924 2619 Scriptura
962 2558 1167 2604 Sancta:
1194 2547 1387 2619 dicunt
1422 2562 1547 2603 esse
1576 2562 1800 2603 causam

216 2655 274 2698 et
328 2647 531 2697 fonte-n
572 2661 586 2697 :
637 2655 856 2713 propter
893 2641 1241 2697 eﬂ'ectionem
1314 2641 1483 2710 igitur
1535 2639 1802 2695 inexhau-

216 2747 362 2791 stam
391 2751 582 2790 eorum
616 2751 736 2805 quae
778 2750 873 2803 per
905 2734 1169 2807 Spiritum
1198 2742 1446 2788 sanctum
1477 2721 1719 2797 exsistit,
1752 2742 1806 2789 et

218 2828 351 2895 quia
408 2828 641 2897 Spiritus
697 2837 923 2880 sanctus
970 2834 1256 2882 estcausa
1310 2826 1600 2891 omnium,
1642 2834 1702 2880 ut
1744 2824 1803 2881 in

220 2919 504 2989 S-tpirnlia
554 2918 760 2972 dictum
793 2918 966 2983 est",
1000 2928 1377 2973 consentance
1425 2917 1598 2989 ipsam
1626 2932 1724 2987 per
1748 2931 1807 2972 se

219 3025 446 3063 causam
498 3007 706 3063 fontem
758 3023 884 3063 esse
936 3008 1121 3063 divine
1174 3008 1615 3079 philosophatur.
1668 3007 1804 3063 illud

1901 1898 2043 1953 beati
2087 1907 2142 1953 et
2173 1899 2451 1968 sapientes
2500 1910 2555 1956 et
2604 1913 2873 1971 potentes.
2912 1904 3189 1963 [lett-artat
3223 1926 3350 1967 vero
3383 1930 3481 1982 po-

1900 1999 2015 2045 stea
2071 1992 2209 2059 haec,
2262 1993 2571 2049 ediss-'rens
2628 1996 2909 2064 quomodo
2966 1999 3082 2055 [nec
3128 2017 3188 2057 se
3244 2005 3482 2061 habeant

1900 2077 2097 2133 collata
2133 2093 2257 2134 cum
2308 2096 2379 2136 eo
2428 2085 2521 2152 qui
2558 2084 2789 2150 tribuit;
2823 2089 2965 2142 nulla
3007 2091 3152 2145 enim
3182 2092 3482 2151 similitudo

1904 2168 2143 2238 perfecta
2171 2181 2255 2227 est
2281 2188 2597 2238 causarum.
2634 2188 2687 2232 et
2724 2193 2917 2233 eorum
2949 2195 3071 2249 qua:
3103 2182 3298 2238 effecta
3329 2199 3479 2254 sunt,

1901 2260 1997 2316 sed
2032 2262 2217 2332 potius
2253 2264 2442 2321 eﬂ'ccta
2467 2268 2685 2337 quidem
2719 2271 2920 2326 habent
2957 2273 3222 2344 imagines
3245 2289 3297 2332 et
3323 2280 3483 2334 simi-

1905 2351 2165 2410 litudines
2212 2352 2435 2426 quantae
2481 2373 2605 2415 esse
2656 2374 2919 2430 possunt,
2953 2380 3243 2423 causarum
3289 2386 3305 2424 :
3353 2372 3487 2440 ipsa:

1905 2458 2036 2498 vero
2106 2462 2287 2503 causa:
2342 2451 2633 2506 abstracta?
2694 2466 2823 2510 sunt
2856 2458 2925 2512 ab
2955 2459 3192 2526 effectis,
3234 2473 3290 2517 et
3318 2478 3486 2534 supra

1904 2535 2099 2593 locata:
2156 2542 2462 2605 secundum
2521 2544 2792 2600 rationem
2848 2554 3054 2620 preprii
3107 2554 3380 2623 principii.
3429 2557 3487 2612 ln

1908 2627 2012 2681 hoc
2067 2646 2198 2686 vero
2251 2632 2430 2702 ipsum
2511 2635 2840 2694 incumbens
2884 2642 3104 2698 divinus
3164 2645 3486 2704 Maximus:

1904 2715 2095 2771 elfecta
2149 2732 2272 2776 esse
2322 2723 2462 2779 dixit
2516 2741 2638 2792 qua!
2685 2730 2948 2795 producta
3001 2743 3132 2787 sunt
3191 2735 3244 2789 in
3300 2752 3482 2792 rerum

1906 2816 2124 2876 natura,
2165 2811 2283 2866 sive
2329 2814 2383 2867 in
2440 2815 2601 2880 ctelo,
2645 2818 2762 2873 sive
2809 2819 2862 2874 in
2918 2833 3097 2891 lcrra,
3128 2839 3325 2882 causas
3358 2845 3491 2883 vero

1906 2915 2031 2971 qua:
2083 2904 2412 2972 producunt,
2442 2907 2492 2961 id
2523 2918 2629 2974 est,
2668 2920 2777 2965 tres
2822 2928 3084 2981 personas
3136 2925 3340 2974 sancite
3364 2919 3491 2975 Tri-

1909 2992 2118 3048 nitatis.
2172 2992 2369 3064 Liquet
2428 2997 2593 3068 igitur
2642 3015 2844 3058 causas
2891 3017 2949 3060 ct
2998 3007 3230 3065 effectus
3284 3012 3489 3067 nullam

219 3110 447 3164 autem,
481 3117 587 3154 non
619 3099 897 3155 exhauriri
950 3098 1310 3161 creationem,
1370 3099 1494 3155 inde
1542 3099 1805 3170 intellige,

1912 3082 2057 3139 inter
2087 3098 2147 3140 sc
2187 3087 2600 3144 similitudinem
2667 3093 2890 3149 habere.
2946 3097 3012 3151 Et
3057 3101 3237 3155 adhuc
3272 3103 3493 3161 divinus

222 3195 314 3249 ubi
342 3193 421 3246 ait
471 3212 486 3249 :

220 3303 415 3353 operor
437 3286 507 3347 ³⁸,
535 3285 785 3338 similiter
841 3283 1081 3352 Spiritus
1135 3293 1359 3338 sanctus
1396 3298 1520 3339 cum
1555 3282 1717 3337 Patre
1751 3291 1808 3338 et

222 3377 364 3432 Filio
407 3376 526 3431 sine
576 3375 981 3430 intermissione
1008 3375 1587 3444 Operatur;‘aitenim
1622 3373 1810 3443 Scrip-

225 3481 351 3523 tura
389 3487 403 3522 :
446 3468 668 3521 Emitte:
722 3465 979 3536 Spiritum
1015 3477 1186 3530 tuum,
1218 3478 1268 3520 et
1308 3467 1627 3519 creabantur
1643 3466 1710 3522 ³⁸.
1746 3467 1810 3521 Et

225 3576 426 3617 rursus
457 3575 685 3631 magnus
735 3560 1023 3630 Dionysius
1054 3560 1231 3627 capite
1265 3557 1557 3612 undecimo
1604 3556 1677 3611 De
1727 3556 1811 3610 di-

224 3655 359 3710 uinis
398 3636 697 3707 nonn‘nibus
723 3667 741 3705 :
769 3650 885 3705 Non
917 3650 1061 3704 enim
1105 3652 1463 3704 substantiam
1515 3646 1808 3719 quamdam

227 3730 475 3799 divinam
524 3752 620 3797 aut
669 3743 969 3812 angelicam
1007 3756 1131 3796 esse
1171 3741 1413 3795 dicimus
1439 3740 1569 3793 illud
1605 3753 1701 3810 per
1750 3753 1811 3794 se

228 3850 371 3901 esse,
409 3850 632 3889 causam
684 3832 934 3888 essentia:
964 3832 1247 3896 omnium;
1276 3830 1456 3887 solum
1489 3830 1634 3886 enim
1666 3829 1810 3900 quod

233 3934 313 3981 est
349 3940 516 3994 supra
550 3923 932 3989 substantiam,
975 3922 1307 3995 principium
1343 3931 1399 3978 et
1424 3923 1730 3978 substantia
1759 3931 1811 3976 et

236 4000 398 4068 causa
432 4022 514 4068 est
545 4023 603 4067 ut
635 4014 744 4068 sint
779 4013 960 4068 omnia
987 4027 1110 4084 quae
1146 4020 1298 4078 sunt,
1322 4022 1376 4066 et
1412 4012 1593 4082 ipsum
1629 4028 1726 4082 per
1751 4027 1813 4069 se

236 4120 387 4170 esse;
446 4120 548 4160 nec
597 4105 758 4160 aliam
816 4103 1185 4168 divinitatem,
1218 4118 1343 4173 quas
1392 4106 1571 4173 vitam.
1613 4104 1813 4175 pariat,

237 4211 602 4266 praeterquam
653 4196 820 4250 vitam
883 4211 1218 4267 supraquatn
1271 4198 1512 4252 divinam
1569 4198 1812 4253 omnium

245 4300 578 4357 qurecunque
623 4287 831 4353 vivunt,
867 4297 923 4340 et
955 4287 1131 4356 ipsius
1175 4303 1274 4356 per
1331 4304 1390 4343 se
1426 4290 1547 4342 vita:
1594 4303 1813 4345 causam

250 4377 517 4443 ponimus,
573 4392 698 4441 nec,
760 4387 817 4432 ut
866 4378 1179 4435 summatim
1229 4381 1430 4443 dicam,
1456 4377 1591 4434 alias
1618 4394 1816 4436 causas

538 3192 700 3246 pam-
740 3208 881 3245 ,πεηε
924 3208 1086 3263 mque
1127 3192 1281 3247 ,ηοιιο
1322 3201 1590 3261 operatur,
1632 3201 1682 3247 ει
1711 3208 1805 3263 ego
1913 3175 2205 3247 Dionysius
2236 3179 2564 3237 incumbens
2593 3185 2936 3252 potissimum
2972 3190 3029 3243 in
3069 3193 3181 3246 lucc
3212 3211 3226 3246 :
3262 3193 3488 3254 Eadem.

1909 3268 2108 3338 inquit,
2126 3280 2180 3323 et
2198 3272 2398 3326 similia
2423 3283 2476 3326 et
2498 3275 2787 3332 dissimilia
2824 3279 2933 3334 Deo
2956 3281 3257 3346 dicuntur:
3289 3287 3492 3347 similia

1908 3358 2129 3428 quidem
2181 3363 2481 3416 secundum
2540 3364 2923 3435 imitationem,
2950 3386 3074 3440 qum
3126 3388 3251 3429 esse
3307 3385 3488 3445 potest

1909 3449 2026 3516 ejus
2077 3465 2237 3518 quem
2292 3453 2423 3506 nihil
2458 3463 2637 3523 potest
2667 3457 2919 3531 imitari:
2963 3462 3251 3520 dissimilia
3318 3482 3488 3533 vero,

1911 3547 2181 3608 quatenus
2225 3540 2457 3598 effectus
2509 3544 2653 3600 infra
2710 3564 2933 3605 causam
2991 3553 3144 3622 sunt,
3175 3568 3227 3612 et
3269 3558 3494 3614 ittiittilivt

1911 3634 2208 3699 mensuris,
2241 3643 2294 3687 ct
2343 3650 2465 3703 quae
2507 3638 2742 3695 conferri
2781 3659 2887 3696 non
2923 3658 3179 3716 possunt,
3204 3651 3272 3703 ab
3310 3667 3372 3705 ea
3406 3652 3487 3705 di.

1912 3731 2079 3776 stant.
2120 3721 2376 3780 Eumdem
2410 3729 2785 3785 excellentiam
2817 3747 2980 3804 supra
3012 3737 3247 3795 effectus
3280 3744 3490 3809 posuit,

1914 3825 1970 3871 et
2019 3831 2186 3886 supra
2234 3834 2329 3886 per
2375 3836 2435 3875 se
2489 3823 2937 3894 participationes
2971 3844 2986 3884 :
3015 3828 3254 3897 Quanto.
3289 3835 3490 3903 inquit.

1912 3917 2168 3975 prastant
2199 3921 2419 3976 saneta,
2470 3914 2550 3967 vel
2600 3915 2804 3981 divina,
2846 3921 2930 3973 vel
2981 3921 3353 3991 dominantia,
3408 3934 3493 3982 vel

1920 3998 2072 4069 regis
2108 3999 2172 4054 iis
2224 4016 2346 4070 quze
2403 4020 2509 4058 non
2561 4015 2694 4062 sunt
2762 4009 2910 4075 talia,
2961 4022 3013 4067 et
3062 4030 3254 4071 rursus
3291 4032 3388 4087 per
3436 4038 3497 4075 so

1914 4093 2359 4162 participationcs
2416 4098 3087 4167 participantibtts,,lanto
3126 4117 3209 4163 est
3227 4112 3502 4179 omnibus

1916 4182 2218 4251 sublimior,
2252 4185 2451 4255 quiest
2479 4203 2642 4258 supra
2679 4194 2886 4261 omnia,
2906 4203 2959 4249 et
2990 4199 3235 4253 omnium
3268 4203 3493 4270 partici—

1916 4274 2189 4343 pantium,
2208 4288 2261 4331 et
2285 4278 2762 4350 participationum
2782 4296 2975 4339 auctor
3001 4286 3493 4360 imparticipahilis.

1920 4365 2079 4431 Quod
2100 4367 2281 4437 ipsum
2306 4371 2608 4439 cxplanans
2625 4387 2851 4430 sanctus
2874 4376 3145 4434 Maximus
3166 4383 3494 4445 :Quantum.

254 4466 592 4536 principales,
640 4477 695 4523 ct
745 4477 1015 4533 creantes,
1043 4476 1099 4522 et
1148 4469 1492 4538 ltypostuses,
1528 4484 1663 4538 quas
1692 4469 1806 4539 qui-

1923 4455 2104 4528 iuquit
2126 4500 2143 4526 ,
2176 4462 2450 4518 antecellit
2478 4473 2673 4518 natura
2721 4481 2858 4534 pura
2886 4478 2943 4521 et
2975 4484 3140 4525 causa
3167 4472 3416 4540 qualitati
3446 4488 3504 4531 et

248 4560 370 4611 «tam
407 4570 460 4614 et
489 4560 651 4625 deos,
678 4569 732 4614 ct
762 4559 1048 4615 effectores
1080 4574 1262 4615 rerum
1301 4576 1427 4616 esse
1455 4570 1655 4616 temere
1682 4558 1820 4614 ellu-

242 4650 481 4703 tiverunt
506 4666 521 4703 :
557 4665 695 4719 quos
730 4665 857 4705 vere
885 4659 939 4704 et
968 4651 1187 4719 proprie
1230 4650 1412 4704 dicere
1436 4664 1543 4704 non
1569 4664 1691 4705 esse
1717 4665 1819 4705 nec

240 4737 376 4803 ipsi.
408 4753 505 4791 nec
521 4753 714 4792 eorum
762 4748 944 4808 patres
973 4750 1027 4793 et
1058 4739 1295 4808 majores
1321 4739 1618 4794 sciverunt.
1641 4739 1764 4795 llaec
1786 4755 1816 4794 a

239 4829 514 4897 theologis
558 4833 835 4900 preposita
864 4839 1012 4896 sunt,
1042 4840 1101 4884 ut
1128 4834 1370 4885 sciamus
1390 4833 1820 4888 demonstratum

234 4930 395 4981 esse,
445 4920 587 4987 quod
627 4911 820 4984 antea,
852 4920 1030 4973 solum
1090 4920 1301 4974 scilicet
1346 4921 1490 4990 quod
1540 4930 1622 4974 est
1659 4935 1823 4990 supra

236 5008 652 5074 substantiam,
711 4999 920 5063 bcadtm
981 5020 1041 5064 et
1091 5011 1527 5085 supraquuntta)
1583 5010 1823 5064 divinant

236 5095 568 5153 Trinitatem
601 5102 842 5153 omnium
876 5115 1100 5154 causam
1136 5116 1255 5155 esse
1285 5112 1343 5170 et
1386 5117 1488 5169 nec
1516 5108 1695 5170 ipsum
1731 5116 1826 5170 per

233 5204 317 5244 se
367 5205 504 5257 esse,
544 5191 691 5262 quod
724 5202 809 5246 est
840 5193 1119 5262 antiquius
1163 5195 1390 5259 donum,
1420 5208 1584 5262 quam
1617 5202 1827 5247 caeteri?

233 5279 697 5350 participationes
722 5298 844 5351 quae
884 5284 953 5337 ab
997 5283 1113 5351 ipsa
1141 5281 1683 5348 Trinitate‘tuanant,
1722 5298 1825 5336 nec

232 5371 426 5440 ipsam
467 5388 562 5441 per
604 5388 664 5427 se
693 5378 879 5438 vitam,
906 5390 1006 5433 nec
1053 5375 1247 5428 horum
1288 5375 1486 5428 similia
1530 5376 1693 5429 ullius
1742 5377 1817 5429 rei

1924 4550 2121 4606 effecto
2164 4555 2289 4621 (hoc
2326 4557 2471 4608 enim
2518 4566 2601 4609 est
2652 4570 2775 4620 ens,
2824 4572 3200 4627 comparatum
3253 4579 3377 4619 cum
3430 4584 3500 4622 co

1924 4641 2067 4709 quod
2102 4655 2206 4694 non
2247 4645 2463 4711 proprie
2490 4645 2615 4715 est).
2646 4656 2699 4700 et
2730 4662 2994 4715 quantum
3026 4653 3302 4708 antecellit
3334 4661 3504 4725 parti-

1926 4733 2127 4802 cipanti
2170 4731 2220 4785 id
2246 4732 2393 4799 quod
2437 4736 2832 4803 participantur,
2864 4750 3072 4793 tantum
3122 4743 3307 4800 differt
3335 4747 3504 4815 Deus.

1926 4821 2024 4890 qui
2058 4822 2169 4874 Ita-c
2202 4820 2424 4886 dicitur,
2457 4825 2525 4876 ab
2556 4824 2624 4877 iis
2664 4825 2757 4894 qui
2806 4829 2906 4881 ista
2942 4832 3292 4902 participant.
3336 4835 3509 4907 Igitur

1930 4914 2074 4967 sicut
2122 4928 2303 4967 causa:
2359 4911 2641 4968 eﬂcctibus
2698 4921 3034 4973 antecellunt
3082 4910 3504 4983 inlinitis'meu-

1932 5008 2076 5060 suris
2105 5016 2157 5058 et
2186 5022 2306 5072 qua:
2335 5008 2571 5059 conferri
2612 5023 2718 5062 nm
2750 5024 3000 5078 possunt,
3028 5017 3108 5068 sic
3134 5022 3284 5073 scius
3311 5030 3511 5091 auctor;
3583 4999 3603 5018 ⁸

1935 5096 2098 5161 Deus,
2142 5097 2395 5167 idemque
2452 5101 2959 5169 itnpartieipablis,
3014 5107 3505 5176 participantibus.

1933 5200 1989 5244 et
2017 5191 2151 5259 ipsis
2182 5206 2275 5258 per
2306 5204 2365 5244 se
2399 5192 2913 5260 participatitntibus
2952 5198 3249 5252 antecellit.
3286 5199 3499 5256 Dictum

1931 5292 2016 5338 est
2060 5290 2242 5336 autem
2282 5283 2349 5336 de
2392 5285 2473 5336 Itis
2511 5299 2539 5337 τι
2574 5286 2841 5356 theologis
2888 5288 2941 5340 iu
2974 5292 3167 5358 quinta
3208 5300 3263 5347 et
3309 5303 3508 5364 quarta

1928 5376 2130 5429 dccade
2180 5375 2431 5428 initiari-ae
2459 5377 2818 5440 expositionis
2844 5380 3155 5435 divinorum
3199 5389 3510 5448 nominum.

335 5528 379 5557 “
414 5529 548 5586 Psal.
585 5549 749 5598 xxxv,
780 5532 866 5587 10.
944 5535 989 5565 ³³
1043 5534 1241 5590 Jcrem.
1274 5553 1333 5599 ιι,
1372 5539 1456 5595 l5.
1531 5536 1576 5568 "
1622 5537 1749 5607 Snp.
1784 5555 1796 5591 t

1908 5556 1955 5593 ll.
2034 5540 2079 5572 "
2135 5536 2376 5604 Jonn.v,
2431 5540 2517 5592 17.
2596 5538 2639 5569 ³⁸
2696 5539 3105 5601 l’tial.Cttt,30.

338 5670 411 5742 (Ir)
434 5671 767 5742 Supraqttatn
791 5675 969 5727 tiititta
993 5673 1235 5727 Trinitas
1268 5677 1433 5728 i'it'iltt
1455 5693 1484 5733 ',
1522 5677 1654 5728 sit-ut
1696 5679 1798 5729 diri
1820 5705 1831 5715 -

230 5749 355 5794 ιω·
385 5741 513 5796 Deus
549 5741 710 5811 supra
746 5746 932 5810 Ut‘Il-tl,
958 5765 1068 5799 sive
1106 5764 1263 5815 supra
1294 5763 1360 5814 qu
1386 5764 1454 5798 ιιιι
1494 5746 1628 5799 licus
1685 5764 1809 5816 pro-

1940 5690 2059 5740 pter
2090 5676 2584 5753 resquidicuntur
2655 5678 2686 5729 tl
2716 5680 2749 5735 i.
2810 5681 2949 5731 sicut
3000 5678 3256 5745 St‘l'ipillttl
3297 5701 3379 5746 ob;
3422 5692 3525 5753 pg.
3590 5696 3597 5699 '

1924 5762 2116 5804 Lxut:
2156 5746 2417 5817 Εψιιιίιὶ,
2454 5750 2539 5802 Dit
2567 5763 2708 5805 estw.
