  <div class='ocr_page' id='page_1' title='image "/cluster/home/n/w/nwhite01/storage/ocr_20150623/152/hvd.32044073502635/453.png"; bbox 0 0 3980 6208; ppageno 0'>
   <div class='ocr_carea' id='block_1_1' title="bbox 455 224 626 346">
    <p class='ocr_par' dir='ltr' id='par_1_1' title="bbox 455 224 626 346">
     <span class='ocr_line' id='line_1_1' title="bbox 455 224 626 346; baseline 0.018 -3"><span class='ocrx_word' id='word_1_1' title='bbox 455 224 476 237; x_wconf 54' lang='grc'><em>”</em></span> <span class='ocrx_word' id='word_1_2' title='bbox 515 276 626 346; x_wconf 81' lang='lat'><strong>883</strong></span> 
     </span>
    </p>
   </div>
   <div class='ocr_carea' id='block_1_2' title="bbox 1671 296 3465 395">
    <p class='ocr_par' dir='ltr' id='par_1_2' title="bbox 1671 296 3465 395">
     <span class='ocr_line' id='line_1_2' title="bbox 1671 296 3465 395; baseline 0.016 -38"><span class='ocrx_word' id='word_1_3' title='bbox 1671 296 1995 361; x_wconf 69' lang='lat' dir='ltr'><strong>JOAXNIS</strong></span> <span class='ocrx_word' id='word_1_4' title='bbox 2035 301 2603 371; x_wconf 60' lang='lat' dir='ltr'><strong>CYPARISSHTI‘E</strong></span> <span class='ocrx_word' id='word_1_5' title='bbox 3214 382 3241 395; x_wconf 71' lang='lat'>_</span> <span class='ocrx_word' id='word_1_6' title='bbox 3442 348 3465 367; x_wconf 75' lang='grc' dir='ltr'><strong>ο</strong></span> 
     </span>
    </p>
   </div>
   <div class='ocr_carea' id='block_1_3' title="bbox 3589 323 3676 390">
    <p class='ocr_par' dir='ltr' id='par_1_3' title="bbox 3589 323 3676 390">
     <span class='ocr_line' id='line_1_3' title="bbox 3589 323 3676 390; baseline 0.034 -5"><span class='ocrx_word' id='word_1_7' title='bbox 3589 323 3676 390; x_wconf 61' lang='lat'><strong>891</strong></span> 
     </span>
    </p>
   </div>
   <div class='ocr_carea' id='block_1_4' title="bbox 511 395 3680 502">
    <p class='ocr_par' dir='ltr' id='par_1_4' title="bbox 511 395 3680 502">
     <span class='ocr_line' id='line_1_4' title="bbox 511 395 3680 502; baseline 0.014 -54"><span class='ocrx_word' id='word_1_8' title='bbox 511 395 722 451; x_wconf 75' lang='lat' dir='ltr'><strong>militet</strong></span> <span class='ocrx_word' id='word_1_9' title='bbox 746 396 798 451; x_wconf 90' lang='lat' dir='ltr'><strong>in</strong></span> <span class='ocrx_word' id='word_1_10' title='bbox 828 398 969 466; x_wconf 80' lang='lat' dir='ltr'><strong>aliis,</strong></span> <span class='ocrx_word' id='word_1_11' title='bbox 996 402 1280 469; x_wconf 90' lang='lat' dir='ltr'><strong>vocabant,</strong></span> <span class='ocrx_word' id='word_1_12' title='bbox 1306 404 1445 459; x_wconf 87' lang='lat' dir='ltr'><strong>inter</strong></span> <span class='ocrx_word' id='word_1_13' title='bbox 1469 419 1750 468; x_wconf 70' lang='lat' dir='ltr'><strong>creaturas</strong></span> <span class='ocrx_word' id='word_1_14' title='bbox 1779 415 2084 472; x_wconf 82' lang='lat' dir='ltr'><strong>referebant</strong></span> <span class='ocrx_word' id='word_1_15' title='bbox 2112 422 2158 477; x_wconf 81' lang='grc' dir='ltr'><strong>Α</strong></span> <span class='ocrx_word' id='word_1_16' title='bbox 2187 436 2307 475; x_wconf 89' lang='lat' dir='ltr'><strong>cum</strong></span> <span class='ocrx_word' id='word_1_17' title='bbox 2337 425 2426 493; x_wconf 91' lang='lat' dir='ltr'><strong>qui</strong></span> <span class='ocrx_word' id='word_1_18' title='bbox 2455 426 2627 494; x_wconf 86' lang='lat' dir='ltr'><strong>major</strong></span> <span class='ocrx_word' id='word_1_19' title='bbox 2658 438 2740 483; x_wconf 82' lang='lat' dir='ltr'><strong>est</strong></span> <span class='ocrx_word' id='word_1_20' title='bbox 2796 445 2955 496; x_wconf 89' lang='lat' dir='ltr'><strong>quam</strong></span> <span class='ocrx_word' id='word_1_21' title='bbox 2999 432 3220 502; x_wconf 70' lang='lat' dir='ltr'><strong>Cogitari</strong></span> <span class='ocrx_word' id='word_1_22' title='bbox 3270 436 3445 501; x_wconf 82' lang='lat' dir='ltr'><strong>queat?</strong></span> <span class='ocrx_word' id='word_1_23' title='bbox 3485 436 3567 490; x_wconf 80' lang='lat' dir='ltr'><strong>“ir.</strong></span> <span class='ocrx_word' id='word_1_24' title='bbox 3614 457 3680 494; x_wconf 68' lang='lat' dir='ltr'><strong>est</strong></span> 
     </span>
    </p>
   </div>
   <div class='ocr_carea' id='block_1_5' title="bbox 518 492 2088 573">
    <p class='ocr_par' dir='ltr' id='par_1_5' title="bbox 518 492 2088 573">
     <span class='ocr_line' id='line_1_5' title="bbox 518 492 2088 573; baseline 0.015 -31"><span class='ocrx_word' id='word_1_25' title='bbox 518 498 574 542; x_wconf 83' lang='lat' dir='ltr'><strong>et</strong></span> <span class='ocrx_word' id='word_1_26' title='bbox 604 492 960 545; x_wconf 91' lang='lat' dir='ltr'><strong>numerabant</strong></span> <span class='ocrx_word' id='word_1_27' title='bbox 1000 511 1013 557; x_wconf 94' lang='lat'><strong>;</strong></span> <span class='ocrx_word' id='word_1_28' title='bbox 1045 496 1169 561; x_wconf 88' lang='lat' dir='ltr'><strong>qttia</strong></span> <span class='ocrx_word' id='word_1_29' title='bbox 1208 512 1384 565; x_wconf 88' lang='lat' dir='ltr'><strong>neque</strong></span> <span class='ocrx_word' id='word_1_30' title='bbox 1405 500 1722 557; x_wconf 58' lang='lat' dir='ltr'><strong>substantiae</strong></span> <span class='ocrx_word' id='word_1_31' title='bbox 1746 498 1960 573; x_wconf 67' lang='lat' dir='ltr'><strong>divitum,</strong></span> <span class='ocrx_word' id='word_1_32' title='bbox 1988 526 2088 565; x_wconf 88' lang='lat' dir='ltr'><strong>nec</strong></span> 
     </span>
    </p>
   </div>
   <div class='ocr_carea' id='block_1_6' title="bbox 518 581 2087 661">
    <p class='ocr_par' dir='ltr' id='par_1_6' title="bbox 518 581 2087 661">
     <span class='ocr_line' id='line_1_6' title="bbox 518 581 2087 661; baseline 0.017 -30"><span class='ocrx_word' id='word_1_33' title='bbox 518 581 778 649; x_wconf 69' lang='lat' dir='ltr'><strong>angelica:</strong></span> <span class='ocrx_word' id='word_1_34' title='bbox 810 593 984 649; x_wconf 88' lang='lat' dir='ltr'><strong>erant,</strong></span> <span class='ocrx_word' id='word_1_35' title='bbox 1018 601 1115 639; x_wconf 88' lang='lat' dir='ltr'><strong>nec</strong></span> <span class='ocrx_word' id='word_1_36' title='bbox 1142 588 1305 641; x_wconf 85' lang='lat' dir='ltr'><strong>ullius</strong></span> <span class='ocrx_word' id='word_1_37' title='bbox 1342 592 1415 644; x_wconf 91' lang='lat' dir='ltr'><strong>rei</strong></span> <span class='ocrx_word' id='word_1_38' title='bbox 1448 592 1750 652; x_wconf 72' lang='lat' dir='ltr'><strong>effectrices</strong></span> <span class='ocrx_word' id='word_1_39' title='bbox 1784 617 1795 661; x_wconf 92' lang='lat'><strong>;</strong></span> <span class='ocrx_word' id='word_1_40' title='bbox 1830 600 2004 654; x_wconf 89' lang='lat' dir='ltr'><strong>solum</strong></span> <span class='ocrx_word' id='word_1_41' title='bbox 2029 620 2087 656; x_wconf 86' lang='lat' dir='ltr'><strong>e—</strong></span> 
     </span>
    </p>
   </div>
   <div class='ocr_carea' id='block_1_7' title="bbox 518 670 2088 757">
    <p class='ocr_par' dir='ltr' id='par_1_7' title="bbox 518 670 2088 757">
     <span class='ocr_line' id='line_1_7' title="bbox 518 670 2088 757; baseline 0.017 -37"><span class='ocrx_word' id='word_1_42' title='bbox 518 670 629 721; x_wconf 73' lang='lat' dir='ltr'><strong>tim</strong></span> <span class='ocrx_word' id='word_1_43' title='bbox 657 672 909 739; x_wconf 76' lang='lat' dir='ltr'><strong>quodest</strong></span> <span class='ocrx_word' id='word_1_44' title='bbox 956 690 1118 742; x_wconf 84' lang='lat' dir='ltr'><strong>supra</strong></span> <span class='ocrx_word' id='word_1_45' title='bbox 1188 680 1571 749; x_wconf 86' lang='lat' dir='ltr'><strong>substantiam,</strong></span> <span class='ocrx_word' id='word_1_46' title='bbox 1648 689 1976 757; x_wconf 91' lang='lat' dir='ltr'><strong>principium</strong></span> <span class='ocrx_word' id='word_1_47' title='bbox 2034 703 2088 748; x_wconf 84' lang='lat' dir='ltr'><strong>et</strong></span> 
     </span>
    </p>
   </div>
   <div class='ocr_carea' id='block_1_8' title="bbox 519 761 2080 838">
    <p class='ocr_par' dir='ltr' id='par_1_8' title="bbox 519 761 2080 838">
     <span class='ocr_line' id='line_1_8' title="bbox 519 761 2080 838; baseline 0.017 -26"><span class='ocrx_word' id='word_1_48' title='bbox 519 761 827 817; x_wconf 73' lang='lat' dir='ltr'><strong>substantia</strong></span> <span class='ocrx_word' id='word_1_49' title='bbox 859 774 911 818; x_wconf 87' lang='lat' dir='ltr'><strong>et</strong></span> <span class='ocrx_word' id='word_1_50' title='bbox 939 780 1100 821; x_wconf 87' lang='lat' dir='ltr'><strong>causa</strong></span> <span class='ocrx_word' id='word_1_51' title='bbox 1125 770 1317 824; x_wconf 84' lang='lat' dir='ltr'><strong>horum</strong></span> <span class='ocrx_word' id='word_1_52' title='bbox 1337 785 1437 827; x_wconf 90' lang='lat' dir='ltr'><strong>est.</strong></span> <span class='ocrx_word' id='word_1_53' title='bbox 1460 775 1514 829; x_wconf 90' lang='lat' dir='ltr'><strong>Si</strong></span> <span class='ocrx_word' id='word_1_54' title='bbox 1542 788 1721 834; x_wconf 88' lang='lat' dir='ltr'><strong>autem</strong></span> <span class='ocrx_word' id='word_1_55' title='bbox 1743 780 1884 838; x_wconf 85' lang='lat' dir='ltr'><strong>Deus</strong></span> <span class='ocrx_word' id='word_1_56' title='bbox 1909 796 1960 836; x_wconf 88' lang='lat' dir='ltr'><strong>et</strong></span> <span class='ocrx_word' id='word_1_57' title='bbox 1982 785 2080 838; x_wconf 79' lang='lat' dir='ltr'><strong>lto-</strong></span> 
     </span>
    </p>
   </div>
   <div class='ocr_carea' id='block_1_9' title="bbox 520 863 2088 945">
    <p class='ocr_par' dir='ltr' id='par_1_9' title="bbox 520 863 2088 945">
     <span class='ocr_line' id='line_1_9' title="bbox 520 863 2088 945; baseline 0.02 -43"><span class='ocrx_word' id='word_1_58' title='bbox 520 868 664 918; x_wconf 84' lang='lat' dir='ltr'><strong>tum,</strong></span> <span class='ocrx_word' id='word_1_59' title='bbox 698 863 750 907; x_wconf 90' lang='lat' dir='ltr'><strong>et</strong></span> <span class='ocrx_word' id='word_1_60' title='bbox 788 871 974 910; x_wconf 88' lang='lat' dir='ltr'><strong>eorum</strong></span> <span class='ocrx_word' id='word_1_61' title='bbox 1005 876 1125 929; x_wconf 63' lang='lat' dir='ltr'><strong>qua:</strong></span> <span class='ocrx_word' id='word_1_62' title='bbox 1149 863 1337 918; x_wconf 90' lang='lat' dir='ltr'><strong>subter</strong></span> <span class='ocrx_word' id='word_1_63' title='bbox 1370 866 1482 934; x_wconf 87' lang='lat' dir='ltr'><strong>ipsa</strong></span> <span class='ocrx_word' id='word_1_64' title='bbox 1523 880 1668 937; x_wconf 87' lang='lat' dir='ltr'><strong>sunt,</strong></span> <span class='ocrx_word' id='word_1_65' title='bbox 1713 888 1777 927; x_wconf 80' lang='lat' dir='ltr'><strong>ex</strong></span> <span class='ocrx_word' id='word_1_66' title='bbox 1808 891 1964 945; x_wconf 64' lang='lat' dir='ltr'><strong>inquo</strong></span> <span class='ocrx_word' id='word_1_67' title='bbox 1990 895 2088 932; x_wconf 85' lang='lat' dir='ltr'><strong>au-</strong></span> 
     </span>
    </p>
   </div>
   <div class='ocr_carea' id='block_1_10' title="bbox 520 946 2081 1034">
    <p class='ocr_par' dir='ltr' id='par_1_10' title="bbox 520 946 2081 1034">
     <span class='ocr_line' id='line_1_10' title="bbox 520 946 2081 1034; baseline 0.019 -39"><span class='ocrx_word' id='word_1_68' title='bbox 520 955 648 996; x_wconf 86' lang='lat' dir='ltr'><strong>ctor</strong></span> <span class='ocrx_word' id='word_1_69' title='bbox 679 956 762 998; x_wconf 90' lang='lat' dir='ltr'><strong>est</strong></span> <span class='ocrx_word' id='word_1_70' title='bbox 804 946 907 1015; x_wconf 77' lang='lat' dir='ltr'><strong>(est</strong></span> <span class='ocrx_word' id='word_1_71' title='bbox 937 951 1102 1017; x_wconf 76' lang='lat' dir='ltr'><strong>enim,</strong></span> <span class='ocrx_word' id='word_1_72' title='bbox 1136 954 1330 1023; x_wconf 84' lang='lat' dir='ltr'><strong>inquit,</strong></span> <span class='ocrx_word' id='word_1_73' title='bbox 1353 973 1415 1011; x_wconf 78' lang='lat' dir='ltr'><strong>ex</strong></span> <span class='ocrx_word' id='word_1_74' title='bbox 1448 963 1919 1034; x_wconf 65' lang='lat' dir='ltr'><strong>pat-ticipantibus,</strong></span> <span class='ocrx_word' id='word_1_75' title='bbox 1943 979 2081 1024; x_wconf 76' lang='lat' dir='ltr'><strong>etest</strong></span> 
     </span>
    </p>
   </div>
   <div class='ocr_carea' id='block_1_11' title="bbox 520 1035 2086 1133">
    <p class='ocr_par' dir='ltr' id='par_1_11' title="bbox 520 1035 2086 1133">
     <span class='ocr_line' id='line_1_11' title="bbox 520 1035 2086 1133; baseline 0.019 -47"><span class='ocrx_word' id='word_1_76' title='bbox 520 1035 852 1105; x_wconf 81' lang='lat' dir='ltr'><strong>participatis</strong></span> <span class='ocrx_word' id='word_1_77' title='bbox 899 1039 1108 1097; x_wconf 90' lang='lat' dir='ltr'><strong>inﬁnite</strong></span> <span class='ocrx_word' id='word_1_78' title='bbox 1131 1050 1183 1097; x_wconf 83' lang='lat' dir='ltr'><strong>et</strong></span> <span class='ocrx_word' id='word_1_79' title='bbox 1213 1047 1477 1103; x_wconf 86' lang='lat' dir='ltr'><strong>immense</strong></span> <span class='ocrx_word' id='word_1_80' title='bbox 1499 1062 1828 1125; x_wconf 81' lang='lat' dir='ltr'><strong>exemptus),</strong></span> <span class='ocrx_word' id='word_1_81' title='bbox 1856 1076 2086 1133; x_wconf 86' lang='lat' dir='ltr'><strong>quomo-</strong></span> 
     </span>
    </p>
   </div>
   <div class='ocr_carea' id='block_1_12' title="bbox 520 1122 2088 1217">
    <p class='ocr_par' dir='ltr' id='par_1_12' title="bbox 520 1122 2088 1217">
     <span class='ocr_line' id='line_1_12' title="bbox 520 1122 2088 1217; baseline 0.022 -44"><span class='ocrx_word' id='word_1_82' title='bbox 520 1122 587 1175; x_wconf 90' lang='lat' dir='ltr'><strong>do</strong></span> <span class='ocrx_word' id='word_1_83' title='bbox 618 1138 723 1177; x_wconf 92' lang='lat' dir='ltr'><strong>non</strong></span> <span class='ocrx_word' id='word_1_84' title='bbox 749 1125 801 1179; x_wconf 90' lang='lat' dir='ltr'><strong>in</strong></span> <span class='ocrx_word' id='word_1_85' title='bbox 838 1127 920 1181; x_wconf 91' lang='lat' dir='ltr'><strong>bis</strong></span> <span class='ocrx_word' id='word_1_86' title='bbox 959 1134 1129 1200; x_wconf 83' lang='lat' dir='ltr'><strong>magis</strong></span> <span class='ocrx_word' id='word_1_87' title='bbox 1154 1135 1332 1191; x_wconf 81' lang='lat' dir='ltr'><strong>oninis</strong></span> <span class='ocrx_word' id='word_1_88' title='bbox 1369 1138 1671 1198; x_wconf 71' lang='lat' dir='ltr'><strong>diderentia</strong></span> <span class='ocrx_word' id='word_1_89' title='bbox 1691 1130 2088 1217; x_wconf 66' lang='lat' dir='ltr'><strong>reperiatur-,tt</strong></span> 
     </span>
    </p>
   </div>
   <div class='ocr_carea' id='block_1_13' title="bbox 518 1213 2087 1300">
    <p class='ocr_par' dir='ltr' id='par_1_13' title="bbox 518 1213 2087 1300">
     <span class='ocr_line' id='line_1_13' title="bbox 518 1213 2087 1300; baseline 0.021 -37"><span class='ocrx_word' id='word_1_90' title='bbox 518 1213 638 1281; x_wconf 85' lang='lat' dir='ltr'><strong>plus</strong></span> <span class='ocrx_word' id='word_1_91' title='bbox 670 1226 723 1269; x_wconf 89' lang='lat' dir='ltr'><strong>et</strong></span> <span class='ocrx_word' id='word_1_92' title='bbox 753 1219 928 1274; x_wconf 87' lang='lat' dir='ltr'><strong>minus</strong></span> <span class='ocrx_word' id='word_1_93' title='bbox 952 1221 1130 1277; x_wconf 85' lang='lat' dir='ltr'><strong>locum</strong></span> <span class='ocrx_word' id='word_1_94' title='bbox 1160 1225 1381 1282; x_wconf 75' lang='lat' dir='ltr'><strong>habeat?</strong></span> <span class='ocrx_word' id='word_1_95' title='bbox 1406 1248 1527 1300; x_wconf 57' lang='lat' dir='ltr'><strong>qua».</strong></span> <span class='ocrx_word' id='word_1_96' title='bbox 1558 1248 1688 1289; x_wconf 89' lang='lat' dir='ltr'><strong>sunt</strong></span> <span class='ocrx_word' id='word_1_97' title='bbox 1738 1250 1880 1293; x_wconf 62' lang='lat' dir='ltr'><strong>notm</strong></span> <span class='ocrx_word' id='word_1_98' title='bbox 1931 1258 2087 1297; x_wconf 87' lang='lat' dir='ltr'><strong>crea-</strong></span> 
     </span>
    </p>
   </div>
   <div class='ocr_carea' id='block_1_14' title="bbox 518 1312 2085 1402">
    <p class='ocr_par' dir='ltr' id='par_1_14' title="bbox 518 1312 2085 1402">
     <span class='ocr_line' id='line_1_14' title="bbox 518 1312 2085 1402; baseline 0.022 -45"><span class='ocrx_word' id='word_1_99' title='bbox 518 1312 672 1371; x_wconf 72' lang='lat' dir='ltr'><strong>turae,</strong></span> <span class='ocrx_word' id='word_1_100' title='bbox 711 1317 764 1363; x_wconf 89' lang='lat' dir='ltr'><strong>et</strong></span> <span class='ocrx_word' id='word_1_101' title='bbox 792 1312 1023 1365; x_wconf 78' lang='lat' dir='ltr'><strong>Varietas</strong></span> <span class='ocrx_word' id='word_1_102' title='bbox 1050 1313 1191 1370; x_wconf 88' lang='lat' dir='ltr'><strong>circa</strong></span> <span class='ocrx_word' id='word_1_103' title='bbox 1213 1324 1640 1392; x_wconf 82' lang='lat' dir='ltr'><strong>emanationem,</strong></span> <span class='ocrx_word' id='word_1_104' title='bbox 1672 1339 1725 1383; x_wconf 91' lang='lat' dir='ltr'><strong>et</strong></span> <span class='ocrx_word' id='word_1_105' title='bbox 1747 1332 2085 1402; x_wconf 73' lang='lat' dir='ltr'><strong>multiplica-</strong></span> 
     </span>
    </p>
   </div>
   <div class='ocr_carea' id='block_1_15' title="bbox 518 1399 2085 1493">
    <p class='ocr_par' dir='ltr' id='par_1_15' title="bbox 518 1399 2085 1493">
     <span class='ocr_line' id='line_1_15' title="bbox 518 1399 2085 1493; baseline 0.019 -41"><span class='ocrx_word' id='word_1_106' title='bbox 518 1399 596 1452; x_wconf 86' lang='lat' dir='ltr'><strong>tio</strong></span> <span class='ocrx_word' id='word_1_107' title='bbox 625 1400 945 1459; x_wconf 75' lang='lat' dir='ltr'><strong>l‘orma&#39;rum.</strong></span> <span class='ocrx_word' id='word_1_108' title='bbox 980 1406 1167 1464; x_wconf 83' lang='lat' dir='ltr'><strong>Merito</strong></span> <span class='ocrx_word' id='word_1_109' title='bbox 1200 1410 1364 1480; x_wconf 86' lang='lat' dir='ltr'><strong>igitur</strong></span> <span class='ocrx_word' id='word_1_110' title='bbox 1383 1416 1509 1485; x_wconf 87' lang='lat' dir='ltr'><strong>quia</strong></span> <span class='ocrx_word' id='word_1_111' title='bbox 1541 1434 1643 1472; x_wconf 89' lang='lat' dir='ltr'><strong>n0n</strong></span> <span class='ocrx_word' id='word_1_112' title='bbox 1669 1437 1862 1478; x_wconf 84' lang='lat' dir='ltr'><strong>sumus</strong></span> <span class='ocrx_word' id='word_1_113' title='bbox 1894 1427 2001 1493; x_wconf 88' lang='lat' dir='ltr'><strong>apti</strong></span> <span class='ocrx_word' id='word_1_114' title='bbox 2027 1436 2085 1481; x_wconf 88' lang='lat' dir='ltr'><strong>et</strong></span> 
     </span>
    </p>
   </div>
   <div class='ocr_carea' id='block_1_16' title="bbox 519 1488 2081 1584">
    <p class='ocr_par' dir='ltr' id='par_1_16' title="bbox 519 1488 2081 1584">
     <span class='ocr_line' id='line_1_16' title="bbox 519 1488 2081 1584; baseline 0.019 -42"><span class='ocrx_word' id='word_1_115' title='bbox 519 1488 732 1557; x_wconf 81' lang='lat' dir='ltr'><strong>idonei,</strong></span> <span class='ocrx_word' id='word_1_116' title='bbox 764 1496 856 1549; x_wconf 72' lang='lat' dir='ltr'><strong>sed</strong></span> <span class='ocrx_word' id='word_1_117' title='bbox 893 1498 1072 1565; x_wconf 83' lang='lat' dir='ltr'><strong>potius</strong></span> <span class='ocrx_word' id='word_1_118' title='bbox 1113 1501 1315 1557; x_wconf 90' lang='lat' dir='ltr'><strong>inﬁrmi</strong></span> <span class='ocrx_word' id='word_1_119' title='bbox 1342 1506 1409 1559; x_wconf 86' lang='lat' dir='ltr'><strong>ad</strong></span> <span class='ocrx_word' id='word_1_120' title='bbox 1454 1508 1821 1574; x_wconf 89' lang='lat' dir='ltr'><strong>recipiendum</strong></span> <span class='ocrx_word' id='word_1_121' title='bbox 1866 1514 2081 1584; x_wconf 83' lang='lat' dir='ltr'><strong>,Deum,</strong></span> 
     </span>
    </p>
   </div>
   <div class='ocr_carea' id='block_1_17' title="bbox 518 1583 2082 1663">
    <p class='ocr_par' dir='ltr' id='par_1_17' title="bbox 518 1583 2082 1663">
     <span class='ocr_line' id='line_1_17' title="bbox 518 1583 2082 1663; baseline 0.019 -29"><span class='ocrx_word' id='word_1_122' title='bbox 518 1583 987 1654; x_wconf 68' lang='lat' dir='ltr'><strong>participationem</strong></span> <span class='ocrx_word' id='word_1_123' title='bbox 1023 1591 1139 1659; x_wconf 84' lang='lat' dir='ltr'><strong>ejus</strong></span> <span class='ocrx_word' id='word_1_124' title='bbox 1160 1609 1189 1646; x_wconf 72' lang='grc' dir='ltr'><em>λ</em></span> <span class='ocrx_word' id='word_1_125' title='bbox 1218 1596 1374 1650; x_wconf 86' lang='lat' dir='ltr'><strong>nobis</strong></span> <span class='ocrx_word' id='word_1_126' title='bbox 1393 1598 1752 1658; x_wconf 78' lang='lat' dir='ltr'><strong>alienavimus</strong></span> <span class='ocrx_word' id='word_1_127' title='bbox 1784 1624 1797 1660; x_wconf 89' lang='lat'><strong>:</strong></span> <span class='ocrx_word' id='word_1_128' title='bbox 1828 1604 1881 1659; x_wconf 88' lang='lat' dir='ltr'><strong>itt</strong></span> <span class='ocrx_word' id='word_1_129' title='bbox 1917 1623 2082 1663; x_wconf 74' lang='lat' dir='ltr'><strong>cau.~a</strong></span> 
     </span>
    </p>
   </div>
   <div class='ocr_carea' id='block_1_18' title="bbox 516 1683 2083 1766">
    <p class='ocr_par' dir='ltr' id='par_1_18' title="bbox 516 1683 2083 1766">
     <span class='ocr_line' id='line_1_18' title="bbox 516 1683 2083 1766; baseline 0.02 -39"><span class='ocrx_word' id='word_1_130' title='bbox 516 1683 697 1729; x_wconf 87' lang='lat' dir='ltr'><strong>autem</strong></span> <span class='ocrx_word' id='word_1_131' title='bbox 720 1688 800 1731; x_wconf 78' lang='lat' dir='ltr'><strong>est</strong></span> <span class='ocrx_word' id='word_1_132' title='bbox 838 1691 1076 1747; x_wconf 75' lang='lat' dir='ltr'><strong>potestas</strong></span> <span class='ocrx_word' id='word_1_133' title='bbox 1104 1684 1258 1740; x_wconf 84' lang='lat' dir='ltr'><strong>liberi</strong></span> <span class='ocrx_word' id='word_1_134' title='bbox 1290 1690 1523 1757; x_wconf 86' lang='lat' dir='ltr'><strong>arbitrii,</strong></span> <span class='ocrx_word' id='word_1_135' title='bbox 1560 1702 1612 1746; x_wconf 91' lang='lat' dir='ltr'><strong>ct</strong></span> <span class='ocrx_word' id='word_1_136' title='bbox 1637 1694 1791 1761; x_wconf 88' lang='lat' dir='ltr'><strong>illud,</strong></span> <span class='ocrx_word' id='word_1_137' title='bbox 1815 1700 2083 1766; x_wconf 77' lang='lat' dir='ltr'><strong>proclives</strong></span> 
     </span>
    </p>
   </div>
   <div class='ocr_carea' id='block_1_19' title="bbox 518 1769 1827 1845">
    <p class='ocr_par' dir='ltr' id='par_1_19' title="bbox 518 1769 1827 1845">
     <span class='ocr_line' id='line_1_19' title="bbox 518 1769 1827 1845; baseline 0.02 -27"><span class='ocrx_word' id='word_1_138' title='bbox 518 1779 617 1820; x_wconf 87' lang='lat' dir='ltr'><strong>nos</strong></span> <span class='ocrx_word' id='word_1_139' title='bbox 652 1781 771 1822; x_wconf 87' lang='lat' dir='ltr'><strong>esse</strong></span> <span class='ocrx_word' id='word_1_140' title='bbox 794 1769 860 1824; x_wconf 87' lang='lat' dir='ltr'><strong>ab</strong></span> <span class='ocrx_word' id='word_1_141' title='bbox 890 1772 1251 1832; x_wconf 84' lang='lat' dir='ltr'><strong>adolescentia</strong></span> <span class='ocrx_word' id='word_1_142' title='bbox 1277 1790 1461 1835; x_wconf 84' lang='lat' dir='ltr'><strong>nostra</strong></span> <span class='ocrx_word' id='word_1_143' title='bbox 1493 1785 1561 1839; x_wconf 86' lang='lat' dir='ltr'><strong>ad</strong></span> <span class='ocrx_word' id='word_1_144' title='bbox 1603 1787 1827 1845; x_wconf 87' lang='lat' dir='ltr'><strong>malum.</strong></span> 
     </span>
    </p>
   </div>
   <div class='ocr_carea' id='block_1_20' title="bbox 1129 1892 1472 1951">
    <p class='ocr_par' dir='ltr' id='par_1_20' title="bbox 1129 1892 1472 1951">
     <span class='ocr_line' id='line_1_20' title="bbox 1129 1892 1472 1951; baseline 0.017 -6"><span class='ocrx_word' id='word_1_145' title='bbox 1129 1892 1357 1950; x_wconf 83' lang='lat' dir='ltr'><strong>CAPUT</strong></span> <span class='ocrx_word' id='word_1_146' title='bbox 1385 1896 1472 1951; x_wconf 80' lang='lat' dir='ltr'><strong>IX.</strong></span> 
     </span>
    </p>
   </div>
   <div class='ocr_carea' id='block_1_21' title="bbox 516 1991 2087 2078">
    <p class='ocr_par' dir='ltr' id='par_1_21' title="bbox 516 1991 2087 2078">
     <span class='ocr_line' id='line_1_21' title="bbox 516 1991 2087 2078; baseline 0.021 -33"><span class='ocrx_word' id='word_1_147' title='bbox 516 1991 670 2058; x_wconf 82' lang='lat' dir='ltr'><strong>Quod</strong></span> <span class='ocrx_word' id='word_1_148' title='bbox 702 1996 823 2078; x_wconf 81' lang='lat' dir='ltr'><strong>sola_</strong></span> <span class='ocrx_word' id='word_1_149' title='bbox 855 2009 1046 2078; x_wconf 66' lang='lat' dir='ltr'><strong>natura</strong></span> <span class='ocrx_word' id='word_1_150' title='bbox 1079 2007 1260 2061; x_wconf 77' lang='lat' dir='ltr'><strong>diuina</strong></span> <span class='ocrx_word' id='word_1_151' title='bbox 1294 2012 1577 2066; x_wconf 77' lang='lat' dir='ltr'><strong>secundum</strong></span> <span class='ocrx_word' id='word_1_152' title='bbox 1611 2018 1870 2072; x_wconf 78' lang='lat' dir='ltr'><strong>rationem</strong></span> <span class='ocrx_word' id='word_1_153' title='bbox 1913 2039 2087 2078; x_wconf 75' lang='lat' dir='ltr'><strong>causa:</strong></span> 
     </span>
    </p>
   </div>
   <div class='ocr_carea' id='block_1_22' title="bbox 583 2069 2087 2150">
    <p class='ocr_par' dir='ltr' id='par_1_22' title="bbox 583 2069 2087 2150">
     <span class='ocr_line' id='line_1_22' title="bbox 583 2069 2087 2150; baseline 0.02 -33"><span class='ocrx_word' id='word_1_154' title='bbox 583 2075 660 2118; x_wconf 83' lang='lat' dir='ltr'><strong>est</strong></span> <span class='ocrx_word' id='word_1_155' title='bbox 682 2069 1099 2150; x_wconf 42' lang='lat' dir='ltr'><strong>participti‘bilis;</strong></span> <span class='ocrx_word' id='word_1_156' title='bbox 1129 2089 1178 2129; x_wconf 83' lang='lat' dir='ltr'><strong>et</strong></span> <span class='ocrx_word' id='word_1_157' title='bbox 1211 2080 1350 2143; x_wconf 83' lang='lat' dir='ltr'><strong>quod</strong></span> <span class='ocrx_word' id='word_1_158' title='bbox 1381 2086 1649 2150; x_wconf 84' lang='lat' dir='ltr'><strong>proprium</strong></span> <span class='ocrx_word' id='word_1_159' title='bbox 1690 2069 1889 2143; x_wconf 50' lang='lat'><strong>05?.)</strong></span> <span class='ocrx_word' id='word_1_160' title='bbox 1915 2069 2087 2146; x_wconf 59' lang='grc' dir='ltr'><strong>ἰἷοῖᾘῖ</strong></span> 
     </span>
    </p>
   </div>
   <div class='ocr_carea' id='block_1_23' title="bbox 585 2141 2085 2223">
    <p class='ocr_par' dir='ltr' id='par_1_23' title="bbox 585 2141 2085 2223">
     <span class='ocr_line' id='line_1_23' title="bbox 585 2141 2085 2223; baseline 0.022 -38"><span class='ocrx_word' id='word_1_161' title='bbox 585 2150 640 2223; x_wconf 56' lang='lat' dir='ltr'><strong>r‘e</strong></span> <span class='ocrx_word' id='word_1_162' title='bbox 670 2141 848 2191; x_wconf 80' lang='lat' dir='ltr'><strong>omnia</strong></span> <span class='ocrx_word' id='word_1_163' title='bbox 872 2141 949 2223; x_wconf 56' lang='grc' dir='ltr'><strong>⁸(ιιι</strong></span> <span class='ocrx_word' id='word_1_164' title='bbox 994 2141 1448 2223; x_wconf 67' lang='lat' dir='ltr'><strong>communionem;</strong></span> <span class='ocrx_word' id='word_1_165' title='bbox 1476 2141 1547 2223; x_wconf 56' lang='lat' dir='ltr'><strong>&#39;rt</strong></span> <span class='ocrx_word' id='word_1_166' title='bbox 1596 2171 1713 2223; x_wconf 76' lang='lat' dir='ltr'><strong>qua:</strong></span> <span class='ocrx_word' id='word_1_167' title='bbox 1772 2160 1931 2223; x_wconf 82' lang='lat' dir='ltr'><strong>plura</strong></span> <span class='ocrx_word' id='word_1_168' title='bbox 1989 2165 2085 2218; x_wconf 81' lang='lat' dir='ltr'><strong>Dei</strong></span> 
     </span>
    </p>
   </div>
   <div class='ocr_carea' id='block_1_24' title="bbox 583 2205 1799 2289">
    <p class='ocr_par' dir='ltr' id='par_1_24' title="bbox 583 2205 1799 2289">
     <span class='ocr_line' id='line_1_24' title="bbox 583 2205 1799 2289; baseline 0.022 -34"><span class='ocrx_word' id='word_1_169' title='bbox 583 2205 723 2257; x_wconf 84' lang='lat' dir='ltr'><strong>dona</strong></span> <span class='ocrx_word' id='word_1_170' title='bbox 739 2211 1083 2279; x_wconf 80' lang='lat' dir='ltr'><strong>participant,</strong></span> <span class='ocrx_word' id='word_1_171' title='bbox 1110 2205 1501 2289; x_wconf 47' lang='lat' dir='ltr'><strong>propinquio&#39;ra</strong></span> <span class='ocrx_word' id='word_1_172' title='bbox 1521 2205 1799 2281; x_wconf 10' lang='lat' dir='ltr'><strong>Deorsnntr.</strong></span> 
     </span>
    </p>
   </div>
   <div class='ocr_carea' id='block_1_25' title="bbox 582 2316 2086 2412">
    <p class='ocr_par' dir='ltr' id='par_1_25' title="bbox 582 2316 2086 2412">
     <span class='ocr_line' id='line_1_25' title="bbox 582 2316 2086 2412; baseline 0.02 -42"><span class='ocrx_word' id='word_1_173' title='bbox 582 2316 875 2387; x_wconf 80' lang='lat' dir='ltr'><strong>Gregorius</strong></span> <span class='ocrx_word' id='word_1_174' title='bbox 898 2322 1228 2397; x_wconf 81' lang='lat' dir='ltr'><strong>Theologus,</strong></span> <span class='ocrx_word' id='word_1_175' title='bbox 1261 2331 1312 2386; x_wconf 93' lang='lat' dir='ltr'><strong>in</strong></span> <span class='ocrx_word' id='word_1_176' title='bbox 1349 2336 1583 2392; x_wconf 88' lang='lat' dir='ltr'><strong>secunda</strong></span> <span class='ocrx_word' id='word_1_177' title='bbox 1622 2341 1870 2397; x_wconf 85' lang='lat' dir='ltr'><strong>oratione</strong></span> <span class='ocrx_word' id='word_1_178' title='bbox 1898 2346 1963 2399; x_wconf 91' lang='lat' dir='ltr'><strong>de</strong></span> <span class='ocrx_word' id='word_1_179' title='bbox 1991 2361 2086 2412; x_wconf 83' lang='lat' dir='ltr'><strong>pa-</strong></span> 
     </span>
    </p>
   </div>
   <div class='ocr_carea' id='block_1_26' title="bbox 496 2409 2087 2500">
    <p class='ocr_par' dir='ltr' id='par_1_26' title="bbox 496 2409 2087 2500">
     <span class='ocr_line' id='line_1_26' title="bbox 496 2409 2087 2500; baseline 0.021 -41"><span class='ocrx_word' id='word_1_180' title='bbox 496 2410 574 2462; x_wconf 83' lang='lat' dir='ltr'><strong>&#39;ce</strong></span> <span class='ocrx_word' id='word_1_181' title='bbox 611 2426 625 2466; x_wconf 87' lang='lat'><strong>:</strong></span> <span class='ocrx_word' id='word_1_182' title='bbox 655 2409 771 2465; x_wconf 77' lang='lat' dir='ltr'><strong>Non</strong></span> <span class='ocrx_word' id='word_1_183' title='bbox 805 2414 971 2482; x_wconf 87' lang='lat' dir='ltr'><strong>enim,</strong></span> <span class='ocrx_word' id='word_1_184' title='bbox 1006 2418 1200 2489; x_wconf 85' lang='lat' dir='ltr'><strong>inquit,</strong></span> <span class='ocrx_word' id='word_1_185' title='bbox 1224 2425 1514 2495; x_wconf 81' lang='lat' dir='ltr'><strong>quidquam</strong></span> <span class='ocrx_word' id='word_1_186' title='bbox 1538 2444 1602 2484; x_wconf 80' lang='lat' dir='ltr'><strong>ex</strong></span> <span class='ocrx_word' id='word_1_187' title='bbox 1641 2435 1864 2500; x_wconf 68' lang='lat' dir='ltr'><strong>creatis,</strong></span> <span class='ocrx_word' id='word_1_188' title='bbox 1895 2446 1947 2490; x_wconf 86' lang='lat' dir='ltr'><strong>et</strong></span> <span class='ocrx_word' id='word_1_189' title='bbox 1969 2453 2087 2492; x_wconf 62' lang='lat' dir='ltr'><strong>ser-</strong></span> 
     </span>
    </p>
   </div>
   <div class='ocr_carea' id='block_1_27' title="bbox 519 2501 2084 2593">
    <p class='ocr_par' dir='ltr' id='par_1_27' title="bbox 519 2501 2084 2593">
     <span class='ocr_line' id='line_1_27' title="bbox 519 2501 2084 2593; baseline 0.023 -44"><span class='ocrx_word' id='word_1_190' title='bbox 519 2501 601 2554; x_wconf 84' lang='lat' dir='ltr'><strong>vis</strong></span> <span class='ocrx_word' id='word_1_191' title='bbox 641 2511 805 2573; x_wconf 88' lang='lat' dir='ltr'><strong>atque</strong></span> <span class='ocrx_word' id='word_1_192' title='bbox 835 2508 1393 2579; x_wconf 80' lang='lat' dir='ltr'><strong>participantibus,.et</strong></span> <span class='ocrx_word' id='word_1_193' title='bbox 1448 2520 1877 2593; x_wconf 83' lang='lat' dir='ltr'><strong>circumscriptis</strong></span> <span class='ocrx_word' id='word_1_194' title='bbox 1924 2543 2084 2584; x_wconf 80' lang='lat' dir='ltr'><strong>na&#39;u-</strong></span> 
     </span>
    </p>
   </div>
   <div class='ocr_carea' id='block_1_28' title="bbox 508 2596 2089 2686">
    <p class='ocr_par' dir='ltr' id='par_1_28' title="bbox 508 2596 2089 2686">
     <span class='ocr_line' id='line_1_28' title="bbox 508 2596 2089 2686; baseline 0.02 -42"><span class='ocrx_word' id='word_1_195' title='bbox 508 2607 626 2646; x_wconf 88' lang='lat' dir='ltr'><strong>ram</strong></span> <span class='ocrx_word' id='word_1_196' title='bbox 655 2596 972 2664; x_wconf 88' lang='lat' dir='ltr'><strong>increatam,</strong></span> <span class='ocrx_word' id='word_1_197' title='bbox 1009 2608 1062 2655; x_wconf 87' lang='lat' dir='ltr'><strong>et</strong></span> <span class='ocrx_word' id='word_1_198' title='bbox 1086 2602 1383 2669; x_wconf 87' lang='lat' dir='ltr'><strong>dominam,</strong></span> <span class='ocrx_word' id='word_1_199' title='bbox 1407 2618 1570 2680; x_wconf 90' lang='lat' dir='ltr'><strong>atque</strong></span> <span class='ocrx_word' id='word_1_200' title='bbox 1596 2614 1998 2686; x_wconf 86' lang='lat' dir='ltr'><strong>participatatn,</strong></span> <span class='ocrx_word' id='word_1_201' title='bbox 2034 2631 2089 2676; x_wconf 86' lang='lat' dir='ltr'><strong>et</strong></span> 
     </span>
    </p>
   </div>
   <div class='ocr_carea' id='block_1_29' title="bbox 506 2680 2094 2768">
    <p class='ocr_par' dir='ltr' id='par_1_29' title="bbox 506 2680 2094 2768">
     <span class='ocr_line' id='line_1_29' title="bbox 506 2680 2094 2768; baseline 0.017 -28"><span class='ocrx_word' id='word_1_202' title='bbox 506 2680 778 2740; x_wconf 78' lang='lat' dir='ltr'><strong>inﬁnitam</strong></span> <span class='ocrx_word' id='word_1_203' title='bbox 796 2690 1029 2761; x_wconf 85' lang='lat' dir='ltr'><strong>attingit.</strong></span> <span class='ocrx_word' id='word_1_204' title='bbox 1050 2691 1115 2747; x_wconf 86' lang='lat' dir='ltr'><strong>Et</strong></span> <span class='ocrx_word' id='word_1_205' title='bbox 1143 2711 1329 2754; x_wconf 86' lang='lat' dir='ltr'><strong>rursus</strong></span> <span class='ocrx_word' id='word_1_206' title='bbox 1355 2700 1492 2755; x_wconf 89' lang='lat' dir='ltr'><strong>idem</strong></span> <span class='ocrx_word' id='word_1_207' title='bbox 1512 2704 1562 2757; x_wconf 90' lang='lat' dir='ltr'><strong>in</strong></span> <span class='ocrx_word' id='word_1_208' title='bbox 1593 2680 1836 2761; x_wconf 76' lang='lat' dir='ltr'><strong>oratione</strong></span> <span class='ocrx_word' id='word_1_209' title='bbox 1868 2711 1919 2764; x_wconf 91' lang='lat' dir='ltr'><strong>in</strong></span> <span class='ocrx_word' id='word_1_210' title='bbox 1956 2712 2094 2768; x_wconf 80' lang='lat' dir='ltr'><strong>Pen-</strong></span> 
     </span>
    </p>
   </div>
   <div class='ocr_carea' id='block_1_30' title="bbox 509 2781 2090 2870">
    <p class='ocr_par' dir='ltr' id='par_1_30' title="bbox 509 2781 2090 2870">
     <span class='ocr_line' id='line_1_30' title="bbox 509 2781 2090 2870; baseline 0.021 -45"><span class='ocrx_word' id='word_1_211' title='bbox 509 2786 747 2831; x_wconf 88' lang='lat' dir='ltr'><strong>tecosten</strong></span> <span class='ocrx_word' id='word_1_212' title='bbox 779 2798 794 2833; x_wconf 88' lang='lat'><strong>:</strong></span> <span class='ocrx_word' id='word_1_213' title='bbox 821 2781 949 2833; x_wconf 81' lang='lat' dir='ltr'><strong>Erat</strong></span> <span class='ocrx_word' id='word_1_214' title='bbox 967 2785 1127 2849; x_wconf 78' lang='lat' dir='ltr'><strong>igitur</strong></span> <span class='ocrx_word' id='word_1_215' title='bbox 1144 2801 1360 2856; x_wconf 83' lang='lat' dir='ltr'><strong>semper</strong></span> <span class='ocrx_word' id='word_1_216' title='bbox 1383 2790 1615 2861; x_wconf 80' lang='lat' dir='ltr'><strong>Spiritus</strong></span> <span class='ocrx_word' id='word_1_217' title='bbox 1633 2809 1852 2854; x_wconf 88' lang='lat' dir='ltr'><strong>sanctus</strong></span> <span class='ocrx_word' id='word_1_218' title='bbox 1870 2806 2090 2870; x_wconf 81' lang='lat' dir='ltr'><strong>partici-</strong></span> 
     </span>
    </p>
   </div>
   <div class='ocr_carea' id='block_1_31' title="bbox 506 2874 2090 2959">
    <p class='ocr_par' dir='ltr' id='par_1_31' title="bbox 506 2874 2090 2959">
     <span class='ocr_line' id='line_1_31' title="bbox 506 2874 2090 2959; baseline 0.02 -41"><span class='ocrx_word' id='word_1_219' title='bbox 506 2875 688 2937; x_wconf 81' lang='lat' dir='ltr'><strong>patus,</strong></span> <span class='ocrx_word' id='word_1_220' title='bbox 715 2886 818 2925; x_wconf 91' lang='lat' dir='ltr'><strong>non</strong></span> <span class='ocrx_word' id='word_1_221' title='bbox 847 2874 1212 2945; x_wconf 82' lang='lat' dir='ltr'><strong>participans;</strong></span> <span class='ocrx_word' id='word_1_222' title='bbox 1243 2884 1547 2950; x_wconf 88' lang='lat' dir='ltr'><strong>perﬁciens,</strong></span> <span class='ocrx_word' id='word_1_223' title='bbox 1571 2904 1674 2942; x_wconf 92' lang='lat' dir='ltr'><strong>non</strong></span> <span class='ocrx_word' id='word_1_224' title='bbox 1702 2892 1996 2959; x_wconf 78' lang='lat' dir='ltr'><strong>perlectus.</strong></span> <span class='ocrx_word' id='word_1_225' title='bbox 2025 2894 2090 2951; x_wconf 85' lang='lat' dir='ltr'><strong>Et</strong></span> 
     </span>
    </p>
   </div>
   <div class='ocr_carea' id='block_1_32' title="bbox 505 2958 2079 3049">
    <p class='ocr_par' dir='ltr' id='par_1_32' title="bbox 505 2958 2079 3049">
     <span class='ocr_line' id='line_1_32' title="bbox 505 2958 2079 3049; baseline 0.02 -40"><span class='ocrx_word' id='word_1_226' title='bbox 505 2972 731 3026; x_wconf 83' lang='lat' dir='ltr'><strong>magnus</strong></span> <span class='ocrx_word' id='word_1_227' title='bbox 753 2958 1002 3031; x_wconf 60' lang='lat' dir='ltr'><strong>Basilius,</strong></span> <span class='ocrx_word' id='word_1_228' title='bbox 1039 2968 1089 3020; x_wconf 87' lang='lat' dir='ltr'><strong>in</strong></span> <span class='ocrx_word' id='word_1_229' title='bbox 1112 2968 1247 3025; x_wconf 81' lang='lat' dir='ltr'><strong>ilill‘O</strong></span> <span class='ocrx_word' id='word_1_230' title='bbox 1279 2974 1471 3040; x_wconf 88' lang='lat' dir='ltr'><strong>quinto</strong></span> <span class='ocrx_word' id='word_1_231' title='bbox 1498 2977 1564 3030; x_wconf 88' lang='lat' dir='ltr'><strong>ad</strong></span> <span class='ocrx_word' id='word_1_232' title='bbox 1590 2958 2026 3049; x_wconf 80' lang='lat' dir='ltr'><strong>Amphilochium</strong></span> <span class='ocrx_word' id='word_1_233' title='bbox 2064 3003 2079 3041; x_wconf 89' lang='lat'><strong>:</strong></span> 
     </span>
    </p>
   </div>
   <div class='ocr_carea' id='block_1_33' title="bbox 2194 515 3678 593">
    <p class='ocr_par' dir='ltr' id='par_1_33' title="bbox 2194 515 3678 593">
     <span class='ocr_line' id='line_1_33' title="bbox 2194 515 3678 593; baseline 0.008 -25"><span class='ocrx_word' id='word_1_234' title='bbox 2194 515 2598 573; x_wconf 79' lang='lat' dir='ltr'><strong>lirtnatnantnm</strong></span> <span class='ocrx_word' id='word_1_235' title='bbox 2675 522 2937 587; x_wconf 86' lang='lat' dir='ltr'><strong>omnium,</strong></span> <span class='ocrx_word' id='word_1_236' title='bbox 3017 524 3398 580; x_wconf 78' lang='lat' dir='ltr'><strong>fntniatnentttm</strong></span> <span class='ocrx_word' id='word_1_237' title='bbox 3459 532 3678 593; x_wconf 84' lang='lat' dir='ltr'><strong>omnium,</strong></span> 
     </span>
    </p>
   </div>
   <div class='ocr_carea' id='block_1_34' title="bbox 2191 613 3680 688">
    <p class='ocr_par' dir='ltr' id='par_1_34' title="bbox 2191 613 3680 688">
     <span class='ocr_line' id='line_1_34' title="bbox 2191 613 3680 688; baseline 0.009 -24"><span class='ocrx_word' id='word_1_238' title='bbox 2191 613 2511 681; x_wconf 88' lang='lat' dir='ltr'><strong>principium</strong></span> <span class='ocrx_word' id='word_1_239' title='bbox 2542 617 2804 682; x_wconf 88' lang='lat' dir='ltr'><strong>Omnium,</strong></span> <span class='ocrx_word' id='word_1_240' title='bbox 2848 633 2911 672; x_wconf 68' lang='lat' dir='ltr'><strong>et</strong></span> <span class='ocrx_word' id='word_1_241' title='bbox 2944 635 3052 686; x_wconf 90' lang='lat' dir='ltr'><strong>quo</strong></span> <span class='ocrx_word' id='word_1_242' title='bbox 3079 631 3289 675; x_wconf 86' lang='lat' dir='ltr'><strong>manant</strong></span> <span class='ocrx_word' id='word_1_243' title='bbox 3327 624 3509 688; x_wconf 81' lang='lat' dir='ltr'><strong>omnia,</strong></span> <span class='ocrx_word' id='word_1_244' title='bbox 3551 635 3596 677; x_wconf 86' lang='lat' dir='ltr'><strong>et</strong></span> <span class='ocrx_word' id='word_1_245' title='bbox 3638 629 3680 678; x_wconf 92' lang='lat' dir='ltr'><strong>in</strong></span> 
     </span>
    </p>
   </div>
   <div class='ocr_carea' id='block_1_35' title="bbox 2190 704 3681 779">
    <p class='ocr_par' dir='ltr' id='par_1_35' title="bbox 2190 704 3681 779">
     <span class='ocr_line' id='line_1_35' title="bbox 2190 704 3681 779; baseline 0.005 -22"><span class='ocrx_word' id='word_1_246' title='bbox 2190 704 2334 773; x_wconf 87' lang='lat' dir='ltr'><strong>quod</strong></span> <span class='ocrx_word' id='word_1_247' title='bbox 2374 716 2598 774; x_wconf 79' lang='lat' dir='ltr'><strong>vergunt</strong></span> <span class='ocrx_word' id='word_1_248' title='bbox 2630 708 2809 762; x_wconf 85' lang='lat' dir='ltr'><strong>omnia</strong></span> <span class='ocrx_word' id='word_1_249' title='bbox 2846 710 3203 779; x_wconf 89' lang='lat' dir='ltr'><strong>;principium</strong></span> <span class='ocrx_word' id='word_1_250' title='bbox 3242 723 3291 766; x_wconf 89' lang='lat' dir='ltr'><strong>et</strong></span> <span class='ocrx_word' id='word_1_251' title='bbox 3328 713 3456 776; x_wconf 87' lang='lat' dir='ltr'><strong>ﬁnis,</strong></span> <span class='ocrx_word' id='word_1_252' title='bbox 3485 732 3514 765; x_wconf 84' lang='grc' dir='ltr'>α</span> <span class='ocrx_word' id='word_1_253' title='bbox 3564 725 3681 777; x_wconf 79' lang='grc' dir='ltr'>ειω,</span> 
     </span>
    </p>
   </div>
   <div class='ocr_carea' id='block_1_36' title="bbox 2192 798 3691 881">
    <p class='ocr_par' dir='ltr' id='par_1_36' title="bbox 2192 798 3691 881">
     <span class='ocr_line' id='line_1_36' title="bbox 2192 798 3691 881; baseline 0.006 -30"><span class='ocrx_word' id='word_1_254' title='bbox 2192 806 2249 851; x_wconf 90' lang='grc' dir='ltr'>υι</span> <span class='ocrx_word' id='word_1_255' title='bbox 2274 798 2497 867; x_wconf 76' lang='lat' dir='ltr'><strong>pulchre</strong></span> <span class='ocrx_word' id='word_1_256' title='bbox 2524 799 2659 853; x_wconf 76' lang='lat' dir='ltr'><strong>dixit</strong></span> <span class='ocrx_word' id='word_1_257' title='bbox 2685 802 2774 870; x_wconf 88' lang='lat' dir='ltr'><strong>qtti</strong></span> <span class='ocrx_word' id='word_1_258' title='bbox 2832 802 3149 870; x_wconf 76' lang='lat' dir='ltr'><strong>theologiam</strong></span> <span class='ocrx_word' id='word_1_259' title='bbox 3174 804 3381 858; x_wconf 85' lang='lat' dir='ltr'><strong>tradens</strong></span> <span class='ocrx_word' id='word_1_260' title='bbox 3424 805 3691 881; x_wconf 72' lang='lat' dir='ltr'><strong>litt&#39;oiogltnt</strong></span> 
     </span>
    </p>
   </div>
   <div class='ocr_carea' id='block_1_37' title="bbox 2189 884 3689 967">
    <p class='ocr_par' dir='ltr' id='par_1_37' title="bbox 2189 884 3689 967">
     <span class='ocr_line' id='line_1_37' title="bbox 2189 884 3689 967; baseline 0.006 -24"><span class='ocrx_word' id='word_1_261' title='bbox 2189 890 2370 944; x_wconf 86' lang='lat' dir='ltr'><strong>docuit</strong></span> <span class='ocrx_word' id='word_1_262' title='bbox 2393 892 2477 958; x_wconf 79' lang='lat'><strong>&quot;;</strong></span> <span class='ocrx_word' id='word_1_263' title='bbox 2515 908 2680 947; x_wconf 81' lang='lat' dir='ltr'><strong>causa</strong></span> <span class='ocrx_word' id='word_1_264' title='bbox 2712 902 2767 947; x_wconf 93' lang='lat' dir='ltr'><strong>nt</strong></span> <span class='ocrx_word' id='word_1_265' title='bbox 2812 895 2917 948; x_wconf 88' lang='lat' dir='ltr'><strong>sint</strong></span> <span class='ocrx_word' id='word_1_266' title='bbox 2951 910 3012 948; x_wconf 83' lang='lat' dir='ltr'><strong>ea</strong></span> <span class='ocrx_word' id='word_1_267' title='bbox 3048 884 3165 962; x_wconf 67' lang='lat' dir='ltr'><strong>quae</strong></span> <span class='ocrx_word' id='word_1_268' title='bbox 3194 909 3343 962; x_wconf 87' lang='lat' dir='ltr'><strong>sunt;</strong></span> <span class='ocrx_word' id='word_1_269' title='bbox 3380 898 3462 965; x_wconf 91' lang='lat' dir='ltr'><strong>qui</strong></span> <span class='ocrx_word' id='word_1_270' title='bbox 3493 897 3549 951; x_wconf 85' lang='lat' dir='ltr'><strong>iis</strong></span> <span class='ocrx_word' id='word_1_271' title='bbox 3595 914 3689 967; x_wconf 71' lang='lat' dir='ltr'><strong>quae</strong></span> 
     </span>
    </p>
   </div>
   <div class='ocr_carea' id='block_1_38' title="bbox 2190 978 3774 1055">
    <p class='ocr_par' dir='ltr' id='par_1_38' title="bbox 2190 978 3774 1055">
     <span class='ocr_line' id='line_1_38' title="bbox 2190 978 3774 1055; baseline 0.007 -22"><span class='ocrx_word' id='word_1_272' title='bbox 2190 978 2427 1035; x_wconf 71' lang='lat' dir='ltr'><strong>nondum</strong></span> <span class='ocrx_word' id='word_1_273' title='bbox 2458 985 2751 1037; x_wconf 89' lang='lat' dir='ltr'><strong>constituta</strong></span> <span class='ocrx_word' id='word_1_274' title='bbox 2780 996 2959 1045; x_wconf 86' lang='lat' dir='ltr'><strong>erant,</strong></span> <span class='ocrx_word' id='word_1_275' title='bbox 3000 987 3351 1041; x_wconf 86' lang='lat' dir='ltr'><strong>substantiam</strong></span> <span class='ocrx_word' id='word_1_276' title='bbox 3399 989 3564 1051; x_wconf 86' lang='lat' dir='ltr'><strong>dedit;</strong></span> <span class='ocrx_word' id='word_1_277' title='bbox 3618 992 3688 1055; x_wconf 87' lang='lat' dir='ltr'><strong>qui</strong></span> <span class='ocrx_word' id='word_1_278' title='bbox 3767 985 3774 995; x_wconf 77' lang='grc'><em>’</em></span> 
     </span>
    </p>
   </div>
   <div class='ocr_carea' id='block_1_39' title="bbox 2188 1070 3693 1163">
    <p class='ocr_par' dir='ltr' id='par_1_39' title="bbox 2188 1070 3693 1163">
     <span class='ocr_line' id='line_1_39' title="bbox 2188 1070 3693 1163; baseline 0.005 -38"><span class='ocrx_word' id='word_1_279' title='bbox 2188 1070 2530 1139; x_wconf 88' lang='lat' dir='ltr'><strong>substantiis,</strong></span> <span class='ocrx_word' id='word_1_280' title='bbox 2572 1090 2708 1143; x_wconf 90' lang='lat' dir='ltr'><strong>quas</strong></span> <span class='ocrx_word' id='word_1_281' title='bbox 2739 1091 2803 1130; x_wconf 80' lang='lat' dir='ltr'><strong>ex</strong></span> <span class='ocrx_word' id='word_1_282' title='bbox 2835 1078 3004 1131; x_wconf 89' lang='lat' dir='ltr'><strong>nihilo</strong></span> <span class='ocrx_word' id='word_1_283' title='bbox 3033 1076 3178 1140; x_wconf 80' lang='lat' dir='ltr'><strong>fecit,</strong></span> <span class='ocrx_word' id='word_1_284' title='bbox 3210 1078 3435 1133; x_wconf 87' lang='lat' dir='ltr'><strong>ordinem</strong></span> <span class='ocrx_word' id='word_1_285' title='bbox 3489 1080 3693 1163; x_wconf 77' lang='lat' dir='ltr'><strong>adhibuit</strong></span> 
     </span>
    </p>
   </div>
   <div class='ocr_carea' id='block_1_40' title="bbox 2188 1165 3694 1236">
    <p class='ocr_par' dir='ltr' id='par_1_40' title="bbox 2188 1165 3694 1236">
     <span class='ocr_line' id='line_1_40' title="bbox 2188 1165 3694 1236; baseline 0.007 -21"><span class='ocrx_word' id='word_1_286' title='bbox 2188 1172 2243 1216; x_wconf 89' lang='lat' dir='ltr'><strong>et</strong></span> <span class='ocrx_word' id='word_1_287' title='bbox 2287 1172 2344 1217; x_wconf 93' lang='lat' dir='ltr'><strong>ut</strong></span> <span class='ocrx_word' id='word_1_288' title='bbox 2396 1165 2657 1219; x_wconf 86' lang='lat' dir='ltr'><strong>durarent</strong></span> <span class='ocrx_word' id='word_1_289' title='bbox 2714 1176 2768 1221; x_wconf 91' lang='lat' dir='ltr'><strong>et</strong></span> <span class='ocrx_word' id='word_1_290' title='bbox 2822 1179 3289 1233; x_wconf 84' lang='lat' dir='ltr'><strong>conservarentur,</strong></span> <span class='ocrx_word' id='word_1_291' title='bbox 3351 1170 3497 1236; x_wconf 79' lang='lat' dir='ltr'><strong>fecit;</strong></span> <span class='ocrx_word' id='word_1_292' title='bbox 3535 1184 3694 1226; x_wconf 83' lang='lat' dir='ltr'><strong>natura</strong></span> 
     </span>
    </p>
   </div>
   <div class='ocr_carea' id='block_1_41' title="bbox 2188 1256 3693 1331">
    <p class='ocr_par' dir='ltr' id='par_1_41' title="bbox 2188 1256 3693 1331">
     <span class='ocr_line' id='line_1_41' title="bbox 2188 1256 3693 1331; baseline 0.003 -21"><span class='ocrx_word' id='word_1_293' title='bbox 2188 1256 2453 1321; x_wconf 76' lang='lat' dir='ltr'><strong>creatrix,</strong></span> <span class='ocrx_word' id='word_1_294' title='bbox 2475 1267 2714 1323; x_wconf 82' lang='lat' dir='ltr'><strong>potestas</strong></span> <span class='ocrx_word' id='word_1_295' title='bbox 2737 1258 2840 1312; x_wconf 77' lang='lat' dir='ltr'><strong>vim</strong></span> <span class='ocrx_word' id='word_1_296' title='bbox 2866 1259 3123 1322; x_wconf 77' lang='lat' dir='ltr'><strong>faciendi,</strong></span> <span class='ocrx_word' id='word_1_297' title='bbox 3164 1260 3488 1327; x_wconf 87' lang='lat' dir='ltr'><strong>inspiciendi,</strong></span> <span class='ocrx_word' id='word_1_298' title='bbox 3513 1274 3560 1316; x_wconf 88' lang='lat' dir='ltr'><strong>et</strong></span> <span class='ocrx_word' id='word_1_299' title='bbox 3588 1279 3693 1331; x_wconf 88' lang='lat' dir='ltr'><strong>pro-</strong></span> 
     </span>
    </p>
   </div>
   <div class='ocr_carea' id='block_1_42' title="bbox 2189 1349 3688 1415">
    <p class='ocr_par' dir='ltr' id='par_1_42' title="bbox 2189 1349 3688 1415">
     <span class='ocr_line' id='line_1_42' title="bbox 2189 1349 3688 1415; baseline 0.003 -14"><span class='ocrx_word' id='word_1_300' title='bbox 2189 1349 2400 1401; x_wconf 80' lang='lat' dir='ltr'><strong>videndi</strong></span> <span class='ocrx_word' id='word_1_301' title='bbox 2432 1349 2634 1404; x_wconf 85' lang='lat' dir='ltr'><strong>habens</strong></span> <span class='ocrx_word' id='word_1_302' title='bbox 2670 1368 2685 1415; x_wconf 91' lang='lat'><strong>;</strong></span> <span class='ocrx_word' id='word_1_303' title='bbox 2720 1351 2829 1404; x_wconf 90' lang='lat' dir='ltr'><strong>vita</strong></span> <span class='ocrx_word' id='word_1_304' title='bbox 2861 1360 2916 1406; x_wconf 92' lang='lat' dir='ltr'><strong>et</strong></span> <span class='ocrx_word' id='word_1_305' title='bbox 2975 1352 3182 1415; x_wconf 85' lang='lat' dir='ltr'><strong>vivens,</strong></span> <span class='ocrx_word' id='word_1_306' title='bbox 3224 1350 3504 1406; x_wconf 83' lang='lat' dir='ltr'><strong>substantia</strong></span> <span class='ocrx_word' id='word_1_307' title='bbox 3552 1355 3688 1406; x_wconf 82' lang='lat' dir='ltr'><strong>vitam</strong></span> 
     </span>
    </p>
   </div>
   <div class='ocr_carea' id='block_1_43' title="bbox 2186 1441 3686 1512">
    <p class='ocr_par' dir='ltr' id='par_1_43' title="bbox 2186 1441 3686 1512">
     <span class='ocr_line' id='line_1_43' title="bbox 2186 1441 3686 1512; baseline 0.003 -22"><span class='ocrx_word' id='word_1_308' title='bbox 2186 1442 2431 1508; x_wconf 72' lang='lat' dir='ltr'><strong>praebens</strong></span> <span class='ocrx_word' id='word_1_309' title='bbox 2458 1458 2474 1504; x_wconf 87' lang='lat'><strong>;</strong></span> <span class='ocrx_word' id='word_1_310' title='bbox 2506 1452 2692 1494; x_wconf 88' lang='lat' dir='ltr'><strong>natura</strong></span> <span class='ocrx_word' id='word_1_311' title='bbox 2727 1441 2837 1495; x_wconf 85' lang='lat' dir='ltr'><strong>sola</strong></span> <span class='ocrx_word' id='word_1_312' title='bbox 2906 1444 3317 1512; x_wconf 87' lang='lat' dir='ltr'><strong>participabitis,</strong></span> <span class='ocrx_word' id='word_1_313' title='bbox 3370 1460 3481 1512; x_wconf 65' lang='lat' dir='ltr'><strong>quae</strong></span> <span class='ocrx_word' id='word_1_314' title='bbox 3538 1446 3686 1496; x_wconf 85' lang='lat' dir='ltr'><strong>omnia</strong></span> 
     </span>
    </p>
   </div>
   <div class='ocr_carea' id='block_1_44' title="bbox 2186 1529 3693 1601">
    <p class='ocr_par' dir='ltr' id='par_1_44' title="bbox 2186 1529 3693 1601">
     <span class='ocr_line' id='line_1_44' title="bbox 2186 1529 3693 1601; baseline 0.001 -18"><span class='ocrx_word' id='word_1_315' title='bbox 2186 1529 2346 1595; x_wconf 80' lang='lat' dir='ltr'><strong>capit,</strong></span> <span class='ocrx_word' id='word_1_316' title='bbox 2366 1540 2419 1584; x_wconf 90' lang='lat' dir='ltr'><strong>et</strong></span> <span class='ocrx_word' id='word_1_317' title='bbox 2442 1546 2470 1584; x_wconf 81' lang='lat' dir='ltr'><strong>a</strong></span> <span class='ocrx_word' id='word_1_318' title='bbox 2495 1531 2637 1585; x_wconf 91' lang='lat' dir='ltr'><strong>nullo</strong></span> <span class='ocrx_word' id='word_1_319' title='bbox 2661 1532 2871 1601; x_wconf 83' lang='lat' dir='ltr'><strong>capitur</strong></span> <span class='ocrx_word' id='word_1_320' title='bbox 2894 1550 2908 1598; x_wconf 90' lang='lat'><strong>;</strong></span> <span class='ocrx_word' id='word_1_321' title='bbox 2932 1541 2983 1586; x_wconf 90' lang='lat' dir='ltr'><strong>et</strong></span> <span class='ocrx_word' id='word_1_322' title='bbox 3001 1531 3126 1600; x_wconf 87' lang='lat' dir='ltr'><strong>quid</strong></span> <span class='ocrx_word' id='word_1_323' title='bbox 3152 1542 3319 1601; x_wconf 88' lang='lat' dir='ltr'><strong>potest</strong></span> <span class='ocrx_word' id='word_1_324' title='bbox 3336 1532 3575 1600; x_wconf 87' lang='lat' dir='ltr'><strong>quispiam</strong></span> <span class='ocrx_word' id='word_1_325' title='bbox 3594 1547 3693 1586; x_wconf 83' lang='lat' dir='ltr'><strong>cum</strong></span> 
     </span>
    </p>
   </div>
   <div class='ocr_carea' id='block_1_45' title="bbox 2187 1617 3699 1693">
    <p class='ocr_par' dir='ltr' id='par_1_45' title="bbox 2187 1617 3699 1693">
     <span class='ocr_line' id='line_1_45' title="bbox 2187 1617 3699 1693; baseline 0.001 -22"><span class='ocrx_word' id='word_1_326' title='bbox 2187 1617 2401 1673; x_wconf 83' lang='lat' dir='ltr'><strong>inﬁnita</strong></span> <span class='ocrx_word' id='word_1_327' title='bbox 2424 1620 2728 1684; x_wconf 83' lang='lat' dir='ltr'><strong>tentaverit,</strong></span> <span class='ocrx_word' id='word_1_328' title='bbox 2761 1625 2825 1676; x_wconf 86' lang='lat' dir='ltr'><strong>de</strong></span> <span class='ocrx_word' id='word_1_329' title='bbox 2871 1638 2935 1677; x_wconf 88' lang='lat' dir='ltr'><strong>eo</strong></span> <span class='ocrx_word' id='word_1_330' title='bbox 2970 1621 3169 1685; x_wconf 89' lang='lat' dir='ltr'><strong>dicere,</strong></span> <span class='ocrx_word' id='word_1_331' title='bbox 3200 1624 3286 1693; x_wconf 89' lang='lat' dir='ltr'><strong>qtti</strong></span> <span class='ocrx_word' id='word_1_332' title='bbox 3320 1638 3418 1677; x_wconf 88' lang='lat' dir='ltr'><strong>non</strong></span> <span class='ocrx_word' id='word_1_333' title='bbox 3447 1632 3600 1692; x_wconf 77' lang='lat' dir='ltr'><strong>potest</strong></span> <span class='ocrx_word' id='word_1_334' title='bbox 3626 1638 3699 1674; x_wconf 78' lang='lat' dir='ltr'><strong>ex-</strong></span> 
     </span>
    </p>
   </div>
   <div class='ocr_carea' id='block_1_46' title="bbox 2121 1710 3694 1806">
    <p class='ocr_par' dir='ltr' id='par_1_46' title="bbox 2121 1710 3694 1806">
     <span class='ocr_line' id='line_1_46' title="bbox 2121 1710 3694 1806; baseline 0 -42"><span class='ocrx_word' id='word_1_335' title='bbox 2121 1752 2157 1806; x_wconf 61' lang='lat' dir='ltr'><strong>n</strong></span> <span class='ocrx_word' id='word_1_336' title='bbox 2190 1710 2392 1779; x_wconf 60' lang='lat' dir='ltr'><strong>primi}</strong></span> <span class='ocrx_word' id='word_1_337' title='bbox 2442 1711 2593 1777; x_wconf 90' lang='lat' dir='ltr'><strong>Quod</strong></span> <span class='ocrx_word' id='word_1_338' title='bbox 2627 1714 2770 1767; x_wconf 88' lang='lat' dir='ltr'><strong>enim</strong></span> <span class='ocrx_word' id='word_1_339' title='bbox 2822 1715 2992 1769; x_wconf 87' lang='lat' dir='ltr'><strong>semel</strong></span> <span class='ocrx_word' id='word_1_340' title='bbox 3052 1714 3159 1770; x_wconf 89' lang='lat' dir='ltr'><strong>dici</strong></span> <span class='ocrx_word' id='word_1_341' title='bbox 3238 1731 3337 1768; x_wconf 93' lang='lat' dir='ltr'><strong>non</strong></span> <span class='ocrx_word' id='word_1_342' title='bbox 3386 1722 3561 1783; x_wconf 85' lang='lat' dir='ltr'><strong>potest,</strong></span> <span class='ocrx_word' id='word_1_343' title='bbox 3612 1728 3694 1765; x_wconf 90' lang='lat' dir='ltr'><strong>non</strong></span> 
     </span>
    </p>
   </div>
   <div class='ocr_carea' id='block_1_47' title="bbox 2188 1800 3698 1873">
    <p class='ocr_par' dir='ltr' id='par_1_47' title="bbox 2188 1800 3698 1873">
     <span class='ocr_line' id='line_1_47' title="bbox 2188 1800 3698 1873; baseline 0.003 -18"><span class='ocrx_word' id='word_1_344' title='bbox 2188 1800 2550 1868; x_wconf 79' lang='lat' dir='ltr'><strong>explicabitur</strong></span> <span class='ocrx_word' id='word_1_345' title='bbox 2579 1822 2592 1857; x_wconf 93' lang='lat'>:</span> <span class='ocrx_word' id='word_1_346' title='bbox 2623 1812 2677 1857; x_wconf 89' lang='lat' dir='ltr'><strong>et</strong></span> <span class='ocrx_word' id='word_1_347' title='bbox 2707 1807 2851 1873; x_wconf 88' lang='lat' dir='ltr'><strong>quod</strong></span> <span class='ocrx_word' id='word_1_348' title='bbox 2882 1818 2959 1860; x_wconf 89' lang='lat' dir='ltr'><strong>est</strong></span> <span class='ocrx_word' id='word_1_349' title='bbox 2988 1807 3129 1861; x_wconf 88' lang='lat' dir='ltr'><strong>ultra</strong></span> <span class='ocrx_word' id='word_1_350' title='bbox 3173 1807 3520 1872; x_wconf 84' lang='lat' dir='ltr'><strong>omnia,nulla</strong></span> <span class='ocrx_word' id='word_1_351' title='bbox 3574 1822 3698 1860; x_wconf 85' lang='lat' dir='ltr'><strong>tuens</strong></span> 
     </span>
    </p>
   </div>
   <div class='ocr_carea' id='block_1_48' title="bbox 2187 1894 3700 1962">
    <p class='ocr_par' dir='ltr' id='par_1_48' title="bbox 2187 1894 3700 1962">
     <span class='ocr_line' id='line_1_48' title="bbox 2187 1894 3700 1962; baseline 0.001 -17"><span class='ocrx_word' id='word_1_352' title='bbox 2187 1894 2631 1961; x_wconf 78' lang='lat' dir='ltr'><strong>corttprehettdet,</strong></span> <span class='ocrx_word' id='word_1_353' title='bbox 2660 1896 2761 1949; x_wconf 83' lang='lat' dir='ltr'><strong>etsi</strong></span> <span class='ocrx_word' id='word_1_354' title='bbox 2811 1897 3048 1950; x_wconf 81' lang='lat' dir='ltr'><strong>Omnium</strong></span> <span class='ocrx_word' id='word_1_355' title='bbox 3076 1898 3145 1949; x_wconf 92' lang='lat' dir='ltr'><strong>sit</strong></span> <span class='ocrx_word' id='word_1_356' title='bbox 3189 1898 3516 1951; x_wconf 72' lang='lat' dir='ltr'><strong>subtilissima</strong></span> <span class='ocrx_word' id='word_1_357' title='bbox 3547 1898 3601 1948; x_wconf 90' lang='lat' dir='ltr'><strong>ad</strong></span> <span class='ocrx_word' id='word_1_358' title='bbox 3626 1912 3700 1962; x_wconf 78' lang='lat' dir='ltr'><strong>pe-</strong></span> 
     </span>
    </p>
   </div>
   <div class='ocr_carea' id='block_1_49' title="bbox 2190 1986 3704 2061">
    <p class='ocr_par' dir='ltr' id='par_1_49' title="bbox 2190 1986 3704 2061">
     <span class='ocr_line' id='line_1_49' title="bbox 2190 1986 3704 2061; baseline 0.001 -23"><span class='ocrx_word' id='word_1_359' title='bbox 2190 1986 2531 2042; x_wconf 87' lang='lat' dir='ltr'><strong>netrandum.</strong></span> <span class='ocrx_word' id='word_1_360' title='bbox 2563 1988 2675 2040; x_wconf 85' lang='lat' dir='ltr'><strong>luto</strong></span> <span class='ocrx_word' id='word_1_361' title='bbox 2696 1999 2749 2043; x_wconf 88' lang='lat' dir='ltr'><strong>et</strong></span> <span class='ocrx_word' id='word_1_362' title='bbox 2792 2006 3021 2058; x_wconf 78' lang='lat' dir='ltr'><strong>magnus</strong></span> <span class='ocrx_word' id='word_1_363' title='bbox 3051 1991 3335 2061; x_wconf 67' lang='lat' dir='ltr'><strong>Dionysius</strong></span> <span class='ocrx_word' id='word_1_364' title='bbox 3363 1991 3524 2058; x_wconf 82' lang='lat' dir='ltr'><strong>capite</strong></span> <span class='ocrx_word' id='word_1_365' title='bbox 3569 2005 3704 2055; x_wconf 82' lang='lat' dir='ltr'><strong>quar-</strong></span> 
     </span>
    </p>
   </div>
   <div class='ocr_carea' id='block_1_50' title="bbox 2192 2076 3701 2156">
    <p class='ocr_par' dir='ltr' id='par_1_50' title="bbox 2192 2076 3701 2156">
     <span class='ocr_line' id='line_1_50' title="bbox 2192 2076 3701 2156; baseline 0.001 -26"><span class='ocrx_word' id='word_1_366' title='bbox 2192 2089 2243 2131; x_wconf 90' lang='lat' dir='ltr'><strong>to</strong></span> <span class='ocrx_word' id='word_1_367' title='bbox 2275 2076 2503 2133; x_wconf 75' lang='lat' dir='ltr'><strong>Caelestis</strong></span> <span class='ocrx_word' id='word_1_368' title='bbox 2534 2080 2885 2135; x_wconf 71' lang='lat' dir='ltr'><strong>hieran/tite:</strong></span> <span class='ocrx_word' id='word_1_369' title='bbox 2916 2080 3157 2156; x_wconf 83' lang='lat' dir='ltr'><strong>Primum</strong></span> <span class='ocrx_word' id='word_1_370' title='bbox 3200 2098 3323 2136; x_wconf 83' lang='lat' dir='ltr'><strong>vero</strong></span> <span class='ocrx_word' id='word_1_371' title='bbox 3350 2085 3568 2135; x_wconf 81' lang='lat' dir='ltr'><strong>omnium</strong></span> <span class='ocrx_word' id='word_1_372' title='bbox 3601 2080 3701 2133; x_wconf 86' lang='lat' dir='ltr'><strong>illud</strong></span> 
     </span>
    </p>
   </div>
   <div class='ocr_carea' id='block_1_51' title="bbox 2192 2172 3703 2243">
    <p class='ocr_par' dir='ltr' id='par_1_51' title="bbox 2192 2172 3703 2243">
     <span class='ocr_line' id='line_1_51' title="bbox 2192 2172 3703 2243; baseline 0.001 -21"><span class='ocrx_word' id='word_1_373' title='bbox 2192 2186 2316 2223; x_wconf 75' lang='lat' dir='ltr'><strong>tere</strong></span> <span class='ocrx_word' id='word_1_374' title='bbox 2349 2172 2632 2225; x_wconf 83' lang='lat' dir='ltr'><strong>dicendum</strong></span> <span class='ocrx_word' id='word_1_375' title='bbox 2666 2182 2768 2237; x_wconf 89' lang='lat' dir='ltr'><strong>est,</strong></span> <span class='ocrx_word' id='word_1_376' title='bbox 2823 2175 2963 2241; x_wconf 85' lang='lat' dir='ltr'><strong>quod</strong></span> <span class='ocrx_word' id='word_1_377' title='bbox 2998 2174 3398 2243; x_wconf 73' lang='lat' dir='ltr'><strong>divinitasqua:</strong></span> <span class='ocrx_word' id='word_1_378' title='bbox 3431 2188 3577 2241; x_wconf 85' lang='lat' dir='ltr'><strong>supra</strong></span> <span class='ocrx_word' id='word_1_379' title='bbox 3598 2174 3703 2225; x_wconf 81' lang='lat' dir='ltr'><strong>sub-</strong></span> 
     </span>
    </p>
   </div>
   <div class='ocr_carea' id='block_1_52' title="bbox 2188 2263 3704 2327">
    <p class='ocr_par' dir='ltr' id='par_1_52' title="bbox 2188 2263 3704 2327">
     <span class='ocr_line' id='line_1_52' title="bbox 2188 2263 3704 2327; baseline -0.003 -10"><span class='ocrx_word' id='word_1_380' title='bbox 2188 2263 2443 2317; x_wconf 76' lang='lat' dir='ltr'><strong>stantiam</strong></span> <span class='ocrx_word' id='word_1_381' title='bbox 2481 2265 2846 2326; x_wconf 86' lang='lat' dir='ltr'><strong>est,bonitate</strong></span> <span class='ocrx_word' id='word_1_382' title='bbox 2883 2281 2978 2318; x_wconf 91' lang='lat' dir='ltr'><strong>sua</strong></span> <span class='ocrx_word' id='word_1_383' title='bbox 3034 2266 3365 2320; x_wconf 79' lang='lat' dir='ltr'><strong>Substantias</strong></span> <span class='ocrx_word' id='word_1_384' title='bbox 3399 2280 3566 2319; x_wconf 86' lang='lat' dir='ltr'><strong>eorum</strong></span> <span class='ocrx_word' id='word_1_385' title='bbox 3607 2277 3704 2327; x_wconf 69' lang='lat' dir='ltr'><strong>qm:</strong></span> 
     </span>
    </p>
   </div>
   <div class='ocr_carea' id='block_1_53' title="bbox 2188 2352 3702 2419">
    <p class='ocr_par' dir='ltr' id='par_1_53' title="bbox 2188 2352 3702 2419">
     <span class='ocr_line' id='line_1_53' title="bbox 2188 2352 3702 2419; baseline -0.002 -15"><span class='ocrx_word' id='word_1_386' title='bbox 2188 2361 2338 2415; x_wconf 88' lang='lat' dir='ltr'><strong>sunt,</strong></span> <span class='ocrx_word' id='word_1_387' title='bbox 2378 2352 2649 2419; x_wconf 78' lang='lat' dir='ltr'><strong>produxit.</strong></span> <span class='ocrx_word' id='word_1_388' title='bbox 2698 2363 2751 2405; x_wconf 87' lang='lat' dir='ltr'><strong>et</strong></span> <span class='ocrx_word' id='word_1_389' title='bbox 2781 2352 2906 2406; x_wconf 78' lang='lat' dir='ltr'><strong>fecit</strong></span> <span class='ocrx_word' id='word_1_390' title='bbox 2939 2364 2997 2406; x_wconf 90' lang='lat' dir='ltr'><strong>ut</strong></span> <span class='ocrx_word' id='word_1_391' title='bbox 3040 2355 3393 2417; x_wconf 75' lang='lat' dir='ltr'><strong>exsisterent;</strong></span> <span class='ocrx_word' id='word_1_392' title='bbox 3453 2354 3544 2406; x_wconf 87' lang='lat' dir='ltr'><strong>hoc</strong></span> <span class='ocrx_word' id='word_1_393' title='bbox 3588 2352 3702 2403; x_wconf 77' lang='lat' dir='ltr'><strong>cuitu</strong></span> 
     </span>
    </p>
   </div>
   <div class='ocr_carea' id='block_1_54' title="bbox 2190 2444 3704 2539">
    <p class='ocr_par' dir='ltr' id='par_1_54' title="bbox 2190 2444 3704 2539">
     <span class='ocr_line' id='line_1_54' title="bbox 2190 2444 3704 2539; baseline -0.003 -43"><span class='ocrx_word' id='word_1_394' title='bbox 2190 2445 2464 2513; x_wconf 83' lang='lat' dir='ltr'><strong>proprium</strong></span> <span class='ocrx_word' id='word_1_395' title='bbox 2491 2454 2574 2496; x_wconf 82' lang='lat' dir='ltr'><strong>est</strong></span> <span class='ocrx_word' id='word_1_396' title='bbox 2607 2444 2883 2506; x_wconf 85' lang='lat' dir='ltr'><strong>bonitatis,</strong></span> <span class='ocrx_word' id='word_1_397' title='bbox 2918 2460 3036 2510; x_wconf 76' lang='lat' dir='ltr'><strong>quze</strong></span> <span class='ocrx_word' id='word_1_398' title='bbox 3066 2460 3233 2498; x_wconf 88' lang='lat' dir='ltr'><strong>causa</strong></span> <span class='ocrx_word' id='word_1_399' title='bbox 3268 2445 3499 2497; x_wconf 82' lang='lat' dir='ltr'><strong>Omnium</strong></span> <span class='ocrx_word' id='word_1_400' title='bbox 3527 2448 3617 2498; x_wconf 80' lang='lat' dir='ltr'><strong>est,</strong></span> <span class='ocrx_word' id='word_1_401' title='bbox 3646 2447 3704 2539; x_wconf 23' lang='grc' dir='ltr'>ἐι</span> 
     </span>
    </p>
   </div>
   <div class='ocr_carea' id='block_1_55' title="bbox 2190 2536 3705 2603">
    <p class='ocr_par' dir='ltr' id='par_1_55' title="bbox 2190 2536 3705 2603">
     <span class='ocr_line' id='line_1_55' title="bbox 2190 2536 3705 2603; baseline -0.001 -14"><span class='ocrx_word' id='word_1_402' title='bbox 2190 2551 2353 2603; x_wconf 86' lang='lat' dir='ltr'><strong>supra</strong></span> <span class='ocrx_word' id='word_1_403' title='bbox 2386 2536 2564 2589; x_wconf 89' lang='lat' dir='ltr'><strong>omnia</strong></span> <span class='ocrx_word' id='word_1_404' title='bbox 2594 2544 2696 2601; x_wconf 89' lang='lat' dir='ltr'><strong>est,</strong></span> <span class='ocrx_word' id='word_1_405' title='bbox 2730 2550 2922 2590; x_wconf 70' lang='lat' dir='ltr'><strong>vocare</strong></span> <span class='ocrx_word' id='word_1_406' title='bbox 2950 2537 3206 2590; x_wconf 83' lang='lat' dir='ltr'><strong>universa</strong></span> <span class='ocrx_word' id='word_1_407' title='bbox 3237 2536 3299 2590; x_wconf 88' lang='lat' dir='ltr'><strong>ad</strong></span> <span class='ocrx_word' id='word_1_408' title='bbox 3319 2536 3398 2588; x_wconf 91' lang='lat' dir='ltr'><strong>sui</strong></span> <span class='ocrx_word' id='word_1_409' title='bbox 3424 2536 3705 2587; x_wconf 76' lang='lat' dir='ltr'><strong>communio-</strong></span> 
     </span>
    </p>
   </div>
   <div class='ocr_carea' id='block_1_56' title="bbox 2191 2626 3707 2697">
    <p class='ocr_par' dir='ltr' id='par_1_56' title="bbox 2191 2626 3707 2697">
     <span class='ocr_line' id='line_1_56' title="bbox 2191 2626 3707 2697; baseline -0.007 -14"><span class='ocrx_word' id='word_1_410' title='bbox 2191 2645 2335 2695; x_wconf 90' lang='lat' dir='ltr'><strong>nem,</strong></span> <span class='ocrx_word' id='word_1_411' title='bbox 2375 2638 2435 2683; x_wconf 88' lang='lat' dir='ltr'><strong>ut</strong></span> <span class='ocrx_word' id='word_1_412' title='bbox 2458 2629 2751 2697; x_wconf 84' lang='lat' dir='ltr'><strong>unicuique</strong></span> <span class='ocrx_word' id='word_1_413' title='bbox 2776 2644 2962 2684; x_wconf 86' lang='lat' dir='ltr'><strong>eorum</strong></span> <span class='ocrx_word' id='word_1_414' title='bbox 2988 2645 3107 2697; x_wconf 72' lang='lat' dir='ltr'><strong>qua:</strong></span> <span class='ocrx_word' id='word_1_415' title='bbox 3136 2638 3283 2693; x_wconf 90' lang='lat' dir='ltr'><strong>sunt,</strong></span> <span class='ocrx_word' id='word_1_416' title='bbox 3320 2645 3349 2682; x_wconf 88' lang='lat' dir='ltr'><strong>a</strong></span> <span class='ocrx_word' id='word_1_417' title='bbox 3376 2626 3575 2697; x_wconf 87' lang='lat' dir='ltr'><strong>propria</strong></span> <span class='ocrx_word' id='word_1_418' title='bbox 3600 2637 3707 2677; x_wconf 83' lang='lat' dir='ltr'><strong>con-</strong></span> 
     </span>
    </p>
   </div>
   <div class='ocr_carea' id='block_1_57' title="bbox 2190 2719 3704 2787">
    <p class='ocr_par' dir='ltr' id='par_1_57' title="bbox 2190 2719 3704 2787">
     <span class='ocr_line' id='line_1_57' title="bbox 2190 2719 3704 2787; baseline -0.005 -14"><span class='ocrx_word' id='word_1_419' title='bbox 2190 2720 2461 2776; x_wconf 79' lang='lat' dir='ltr'><strong>venientia</strong></span> <span class='ocrx_word' id='word_1_420' title='bbox 2496 2719 2775 2774; x_wconf 89' lang='lat' dir='ltr'><strong>deﬁnitum</strong></span> <span class='ocrx_word' id='word_1_421' title='bbox 2810 2731 2913 2773; x_wconf 81' lang='lat' dir='ltr'><strong>est.</strong></span> <span class='ocrx_word' id='word_1_422' title='bbox 2968 2719 3178 2775; x_wconf 89' lang='lat' dir='ltr'><strong>Cuncta</strong></span> <span class='ocrx_word' id='word_1_423' title='bbox 3230 2720 3390 2787; x_wconf 76' lang='lat' dir='ltr'><strong>igitur</strong></span> <span class='ocrx_word' id='word_1_424' title='bbox 3432 2730 3540 2785; x_wconf 69' lang='lat' dir='ltr'><strong>qua:</strong></span> <span class='ocrx_word' id='word_1_425' title='bbox 3584 2721 3704 2775; x_wconf 84' lang='lat' dir='ltr'><strong>sunt,</strong></span> 
     </span>
    </p>
   </div>
   <div class='ocr_carea' id='block_1_58' title="bbox 2191 2803 3706 2883">
    <p class='ocr_par' dir='ltr' id='par_1_58' title="bbox 2191 2803 3706 2883">
     <span class='ocr_line' id='line_1_58' title="bbox 2191 2803 3706 2883; baseline -0.007 -20"><span class='ocrx_word' id='word_1_426' title='bbox 2191 2810 2932 2883; x_wconf 87' lang='lat' dir='ltr'><strong>participantprovidentiam</strong></span> <span class='ocrx_word' id='word_1_427' title='bbox 2967 2826 3031 2864; x_wconf 78' lang='lat' dir='ltr'><strong>ex</strong></span> <span class='ocrx_word' id='word_1_428' title='bbox 3085 2811 3370 2865; x_wconf 80' lang='lat' dir='ltr'><strong>divinitate</strong></span> <span class='ocrx_word' id='word_1_429' title='bbox 3421 2821 3566 2875; x_wconf 83' lang='lat' dir='ltr'><strong>supra</strong></span> <span class='ocrx_word' id='word_1_430' title='bbox 3606 2803 3706 2855; x_wconf 82' lang='lat' dir='ltr'><strong>sub-</strong></span> 
     </span>
    </p>
   </div>
   <div class='ocr_carea' id='block_1_59' title="bbox 2191 2902 3704 2968">
    <p class='ocr_par' dir='ltr' id='par_1_59' title="bbox 2191 2902 3704 2968">
     <span class='ocr_line' id='line_1_59' title="bbox 2191 2902 3704 2968; baseline 0.005 -12"><span class='ocrx_word' id='word_1_431' title='bbox 2191 2902 2473 2968; x_wconf 82' lang='lat' dir='ltr'><strong>stantiam,</strong></span> <span class='ocrx_word' id='word_1_432' title='bbox 2542 2912 2595 2956; x_wconf 84' lang='lat' dir='ltr'><strong>et</strong></span> <span class='ocrx_word' id='word_1_433' title='bbox 2641 2903 2880 2957; x_wconf 72' lang='lat' dir='ltr'><strong>Omnium</strong></span> <span class='ocrx_word' id='word_1_434' title='bbox 2928 2903 3207 2958; x_wconf 58' lang='lat' dir='ltr'><strong>eﬂeCtrii-e</strong></span> <span class='ocrx_word' id='word_1_435' title='bbox 3263 2909 3580 2961; x_wconf 74' lang='lat' dir='ltr'><strong>manantem;</strong></span> <span class='ocrx_word' id='word_1_436' title='bbox 3621 2908 3704 2946; x_wconf 74' lang='lat'><strong>“0&quot;</strong></span> 
     </span>
    </p>
   </div>
   <div class='ocr_carea' id='block_1_60' title="bbox 2190 2992 3706 3061">
    <p class='ocr_par' dir='ltr' id='par_1_60' title="bbox 2190 2992 3706 3061">
     <span class='ocr_line' id='line_1_60' title="bbox 2190 2992 3706 3061; baseline -0.008 -13"><span class='ocrx_word' id='word_1_437' title='bbox 2190 2996 2336 3048; x_wconf 84' lang='lat' dir='ltr'><strong>enim</strong></span> <span class='ocrx_word' id='word_1_438' title='bbox 2364 3006 2572 3061; x_wconf 85' lang='lat' dir='ltr'><strong>essent,</strong></span> <span class='ocrx_word' id='word_1_439' title='bbox 2606 2996 2705 3047; x_wconf 85' lang='lat' dir='ltr'><strong>nisi</strong></span> <span class='ocrx_word' id='word_1_440' title='bbox 2731 2995 3096 3050; x_wconf 81' lang='lat' dir='ltr'><strong>substantiam</strong></span> <span class='ocrx_word' id='word_1_441' title='bbox 3134 3004 3189 3047; x_wconf 89' lang='lat' dir='ltr'><strong>et</strong></span> <span class='ocrx_word' id='word_1_442' title='bbox 3246 2992 3569 3061; x_wconf 85' lang='lat' dir='ltr'><strong>participium</strong></span> <span class='ocrx_word' id='word_1_443' title='bbox 3610 3001 3706 3037; x_wconf 90' lang='lat' dir='ltr'><strong>om-</strong></span> 
     </span>
    </p>
   </div>
   <div class='ocr_carea' id='block_1_61' title="bbox 504 3048 2079 3156">
    <p class='ocr_par' dir='ltr' id='par_1_61' title="bbox 504 3048 2079 3145">
     <span class='ocr_line' id='line_1_61' title="bbox 504 3048 2079 3145; baseline 0.019 -43"><span class='ocrx_word' id='word_1_444' title='bbox 504 3048 707 3106; x_wconf 75' lang='lat' dir='ltr'><strong>Natura</strong></span> <span class='ocrx_word' id='word_1_445' title='bbox 734 3053 1066 3123; x_wconf 78' lang='lat' dir='ltr'><strong>inaccessas,</strong></span> <span class='ocrx_word' id='word_1_446' title='bbox 1093 3077 1259 3131; x_wconf 79' lang='lat' dir='ltr'><strong>capax</strong></span> <span class='ocrx_word' id='word_1_447' title='bbox 1287 3076 1504 3138; x_wconf 84' lang='lat' dir='ltr'><strong>propter</strong></span> <span class='ocrx_word' id='word_1_448' title='bbox 1524 3069 1841 3137; x_wconf 88' lang='lat' dir='ltr'><strong>bonitatem,</strong></span> <span class='ocrx_word' id='word_1_449' title='bbox 1864 3076 2079 3145; x_wconf 71' lang='lat' dir='ltr'><strong>implent</strong></span> 
     </span>
    </p>
   </div>
   <div class='ocr_carea' id='block_1_62' title="bbox 2183 3048 3707 3156">
    <p class='ocr_par' dir='ltr' id='par_1_62' title="bbox 2195 3048 3707 3156">
     <span class='ocr_line' id='line_1_62' title="bbox 2195 3048 3707 3156; baseline -0.003 -17"><span class='ocrx_word' id='word_1_450' title='bbox 2195 3086 2340 3140; x_wconf 85' lang='lat' dir='ltr'><strong>niutn</strong></span> <span class='ocrx_word' id='word_1_451' title='bbox 2364 3048 2800 3155; x_wconf 78' lang='lat' dir='ltr'><strong>participassent.</strong></span> <span class='ocrx_word' id='word_1_452' title='bbox 2818 3085 3009 3141; x_wconf 84' lang='lat' dir='ltr'><strong>Omnia</strong></span> <span class='ocrx_word' id='word_1_453' title='bbox 3039 3087 3206 3156; x_wconf 80' lang='lat' dir='ltr'><strong>igitur</strong></span> <span class='ocrx_word' id='word_1_454' title='bbox 3246 3084 3526 3140; x_wconf 87' lang='lat' dir='ltr'><strong>inanimata</strong></span> <span class='ocrx_word' id='word_1_455' title='bbox 3545 3081 3707 3145; x_wconf 60' lang='lat' dir='ltr'><strong>cuipso</strong></span> 
     </span>
    </p>
   </div>
   <div class='ocr_carea' id='block_1_63' title="bbox 499 3142 2087 3234">
    <p class='ocr_par' dir='ltr' id='par_1_63' title="bbox 499 3142 2087 3234">
     <span class='ocr_line' id='line_1_63' title="bbox 499 3142 2087 3234; baseline 0.019 -41"><span class='ocrx_word' id='word_1_456' title='bbox 499 3142 678 3196; x_wconf 88' lang='lat' dir='ltr'><strong>omnia</strong></span> <span class='ocrx_word' id='word_1_457' title='bbox 696 3155 980 3213; x_wconf 85' lang='lat' dir='ltr'><strong>potestate,</strong></span> <span class='ocrx_word' id='word_1_458' title='bbox 1010 3153 1077 3205; x_wconf 85' lang='lat' dir='ltr'><strong>ab</strong></span> <span class='ocrx_word' id='word_1_459' title='bbox 1098 3153 1162 3207; x_wconf 90' lang='lat' dir='ltr'><strong>iis</strong></span> <span class='ocrx_word' id='word_1_460' title='bbox 1192 3155 1400 3211; x_wconf 81' lang='lat' dir='ltr'><strong>tantum</strong></span> <span class='ocrx_word' id='word_1_461' title='bbox 1431 3162 1520 3230; x_wconf 89' lang='lat' dir='ltr'><strong>qui</strong></span> <span class='ocrx_word' id='word_1_462' title='bbox 1548 3162 1693 3230; x_wconf 79' lang='lat' dir='ltr'><strong>digni</strong></span> <span class='ocrx_word' id='word_1_463' title='bbox 1727 3176 1852 3218; x_wconf 88' lang='lat' dir='ltr'><strong>sunt</strong></span> <span class='ocrx_word' id='word_1_464' title='bbox 1875 3206 1889 3231; x_wconf 91' lang='lat'><strong>,</strong></span> <span class='ocrx_word' id='word_1_465' title='bbox 1921 3142 2087 3234; x_wconf 80' lang='lat' dir='ltr'><strong>parti-</strong></span> 
     </span>
    </p>
   </div>
   <div class='ocr_carea' id='block_1_64' title="bbox 500 3234 2085 3321">
    <p class='ocr_par' dir='ltr' id='par_1_64' title="bbox 500 3234 2085 3321">
     <span class='ocr_line' id='line_1_64' title="bbox 500 3234 2085 3321; baseline 0.018 -35"><span class='ocrx_word' id='word_1_466' title='bbox 500 3234 767 3302; x_wconf 77' lang='lat' dir='ltr'><strong>tzipabilis.</strong></span> <span class='ocrx_word' id='word_1_467' title='bbox 797 3240 857 3291; x_wconf 84' lang='lat' dir='ltr'><strong>Et</strong></span> <span class='ocrx_word' id='word_1_468' title='bbox 888 3257 1113 3311; x_wconf 80' lang='lat' dir='ltr'><strong>magnus</strong></span> <span class='ocrx_word' id='word_1_469' title='bbox 1137 3247 1487 3317; x_wconf 81' lang='lat' dir='ltr'><strong>Athanasius,</strong></span> <span class='ocrx_word' id='word_1_470' title='bbox 1513 3253 1563 3305; x_wconf 91' lang='lat' dir='ltr'><strong>in</strong></span> <span class='ocrx_word' id='word_1_471' title='bbox 1588 3255 1813 3321; x_wconf 78' lang='lat' dir='ltr'><strong>cpistola</strong></span> <span class='ocrx_word' id='word_1_472' title='bbox 1834 3260 1898 3310; x_wconf 88' lang='lat' dir='ltr'><strong>ad</strong></span> <span class='ocrx_word' id='word_1_473' title='bbox 1928 3257 2085 3313; x_wconf 84' lang='lat' dir='ltr'><strong>Sera-</strong></span> 
     </span>
    </p>
   </div>
   <div class='ocr_carea' id='block_1_65' title="bbox 500 3326 2081 3417">
    <p class='ocr_par' dir='ltr' id='par_1_65' title="bbox 500 3326 2081 3417">
     <span class='ocr_line' id='line_1_65' title="bbox 500 3326 2081 3417; baseline 0.014 -39"><span class='ocrx_word' id='word_1_474' title='bbox 500 3326 751 3390; x_wconf 83' lang='lat' dir='ltr'><strong>pionem:</strong></span> <span class='ocrx_word' id='word_1_475' title='bbox 787 3327 1009 3399; x_wconf 79' lang='lat' dir='ltr'><strong>Rursus,</strong></span> <span class='ocrx_word' id='word_1_476' title='bbox 1036 3335 1228 3405; x_wconf 90' lang='lat' dir='ltr'><strong>inquit,</strong></span> <span class='ocrx_word' id='word_1_477' title='bbox 1259 3340 1457 3407; x_wconf 76' lang='lat' dir='ltr'><strong>aliquis</strong></span> <span class='ocrx_word' id='word_1_478' title='bbox 1477 3342 1635 3398; x_wconf 79' lang='lat' dir='ltr'><strong>velex</strong></span> <span class='ocrx_word' id='word_1_479' title='bbox 1662 3344 1743 3399; x_wconf 85' lang='lat' dir='ltr'><strong>his</strong></span> <span class='ocrx_word' id='word_1_480' title='bbox 1773 3348 2081 3417; x_wconf 84' lang='lat' dir='ltr'><strong>perspiciat,</strong></span> 
     </span>
    </p>
   </div>
   <div class='ocr_carea' id='block_1_66' title="bbox 497 3418 2084 3504">
    <p class='ocr_par' dir='ltr' id='par_1_66' title="bbox 497 3418 2084 3504">
     <span class='ocr_line' id='line_1_66' title="bbox 497 3418 2084 3504; baseline 0.016 -37"><span class='ocrx_word' id='word_1_481' title='bbox 497 3418 805 3486; x_wconf 78' lang='lat' dir='ltr'><strong>participari</strong></span> <span class='ocrx_word' id='word_1_482' title='bbox 835 3420 1091 3491; x_wconf 69' lang='lat' dir='ltr'><strong>Sp‘rltutn</strong></span> <span class='ocrx_word' id='word_1_483' title='bbox 1115 3437 1384 3495; x_wconf 89' lang='lat' dir='ltr'><strong>sanctum,</strong></span> <span class='ocrx_word' id='word_1_484' title='bbox 1402 3440 1456 3485; x_wconf 80' lang='lat' dir='ltr'><strong>ct</strong></span> <span class='ocrx_word' id='word_1_485' title='bbox 1485 3447 1587 3485; x_wconf 93' lang='lat' dir='ltr'><strong>non</strong></span> <span class='ocrx_word' id='word_1_486' title='bbox 1612 3434 1967 3504; x_wconf 88' lang='lat' dir='ltr'><strong>participare;</strong></span> <span class='ocrx_word' id='word_1_487' title='bbox 1989 3452 2084 3492; x_wconf 85' lang='lat' dir='ltr'><strong>ea-</strong></span> 
     </span>
    </p>
   </div>
   <div class='ocr_carea' id='block_1_67' title="bbox 498 3510 2080 3594">
    <p class='ocr_par' dir='ltr' id='par_1_67' title="bbox 498 3510 2080 3594">
     <span class='ocr_line' id='line_1_67' title="bbox 498 3510 2080 3594; baseline 0.016 -35"><span class='ocrx_word' id='word_1_488' title='bbox 498 3510 618 3560; x_wconf 90' lang='lat' dir='ltr'><strong>dem</strong></span> <span class='ocrx_word' id='word_1_489' title='bbox 654 3511 796 3565; x_wconf 85' lang='lat' dir='ltr'><strong>enim</strong></span> <span class='ocrx_word' id='word_1_490' title='bbox 815 3512 993 3568; x_wconf 88' lang='lat' dir='ltr'><strong>dicere</strong></span> <span class='ocrx_word' id='word_1_491' title='bbox 1020 3533 1122 3569; x_wconf 92' lang='lat' dir='ltr'><strong>non</strong></span> <span class='ocrx_word' id='word_1_492' title='bbox 1153 3518 1319 3588; x_wconf 81' lang='lat' dir='ltr'><strong>piget.</strong></span> <span class='ocrx_word' id='word_1_493' title='bbox 1346 3520 1678 3591; x_wconf 75' lang='lat' dir='ltr'><strong>[inpossibile</strong></span> <span class='ocrx_word' id='word_1_494' title='bbox 1702 3528 1845 3581; x_wconf 81' lang='lat' dir='ltr'><strong>enim</strong></span> <span class='ocrx_word' id='word_1_495' title='bbox 1864 3538 1962 3594; x_wconf 82' lang='lat' dir='ltr'><strong>est,</strong></span> <span class='ocrx_word' id='word_1_496' title='bbox 1993 3546 2080 3583; x_wconf 78' lang='lat' dir='ltr'><strong>eos</strong></span> 
     </span>
    </p>
   </div>
   <div class='ocr_carea' id='block_1_68' title="bbox 499 3601 2080 3685">
    <p class='ocr_par' dir='ltr' id='par_1_68' title="bbox 499 3601 2080 3685">
     <span class='ocr_line' id='line_1_68' title="bbox 499 3601 2080 3685; baseline 0.017 -34"><span class='ocrx_word' id='word_1_497' title='bbox 499 3601 592 3669; x_wconf 83' lang='lat' dir='ltr'><strong>qui</strong></span> <span class='ocrx_word' id='word_1_498' title='bbox 615 3605 774 3656; x_wconf 72' lang='lat' dir='ltr'><strong>semel</strong></span> <span class='ocrx_word' id='word_1_499' title='bbox 798 3604 1087 3662; x_wconf 77' lang='lat' dir='ltr'><strong>illuminati</strong></span> <span class='ocrx_word' id='word_1_500' title='bbox 1109 3621 1230 3664; x_wconf 85' lang='lat' dir='ltr'><strong>sunt</strong></span> <span class='ocrx_word' id='word_1_501' title='bbox 1288 3624 1336 3667; x_wconf 87' lang='lat' dir='ltr'><strong>et</strong></span> <span class='ocrx_word' id='word_1_502' title='bbox 1357 3622 1904 3685; x_wconf 71' lang='lat' dir='ltr'><strong>gustavernntdonnm</strong></span> <span class='ocrx_word' id='word_1_503' title='bbox 1923 3624 2080 3677; x_wconf 69' lang='lat' dir='ltr'><strong>co&#39;le-</strong></span> 
     </span>
    </p>
   </div>
   <div class='ocr_carea' id='block_1_69' title="bbox 497 3699 2080 3786">
    <p class='ocr_par' dir='ltr' id='par_1_69' title="bbox 497 3699 2080 3786">
     <span class='ocr_line' id='line_1_69' title="bbox 497 3699 2080 3786; baseline 0.018 -44"><span class='ocrx_word' id='word_1_504' title='bbox 497 3702 595 3756; x_wconf 67' lang='lat' dir='ltr'><strong>ste,</strong></span> <span class='ocrx_word' id='word_1_505' title='bbox 629 3706 676 3747; x_wconf 81' lang='lat' dir='ltr'><strong>et</strong></span> <span class='ocrx_word' id='word_1_506' title='bbox 698 3699 984 3766; x_wconf 81' lang='lat' dir='ltr'><strong>participes</strong></span> <span class='ocrx_word' id='word_1_507' title='bbox 1014 3701 1146 3768; x_wconf 81' lang='lat' dir='ltr'><strong>facti</strong></span> <span class='ocrx_word' id='word_1_508' title='bbox 1195 3715 1319 3758; x_wconf 82' lang='lat' dir='ltr'><strong>sunt</strong></span> <span class='ocrx_word' id='word_1_509' title='bbox 1354 3706 1585 3773; x_wconf 79' lang='lat' dir='ltr'><strong>Spiritus</strong></span> <span class='ocrx_word' id='word_1_510' title='bbox 1637 3714 1830 3781; x_wconf 78' lang='lat' dir='ltr'><strong>sancti,</strong></span> <span class='ocrx_word' id='word_1_511' title='bbox 1867 3724 1916 3768; x_wconf 73' lang='lat' dir='ltr'><strong>et</strong></span> <span class='ocrx_word' id='word_1_512' title='bbox 1980 3732 2080 3786; x_wconf 81' lang='lat' dir='ltr'><strong>gu-</strong></span> 
     </span>
    </p>
   </div>
   <div class='ocr_carea' id='block_1_70' title="bbox 498 3788 2077 3874">
    <p class='ocr_par' dir='ltr' id='par_1_70' title="bbox 498 3788 2077 3874">
     <span class='ocr_line' id='line_1_70' title="bbox 498 3788 2077 3874; baseline 0.018 -39"><span class='ocrx_word' id='word_1_513' title='bbox 498 3788 974 3843; x_wconf 74' lang='lat' dir='ltr'><strong>stareruntbonum</strong></span> <span class='ocrx_word' id='word_1_514' title='bbox 1003 3791 1100 3846; x_wconf 79' lang='lat' dir='ltr'><strong>Dei</strong></span> <span class='ocrx_word' id='word_1_515' title='bbox 1134 3796 1339 3849; x_wconf 76' lang='lat' dir='ltr'><strong>verbum</strong></span> <span class='ocrx_word' id='word_1_516' title='bbox 1396 3798 1462 3852; x_wconf 83' lang='grc'><strong>³⁸.</strong></span> <span class='ocrx_word' id='word_1_517' title='bbox 1495 3801 1549 3854; x_wconf 81' lang='lat' dir='ltr'><strong>Si</strong></span> <span class='ocrx_word' id='word_1_518' title='bbox 1604 3803 1747 3857; x_wconf 88' lang='lat' dir='ltr'><strong>enim</strong></span> <span class='ocrx_word' id='word_1_519' title='bbox 1799 3808 1998 3874; x_wconf 75' lang='lat' dir='ltr'><strong>angeli,</strong></span> <span class='ocrx_word' id='word_1_520' title='bbox 2024 3819 2077 3863; x_wconf 85' lang='lat' dir='ltr'><strong>ct</strong></span> 
     </span>
    </p>
   </div>
   <div class='ocr_carea' id='block_1_71' title="bbox 498 3878 2072 3964">
    <p class='ocr_par' dir='ltr' id='par_1_71' title="bbox 498 3878 2072 3964">
     <span class='ocr_line' id='line_1_71' title="bbox 498 3878 2072 3964; baseline 0.017 -35"><span class='ocrx_word' id='word_1_521' title='bbox 498 3878 620 3931; x_wconf 74' lang='lat' dir='ltr'><strong>alia:</strong></span> <span class='ocrx_word' id='word_1_522' title='bbox 659 3889 923 3935; x_wconf 75' lang='lat' dir='ltr'><strong>creatura:</strong></span> <span class='ocrx_word' id='word_1_523' title='bbox 947 3884 1116 3952; x_wconf 88' lang='lat' dir='ltr'><strong>ipsum</strong></span> <span class='ocrx_word' id='word_1_524' title='bbox 1147 3884 1409 3956; x_wconf 89' lang='lat' dir='ltr'><strong>Spiritum</strong></span> <span class='ocrx_word' id='word_1_525' title='bbox 1436 3892 1799 3964; x_wconf 84' lang='lat' dir='ltr'><strong>participant;</strong></span> <span class='ocrx_word' id='word_1_526' title='bbox 1837 3899 1905 3953; x_wconf 91' lang='lat' dir='ltr'><strong>ob</strong></span> <span class='ocrx_word' id='word_1_527' title='bbox 1932 3902 2072 3957; x_wconf 85' lang='lat' dir='ltr'><strong>hanc</strong></span> 
     </span>
    </p>
   </div>
   <div class='ocr_carea' id='block_1_72' title="bbox 498 3968 2068 4061">
    <p class='ocr_par' dir='ltr' id='par_1_72' title="bbox 498 3968 2068 4061">
     <span class='ocr_line' id='line_1_72' title="bbox 498 3968 2068 4061; baseline 0.015 -39"><span class='ocrx_word' id='word_1_528' title='bbox 498 3968 641 4022; x_wconf 86' lang='lat' dir='ltr'><strong>enim</strong></span> <span class='ocrx_word' id='word_1_529' title='bbox 668 3986 889 4025; x_wconf 83' lang='lat' dir='ltr'><strong>causam</strong></span> <span class='ocrx_word' id='word_1_530' title='bbox 909 3976 1157 4031; x_wconf 80' lang='lat' dir='ltr'><strong>excidere</strong></span> <span class='ocrx_word' id='word_1_531' title='bbox 1182 3992 1403 4046; x_wconf 89' lang='lat' dir='ltr'><strong>possunt</strong></span> <span class='ocrx_word' id='word_1_532' title='bbox 1431 3984 1521 4053; x_wconf 86' lang='lat' dir='ltr'><strong>qui</strong></span> <span class='ocrx_word' id='word_1_533' title='bbox 1564 4002 1667 4040; x_wconf 90' lang='lat' dir='ltr'><strong>non</strong></span> <span class='ocrx_word' id='word_1_534' title='bbox 1699 3991 2028 4061; x_wconf 87' lang='lat' dir='ltr'><strong>participant</strong></span> <span class='ocrx_word' id='word_1_535' title='bbox 2054 4011 2068 4058; x_wconf 92' lang='lat'><strong>;</strong></span> 
     </span>
    </p>
   </div>
   <div class='ocr_carea' id='block_1_73' title="bbox 501 4061 2072 4152">
    <p class='ocr_par' dir='ltr' id='par_1_73' title="bbox 501 4061 2072 4152">
     <span class='ocr_line' id='line_1_73' title="bbox 501 4061 2072 4152; baseline 0.015 -38"><span class='ocrx_word' id='word_1_536' title='bbox 501 4061 741 4127; x_wconf 81' lang='lat' dir='ltr'><strong>Spiritus</strong></span> <span class='ocrx_word' id='word_1_537' title='bbox 769 4077 895 4145; x_wconf 70' lang='lat' dir='ltr'><strong>vero</strong></span> <span class='ocrx_word' id='word_1_538' title='bbox 918 4077 1140 4121; x_wconf 89' lang='lat' dir='ltr'><strong>sanctus</strong></span> <span class='ocrx_word' id='word_1_539' title='bbox 1183 4084 1400 4141; x_wconf 81' lang='lat' dir='ltr'><strong>semper</strong></span> <span class='ocrx_word' id='word_1_540' title='bbox 1450 4076 1588 4130; x_wconf 88' lang='lat' dir='ltr'><strong>idem</strong></span> <span class='ocrx_word' id='word_1_541' title='bbox 1630 4089 1733 4145; x_wconf 89' lang='lat' dir='ltr'><strong>est,</strong></span> <span class='ocrx_word' id='word_1_542' title='bbox 1780 4085 2072 4152; x_wconf 82' lang='lat' dir='ltr'><strong>participa-</strong></span> 
     </span>
    </p>
   </div>
   <div class='ocr_carea' id='block_1_74' title="bbox 501 4134 2072 4235">
    <p class='ocr_par' dir='ltr' id='par_1_74' title="bbox 501 4134 2072 4235">
     <span class='ocr_line' id='line_1_74' title="bbox 501 4134 2072 4235; baseline 0.017 -32"><span class='ocrx_word' id='word_1_543' title='bbox 501 4152 623 4206; x_wconf 85' lang='lat' dir='ltr'><strong>bilis</strong></span> <span class='ocrx_word' id='word_1_544' title='bbox 644 4156 745 4206; x_wconf 75' lang='grc' dir='ltr'>ρει.</span> <span class='ocrx_word' id='word_1_545' title='bbox 816 4134 882 4209; x_wconf 65' lang='grc' dir='ltr'><strong>[ξι</strong></span> <span class='ocrx_word' id='word_1_546' title='bbox 931 4169 1151 4215; x_wconf 75' lang='lat' dir='ltr'><strong>sanctus</strong></span> <span class='ocrx_word' id='word_1_547' title='bbox 1210 4162 1498 4231; x_wconf 73' lang='lat' dir='ltr'><strong>Maximus,</strong></span> <span class='ocrx_word' id='word_1_548' title='bbox 1548 4181 1667 4235; x_wconf 88' lang='lat' dir='ltr'><strong>cap.</strong></span> <span class='ocrx_word' id='word_1_549' title='bbox 1719 4170 1751 4223; x_wconf 89' lang='lat'><strong>9</strong></span> <span class='ocrx_word' id='word_1_550' title='bbox 1813 4183 2072 4230; x_wconf 74' lang='lat' dir='ltr'><strong>cet-turne</strong></span> 
     </span>
    </p>
   </div>
   <div class='ocr_carea' id='block_1_75' title="bbox 502 4245 2070 4335">
    <p class='ocr_par' dir='ltr' id='par_1_75' title="bbox 502 4245 2070 4335">
     <span class='ocr_line' id='line_1_75' title="bbox 502 4245 2070 4335; baseline 0.017 -42"><span class='ocrx_word' id='word_1_551' title='bbox 502 4252 711 4310; x_wconf 75' lang='lat' dir='ltr'><strong>quartae</strong></span> <span class='ocrx_word' id='word_1_552' title='bbox 741 4245 805 4299; x_wconf 87' lang='lat' dir='ltr'><strong>de</strong></span> <span class='ocrx_word' id='word_1_553' title='bbox 828 4248 1093 4303; x_wconf 73' lang='lat' dir='ltr'><strong>dltaritate</strong></span> <span class='ocrx_word' id='word_1_554' title='bbox 1130 4252 1241 4307; x_wconf 85' lang='lat' dir='ltr'><strong>ait:</strong></span> <span class='ocrx_word' id='word_1_555' title='bbox 1290 4254 1426 4309; x_wconf 86' lang='lat' dir='ltr'><strong>Deus</strong></span> <span class='ocrx_word' id='word_1_556' title='bbox 1449 4258 1667 4325; x_wconf 87' lang='lat' dir='ltr'><strong>quidem</strong></span> <span class='ocrx_word' id='word_1_557' title='bbox 1706 4262 1880 4317; x_wconf 81' lang='lat' dir='ltr'><strong>solum</strong></span> <span class='ocrx_word' id='word_1_558' title='bbox 1903 4267 2070 4335; x_wconf 87' lang='lat' dir='ltr'><strong>parti-</strong></span> 
     </span>
    </p>
   </div>
   <div class='ocr_carea' id='block_1_76' title="bbox 501 4337 2065 4422">
    <p class='ocr_par' dir='ltr' id='par_1_76' title="bbox 501 4337 2065 4422">
     <span class='ocr_line' id='line_1_76' title="bbox 501 4337 2065 4422; baseline 0.014 -34"><span class='ocrx_word' id='word_1_559' title='bbox 501 4337 746 4405; x_wconf 83' lang='lat' dir='ltr'><strong>cipatur;</strong></span> <span class='ocrx_word' id='word_1_560' title='bbox 778 4350 1030 4394; x_wconf 85' lang='lat' dir='ltr'><strong>creatura</strong></span> <span class='ocrx_word' id='word_1_561' title='bbox 1052 4358 1179 4398; x_wconf 82' lang='lat' dir='ltr'><strong>vero</strong></span> <span class='ocrx_word' id='word_1_562' title='bbox 1238 4348 1521 4417; x_wconf 83' lang='lat' dir='ltr'><strong>participat</strong></span> <span class='ocrx_word' id='word_1_563' title='bbox 1560 4361 1614 4405; x_wconf 88' lang='lat' dir='ltr'><strong>et</strong></span> <span class='ocrx_word' id='word_1_564' title='bbox 1664 4358 2021 4411; x_wconf 89' lang='lat' dir='ltr'><strong>communicat</strong></span> <span class='ocrx_word' id='word_1_565' title='bbox 2052 4374 2065 4422; x_wconf 87' lang='lat'><strong>;</strong></span> 
     </span>
    </p>
   </div>
   <div class='ocr_carea' id='block_1_77' title="bbox 2192 3168 3705 3246">
    <p class='ocr_par' dir='ltr' id='par_1_77' title="bbox 2192 3168 3705 3246">
     <span class='ocr_line' id='line_1_77' title="bbox 2192 3168 3705 3246; baseline -0.008 -19"><span class='ocrx_word' id='word_1_566' title='bbox 2192 3177 2332 3246; x_wconf 90' lang='lat' dir='ltr'><strong>quod</strong></span> <span class='ocrx_word' id='word_1_567' title='bbox 2358 3188 2503 3242; x_wconf 83' lang='lat' dir='ltr'><strong>sont,</strong></span> <span class='ocrx_word' id='word_1_568' title='bbox 2522 3176 2699 3245; x_wconf 84' lang='lat' dir='ltr'><strong>ipsum</strong></span> <span class='ocrx_word' id='word_1_569' title='bbox 2720 3176 3040 3246; x_wconf 79' lang='lat' dir='ltr'><strong>principium</strong></span> <span class='ocrx_word' id='word_1_570' title='bbox 3070 3177 3426 3243; x_wconf 85' lang='lat' dir='ltr'><strong>participant:</strong></span> <span class='ocrx_word' id='word_1_571' title='bbox 3458 3187 3565 3226; x_wconf 86' lang='lat' dir='ltr'><strong>esse</strong></span> <span class='ocrx_word' id='word_1_572' title='bbox 3593 3168 3705 3221; x_wconf 76' lang='lat' dir='ltr'><strong>enim</strong></span> 
     </span>
    </p>
   </div>
   <div class='ocr_carea' id='block_1_78' title="bbox 2190 3264 3705 3336">
    <p class='ocr_par' dir='ltr' id='par_1_78' title="bbox 2190 3264 3705 3336">
     <span class='ocr_line' id='line_1_78' title="bbox 2190 3264 3705 3336; baseline -0.006 -17"><span class='ocrx_word' id='word_1_573' title='bbox 2190 3266 2430 3319; x_wconf 89' lang='lat' dir='ltr'><strong>omnium</strong></span> <span class='ocrx_word' id='word_1_574' title='bbox 2456 3274 2537 3321; x_wconf 89' lang='lat' dir='ltr'><strong>est</strong></span> <span class='ocrx_word' id='word_1_575' title='bbox 2564 3266 2816 3320; x_wconf 85' lang='lat' dir='ltr'><strong>divinitas</strong></span> <span class='ocrx_word' id='word_1_576' title='bbox 2842 3267 2940 3336; x_wconf 79' lang='grc' dir='ltr'><strong>(α),</strong></span> <span class='ocrx_word' id='word_1_577' title='bbox 2967 3282 3084 3335; x_wconf 83' lang='lat' dir='ltr'><strong>quae</strong></span> <span class='ocrx_word' id='word_1_578' title='bbox 3107 3277 3191 3319; x_wconf 87' lang='lat' dir='ltr'><strong>est</strong></span> <span class='ocrx_word' id='word_1_579' title='bbox 3227 3280 3384 3333; x_wconf 83' lang='lat' dir='ltr'><strong>Supra</strong></span> <span class='ocrx_word' id='word_1_580' title='bbox 3403 3264 3558 3333; x_wconf 88' lang='lat' dir='ltr'><strong>ipsum</strong></span> <span class='ocrx_word' id='word_1_581' title='bbox 3580 3270 3705 3317; x_wconf 65' lang='lat' dir='ltr'><strong>e559;</strong></span> 
     </span>
    </p>
   </div>
   <div class='ocr_carea' id='block_1_79' title="bbox 2190 3353 3708 3421">
    <p class='ocr_par' dir='ltr' id='par_1_79' title="bbox 2190 3353 3708 3421">
     <span class='ocr_line' id='line_1_79' title="bbox 2190 3353 3708 3421; baseline -0.009 -15"><span class='ocrx_word' id='word_1_582' title='bbox 2190 3355 2425 3408; x_wconf 86' lang='lat' dir='ltr'><strong>viventia</strong></span> <span class='ocrx_word' id='word_1_583' title='bbox 2495 3364 2673 3408; x_wconf 86' lang='lat' dir='ltr'><strong>autem</strong></span> <span class='ocrx_word' id='word_1_584' title='bbox 2748 3353 3073 3421; x_wconf 90' lang='lat' dir='ltr'><strong>participant</strong></span> <span class='ocrx_word' id='word_1_585' title='bbox 3134 3354 3380 3406; x_wconf 87' lang='lat' dir='ltr'><strong>eamdem</strong></span> <span class='ocrx_word' id='word_1_586' title='bbox 3436 3354 3708 3417; x_wconf 87' lang='lat' dir='ltr'><strong>potestatem</strong></span> 
     </span>
    </p>
   </div>
   <div class='ocr_carea' id='block_1_80' title="bbox 2187 3438 3709 3511">
    <p class='ocr_par' dir='ltr' id='par_1_80' title="bbox 2187 3438 3709 3511">
     <span class='ocr_line' id='line_1_80' title="bbox 2187 3438 3709 3511; baseline -0.005 -13"><span class='ocrx_word' id='word_1_587' title='bbox 2187 3443 2456 3498; x_wconf 76' lang='lat' dir='ltr'><strong>viviﬁeam</strong></span> <span class='ocrx_word' id='word_1_588' title='bbox 2488 3458 2649 3511; x_wconf 85' lang='lat' dir='ltr'><strong>supra</strong></span> <span class='ocrx_word' id='word_1_589' title='bbox 2680 3459 2898 3498; x_wconf 88' lang='lat' dir='ltr'><strong>omnem</strong></span> <span class='ocrx_word' id='word_1_590' title='bbox 2937 3444 3098 3497; x_wconf 88' lang='lat' dir='ltr'><strong>vitam</strong></span> <span class='ocrx_word' id='word_1_591' title='bbox 3141 3444 3385 3498; x_wconf 88' lang='lat' dir='ltr'><strong>:ratione</strong></span> <span class='ocrx_word' id='word_1_592' title='bbox 3432 3438 3631 3509; x_wconf 63' lang='lat' dir='ltr'><strong>przeditq</strong></span> <span class='ocrx_word' id='word_1_593' title='bbox 3668 3440 3709 3482; x_wconf 64' lang='grc' dir='ltr'>τι</span> 
     </span>
    </p>
   </div>
   <div class='ocr_carea' id='block_1_81' title="bbox 2188 3532 3708 3605">
    <p class='ocr_par' dir='ltr' id='par_1_81' title="bbox 2188 3532 3708 3605">
     <span class='ocr_line' id='line_1_81' title="bbox 2188 3532 3708 3605; baseline -0.008 -17"><span class='ocrx_word' id='word_1_594' title='bbox 2188 3532 2536 3602; x_wconf 84' lang='lat' dir='ltr'><strong>intelligentia</strong></span> <span class='ocrx_word' id='word_1_595' title='bbox 2570 3537 2814 3590; x_wconf 87' lang='lat' dir='ltr'><strong>eamdem</strong></span> <span class='ocrx_word' id='word_1_596' title='bbox 2848 3536 3173 3605; x_wconf 87' lang='lat' dir='ltr'><strong>sapientiam</strong></span> <span class='ocrx_word' id='word_1_597' title='bbox 3201 3552 3294 3604; x_wconf 88' lang='lat' dir='ltr'><strong>per</strong></span> <span class='ocrx_word' id='word_1_598' title='bbox 3321 3550 3378 3588; x_wconf 89' lang='lat' dir='ltr'><strong>se</strong></span> <span class='ocrx_word' id='word_1_599' title='bbox 3413 3532 3708 3601; x_wconf 80' lang='lat' dir='ltr'><strong>perfectam,</strong></span> 
     </span>
    </p>
   </div>
   <div class='ocr_carea' id='block_1_82' title="bbox 2185 3626 3705 3721">
    <p class='ocr_par' dir='ltr' id='par_1_82' title="bbox 2185 3626 3705 3721">
     <span class='ocr_line' id='line_1_82' title="bbox 2185 3626 3705 3721; baseline -0.005 -40"><span class='ocrx_word' id='word_1_600' title='bbox 2185 3637 2236 3681; x_wconf 89' lang='lat' dir='ltr'><strong>et</strong></span> <span class='ocrx_word' id='word_1_601' title='bbox 2261 3627 2406 3694; x_wconf 89' lang='lat' dir='ltr'><strong>prius</strong></span> <span class='ocrx_word' id='word_1_602' title='bbox 2423 3626 2736 3697; x_wconf 80' lang='lat' dir='ltr'><strong>perlectam,</strong></span> <span class='ocrx_word' id='word_1_603' title='bbox 2765 3645 2887 3699; x_wconf 67' lang='lat' dir='ltr'><strong>qua:</strong></span> <span class='ocrx_word' id='word_1_604' title='bbox 2902 3644 3115 3683; x_wconf 83' lang='lat' dir='ltr'><strong>omnem</strong></span> <span class='ocrx_word' id='word_1_605' title='bbox 3145 3630 3408 3683; x_wconf 89' lang='lat' dir='ltr'><strong>rationem</strong></span> <span class='ocrx_word' id='word_1_606' title='bbox 3429 3641 3486 3678; x_wconf 91' lang='lat' dir='ltr'><strong>ac</strong></span> <span class='ocrx_word' id='word_1_607' title='bbox 3516 3630 3705 3721; x_wconf 67' lang='lat' dir='ltr'><strong>mentem</strong></span> 
     </span>
    </p>
   </div>
   <div class='ocr_carea' id='block_1_83' title="bbox 2184 3720 3687 3790">
    <p class='ocr_par' dir='ltr' id='par_1_83' title="bbox 2184 3720 3687 3790">
     <span class='ocr_line' id='line_1_83' title="bbox 2184 3720 3687 3790; baseline -0.006 -17"><span class='ocrx_word' id='word_1_608' title='bbox 2184 3720 2374 3783; x_wconf 84' lang='lat' dir='ltr'><strong>vincit,</strong></span> <span class='ocrx_word' id='word_1_609' title='bbox 2406 3721 2762 3790; x_wconf 81' lang='lat' dir='ltr'><strong>participant;</strong></span> <span class='ocrx_word' id='word_1_610' title='bbox 2799 3720 3148 3776; x_wconf 82' lang='lat' dir='ltr'><strong>manifestum</strong></span> <span class='ocrx_word' id='word_1_611' title='bbox 3171 3732 3349 3775; x_wconf 90' lang='lat' dir='ltr'><strong>autem</strong></span> <span class='ocrx_word' id='word_1_612' title='bbox 3382 3732 3457 3773; x_wconf 74' lang='grc' dir='ltr'><strong>εει</strong></span> <span class='ocrx_word' id='word_1_613' title='bbox 3489 3730 3596 3770; x_wconf 66' lang='lat' dir='ltr'><strong>esse</strong></span> <span class='ocrx_word' id='word_1_614' title='bbox 3623 3724 3687 3764; x_wconf 86' lang='lat' dir='ltr'><strong>ctr</strong></span> 
     </span>
    </p>
   </div>
   <div class='ocr_carea' id='block_1_84' title="bbox 2182 3805 3710 3881">
    <p class='ocr_par' dir='ltr' id='par_1_84' title="bbox 2182 3805 3710 3881">
     <span class='ocr_line' id='line_1_84' title="bbox 2182 3805 3710 3881; baseline -0.003 -22"><span class='ocrx_word' id='word_1_615' title='bbox 2182 3827 2304 3866; x_wconf 89' lang='lat' dir='ltr'><strong>cum</strong></span> <span class='ocrx_word' id='word_1_616' title='bbox 2333 3811 2503 3880; x_wconf 85' lang='lat' dir='ltr'><strong>ipsum</strong></span> <span class='ocrx_word' id='word_1_617' title='bbox 2533 3805 2856 3881; x_wconf 84' lang='lat' dir='ltr'><strong>principium</strong></span> <span class='ocrx_word' id='word_1_618' title='bbox 2914 3814 3250 3868; x_wconf 85' lang='lat' dir='ltr'><strong>substantias</strong></span> <span class='ocrx_word' id='word_1_619' title='bbox 3302 3813 3438 3870; x_wconf 86' lang='lat' dir='ltr'><strong>illas,</strong></span> <span class='ocrx_word' id='word_1_620' title='bbox 3496 3817 3710 3875; x_wconf 78' lang='lat' dir='ltr'><strong>qmecun—</strong></span> 
     </span>
    </p>
   </div>
   <div class='ocr_carea' id='block_1_85' title="bbox 2180 3899 3712 3971">
    <p class='ocr_par' dir='ltr' id='par_1_85' title="bbox 2180 3899 3712 3971">
     <span class='ocr_line' id='line_1_85' title="bbox 2180 3899 3712 3971; baseline 0.001 -19"><span class='ocrx_word' id='word_1_621' title='bbox 2180 3914 2284 3968; x_wconf 88' lang='lat' dir='ltr'><strong>que</strong></span> <span class='ocrx_word' id='word_1_622' title='bbox 2312 3902 2684 3970; x_wconf 89' lang='lat' dir='ltr'><strong>multipliciter</strong></span> <span class='ocrx_word' id='word_1_623' title='bbox 2744 3901 2916 3971; x_wconf 87' lang='lat' dir='ltr'><strong>ipsum</strong></span> <span class='ocrx_word' id='word_1_624' title='bbox 2952 3902 3368 3971; x_wconf 86' lang='lat' dir='ltr'><strong>participarunt.</strong></span> <span class='ocrx_word' id='word_1_625' title='bbox 3428 3899 3499 3951; x_wconf 81' lang='lat' dir='ltr'><strong>Ac</strong></span> <span class='ocrx_word' id='word_1_626' title='bbox 3556 3902 3712 3947; x_wconf 61' lang='lat' dir='ltr'><strong>rursus</strong></span> 
     </span>
    </p>
   </div>
   <div class='ocr_carea' id='block_1_86' title="bbox 2183 3988 3711 4084">
    <p class='ocr_par' dir='ltr' id='par_1_86' title="bbox 2183 3988 3711 4084">
     <span class='ocr_line' id='line_1_86' title="bbox 2183 3988 3711 4084; baseline -0.005 -39"><span class='ocrx_word' id='word_1_627' title='bbox 2183 3992 2320 4045; x_wconf 88' lang='lat' dir='ltr'><strong>idem</strong></span> <span class='ocrx_word' id='word_1_628' title='bbox 2348 3993 2400 4045; x_wconf 92' lang='lat' dir='ltr'><strong>in</strong></span> <span class='ocrx_word' id='word_1_629' title='bbox 2429 3992 2640 4063; x_wconf 83' lang='lat' dir='ltr'><strong>quinto,</strong></span> <span class='ocrx_word' id='word_1_630' title='bbox 2676 3994 2749 4046; x_wconf 84' lang='lat' dir='ltr'><strong>De</strong></span> <span class='ocrx_word' id='word_1_631' title='bbox 2792 3994 2982 4046; x_wconf 78' lang='lat' dir='ltr'><strong>divinis</strong></span> <span class='ocrx_word' id='word_1_632' title='bbox 3020 3994 3324 4045; x_wconf 77' lang='lat' dir='ltr'><strong>nominibus</strong></span> <span class='ocrx_word' id='word_1_633' title='bbox 3368 4009 3382 4044; x_wconf 91' lang='lat'><strong>:</strong></span> <span class='ocrx_word' id='word_1_634' title='bbox 3414 3989 3474 4041; x_wconf 85' lang='lat' dir='ltr'><strong>Et</strong></span> <span class='ocrx_word' id='word_1_635' title='bbox 3529 3996 3633 4084; x_wconf 42' lang='lat' dir='ltr'><strong>est,</strong></span> <span class='ocrx_word' id='word_1_636' title='bbox 3666 3988 3711 4031; x_wconf 81' lang='grc' dir='ltr'><strong>ιιι</strong></span> 
     </span>
    </p>
   </div>
   <div class='ocr_carea' id='block_1_87' title="bbox 2179 4082 3713 4154">
    <p class='ocr_par' dir='ltr' id='par_1_87' title="bbox 2179 4082 3713 4154">
     <span class='ocr_line' id='line_1_87' title="bbox 2179 4082 3713 4154; baseline -0.008 -16"><span class='ocrx_word' id='word_1_637' title='bbox 2179 4084 2437 4149; x_wconf 88' lang='lat' dir='ltr'><strong>arbitror,</strong></span> <span class='ocrx_word' id='word_1_638' title='bbox 2468 4100 2676 4150; x_wconf 89' lang='lat' dir='ltr'><strong>verum,</strong></span> <span class='ocrx_word' id='word_1_639' title='bbox 2698 4084 2840 4154; x_wconf 89' lang='lat' dir='ltr'><strong>quod</strong></span> <span class='ocrx_word' id='word_1_640' title='bbox 2870 4099 2931 4138; x_wconf 86' lang='lat' dir='ltr'><strong>ea</strong></span> <span class='ocrx_word' id='word_1_641' title='bbox 2964 4100 3083 4153; x_wconf 69' lang='lat' dir='ltr'><strong>qua:</strong></span> <span class='ocrx_word' id='word_1_642' title='bbox 3109 4086 3286 4151; x_wconf 82' lang='lat' dir='ltr'><strong>magis</strong></span> <span class='ocrx_word' id='word_1_643' title='bbox 3328 4082 3506 4139; x_wconf 89' lang='lat' dir='ltr'><strong>Deum,</strong></span> <span class='ocrx_word' id='word_1_644' title='bbox 3559 4082 3635 4144; x_wconf 85' lang='lat' dir='ltr'><strong>qui</strong></span> <span class='ocrx_word' id='word_1_645' title='bbox 3665 4087 3713 4124; x_wconf 89' lang='lat' dir='ltr'><strong>u-</strong></span> 
     </span>
    </p>
   </div>
   <div class='ocr_carea' id='block_1_88' title="bbox 2178 4176 3714 4247">
    <p class='ocr_par' dir='ltr' id='par_1_88' title="bbox 2178 4176 3714 4247">
     <span class='ocr_line' id='line_1_88' title="bbox 2178 4176 3714 4247; baseline -0.005 -17"><span class='ocrx_word' id='word_1_646' title='bbox 2178 4193 2279 4231; x_wconf 85' lang='lat' dir='ltr'><strong>nus</strong></span> <span class='ocrx_word' id='word_1_647' title='bbox 2310 4187 2414 4240; x_wconf 88' lang='lat' dir='ltr'><strong>est,</strong></span> <span class='ocrx_word' id='word_1_648' title='bbox 2447 4186 2502 4231; x_wconf 91' lang='lat' dir='ltr'><strong>et</strong></span> <span class='ocrx_word' id='word_1_649' title='bbox 2540 4192 2568 4229; x_wconf 83' lang='lat' dir='ltr'><strong>a</strong></span> <span class='ocrx_word' id='word_1_650' title='bbox 2600 4193 2707 4247; x_wconf 90' lang='lat' dir='ltr'><strong>quo</strong></span> <span class='ocrx_word' id='word_1_651' title='bbox 2738 4177 2947 4230; x_wconf 89' lang='lat' dir='ltr'><strong>inﬁnita</strong></span> <span class='ocrx_word' id='word_1_652' title='bbox 2968 4176 3105 4230; x_wconf 88' lang='lat' dir='ltr'><strong>dona</strong></span> <span class='ocrx_word' id='word_1_653' title='bbox 3129 4176 3557 4247; x_wconf 88' lang='lat' dir='ltr'><strong>proﬁciscuntur,</strong></span> <span class='ocrx_word' id='word_1_654' title='bbox 3610 4180 3714 4234; x_wconf 71' lang='lat' dir='ltr'><strong>pur-</strong></span> 
     </span>
    </p>
   </div>
   <div class='ocr_carea' id='block_1_89' title="bbox 2178 4265 3715 4339">
    <p class='ocr_par' dir='ltr' id='par_1_89' title="bbox 2178 4265 3715 4339">
     <span class='ocr_line' id='line_1_89' title="bbox 2178 4265 3715 4339; baseline -0.007 -13"><span class='ocrx_word' id='word_1_655' title='bbox 2178 4272 2418 4339; x_wconf 88' lang='lat' dir='ltr'><strong>ticipant,</strong></span> <span class='ocrx_word' id='word_1_656' title='bbox 2447 4271 2614 4338; x_wconf 82' lang='lat' dir='ltr'><strong>magis</strong></span> <span class='ocrx_word' id='word_1_657' title='bbox 2644 4271 2693 4325; x_wconf 88' lang='lat' dir='ltr'><strong>ei</strong></span> <span class='ocrx_word' id='word_1_658' title='bbox 2730 4271 3185 4339; x_wconf 87' lang='lat' dir='ltr'><strong>appropinquant,</strong></span> <span class='ocrx_word' id='word_1_659' title='bbox 3222 4279 3273 4324; x_wconf 91' lang='lat' dir='ltr'><strong>et</strong></span> <span class='ocrx_word' id='word_1_660' title='bbox 3298 4267 3552 4323; x_wconf 83' lang='lat' dir='ltr'><strong>diviniora</strong></span> <span class='ocrx_word' id='word_1_661' title='bbox 3590 4265 3715 4316; x_wconf 78' lang='lat' dir='ltr'><strong>sunt.</strong></span> 
     </span>
    </p>
   </div>
   <div class='ocr_carea' id='block_1_90' title="bbox 2176 4348 3715 4434">
    <p class='ocr_par' dir='ltr' id='par_1_90' title="bbox 2176 4348 3715 4434">
     <span class='ocr_line' id='line_1_90' title="bbox 2176 4348 3715 4434; baseline 0.008 -20"><span class='ocrx_word' id='word_1_662' title='bbox 2176 4380 2332 4433; x_wconf 89' lang='lat' dir='ltr'><strong>quam</strong></span> <span class='ocrx_word' id='word_1_663' title='bbox 2359 4379 2477 4434; x_wconf 66' lang='lat' dir='ltr'><strong>qua:</strong></span> <span class='ocrx_word' id='word_1_664' title='bbox 2500 4364 2679 4419; x_wconf 85' lang='lat' dir='ltr'><strong>minus</strong></span> <span class='ocrx_word' id='word_1_665' title='bbox 2702 4363 3045 4433; x_wconf 87' lang='lat' dir='ltr'><strong>participant.</strong></span> <span class='ocrx_word' id='word_1_666' title='bbox 3076 4364 3150 4416; x_wconf 77' lang='lat' dir='ltr'><strong>Ex</strong></span> <span class='ocrx_word' id='word_1_667' title='bbox 3175 4364 3257 4416; x_wconf 89' lang='lat' dir='ltr'><strong>his</strong></span> <span class='ocrx_word' id='word_1_668' title='bbox 3283 4354 3601 4430; x_wconf 61' lang='lat' dir='ltr'><strong>liquebll‘m‘l</strong></span> <span class='ocrx_word' id='word_1_669' title='bbox 3620 4348 3715 4404; x_wconf 70' lang='grc'><strong>⁵⁰¹⁴¹</strong></span> 
     </span>
    </p>
   </div>
   <div class='ocr_carea' id='block_1_91' title="bbox 500 4434 3712 4523">
    <p class='ocr_par' dir='ltr' id='par_1_91' title="bbox 500 4434 3712 4523">
     <span class='ocr_line' id='line_1_91' title="bbox 500 4434 3712 4523; baseline 0.006 -39"><span class='ocrx_word' id='word_1_670' title='bbox 500 4442 554 4484; x_wconf 89' lang='lat' dir='ltr'><strong>et</strong></span> <span class='ocrx_word' id='word_1_671' title='bbox 584 4434 871 4500; x_wconf 87' lang='lat' dir='ltr'><strong>participat</strong></span> <span class='ocrx_word' id='word_1_672' title='bbox 903 4437 1115 4503; x_wconf 89' lang='lat' dir='ltr'><strong>quidem</strong></span> <span class='ocrx_word' id='word_1_673' title='bbox 1141 4454 1280 4502; x_wconf 83' lang='lat' dir='ltr'><strong>esse,</strong></span> <span class='ocrx_word' id='word_1_674' title='bbox 1306 4446 1551 4508; x_wconf 84' lang='lat' dir='ltr'><strong>etbene;</strong></span> <span class='ocrx_word' id='word_1_675' title='bbox 1599 4449 2070 4504; x_wconf 86' lang='lat' dir='ltr'><strong>communicatve-</strong></span> <span class='ocrx_word' id='word_1_676' title='bbox 2104 4438 2146 4490; x_wconf 67' lang='grc' dir='ltr'>ι)</span> <span class='ocrx_word' id='word_1_677' title='bbox 2176 4468 2363 4510; x_wconf 88' lang='lat' dir='ltr'><strong>natura</strong></span> <span class='ocrx_word' id='word_1_678' title='bbox 2400 4458 2696 4510; x_wconf 86' lang='lat' dir='ltr'><strong>secundum</strong></span> <span class='ocrx_word' id='word_1_679' title='bbox 2724 4470 2947 4510; x_wconf 85' lang='lat' dir='ltr'><strong>causam</strong></span> <span class='ocrx_word' id='word_1_680' title='bbox 2984 4453 3403 4523; x_wconf 79' lang='lat' dir='ltr'><strong>participabilis,</strong></span> <span class='ocrx_word' id='word_1_681' title='bbox 3438 4449 3568 4502; x_wconf 87' lang='lat' dir='ltr'><strong>Deus</strong></span> <span class='ocrx_word' id='word_1_682' title='bbox 3610 4451 3712 4503; x_wconf 72' lang='grc' dir='ltr'>θείς</span> 
     </span>
    </p>
   </div>
   <div class='ocr_carea' id='block_1_92' title="bbox 505 4525 2067 4605">
    <p class='ocr_par' dir='ltr' id='par_1_92' title="bbox 505 4525 2067 4605">
     <span class='ocr_line' id='line_1_92' title="bbox 505 4525 2067 4605; baseline 0.015 -32"><span class='ocrx_word' id='word_1_683' title='bbox 505 4540 562 4577; x_wconf 82' lang='grc' dir='ltr'>ιο</span> <span class='ocrx_word' id='word_1_684' title='bbox 586 4525 758 4579; x_wconf 85' lang='lat' dir='ltr'><strong>Solum</strong></span> <span class='ocrx_word' id='word_1_685' title='bbox 798 4528 933 4582; x_wconf 83' lang='lat' dir='ltr'><strong>bene</strong></span> <span class='ocrx_word' id='word_1_686' title='bbox 957 4544 1076 4583; x_wconf 77' lang='lat' dir='ltr'><strong>esse</strong></span> <span class='ocrx_word' id='word_1_687' title='bbox 1114 4546 1127 4585; x_wconf 89' lang='lat'><strong>:</strong></span> <span class='ocrx_word' id='word_1_688' title='bbox 1154 4546 1337 4585; x_wconf 82' lang='lat' dir='ltr'><strong>verum</strong></span> <span class='ocrx_word' id='word_1_689' title='bbox 1361 4534 1517 4589; x_wconf 81' lang='lat' dir='ltr'><strong>aliter</strong></span> <span class='ocrx_word' id='word_1_690' title='bbox 1546 4538 1763 4605; x_wconf 90' lang='lat' dir='ltr'><strong>quidetn</strong></span> <span class='ocrx_word' id='word_1_691' title='bbox 1813 4542 2067 4596; x_wconf 84' lang='lat' dir='ltr'><strong>substan-</strong></span> 
     </span>
    </p>
   </div>
   <div class='ocr_carea' id='block_1_93' title="bbox 505 4618 2069 4697">
    <p class='ocr_par' dir='ltr' id='par_1_93' title="bbox 505 4618 2069 4697">
     <span class='ocr_line' id='line_1_93' title="bbox 505 4618 2069 4697; baseline 0.014 -29"><span class='ocrx_word' id='word_1_692' title='bbox 505 4618 579 4670; x_wconf 91' lang='lat' dir='ltr'><strong>tia</strong></span> <span class='ocrx_word' id='word_1_693' title='bbox 630 4634 889 4687; x_wconf 89' lang='lat' dir='ltr'><strong>corporea</strong></span> <span class='ocrx_word' id='word_1_694' title='bbox 925 4622 1021 4689; x_wconf 91' lang='lat' dir='ltr'><strong>(l),</strong></span> <span class='ocrx_word' id='word_1_695' title='bbox 1052 4623 1209 4676; x_wconf 82' lang='lat' dir='ltr'><strong>aliter</strong></span> <span class='ocrx_word' id='word_1_696' title='bbox 1230 4627 1715 4697; x_wconf 81' lang='lat' dir='ltr'><strong>veroincorporea.</strong></span> <span class='ocrx_word' id='word_1_697' title='bbox 1747 4631 1812 4687; x_wconf 81' lang='lat' dir='ltr'><strong>Et</strong></span> <span class='ocrx_word' id='word_1_698' title='bbox 1847 4647 2069 4691; x_wconf 84' lang='lat' dir='ltr'><strong>sanctus</strong></span> 
     </span>
    </p>
   </div>
   <div class='ocr_carea' id='block_1_94' title="bbox 501 4711 2061 4787">
    <p class='ocr_par' dir='ltr' id='par_1_94' title="bbox 501 4711 2061 4787">
     <span class='ocr_line' id='line_1_94' title="bbox 501 4711 2061 4787; baseline 0.012 -23"><span class='ocrx_word' id='word_1_699' title='bbox 501 4711 821 4766; x_wconf 72' lang='lat' dir='ltr'><strong>Anastasius</strong></span> <span class='ocrx_word' id='word_1_700' title='bbox 845 4713 1234 4781; x_wconf 81' lang='lat' dir='ltr'><strong>Antiochenus,</strong></span> <span class='ocrx_word' id='word_1_701' title='bbox 1271 4718 1323 4771; x_wconf 90' lang='lat' dir='ltr'><strong>in</strong></span> <span class='ocrx_word' id='word_1_702' title='bbox 1354 4720 1528 4787; x_wconf 90' lang='lat' dir='ltr'><strong>primo</strong></span> <span class='ocrx_word' id='word_1_703' title='bbox 1565 4722 1702 4776; x_wconf 89' lang='lat' dir='ltr'><strong>libro</strong></span> <span class='ocrx_word' id='word_1_704' title='bbox 1757 4724 1821 4778; x_wconf 88' lang='lat' dir='ltr'><strong>de</strong></span> <span class='ocrx_word' id='word_1_705' title='bbox 1856 4727 2061 4783; x_wconf 85' lang='lat' dir='ltr'><strong>nostris</strong></span> 
     </span>
    </p>
   </div>
   <div class='ocr_carea' id='block_1_95' title="bbox 446 4802 2069 4883">
    <p class='ocr_par' dir='ltr' id='par_1_95' title="bbox 446 4802 2069 4883">
     <span class='ocr_line' id='line_1_95' title="bbox 446 4802 2069 4883; baseline 0.01 -27"><span class='ocrx_word' id='word_1_706' title='bbox 446 4802 447 4805; x_wconf 63' lang='grc'>’</span> <span class='ocrx_word' id='word_1_707' title='bbox 502 4805 843 4871; x_wconf 71' lang='lat' dir='ltr'><strong>dogmatibus</strong></span> <span class='ocrx_word' id='word_1_708' title='bbox 870 4808 1113 4861; x_wconf 83' lang='lat' dir='ltr'><strong>veritatis</strong></span> <span class='ocrx_word' id='word_1_709' title='bbox 1153 4825 1167 4863; x_wconf 92' lang='lat'><strong>:</strong></span> <span class='ocrx_word' id='word_1_710' title='bbox 1231 4809 1538 4874; x_wconf 88' lang='lat' dir='ltr'><strong>Quomodo,</strong></span> <span class='ocrx_word' id='word_1_711' title='bbox 1576 4813 1774 4883; x_wconf 89' lang='lat' dir='ltr'><strong>inquit,</strong></span> <span class='ocrx_word' id='word_1_712' title='bbox 1821 4818 2069 4873; x_wconf 86' lang='lat' dir='ltr'><strong>oratione</strong></span> 
     </span>
    </p>
   </div>
   <div class='ocr_carea' id='block_1_96' title="bbox 499 4895 2066 4977">
    <p class='ocr_par' dir='ltr' id='par_1_96' title="bbox 499 4895 2066 4977">
     <span class='ocr_line' id='line_1_96' title="bbox 499 4895 2066 4977; baseline 0.009 -29"><span class='ocrx_word' id='word_1_713' title='bbox 499 4895 710 4950; x_wconf 73' lang='lat' dir='ltr'><strong>laudari</strong></span> <span class='ocrx_word' id='word_1_714' title='bbox 747 4907 944 4967; x_wconf 82' lang='lat' dir='ltr'><strong>potest,</strong></span> <span class='ocrx_word' id='word_1_715' title='bbox 1014 4900 1103 4968; x_wconf 90' lang='lat' dir='ltr'><strong>qui</strong></span> <span class='ocrx_word' id='word_1_716' title='bbox 1164 4904 1461 4956; x_wconf 85' lang='lat' dir='ltr'><strong>orationem</strong></span> <span class='ocrx_word' id='word_1_717' title='bbox 1510 4905 1722 4959; x_wconf 87' lang='lat' dir='ltr'><strong>vineit?</strong></span> <span class='ocrx_word' id='word_1_718' title='bbox 1780 4920 1873 4960; x_wconf 86' lang='lat' dir='ltr'><strong>aut</strong></span> <span class='ocrx_word' id='word_1_719' title='bbox 1941 4911 2066 4977; x_wconf 85' lang='lat' dir='ltr'><strong>quid</strong></span> 
     </span>
    </p>
   </div>
   <div class='ocr_carea' id='block_1_97' title="bbox 501 4989 2070 5064">
    <p class='ocr_par' dir='ltr' id='par_1_97' title="bbox 501 4989 2070 5064">
     <span class='ocr_line' id='line_1_97' title="bbox 501 4989 2070 5064; baseline 0.009 -24"><span class='ocrx_word' id='word_1_720' title='bbox 501 4989 659 5057; x_wconf 80' lang='lat' dir='ltr'><strong>digne</strong></span> <span class='ocrx_word' id='word_1_721' title='bbox 689 4989 830 5057; x_wconf 88' lang='lat' dir='ltr'><strong>loqui</strong></span> <span class='ocrx_word' id='word_1_722' title='bbox 856 4991 1027 5056; x_wconf 89' lang='lat' dir='ltr'><strong>possit</strong></span> <span class='ocrx_word' id='word_1_723' title='bbox 1079 4992 1240 5056; x_wconf 86' lang='lat' dir='ltr'><strong>ullus,</strong></span> <span class='ocrx_word' id='word_1_724' title='bbox 1260 4999 1317 5045; x_wconf 89' lang='grc' dir='ltr'><strong>ιιι</strong></span> <span class='ocrx_word' id='word_1_725' title='bbox 1363 4992 1689 5064; x_wconf 81' lang='lat' dir='ltr'><strong>cogitatione</strong></span> <span class='ocrx_word' id='word_1_726' title='bbox 1732 4996 2070 5054; x_wconf 75' lang='lat' dir='ltr'><strong>demonstret</strong></span> 
     </span>
    </p>
   </div>
   <div class='ocr_carea' id='block_1_98' title="bbox 609 5152 1562 5225">
    <p class='ocr_par' dir='ltr' id='par_1_98' title="bbox 609 5152 1562 5225">
     <span class='ocr_line' id='line_1_98' title="bbox 609 5152 1562 5225; baseline 0.01 -23"><span class='ocrx_word' id='word_1_727' title='bbox 609 5153 654 5183; x_wconf 81' lang='grc'><strong>³⁸</strong></span> <span class='ocrx_word' id='word_1_728' title='bbox 682 5152 845 5206; x_wconf 81' lang='lat' dir='ltr'><strong>Hebr.</strong></span> <span class='ocrx_word' id='word_1_729' title='bbox 888 5171 959 5214; x_wconf 74' lang='lat' dir='ltr'><strong>Vl,</strong></span> <span class='ocrx_word' id='word_1_730' title='bbox 994 5153 1047 5207; x_wconf 82' lang='grc' dir='ltr'><strong>.ι.</strong></span> <span class='ocrx_word' id='word_1_731' title='bbox 1125 5154 1169 5185; x_wconf 67' lang='grc'><strong>⁵9</strong></span> <span class='ocrx_word' id='word_1_732' title='bbox 1190 5156 1357 5225; x_wconf 80' lang='lat' dir='ltr'><strong>Apoc.</strong></span> <span class='ocrx_word' id='word_1_733' title='bbox 1391 5174 1428 5222; x_wconf 88' lang='grc' dir='ltr'>ι,</span> <span class='ocrx_word' id='word_1_734' title='bbox 1470 5159 1562 5211; x_wconf 69' lang='grc'><strong>21.</strong></span> 
     </span>
    </p>
   </div>
   <div class='ocr_carea' id='block_1_99' title="bbox 2173 4546 3714 4626">
    <p class='ocr_par' dir='ltr' id='par_1_99' title="bbox 2173 4546 3714 4626">
     <span class='ocr_line' id='line_1_99' title="bbox 2173 4546 3714 4626; baseline -0.012 -28"><span class='ocrx_word' id='word_1_735' title='bbox 2173 4549 2421 4618; x_wconf 87' lang='lat' dir='ltr'><strong>quodque</strong></span> <span class='ocrx_word' id='word_1_736' title='bbox 2453 4548 2749 4601; x_wconf 89' lang='lat' dir='ltr'><strong>secundum</strong></span> <span class='ocrx_word' id='word_1_737' title='bbox 2800 4546 3046 4600; x_wconf 88' lang='lat' dir='ltr'><strong>eamdem</strong></span> <span class='ocrx_word' id='word_1_738' title='bbox 3077 4561 3306 4599; x_wconf 83' lang='lat' dir='ltr'><strong>causam</strong></span> <span class='ocrx_word' id='word_1_739' title='bbox 3360 4549 3512 4595; x_wconf 88' lang='lat' dir='ltr'><strong>vocat</strong></span> <span class='ocrx_word' id='word_1_740' title='bbox 3561 4546 3714 4626; x_wconf 65' lang='lat' dir='ltr'><strong>omnia</strong></span> 
     </span>
    </p>
   </div>
   <div class='ocr_carea' id='block_1_100' title="bbox 2172 4630 3716 4700">
    <p class='ocr_par' dir='ltr' id='par_1_100' title="bbox 2172 4630 3716 4700">
     <span class='ocr_line' id='line_1_100' title="bbox 2172 4630 3716 4700; baseline -0.01 -10"><span class='ocrx_word' id='word_1_741' title='bbox 2172 4638 2239 4691; x_wconf 88' lang='lat' dir='ltr'><strong>ad</strong></span> <span class='ocrx_word' id='word_1_742' title='bbox 2271 4636 2353 4691; x_wconf 87' lang='lat' dir='ltr'><strong>sui</strong></span> <span class='ocrx_word' id='word_1_743' title='bbox 2381 4637 2857 4700; x_wconf 84' lang='lat' dir='ltr'><strong>communionem;</strong></span> <span class='ocrx_word' id='word_1_744' title='bbox 2897 4645 2951 4689; x_wconf 91' lang='lat' dir='ltr'><strong>et</strong></span> <span class='ocrx_word' id='word_1_745' title='bbox 2988 4635 3074 4688; x_wconf 90' lang='lat' dir='ltr'><strong>illa</strong></span> <span class='ocrx_word' id='word_1_746' title='bbox 3111 4635 3245 4686; x_wconf 88' lang='lat' dir='ltr'><strong>ﬁunt</strong></span> <span class='ocrx_word' id='word_1_747' title='bbox 3300 4633 3470 4686; x_wconf 84' lang='lat' dir='ltr'><strong>eidem</strong></span> <span class='ocrx_word' id='word_1_748' title='bbox 3532 4630 3716 4676; x_wconf 67' lang='lat' dir='ltr'><strong>vol-anu</strong></span> 
     </span>
    </p>
   </div>
   <div class='ocr_carea' id='block_1_101' title="bbox 2174 4717 3716 4813">
    <p class='ocr_par' dir='ltr' id='par_1_101' title="bbox 2174 4717 3716 4813">
     <span class='ocr_line' id='line_1_101' title="bbox 2174 4717 3716 4813; baseline -0.008 -32"><span class='ocrx_word' id='word_1_749' title='bbox 2174 4729 2583 4797; x_wconf 90' lang='lat' dir='ltr'><strong>propinquiora,</strong></span> <span class='ocrx_word' id='word_1_750' title='bbox 2612 4743 2948 4797; x_wconf 67' lang='lat' dir='ltr'><strong>quaccunque</strong></span> <span class='ocrx_word' id='word_1_751' title='bbox 2994 4726 3180 4779; x_wconf 90' lang='lat' dir='ltr'><strong>multis</strong></span> <span class='ocrx_word' id='word_1_752' title='bbox 3213 4725 3393 4778; x_wconf 85' lang='lat' dir='ltr'><strong>modis</strong></span> <span class='ocrx_word' id='word_1_753' title='bbox 3425 4717 3716 4813; x_wconf 67' lang='lat' dir='ltr'><strong>participant</strong></span> 
     </span>
    </p>
   </div>
   <div class='ocr_carea' id='block_1_102' title="bbox 2175 4814 3714 4889">
    <p class='ocr_par' dir='ltr' id='par_1_102' title="bbox 2175 4814 3714 4889">
     <span class='ocr_line' id='line_1_102' title="bbox 2175 4814 3714 4889; baseline -0.015 -15"><span class='ocrx_word' id='word_1_754' title='bbox 2175 4836 2281 4875; x_wconf 90' lang='lat' dir='ltr'><strong>non</strong></span> <span class='ocrx_word' id='word_1_755' title='bbox 2309 4820 2483 4875; x_wconf 89' lang='lat' dir='ltr'><strong>solum</strong></span> <span class='ocrx_word' id='word_1_756' title='bbox 2517 4821 2839 4889; x_wconf 87' lang='lat' dir='ltr'><strong>simpliciter</strong></span> <span class='ocrx_word' id='word_1_757' title='bbox 2895 4817 3256 4874; x_wconf 89' lang='lat' dir='ltr'><strong>substantiam</strong></span> <span class='ocrx_word' id='word_1_758' title='bbox 3300 4814 3416 4881; x_wconf 83' lang='lat' dir='ltr'><strong>ejus</strong></span> <span class='ocrx_word' id='word_1_759' title='bbox 3459 4822 3505 4865; x_wconf 88' lang='lat' dir='ltr'><strong>et</strong></span> <span class='ocrx_word' id='word_1_760' title='bbox 3549 4815 3714 4861; x_wconf 74' lang='lat' dir='ltr'><strong>thztllt,</strong></span> 
     </span>
    </p>
   </div>
   <div class='ocr_carea' id='block_1_103' title="bbox 2173 4897 3719 4975">
    <p class='ocr_par' dir='ltr' id='par_1_103' title="bbox 2173 4897 3719 4975">
     <span class='ocr_line' id='line_1_103' title="bbox 2173 4897 3719 4975; baseline 0.003 -9"><span class='ocrx_word' id='word_1_761' title='bbox 2173 4911 2267 4966; x_wconf 74' lang='lat' dir='ltr'><strong>sed</strong></span> <span class='ocrx_word' id='word_1_762' title='bbox 2285 4911 2446 4963; x_wconf 84' lang='lat' dir='ltr'><strong>etiam</strong></span> <span class='ocrx_word' id='word_1_763' title='bbox 2472 4911 2764 4975; x_wconf 87' lang='lat' dir='ltr'><strong>rationem,</strong></span> <span class='ocrx_word' id='word_1_764' title='bbox 2794 4919 2847 4963; x_wconf 83' lang='lat' dir='ltr'><strong>et</strong></span> <span class='ocrx_word' id='word_1_765' title='bbox 2872 4909 3217 4970; x_wconf 66' lang='lat' dir='ltr'><strong>satiieltliﬂm.</strong></span> <span class='ocrx_word' id='word_1_766' title='bbox 3254 4918 3305 4961; x_wconf 71' lang='grc' dir='ltr'><strong>ει</strong></span> <span class='ocrx_word' id='word_1_767' title='bbox 3344 4905 3446 4958; x_wconf 71' lang='lat' dir='ltr'><strong>alia</strong></span> <span class='ocrx_word' id='word_1_768' title='bbox 3470 4902 3582 4967; x_wconf 68' lang='lat' dir='ltr'><strong>eius</strong></span> <span class='ocrx_word' id='word_1_769' title='bbox 3610 4897 3719 4946; x_wconf 66' lang='grc'><strong>⁰¹¹³’</strong></span> 
     </span>
    </p>
   </div>
   <div class='ocr_carea' id='block_1_104' title="bbox 2179 4999 3715 5070">
    <p class='ocr_par' dir='ltr' id='par_1_104' title="bbox 2179 4999 3715 5070">
     <span class='ocr_line' id='line_1_104' title="bbox 2179 4999 3715 5070; baseline -0.007 -16"><span class='ocrx_word' id='word_1_770' title='bbox 2179 5000 2400 5055; x_wconf 88' lang='lat' dir='ltr'><strong>rismata</strong></span> <span class='ocrx_word' id='word_1_771' title='bbox 2434 5001 2737 5070; x_wconf 82' lang='lat' dir='ltr'><strong>spiritualia</strong></span> <span class='ocrx_word' id='word_1_772' title='bbox 2771 5002 3066 5056; x_wconf 82' lang='lat' dir='ltr'><strong>secundum</strong></span> <span class='ocrx_word' id='word_1_773' title='bbox 3100 5001 3506 5069; x_wconf 88' lang='lat' dir='ltr'><strong>proportionem</strong></span> <span class='ocrx_word' id='word_1_774' title='bbox 3546 4999 3715 5056; x_wconf 73' lang='lat' dir='ltr'><strong>supre-</strong></span> 
     </span>
    </p>
   </div>
   <div class='ocr_carea' id='block_1_105' title="bbox 1981 5273 2251 5338">
    <p class='ocr_par' dir='ltr' id='par_1_105' title="bbox 1981 5273 2251 5338">
     <span class='ocr_line' id='line_1_105' title="bbox 1981 5273 2251 5338; baseline 0.004 -3"><span class='ocrx_word' id='word_1_775' title='bbox 1981 5273 2251 5338; x_wconf 73' lang='lat' dir='ltr'><strong>Schoﬁa.</strong></span> 
     </span>
    </p>
   </div>
   <div class='ocr_carea' id='block_1_106' title="bbox 572 5394 2063 5469">
    <p class='ocr_par' dir='ltr' id='par_1_106' title="bbox 572 5394 2063 5469">
     <span class='ocr_line' id='line_1_106' title="bbox 572 5394 2063 5469; baseline 0.003 -21"><span class='ocrx_word' id='word_1_776' title='bbox 572 5396 651 5462; x_wconf 83' lang='lat' dir='ltr'><strong>(i)</strong></span> <span class='ocrx_word' id='word_1_777' title='bbox 686 5394 859 5449; x_wconf 81' lang='lat' dir='ltr'><strong>Aliter</strong></span> <span class='ocrx_word' id='word_1_778' title='bbox 885 5398 1177 5469; x_wconf 72' lang='lat' dir='ltr'><strong>substantia</strong></span> <span class='ocrx_word' id='word_1_779' title='bbox 1211 5414 1479 5466; x_wconf 87' lang='lat' dir='ltr'><strong>corporea.</strong></span> <span class='ocrx_word' id='word_1_780' title='bbox 1510 5397 1778 5467; x_wconf 87' lang='lat' dir='ltr'><strong>Corporca</strong></span> <span class='ocrx_word' id='word_1_781' title='bbox 1849 5402 2063 5469; x_wconf 84' lang='lat' dir='ltr'><strong>quidem</strong></span> 
     </span>
    </p>
   </div>
   <div class='ocr_carea' id='block_1_107' title="bbox 503 5468 2066 5535">
    <p class='ocr_par' dir='ltr' id='par_1_107' title="bbox 503 5468 2066 5535">
     <span class='ocr_line' id='line_1_107' title="bbox 503 5468 2066 5535; baseline 0.002 -16"><span class='ocrx_word' id='word_1_782' title='bbox 503 5475 694 5519; x_wconf 80' lang='lat' dir='ltr'><strong>natura</strong></span> <span class='ocrx_word' id='word_1_783' title='bbox 724 5468 1053 5519; x_wconf 86' lang='lat' dir='ltr'><strong>communiat</strong></span> <span class='ocrx_word' id='word_1_784' title='bbox 1116 5470 1251 5522; x_wconf 83' lang='lat' dir='ltr'><strong>bene</strong></span> <span class='ocrx_word' id='word_1_785' title='bbox 1273 5484 1395 5523; x_wconf 76' lang='lat' dir='ltr'><strong>esse</strong></span> <span class='ocrx_word' id='word_1_786' title='bbox 1451 5484 1721 5531; x_wconf 80' lang='lat' dir='ltr'><strong>sermone,</strong></span> <span class='ocrx_word' id='word_1_787' title='bbox 1783 5468 1965 5535; x_wconf 76' lang='lat' dir='ltr'><strong>Opere,</strong></span> <span class='ocrx_word' id='word_1_788' title='bbox 2012 5480 2066 5522; x_wconf 86' lang='lat' dir='ltr'><strong>et</strong></span> 
     </span>
    </p>
   </div>
   <div class='ocr_carea' id='block_1_108' title="bbox 501 5536 2065 5611">
    <p class='ocr_par' dir='ltr' id='par_1_108' title="bbox 501 5536 2065 5611">
     <span class='ocr_line' id='line_1_108' title="bbox 501 5536 2065 5611; baseline 0.003 -22"><span class='ocrx_word' id='word_1_789' title='bbox 501 5536 993 5605; x_wconf 78' lang='lat' dir='ltr'><strong>contemplatione;</strong></span> <span class='ocrx_word' id='word_1_790' title='bbox 1026 5538 1312 5607; x_wconf 86' lang='lat' dir='ltr'><strong>incoporea</strong></span> <span class='ocrx_word' id='word_1_791' title='bbox 1340 5554 1473 5593; x_wconf 62' lang='lat' dir='ltr'><strong>vero</strong></span> <span class='ocrx_word' id='word_1_792' title='bbox 1496 5538 1848 5611; x_wconf 68' lang='lat' dir='ltr'><strong>Oewpoopétq</strong></span> <span class='ocrx_word' id='word_1_793' title='bbox 1883 5542 2065 5610; x_wconf 75' lang='grc' dir='ltr'><strong>μόνον,</strong></span> 
     </span>
    </p>
   </div>
   <div class='ocr_carea' id='block_1_109' title="bbox 2175 5395 3714 5471">
    <p class='ocr_par' dir='ltr' id='par_1_109' title="bbox 2175 5395 3714 5471">
     <span class='ocr_line' id='line_1_109' title="bbox 2175 5395 3714 5471; baseline 0.001 -19"><span class='ocrx_word' id='word_1_794' title='bbox 2175 5402 2225 5453; x_wconf 91' lang='lat' dir='ltr'><strong>id</strong></span> <span class='ocrx_word' id='word_1_795' title='bbox 2255 5412 2357 5465; x_wconf 81' lang='lat' dir='ltr'><strong>est,</strong></span> <span class='ocrx_word' id='word_1_796' title='bbox 2396 5403 2505 5454; x_wconf 87' lang='lat' dir='ltr'><strong>sola</strong></span> <span class='ocrx_word' id='word_1_797' title='bbox 2535 5402 3008 5471; x_wconf 84' lang='lat' dir='ltr'><strong>contemplatione,</strong></span> <span class='ocrx_word' id='word_1_798' title='bbox 3063 5402 3143 5459; x_wconf 84' lang='lat' dir='ltr'><strong>sic</strong></span> <span class='ocrx_word' id='word_1_799' title='bbox 3199 5409 3423 5457; x_wconf 80' lang='lat' dir='ltr'><strong>sanctus</strong></span> <span class='ocrx_word' id='word_1_800' title='bbox 3479 5395 3714 5450; x_wconf 61' lang='grc' dir='ltr'>διδιίιιιυδ</span> 
     </span>
    </p>
   </div>
   <div class='ocr_carea' id='block_1_110' title="bbox 2175 5475 2590 5538">
    <p class='ocr_par' dir='ltr' id='par_1_110' title="bbox 2175 5475 2590 5538">
     <span class='ocr_line' id='line_1_110' title="bbox 2175 5475 2590 5538; baseline -0.002 -13"><span class='ocrx_word' id='word_1_801' title='bbox 2175 5475 2226 5525; x_wconf 89' lang='lat' dir='ltr'><strong>in</strong></span> <span class='ocrx_word' id='word_1_802' title='bbox 2251 5486 2317 5525; x_wconf 84' lang='lat' dir='ltr'><strong>eo</strong></span> <span class='ocrx_word' id='word_1_803' title='bbox 2337 5480 2439 5524; x_wconf 81' lang='lat' dir='ltr'><strong>lt&#39;lﬂ</strong></span> <span class='ocrx_word' id='word_1_804' title='bbox 2469 5487 2590 5538; x_wconf 80' lang='lat' dir='ltr'><strong>cap.</strong></span> 
     </span>
    </p>
   </div>
   <div class='ocr_carea' id='block_1_111' title="bbox 561 5694 2079 5771">
    <p class='ocr_par' dir='ltr' id='par_1_111' title="bbox 561 5694 2079 5767">
     <span class='ocr_line' id='line_1_111' title="bbox 561 5694 2079 5767; baseline 0.003 -18"><span class='ocrx_word' id='word_1_805' title='bbox 561 5694 634 5767; x_wconf 81' lang='grc' dir='ltr'>(ιι)</span> <span class='ocrx_word' id='word_1_806' title='bbox 664 5699 924 5757; x_wconf 74' lang='lat' dir='ltr'><strong>Ditinitas</strong></span> <span class='ocrx_word' id='word_1_807' title='bbox 947 5714 1027 5760; x_wconf 85' lang='lat' dir='ltr'><strong>cst</strong></span> <span class='ocrx_word' id='word_1_808' title='bbox 1053 5717 1172 5758; x_wconf 75' lang='lat' dir='ltr'><strong>esse</strong></span> <span class='ocrx_word' id='word_1_809' title='bbox 1202 5702 1441 5759; x_wconf 82' lang='lat' dir='ltr'><strong>onntium</strong></span> <span class='ocrx_word' id='word_1_810' title='bbox 1466 5710 1519 5759; x_wconf 88' lang='lat' dir='ltr'><strong>ct</strong></span> <span class='ocrx_word' id='word_1_811' title='bbox 1542 5701 1842 5758; x_wconf 87' lang='lat' dir='ltr'><strong>substantia</strong></span> <span class='ocrx_word' id='word_1_812' title='bbox 1874 5704 2079 5757; x_wconf 63' lang='lat' dir='ltr'><strong>atina-:2</strong></span> 
     </span>
    </p>
   </div>
   <div class='ocr_carea' id='block_1_112' title="bbox 2183 5694 2751 5771">
    <p class='ocr_par' dir='ltr' id='par_1_112' title="bbox 2183 5698 2751 5771">
     <span class='ocr_line' id='line_1_112' title="bbox 2183 5698 2751 5771; baseline -0.005 -15"><span class='ocrx_word' id='word_1_813' title='bbox 2183 5720 2217 5771; x_wconf 74' lang='grc' dir='ltr'><strong>ς,</strong></span> <span class='ocrx_word' id='word_1_814' title='bbox 2254 5703 2303 5756; x_wconf 65' lang='lat' dir='ltr'><strong>iii</strong></span> <span class='ocrx_word' id='word_1_815' title='bbox 2334 5713 2413 5757; x_wconf 76' lang='lat' dir='ltr'><strong>est</strong></span> <span class='ocrx_word' id='word_1_816' title='bbox 2439 5698 2751 5757; x_wconf 82' lang='lat' dir='ltr'><strong>causaliter.</strong></span> 
     </span>
    </p>
   </div>
  </div>
