3980 6208
239 331 363 397 885~

1025 343 1261 405 DECAS
1295 345 1432 408 VII.
1467 371 1535 384 -
1559 345 1659 406 DE
1693 341 1959 405 DIVINA
2003 343 2670 409 PARTICIPATIONE.

3389 348 3523 412 θξς

244 462 451 499 marum
473 441 639 496 etiam
666 446 943 515 mentium,
969 452 1069 506 illte
1101 455 1245 506 enim
1279 471 1396 521 quae
1430 457 1594 524 magis
1624 454 1809 527 eogni-
1843 457 1884 513 Α
1918 455 2111 509 (Ιίνῑπιευ
2148 463 2355 509 naturze
2395 466 2697 519 consortes,
2729 462 2782 509 et
2817 455 3112 524 participes
3167 459 3504 525 aeternitatis

246 538 445 592 tionem
484 555 535 594 et
556 541 892 610 sapientiatn‘
916 543 1333 614 partieiparunt,
1374 547 1542 616 magis
1575 547 1685 599 Deo
1718 561 1819 616 ap-

247 631 636 702 propinquant.

881 725 1108 781 CAPUT
1139 726 1205 782 Χ.

247 839 413 914 Quae
442 841 580 895 Deus
607 844 996 910 participabilis
1019 854 1122 905 est.
1144 855 1193 898 et
1225 854 1369 898 totus
1399 863 1499 899 non
1522 847 1822 914 partiripu-

320 910 472 970 bilis;
504 925 551 961 et
579 929 682 988 ira
715 914 919 988 aliquid
948 916 1001 968 in
1029 932 1086 968 eo
1115 910 1591 982 participabiiepet
1617 910 1822 988 aliquid

319 996 422 1032 non
450 983 839 1048 porricit-abite.

320 1089 545 1162 Magnus
575 1092 865 1162 Dionysius
894 1094 946 1147 itt
975 1095 1218 1149 secundo
1249 1110 1372 1166 cap.
1412 1096 1483 1149 De
1505 1098 1695 1152 divinis
1723 1115 1785 1151 uo
1804 1126 1822 1142 ο

247 1183 531 1236 minibus:
580 1184 648 1237 Et
712 1185 837 1248 hoc,
900 1187 1095 1256 inquit.
1157 1203 1462 1252 commune,
1513 1197 1566 1241 et
1605 1191 1824 1258 copula-

243 1282 360 1325 tum
388 1274 487 1344 (l),
519 1285 572 1327 et
593 1292 754 1328 ttntttn
785 1287 868 1330 est
890 1279 983 1331 loli
1014 1278 1304 1343 divinitati,
1329 1280 1638 1348 participari
1677 1281 1825 1332 Scili-

243 1375 332 1418 cet
367 1375 534 1418 totam
566 1368 733 1434 ipsam
773 1369 839 1421 ah
869 1384 1192 1437 unoquoque
1236 1369 1693 1436 partieipautium,
1717 1380 1769 1424 et
1795 1387 1823 1425 a

244 1454 422 1520 nullo,
464 1456 608 1508 nulla
653 1466 824 1526 parte,
854 1458 993 1510 sicut
1025 1470 1278 1525 punctum
1335 1461 1506 1514 centri
1542 1463 1594 1514 itt
1646 1461 1825 1515 medio

241 1549 464 1613 circuli,
505 1549 574 1601 ab
607 1551 860 1604 omnibus
887 1551 1040 1605 lineis
1067 1553 1247 1613 rectis,
1276 1568 1394 1619 quae
1428 1563 1558 1606 sunt
1615 1552 1823 1608 circulo

239 1636 668 1704 circumpositae;
699 1640 1052 1708 participatur
1075 1680 1089 1704 ,
1123 1648 1177 1694 et
1205 1641 1349 1695 sicut
1409 1643 1587 1696 multae
1642 1643 1836 1711 ﬁgure

241 1725 406 1793 sigilli
442 1741 737 1795 expressae.
785 1730 1137 1801 archetypum
1197 1730 1429 1800 sigillum
1480 1732 1821 1800 participant,

237 1827 304 1872 et
341 1815 396 1868 in
427 1831 752 1885 unaquaque
791 1817 960 1887 figura
994 1819 1164 1890 sigilli
1214 1836 1492 1889 expressa“
1539 1829 1710 1876 totum
1771 1833 1825 1876 et

239 1909 391 1962 item
425 1908 795 1979 sigillum-est,
828 1920 879 1964 et
917 1913 966 1964 in
1005 1912 1346 1982 nullallgura
1379 1911 1679 1967 secundum
1710 1911 1829 1964 nul-

243 1996 357 2048 lam
395 2005 600 2066 partem
642 2018 656 2052 :
683 1999 848 2053 vincit
869 2011 1046 2057 autem
1073 2002 1205 2067 hac,
1228 2001 1438 2056 scilicet
1465 2004 1729 2072 exempla,
1762 2001 1828 2055 il-‘-

242 2077 343 2140 ﬁni
385 2104 490 2143 non
522 2105 690 2159 posse
741 2093 1103 2159 divinitatem,
1171 2109 1290 2162 qua:
1344 2097 1586 2148 outnium
1648 2111 1827 2150 rerum

242 2195 418 2234 causa
456 2191 560 2242 est,
593 2183 1158 2251 partieipari;viucit,
1224 2186 1467 2254 inquam,
1531 2187 1632 2242 hoc
1690 2190 1828 2253 ipso,

244 2271 401 2338 quod
437 2273 734 2326 divinitatis
755 2274 833 2345 (2)
858 2277 1000 2329 nttlla
1040 2286 1150 2331 est-
1183 2279 1369 2342 tactio,
1411 2293 1508 2332 nec.
1565 2279 1665 2333 alia
1688 2305 1691 2307 ν
1715 2281 1831 2346 ejus

245 2376 376 2412 cum
445 2363 899 2432 participatrtibus
967 2365 1234 2419 mistionis
1293 2370 1617 2422 communio.
1681 2372 1834 2425 ilnne

247 2453 768 2509 locumedisserens
790 2466 1008 2510 sanctus
1058 2456 1366 2512 Maximus:
1427 2459 1690 2524 Trinitas,
1752 2463 1846 2516 ἰη-

152 2581 159 2588 .
247 2545 396 2610 quit,
430 2544 668 2598 universi
710 2547 918 2614 regina,
943 2547 1020 2600 aly
1043 2548 1110 2603 iis
1167 2564 1284 2617 qme
1317 2550 1650 2618 participare
1711 2567 1832 2606 eam

250 2636 493 2703 possint,
524 2637 879 2707 partieipatur
905 2655 1008 2692 non
1049 2642 1444 2708 coutprelicnse
1479 2657 1654 2711 neque
1712 2659 1836 2711 par-

249 2725 478 2787 ticipate
513 2745 526 2779 :
556 2727 693 2779 idem
723 2730 866 2781 enim
916 2739 1209 2800 utrumque
1271 2732 1507 2808 declarat
1531 2751 1575 2797 ;‘
1615 2734 1836 2802 partici-

250 2825 420 2886 patur
452 2818 595 2871 enim
631 2819 893 2874 Deusuon
925 2823 1342 2891 comprehense,
1407 2839 1584 2893 neque
1649 2827 1840 2878 restri-

251 2918 403 2971 ctus,
435 2911 530 2962 sed
595 2911 775 2978 potius
823 2921 966 2967 tottts
1005 2913 1057 2967 itt
1119 2915 1383 2985 cujusque
1419 2917 1845 2987 participatione

252 3001 553 3065 exsistens,
577 3011 631 3053 et
659 3003 728 3055 ab
758 3006 1010 3059 omnibus
1041 3015 1328 3074 exemptus
1353 3023 1367 3071 ;
1395 2999 1554 3061 sient"
1583 3022 1834 3076 magnam

1925 546 2063 616 ejus,
2101 555 2156 600 et
2197 558 2456 616 appareat
2513 563 2636 602 esse
2693 561 2788 601 nos
2842 547 3048 603 similes
3091 549 3139 601 ei
3199 551 3500 604 secundum

1923 637 2320 693 deilieationem
2353 655 2414 692 ex
2446 641 2638 707 gratia,
2662 647 2883 708 propter
2904 656 3068 708 quam
3100 641 3499 697 deilicationem

1922 744 1982 782 ea
2015 739 2134 799 qua:
2161 740 2306 793 sunt,
2333 731 2636 785 consistunt
2674 739 2726 786 et
2766 741 3126 800 permanent;
3159 740 3210 786 et
3243 747 3361 799 quat
3392 746 3504 786 non

1925 829 2073 883 sunt,
2145 820 2522 887 producuntur
2603 831 2657 876 et
2722 830 3075 890 generantur.
3161 822 3227 876 Et
3305 821 3500 874 lterum

1927 913 2066 966 idem
2104 930 2116 965 :
2147 911 2314 965 Deum
2340 921 2591 967 sanctum
2619 914 2912 984 participat
2944 923 3136 969 natura
3194 913 3422 968 rationis
3450 923 3506 966 et

1927 1003 2290 1073 intelligentize
2319 1006 2587 1071 particeps
2614 1004 2716 1058 hoc
2747 1006 2862 1072 ipso
2905 1006 3048 1074 quod
3077 1015 3180 1070 est,
3215 1014 3268 1059 et
3297 1015 3352 1057 ut
3405 1006 3502 1057 lie-
3581 1015 3593 1046 »ν

1927 1111 1994 1149 ne
2034 1095 2246 1158 habeat,
2290 1106 2414 1162 apta
2449 1104 2550 1150 est.
2594 1093 2668 1148 Ex
2698 1095 2782 1148 bis
2801 1096 2912 1162 jam
2965 1107 3199 1161 constat,
3257 1098 3400 1165 quod
3450 1099 3502 1150 in

1928 1181 1981 1234 in
2012 1190 2182 1235 totum
2225 1179 2366 1234 Deus
2399 1191 2450 1233 et
2476 1196 2506 1234 a
2539 1181 2697 1236 nobis
2733 1184 3113 1253 participatttr,
3152 1195 3204 1238 et
3226 1200 3331 1238 non
3379 1202 3504 1254 par-

1926 1271 2218 1340 tieipatur;
2255 1271 2616 1340 participatur
2645 1273 2862 1342 quidem
2899 1276 3201 1329 secundum
3234 1277 3503 1330 rationem

1926 1379 2123 1426 eausze,
2160 1364 2208 1416 id
2239 1373 2327 1417 est
2355 1373 2623 1430 quatenus
2655 1366 2832 1418 omnia
2870 1380 2933 1418 ex
2960 1367 3126 1420 nihilo
3149 1367 3415 1434 producit,
3453 1378 3507 1420 et

1927 1465 1985 1507 ut
2011 1453 2334 1524 simpliciter
2359 1454 2487 1519 sint,
2516 1463 2648 1509 etut
2678 1455 2818 1510 bene
2848 1455 2992 1521 sint;
3025 1471 3212 1510 rursus
3237 1471 3364 1511 vero
3401 1473 3506 1510 non

1927 1546 2280 1612 participatur
2299 1545 2602 1623 secundum
2633 1546 3103 1616 participationem
3159 1555 3420 1604 nostram.
3453 1553 3510 1598 et

1927 1637 2220 1692 secundum
2246 1621 2641 1703 exsistentiam,
2671 1654 2766 1693 nec
2785 1639 2926 1692 enim
2952 1621 3073 1690 etim
3099 1637 3392 1691 secundum
3427 1647 3509 1688 ta-

1928 1737 2071 1781 ctum
2111 1729 2188 1798 (a)
2229 1731 2636 1798 participatnus.
2699 1729 2840 1784 sicut
2912 1729 3125 1799 Species
3183 1728 3511 1796 participant

1927 1835 2148 1888 genera,
2173 1831 2225 1872 et
2253 1821 2393 1876 sicut
2413 1820 2702 1889 singularia
2731 1821 3051 1888 participant
3070 1819 3391 1873 universalia
3417 1837 3431 1872 :
3457 1828 3511 1872 et

1928 1913 2064 1966 sicut
2130 1928 2250 1980 qua:
2283 1915 2468 1968 subter
2499 1914 2669 1983 prima
2704 1921 2863 1976 sunt,
2900 1911 3227 1982 participant
3269 1911 3355 1965 illa
3395 1911 3510 1979 ipsa

1929 2004 2125 2073 prima,
2155 2021 2326 2074 neque
2346 2006 2738 2075 participamtts
2761 2021 2884 2060 eum
2921 2003 3214 2058 secundum
3241 2003 3513 2075 exsistet!-

1931 2096 2153 2157 tiam,-et
2185 2095 2330 2147 illaut
2360 2107 2520 2165 quam
2546 2097 2671 2150 dicit
2706 2099 3020 2164 permistam
3056 2093 3512 2156 communionem,

1932 2193 1989 2236 ut
2020 2185 2061 2238 si
2094 2185 2382 2239 dicatntts:
2424 2185 2541 2240 Vita
2592 2187 2835 2241 sentiens
2876 2196 2953 2240 est
3010 2200 3136 2254 pars
3188 2182 3508 2238 substantiae

1933 2275 2176 2328 omnium
2217 2291 2379 2330 sensu
2437 2277 2776 2342 viventium;
2825 2287 2879 2331 et
2930 2291 3122 2330 omnes
3186 2275 3396 2342 Species
3447 2287 3514 2325 ex

1935 2367 2161 2419 materia
2190 2376 2462 2421 concretae
2486 2368 2778 2421 secundum
2813 2368 3106 2420 admistam
3165 2365 3505 2418 communio-

1936 2459 2398 2524 ncm,.tnateriam
2419 2468 2472 2512 et
2503 2458 2730 2511 formam
2759 2459 3114 2528 participant;
3143 2457 3227 2510 lt‘s
3243 2457 3386 2510 enim
3407 2473 3522 2508 mo-

1935 2549 2020 2604 dis
2043 2540 2097 2604 et
2131 2549 2431 2602 ratiooibus
2461 2549 2700 2603 funditus
2727 2565 2758 2603 a
2788 2549 2941 2603 nobis
2965 2564 3070 2602 non
3121 2548 3516 2618 participatur:

1936 2656 2036 2695 nec
2050 2656 2234 2696 rursus
2247 2648 2327 2696 est
2345 2628 2611 2709 aliquidin
2631 2657 2695 2694 eo
2712 2645 2853 2710 quod
2873 2658 2933 2709 pa
2945 2639 3303 2710 rticipatur,et
3318 2639 3480 2707 aliqui
3505 2641 3517 2691 I

1937 2735 2081 2802 quod
2141 2748 2246 2787 non
2299 2733 2682 2802 participatur;
2710 2734 3004 2787 absurdum
3033 2733 3174 2787 enim
3200 2732 3346 2787 estsi
3374 2733 3521 2784 dica-

1942 2837 2029 2880 tttr
2057 2834 2306 2895 oportere
2352 2825 2728 2879 oxsislentiam
2759 2825 2848 2878 Dei
2874 2840 2936 2878 ex
2962 2824 3172 2879 duobus
3194 2824 3518 2893 quihusdam

1941 2919 2296 2974 dissimilibus
2339 2918 2656 2979 consistere.
2709 2932 2774 2970 ex
2813 2917 3170 2988 partic'paLili
3207 2917 3434 2979 scilicet,
3467 2925 3523 2968 et

1942 3024 2046 3064 non
2100 3009 2480 3079 participabili.
2511 3009 2577 3065 Ut
2609 3010 2950 3078 autetnjlrona
2973 3008 3209 3078 composi
3237 3010 3286 3062 io
3312 3007 3522 3063 cidinis

251 3106 454 3146 vocem
471 3095 726 3148 emissam
749 3097 1645 3168 omnesquiadsnnupartieipaut,
1671 3114 1841 3152 unus-
1869 3117 1915 3178 ρ
1947 3101 2000 3154 in
2039 3101 2139 3154 hac
2171 3099 2379 3155 Deeade
2410 3109 2688 3169 appareat,
2724 3107 2866 3167 patet
2920 3116 2983 3151 ex
3023 3099 3300 3153 contextis
3325 3098 3521 3167 positio

251 3186 494 3253 quisque
531 3202 627 3254 pro
657 3189 770 3242 suis
801 3189 1006 3242 viribus
1029 3197 1082 3241 et
1123 3190 1243 3254 viri,
1273 3199 1325 3244 et
1362 3191 1537 3258 ptteri,
1580 3199 1634 3242 et
1666 3190 1838 3245 bruta:

256 3279 611 3343 animantes;
641 3295 825 3333 verum
858 3281 947 3334 alii
989 3281 1206 3349 quidem
1239 3282 1529 3344 valentius,
1561 3283 1652 3336 alii
1707 3298 1846 3336 vero

253 3369 512 3422 oLtusius
545 3371 842 3424 secundum
877 3373 983 3424 vim
1015 3382 1068 3425 et
1095 3371 1404 3427 facilitatem
1475 3375 1748 3437 audiendi,
1785 3386 1840 3430 et

254 3459 592 3526 estquidem
620 3476 719 3513 vox
758 3461 1166 3529 participabilis,
1232 3473 1284 3516 et
1341 3464 1396 3517 in
1457 3479 1514 3517 se
1569 3466 1682 3534 ipsa
1736 3483 1840 3519 ttott

254 3550 673 3618 participabilis.
705 3551 770 3604 Et
821 3567 1006 3607 rursus
1045 3554 1185 3606 idem
1239 3555 1290 3608 in
1325 3556 1598 3609 Centuriis
1629 3557 1841 3611 theolo-

257 3642 402 3710 gieis
440 3643 684 3696 centuria
709 3644 763 3707 5,
792 3645 968 3714 capite
991 3645 1021 3696 7
1049 3662 1062 3698 :
1098 3646 1260 3710 Deus,
1296 3648 1489 3714 inquit,
1535 3648 1626 3716 qui
1657 3664 1845 3702 secun-

259 3735 395 3786 dum
423 3735 915 3790 substantiamnon
950 3746 1034 3791 est
1090 3738 1503 3807 participabilis,
1556 3756 1676 3793 rum
1733 3741 1847 3796 vult

262 3827 428 3880 aliter
456 3826 542 3880 ab
571 3827 637 3882 iis
662 3829 752 3895 qui
812 3840 1060 3897 possunt,
1108 3829 1492 3898 participari,a
1552 3843 1741 3886 natura
1792 3843 1848 3890 et

261 3919 574 3971 substantia
609 3933 705 3972 sua
726 3920 938 3973 occulta
967 3937 1071 3974 non
1100 3922 1352 3987 recedit:
1401 3925 1637 3992 quando'
1676 3925 1842 3979 etiam

265 4010 618 4079 modusipse,
649 4026 757 4078 quo
789 4012 977 4065 volens
1025 4014 1399 4083 participatur,
1451 4023 1634 4070 manet
1701 4032 1848 4072 sem-

265 4119 366 4170 per
395 4103 648 4156 omnibus
675 4115 914 4170 apertus.
947 4104 1134 4160 Adhuc
1170 4087 1312 4168 idem
1386 4109 1438 4162 in
1502 4109 1570 4164 iis
1625 4125 1744 4178 qua:
1791 4110 1846 4163 in

268 4195 571 4261 dogmatica
595 4195 838 4264 panoplia
863 4195 1108 4250 feruntur
1131 4215 1145 4251 :
1176 4197 1576 4267 Participabiiis
1608 4209 1688 4255 est
1710 4199 1849 4256 Deus

271 4287 568 4339 secundum
603 4289 1126 4342 eomanmieationes
1151 4305 1312 4353 suas;
1381 4307 1486 4343 non
1549 4293 1849 4362 participa-

275 4379 398 4431 ltilis
418 4393 546 4431 vero
571 4389 838 4446 quatenus
868 4381 1002 4433 nihil
1025 4382 1386 4435 substantiam
1451 4383 1571 4451 ejus
1629 4384 1851 4451 partici-

1946 3192 2257 3244 materiaria
2317 3192 2473 3259 hujus
2495 3193 2712 3246 decadis
2741 3207 2755 3244 :
2781 3191 3046 3260 siquidem
3088 3191 3520 3243 demonstratum

1943 3291 2026 3336 est
2061 3299 2088 3335 a
2121 3283 2409 3353 theologis,
2429 3284 2718 3351 proprium
2753 3297 2873 3336 esse
2909 3283 3024 3347 Dei,
3053 3283 3240 3334 adt-sse
3266 3281 3521 3334 omnibus

1946 3383 2265 3442 prtesentem
2283 3375 2578 3427 secundum
2614 3372 3165 3441 substantiam;quod
3194 3372 3235 3424 si
3269 3373 3523 3426 substan-

1947 3465 2019 3518 tia
2054 3464 2510 3529 adest-omnibus,
2542 3464 2897 3517 subsmntiam
2928 3463 3046 3533 ejus
3079 3464 3259 3516 omnia
3289 3463 3516 3532 partici-

1947 3566 2099 3626 pant,
2121 3572 2231 3609 non
2257 3565 2432 3608 autem
2453 3556 2612 3608 aliter
2644 3555 2988 3624 partieipatlo
3030 3555 3224 3608 divinze
3272 3555 3527 3608 substan-

1949 3653 2121 3707 timlit
2151 3667 2313 3720 quam
2345 3666 2440 3720 per
2484 3648 2726 3714 Patrem,
2778 3660 2833 3702 et
2895 3649 3091 3703 Filiqu
3151 3657 3204 3702 et
3258 3647 3520 3716 Spiritqnt

1947 3753 2194 3796 sanctum
2230 3741 2387 3808 ;lnec
2417 3739 2564 3794 enim
2600 3747 2726 3792 sunt
2755 3738 2934 3791 divina
2995 3737 3329 3798 substantia,
3387 3749 3518 3803 qua-

1949 3850 2009 3889 re
2067 3844 2315 3888 naturam
2370 3832 2534 3886 trium
2590 3846 2948 3900 personarum
3007 3828 3421 3898 participamus.
3471 3836 3527 3879 et.

1949 3939 2054 3981 neu
2093 3924 2311 3987 nudam,
2339 3924 2453 3978 sive
2474 3921 2648 3976 solum
2689 3923 2979 3991 quamdam
3040 3918 3266 3989 gratiam
3301 3935 3404 3972 non
3431 3933 3528 3986 per
3588 3925 3622 3948 ’-

1950 4033 2009 4072 se
2034 4018 2822 4079 subsistentem,creatautem
2879 4011 3120 4066 etellicit
3186 4012 3251 4064 ad
3305 4009 3528 4078 partici-

1951 4112 2225 4180 pationem
2288 4119 2552 4176 nostram,
2596 4108 2897 4178 gratiarum
2962 4105 3078 4160 sive
3139 4105 3526 4158 charismatum

1951 4201 2390 4257 distributionem
2414 4210 2615 4266 ;.crcat
2641 4199 2804 4268 igitur
2833 4199 3129 4252 secundum
3198 4194 3532 4248 convenien-

1956 4289 2079 4342 tiam
2108 4304 2172 4360 ac
2199 4289 2606 4358 proportionem
2639 4288 3080 4356 participantium
3133 4299 3196 4339 ea
3224 4300 3345 4354 quae
3400 4289 3532 4336 sunt

1955 4375 2128 4442 magis
2151 4375 2448 4442 generalia,
2479 4382 2537 4429 ttt
2567 4375 2962 4443 participentur
2993 4377 3060 4427 ali
3086 4374 3154 4428 iis
3215 4388 3334 4441 qua:
3394 4381 3525 4424 sunt

274 4479 386 4536 lui,
418 4469 498 4522 vel
526 4470 688 4524 vitam
723 4470 860 4537 ejus.
893 4471 975 4524 vel
1005 4473 1322 4540 sapientiam
1358 4447 1496 4540 ejus,-
1528 4483 1622 4528 aut
1647 4475 1847 4543 aliquid
1879 4447 1927 4505 D
1955 4466 2123 4536 magis
2151 4466 2518 4546 particularia,
2546 4473 2604 4518 ut
2675 4466 2787 4519 sola
2835 4465 2905 4519 sit
2963 4467 3074 4517 haec
3119 4465 3360 4516 omnium
3406 4473 3528 4528 qua:

275 4563 492 4623 tal'um,
529 4575 644 4628 qum
670 4561 827 4614 habet
851 4561 1032 4614 ontnia
1088 4564 1387 4616 secundum
1442 4563 1844 4629 excellentiam,

271 4663 323 4705 et
356 4653 679 4708 cximie..Ac
702 4668 888 4706 rursus
923 4653 1059 4706 idem
1095 4654 1148 4706 in
1178 4653 1336 4707 tertia
1386 4654 1654 4717 centuria,
1722 4669 1872 4722 cap-

272 4745 344 4800 δὲ
380 4745 503 4798 :Ad
531 4746 648 4810 hoc,
682 4744 1008 4814 iuquit,-nos
1043 4742 1173 4801 iecit
1234 4744 1416 4812 Deus,
1453 4755 1512 4800 ut
1553 4745 1852 4802 ediciamur

1953 4566 2277 4619 sunt,causa
2310 4565 2362 4610 et
2387 4554 2671 4617 effectrix,
2691 4555 2802 4609 sive
2829 4552 3124 4608 secundum
3160 4549 3529 4618 participatio-

1954 4664 2102 4730 nem,
2135 4647 2250 4703 sive
2281 4649 2585 4704 secundum
2613 4645 2990 4700 exsistentiam
3050 4642 3322 4713 proposita
3375 4642 3526 4705 sint;

1955 4741 2216 4810 quoniam
2236 4739 2414 4794 omnis
2440 4734 2746 4792 diﬂ'erentia
2772 4746 2827 4790 et
2879 4733 3116 4788 varietas
3183 4731 3529 4803 potissimum

1749 4929 2016 4996 Scholia.
2033 4985 2038 4989 .

349 5089 428 5154 (τ)
461 5087 769 5141 Commune.
825 5084 976 5149 Quia-
1015 5084 1373 5138 communitas
1415 5083 1674 5139 essentia:
1724 5097 1846 5154 cum

278 5153 530 5226 pvrsottis
561 5155 756 5210 divinis
781 5171 884 5226 non
915 5165 998 5207 est
1024 5155 1382 5226 communitas
1423 5155 1664 5226 rationis.
1711 5153 1846 5226 ut_in

277 5221 478 5296 genere
509 5241 630 5296 eum
662 5224 971 5296 speciebus,
1002 5224 1182 5296 aut__iu
1209 5221 1392 5289 specie
1417 5237 1557 5296 cum
1612 5221 1850 5296 singula-

280 5291 434 5352 iihus
465 5335 479 5355 .
511 5294 717 5348 addidit
750 5294 1052 5362 Dionysius,
1087 5291 1303 5346 Uuitutn
1337 5292 1673 5359 ;.singnlaria
1703 5291 1848 5343 enim

278 5369 453 5431 divisa
491 5373 638 5424 sunt,
667 5375 716 5416 et
773 5378 984 5429 Sjtet'lt‘s
1045 5365 1168 5415 item
1235 5362 1445 5423 divisaz.
1495 5362 1585 5414 sed
1644 5375 1849 5424 rursus,

280 5439 403 5503 quia
440 5453 547 5488 non
578 5443 660 5487 est
698 5437 823 5486 unio
862 5446 1210 5493 pez'SOIIal'ttttt
1237 5431 1537 5503 divinarum
1589 5431 1722 5484 laeta
1754 5445 1848 5496 per

283 5501 776 5569 congregationem,
811 5503 903 5554 sed
935 5503 1056 5568 quia
1088 5502 1320 5554 essentia
1358 5501 1534 5552 divina
1570 5509 1654 5553 est
1681 5514 1846 5569 unutn

287 5568 514 5628 munero
547 5575 598 5627 in
641 5573 832 5634 tribus,
872 5572 988 5625 sive
1028 5582 1138 5624 tres
1167 5580 1292 5623 sunt
1322 5584 1486 5624 unum
1539 5583 1766 5623 numero
1790 5568 1844 5622 in

1949 5084 2002 5136 iu
2057 5081 2332 5138 essentia.
2391 5077 2898 5140 idcirco-addidit,
2965 5076 3163 5139 Unum,
3221 5092 3288 5129 ex
3341 5084 3533 5126 sancto

1949 5153 2345 5288 Ἧῖἐὲἶιὲοοηρδι
2388 5231 2567 5279 tactus
2603 5220 2798 5290 aliquis
2825 5218 3063 5290 deit‘atis,
3127 5215 3192 5269 ad
3251 5221 3530 5267 creaturas

1950 5300 2233 5359 comodo,
2270 5311 2376 5363 quo
2399 5310 2464 5348 ex
2490 5292 2663 5365 sigillo
2684 5287 2885 5365 etet-ra
2921 5287 2976 5340 lit
3021 5301 3182 5339 onum
3245 5299 3340 5365 per
3394 5297 3527 5336 eon-

1955 5374 2100 5415 laetu
2127 5384 2180 5426 ιι,
2212 5360 2308 5418 nee
2338 5376 2418 5416 est
2455 5363 2554 5415 alia
2581 5360 2908 5422 communio,
2943 5373 3044 5425 qua
3107 5360 3532 5426 comtttisreatnr

1954 5448 2073 5486 Cttttt
2109 5435 2286 5498 rebus,
2322 5433 2459 5486 sicut
2503 5439 2754 5500 punctum
2800 5428 2970 5483 centri
3033 5425 3417 5500 cotntniscr_tur
3468 5425 3534 5474 Ii-

1954 5502 2070 5556 neis
2098 5492 2367 5572 quatenus
2387 5514 2468 5558 est
2498 5492 2757 5555 terminus
2779 5511 2988 5562 earum,
3011 5512 3073 5552 ex
3095 5507 3282 5552 sancto
3301 5492 3550 5548 Titanum.

356 5755 433 5825 (α)
469 5749 694 5805 τιιιιηιη
732 5763 882 5808 vocat
921 5751 1229 5820 ttuliotmtt;
1258 5761 1338 5807 est
1359 5750 1502 5807 enim
1523 5752 1666 5809 notio
1689 5758 1854 5808 tactus

1939 5750 2105 5806 tidatn
2121 5749 2438 5822 spirituaits.
