3980 6208
489 221 614 284 ’983

1651 202 1977 266 ἸΟΑΝΝΙΞ
2001 203 2007 210 ’
2030 197 2067 259 C

2177 196 2583 260 tuissmrm
2855 144 2860 148 ’
3143 161 3164 180 ’⁷
3603 197 3690 261 θοι

501 345 649 390 ctum
700 339 820 385 est:
858 329 996 383 Deus
1026 327 1255 381 charitas
1287 322 1445 378 est“.
1501 321 1590 377 Sic
1639 322 1802 388 igitur
1849 335 1952 374 non
1978 329 2088 374 -est
2115 315 2161 375 Δ
2190 305 2494 370 moventem
2532 326 2660 367 vero
2684 308 3114 378 dicit,tanquam
3151 307 3238 374 qui
3261 306 3454 377 singula
3493 323 3692 372 moveat,

511 425 848 485 mirandum,
906 421 950 475 si
1005 419 1258 472 virtutem
1307 415 1438 469 dicit
1487 413 1575 468 hic
1629 413 1826 466 habere
1879 420 2080 465 teterne

509 517 676 569 Deum
712 513 1056 579 genitorem:
1094 507 1146 560 id
1179 517 1283 572 est,
1325 503 1468 558 Deus
1507 519 1628 558 cum
1683 502 1909 555 haberet
1955 513 2076 555 eam

507 606 560 658 in
604 620 660 659 se
711 603 830 671 ipso
886 599 1111 667 protulit
1145 611 1265 651 eam
1303 594 1474 658 foras,
1513 594 1566 646 id
1595 600 1700 656 est,
1745 591 1892 646 circa
1928 604 2079 645 crea-

512 707 679 748 turas.
752 692 1014 746 Similiter
1071 689 1200 744 illud
1266 689 1382 743 Non
1448 696 1588 751 erat,
1675 687 1912 764 quando
1976 699 2078 737 non

487 795 625 840 erat
669 786 844 839 virtus
896 791 951 836 ct
994 783 1225 846 bonitas,
1274 779 1530 848 adjuncto
1561 761 1803 845 tempore
1835 761 2080 830 redditur

508 876 852 931 consentiens
898 888 1102 934 secum,
1161 870 1367 925 etcum
1413 870 1535 923 aliis
1583 877 1708 922 ante
1770 867 1951 922 dictis.
1989 866 2083 920 Ni-

509 965 584 1019 hil
642 965 811 1033 igitur
859 978 1045 1018 eorum
1111 977 1229 1029 quae
1296 971 1449 1014 antea
1502 960 1868 1012 demonstrata
1931 969 2076 1024 sunt,

500 1061 707 1110 .rationi
751 1057 1088 1110 adversatur.
1141 1055 1281 1109 Deus
1315 1063 1515 1117 autem,
1571 1052 1662 1120 qui
1704 1067 1922 1105 causam
1974 1065 2077 1104 non

503 1148 699 1208 habet.
762 1157 815 1202 et
865 1161 1108 1202 omnium
1167 1159 1326 1199 causa
1375 1153 1480 1205 est,
1537 1159 1600 1196 ex
1648 1143 1816 1196 nihilo
1871 1141 2077 1210 produ—

508 1238 580 1292 cit
613 1247 918 1292 creaturam
949 1256 963 1302 ;
999 1252 1171 1305 neque
1218 1236 1515 1305 quidquam
1552 1249 1742 1288 eorum
1773 1249 1897 1303 quae
1927 1242 2076 1296 sunt,

506 1327 772 1396 quidquid
819 1329 948 1382 illud
995 1329 1088 1393 sit,
1135 1334 1466 1381 coaeternum
1515 1325 1563 1379 ei
1596 1335 1700 1391 est,
1745 1326 1860 1380 sive
1904 1340 1968 1378 ex
2013 1325 2078 1378 iis

508 1418 618 1472 sint
647 1435 768 1488 quae
806 1427 1047 1487 tempore
1073 1427 1246 1486 empta
1277 1426 1427 1482 sunt,
1474 1416 1589 1472 sive
1616 1431 1718 1470 non
1747 1427 1922 1485 empta
1945 1426 2080 1470 tem-

505 1525 660 1580 pore,
691 1512 783 1565 sed
815 1525 929 1564 aevo
963 1511 1356 1577 comprehensa
1387 1551 1400 1574 ,
1436 1511 1554 1564 sive
1587 1523 1652 1562 ex
1689 1509 1756 1563 iis
1790 1523 1910 1576 quae
1953 1516 2080 1562 sunt

508 1601 921 1670 partieipantia,
972 1602 1088 1656 sive
1119 1617 1236 1670 quae
1261 1602 1580 1670 Participata
1608 1643 1622 1666 ,
1655 1610 1709 1656 et
1743 1601 1914 1656 solum
1960 1611 2017 1655 ut
2046 1617 2073 1654 a
2107 1641 2151 1700 Β

508 1692 962 1760 participantibus
992 1692 1413 1761 participentur,
1447 1692 1692 1761 exposita
1721 1709 1735 1756 ;
1770 1691 1883 1746 sive
1915 1706 1978 1745 ex
2005 1691 2072 1747 iis

505 1781 615 1838 sint
642 1797 762 1850 quae
802 1781 1193 1849 intelliguntur,
1243 1782 1356 1835 sive
1398 1796 1518 1850 quae
1567 1782 1897 1848 intelligunt.
1935 1782 2074 1836 Deus

502 1874 651 1926 cnim
694 1871 911 1924 infinite
949 1872 1002 1925 in
1041 1871 1309 1925 infinitum
1350 1885 1412 1925 cs
1446 1872 1530 1926 his
1577 1883 1630 1925 et
1661 1871 1768 1926 illis
1793 1882 2076 1941 exemptus

505 1971 590 2037 est
619 1979 631 2014 :
667 1963 924 2027 quoniam
973 1961 1121 2018 solus
1152 1961 1266 2030 ipse
1300 1973 1383 2017 cst
1410 1963 1652 2015 omnium
1707 1978 1810 2016 una
1867 1979 2027 2018 causa
2057 1982 2072 2028 ;

505 2067 681 2121 neque
717 2053 880 2107 hahet
910 2063 1036 2108 ante
1080 2068 1139 2108 se
1180 2053 1370 2121 majus’
1402 2053 1630 2123 aliquid,
1664 2069 1842 2124 neque
1889 2068 2074 2111 secum

502 2144 732 2212 atquale,
767 2159 941 2213 neque
966 2153 1087 2212 post
1116 2158 1176 2198 se
1203 2144 1405 2197 minus.

1121 2253 1350 2308 CAPUT
1389 2237 1452 2307 v'.

504 2367 660 2433 Quod
689 2369 822 2424 nihil
849 2385 1028 2422 eorum
1055 2386 1171 2437 qua
1191 2380 1334 2436 smn,
1367 2386 1430 2423 ex
1460 2386 1515 2422 se
1547 2370 1655 2436 ipso
1677 2373 1946 2436 prodicns.
1995 2383 2076 2428 est

575 2456 676 2490 non
709 2441 972 2492 divisum:
1018 2439 1153 2491 Dens
1178 2448 1352 2491 autent
1390 2441 1672 2492 secundum
1708 2459 1863 2493 unam
1923 2459 2073 2496 stium

574 2519 885 2573 potestatem
915 2508 1315 2572 multiplicatus,
1342 2517 1389 2560 et
1417 2511 1471 2560 in
1501 2511 1675 2563 omnia
1706 2511 1968 2578 prodit-ns,
1998 2521 2075 2566 est

576 2594 677 2629 non
707 2579 931 2640 divisus,
951 2587 998 2631 et
1027 2594 1059 2629 a
1090 2594 1144 2630 se
1167 2594 1268 2630 non
1291 2579 1484 2632 exiens.

579 2687 1140 2760 MagnusDiOnysius,
1170 2704 1290 2756 cap.
1322 2689 1375 2752 4,
1406 2691 1479 2744 De
1503 2690 1700 2746 divinis
1733 2695 2028 2748 nominibus
2057 2713 2073 2750 :

506 2777 847 2840 Audendum,
879 2780 1072 2847 inquit,
1109 2790 1190 2834 est
1217 2781 1396 2834 dicere
1422 2781 1524 2834 hoc
1555 2797 1651 2847 pro
1671 2785 2072 2855 veritate,qnod

507 2865 622 2933 ipse
653 2867 744 2934 qui
778 2875 860 2921 est
896 2868 1138 2920 omnium
1171 2880 1384 2932 auctor,
1425 2870 1648 2937 pulchro
1670 2882 1724 2926 et
1746 2875 1884 2927 bono
1925 2892 2075 2930 amo-

2184 419 2244 464 ut
2277 409 2469 477 cuique
2493 407 2763 468 convenit,
2798 415 2857 458 nt
2887 408 2951 458 ad
2983 420 3043 460 sc
3077 406 3251 472 ipsum
3289 412 3563 468 convertat,
3609 420 3693 456 no-

2183 513 2306 554 tuen
2339 509 2516 552 autem
2563 497 2818 552 lenocinii
2868 497 2968 550 etsi
3004 495 3142 562 apud
3195 493 3470 560 scriptores
3502 493 3702 564 gentiles

2183 605 2294 644 rem
2319 589 2593 659 significat
2617 604 2718 642 non
2737 597 2978 642 sanctam
3009 575 3412 654 nequecasttitii,
3441 583 3520 666 hic
3544 594 3697 635 tamen

2181 681 2448 750 significat
2479 679 2910 734 conciliationem
2943 677 3314 740 intermediam
3341 671 3702 742 conjunction}

2181 789 2302 827 cum
2326 773 2456 829 Deo.
2485 773 2901 827 Et-adhucidem
2928 772 3105 835 capite
3127 769 3193 823 88
3224 784 3238 820 :
3262 767 3429 821 Motus
3444 767 3708 842 amatorius

2183 867 2307 920 boui
2339 866 2513 936 quiin
2573 864 2716 917 bono
2774 865 2924 932 prius
2952 861 3165 915 exsistit
3197 859 3412 924 simplex
3441 867 3490 912 et
3539 858 3708 910 inuno-

2182 958 2326 1020 bilis,
2357 973 2421 1009 ex
2447 957 2585 1010 bono
2613 955 2866 1024 prodiens
2893 953 2957 1006 ad
2985 953 3034 1005 id
3067 953 3242 1020 ipsum
3279 951 3410 1004 redit
3438 952 3534 1001 fine
3556 958 3602 1001 ct
3631 948 3708 1015 qui

2174 1045 2235 1100 in
2269 1048 2412 1099 bono
2432 1032 2926 1115 principioicarcns,
2947 1043 3084 1112 quod
3101 1042 3314 1110 quidem
3331 1041 3573 1101 declarat,
3593 1039 3710 1091 desi-

2181 1138 2387 1192 derium
2425 1146 2665 1192 nostrum
2697 1151 2909 1204 semper
2933 1135 2998 1188 ad
3024 1135 3190 1188 Deum
3225 1132 3448 1196 moveri;
3473 1131 3711 1198 copulatio

2181 1230 2324 1282 enim
2353 1242 2476 1296 cuin
2506 1229 2611 1282 Deo
2634 1242 2698 1281 ex
2740 1227 3030 1289 charitate,
3068 1239 3291 1279 omnem
3347 1223 3707 1291 copulationem

2180 1319 2370 1385 vincit,
2399 1329 2451 1372 et
2483 1319 2550 1372 ab
2585 1319 2730 1371 omni
2765 1317 3151 1386 conjunctione
3205 1315 3475 1368 eximitur.
3530 1312 3710 1366 Rursus

2180 1407 2321 1462 item
2348 1409 2524 1475 capite
2553 1408 2621 1462 89
2647 1425 2660 1460 :
2685 1408 2939 1460 Amorem
2973 1421 3096 1482 cum
3125 1389 3379 1465 dicimus,
3424 1403 3534 1457 sive
3596 1401 3710 1453 divi-

2183 1517 2334 1562 num,
2377 1501 2492 1554 sive
2531 1499 2859 1570 angelicum,
2888 1499 3008 1553 sive
3056 1497 3417 1567 spiritualetr,
3464 1495 3570 1558 sive
3617 1494 3714 1547 ani-

2183 1595 2396 1658 malem,
2428 1595 2559 1648 sive
2613 1592 2935 1656 naturalem,
2999 1589 3362 1656 intelligamus
3409 1587 3508 1640 vim
3555 1601 3716 1654 quant-

2177 1686 2302 1740 dam
2345 1686 2461 1740 sive
2496 1693 2819 1753 potestatem
2876 1682 3233 1750 vcopulantem
3284 1689 3338 1733 et
3395 1679 3717 1732 commiscen-

2180 1785 2308 1841 tcm,
2336 1778 2616 1845 superiora
2651 1778 2866 1846 quidem
2907 1788 3212 1836 moventem
3242 1774 3309 1827 ad
3344 1773 3711 1843 providentiam

2179 1869 2498 1924 inferiorum
2525 1911 2540 1933 ,
2569 1885 2630 1923 ea
2663 1883 2788 1922 vero
2813 1883 2932 1937 quae
2961 1875 3089 1920 sunt
3128 1865 3371 1935 ejusdem
3397 1865 3612 1925 ordinis,
3659 1863 3713 1914 all

2179 1973 2420 2016 mutuam
2453 1960 3033 2022 communicationem,
3071 1965 3126 2014 et
3193 1957 3484 2011 novissime
3513 1971 3569 2009 ca
3616 1968 3714 2023 qua:

2178 2064 2304 2108 sunt
2340 2052 2613 2108 inferioris
2646 2063 2950 2106 moventem
2987 2053 3053 2104 ad
3100 2040 3527 2104 convertendum
3558 2063 3611 2102 se
3659 2046 3713 2098 ad

2176 2144 2540 2220 prcstantiora
2591 2155 2647 2198 et
2710 2143 3023 2213 praeposita.
3076 2142 3151 2196 Ac
3189 2156 3390 2194 rursus
3444 2137 3717 2208 Dionysius,

2176 2252 2298 2306 cap.
2341 2237 2375 2291 4
2416 2235 2491 2289 De
2512 2236 2698 2290 divinis
2748 2234 3097 2288 nominibus:
3150 2232 3262 2286 Hoc
3312 2247 3475 2285 unum
3520 2229 3720 2295 bonum,

2178 2328 2375 2398 inquit,
2394 2337 2448 2380 et
2481 2327 2787 2396 pulchrum,
2823 2306 3174 2394 singulariter
3209 2333 3291 2377 est
3335 2324 3567 2376 Omnium
3599 2321 3716 2374 inul-

2181 2429 2354 2488 torum
2386 2419 2649 2471 bonorum
2671 2429 2724 2471 et
2755 2417 3102 2485 pulchrorum
3164 2431 3354 2469 cansa.
3390 2416 3451 2470 Et
3475 2416 3523 2467 in
3585 2413 3722 2483 quiu-

2179 2520 2233 2565 to
2272 2511 2488 2582 capite:
2528 2509 2582 2563 In
2621 2525 2728 2563 uno
2763 2509 2905 2562 enim
2939 2507 3102 2566 Deus.
3135 2519 3356 2575 uisa-pe
3407 2508 3594 2560 dictum
3622 2515 3718 2567 cst,

2176 2604 2356 2657 omnia
2395 2616 2514 2671 quae
2545 2603 2834 2662 exsistunt,
2888 2598 3184 2668 praeliabet,
3218 2597 3420 2652 etf'ccit
3467 2607 3522 2656 ut
3570 2595 3722 2654 subsi-

2177 2702 2400 2757 sturent,
2424 2708 2659 2762 prmseus
2678 2693 2951 2758 omnibus,
2973 2701 3025 2746 et
3043 2691 3240 2758 ubique
3259 2688 3364 2760 (εὶ).
3380 2702 3427 2744 et
3453 2686 3718 2742 secundum

2178 2800 2365 2849 unum,
2389 2791 2443 2838 et
2465 2784 2759 2845 secundum
2788 2783 2925 2836 idem
2954 2790 3044 2847 ;et
3075 2784 3378 2845 secundum
3416 2782 3572 2841 idem,
3623 2793 3721 2832 0m-

2179 2890 2266 2938 nc,
2295 2890 2483 2927 unum.
2517 2873 2651 2926 Elin
2684 2887 2804 2941 cap.
2849 2871 2903 2937 7,
2933 2873 2998 2926 de
3033 2872 3236 2926 eisdem
3266 2872 3470 2923 divinis
3518 2868 3722 2923 nomini-

502 2973 562 3014 re
585 2968 807 3026 propter
835 2959 1211 3023 excellentiam
1243 2974 1510 3016 summam
1537 2964 1814 3019 amatoriae
1860 2967 2071 3022 bonita-
2097 2973 2138 3029 ο
2175 2967 2274 3019 bus
2298 2983 2312 3019 :
2349 2965 2558 3019 Etenim
2585 2964 2629 3018 si
2657 2964 2959 3019 secundum
2996 2979 3167 3016 unam
3193 2979 3417 3018 causam
3449 2961 3579 3015 Deus
3626 2974 3722 3011 ont-

501 3051 573 3105 tis
605 3059 756 3104 extra
795 3064 852 3102 se
900 3063 994 3116 per
1027 3042 1394 3115 providentiae
1433 3055 1669 3107 omnium
1699 3071 1877 3110 rerum
1923 3059 2066 3113 exsi-

495 3143 611 3199 stit.
642 3154 695 3194 et
746 3140 989 3193 bonitate
1024 3151 1186 3204 atque
1245 3142 1535 3198 dilectione
1564 3156 1615 3199 et
1672 3162 1855 3202 amore
1900 3150 2064 3204 veluti

497 3231 750 3284 delinitur
775 3231 849 3300 (l)
873 3241 926 3283 et
949 3231 1248 3284 oblectatur
1268 3250 1282 3286 :
1304 3242 1356 3284 et
1377 3249 1496 3286 cum
1517 3238 1586 3288 sit
1607 3251 1764 3306 supra
1785 3241 1985 3302 omnia,
2012 3253 2066 3295 ct

498 3337 562 3376 cx
594 3322 845 3374 omnibus
863 3329 1163 3388 exemptus,
1194 3325 1260 3374 ad
1288 3323 1470 3376 omnia
1516 3325 1819 3381 demittitur
1869 3341 2066 3386 secun-

490 3413 625 3479 dum
662 3423 979 3480 potestatem
1013 3413 1610 3484 suprasnhstnntialem,
1661 3435 1765 3486 qua
1799 3423 2060 3489 extra’se,

493 3516 605 3559 non
641 3503 1109 3570 egrediendoexit.
1138 3502 1201 3556 Et
1223 3519 1407 3557 rursus
1433 3505 1570 3560 idem
1607 3507 1658 3561 in
1681 3511 1866 3564 eodem
1896 3513 2012 3566 loco
2047 3529 2060 3566 :

493 3594 594 3656 Nel
629 3595 752 3662 quia
796 3594 909 3662 ipse
943 3594 1043 3647 sibi
1106 3595 1458 3660 lenocinatur,
1489 3607 1544 3650 et
1596 3613 1655 3654 se
1701 3613 1894 3666 movet,
1961 3606 2063 3660 hac

498 3684 645 3754 enim
673 3682 884 3742 ratione
908 3682 1160 3744 dilectum
1186 3692 1239 3736 et
1268 3683 1552 3737 amabilem
1591 3701 1710 3739 eum
1756 3704 1949 3746 vocant
1970 3709 2059 3747 ve-

498 3773 600 3844 ltili
626 3773 908 3840 pulchrum
952 3782 1006 3828 et
1040 3760 1260 3838 bonum,
1290 3783 1344 3828 et
1401 3784 1654 3843 lanqnam
1686 3781 1759 3834 sit
1813 3784 2055 3849 mundam

495 3863 578 3928 sui
605 3877 774 3930 perse
798 3862 972 3928 ipsum
1000 3862 1312 3929 patefactio,
1340 3871 1392 3921 et
1438 3863 1572 3922 bona
1604 3871 1906 3936 progressio
1948 3873 2064 3926 exi.

496 3950 620 4020 inim
657 3948 1043 4016 ropiilationis,
1067 3960 1119 4003 et
1145 3951 1416 4003 amatoria
1459 3953 1644 4016 motio,
1671 3955 1915 4024 simplex,
1967 3976 2064 4028 per

496 4053 557 4104 se
580 4039 811 4099 mobilis,
843 4053 938 4106 per
962 4054 1021 4092 se
1053 4054 1241 4106 agens,
1274 4055 1392 4106 qua:
1427 4042 1574 4109 prius
1617 4046 1823 4100 exstitit
1846 4049 1896 4102 iu
1925 4051 2062 4104 bono

495 4130 563 4200 ad
600 4144 661 4181 ea
698 4144 817 4197 qua:
835 4138 980 4192 sunt,
1008 4137 1210 4191 manat,
1243 4139 1296 4183 et
1330 4147 1516 4186 rursus
1548 4137 1614 4187 ad
1656 4137 1846 4192 bonum
1879 4155 2060 4196 rever-

499 4221 650 4282 titur.
679 4219 742 4274 Et
794 4227 1019 4271 Sanctus
1057 4209 1324 4271 Maximus
1353 4222 1402 4272 in
1443 4223 1684 4276 centuria
1722 4225 1775 4286 8,
1805 4243 1922 4298 cap.
1956 4230 2058 4284 87:

2175 3056 2336 3109 nibus
2400 3055 2658 3123 impertit.
2695 3065 2754 3107 ut
2813 3055 2956 3117 sint,
3026 3055 3326 3108 secundum
3383 3055 3544 3122 ipsam
3598 3051 3720 3104 illam

2177 3162 2396 3201 causam
2451 3147 2776 3216 singularem
2837 3156 3123 3212 cognoscet
3175 3149 3383 3201 omnia.
3443 3147 3504 3199 Et
3532 3142 3720 3209 capJQ,

2177 3239 2243 3292 de
2300 3238 2380 3294 eis
2404 3241 2503 3292 lem
2553 3237 2750 3293 divinis
2811 3239 3119 3292 nominibus
3174 3257 3187 3290 :
3243 3237 3374 3292 lltcc
3421 3239 3578 3306 igitur
3614 3243 3718 3290 sunt

2176 3331 2291 3383 sine
2345 3329 2743 3385 intermissione
2791 3327 3036 3384 laudibus
3100 3328 3421 3382 celebranda
3482 3329 3529 3378 in
3559 3340 3721 3387 causa,

2175 3437 2297 3488 qua:
2326 3421 2575 3474 erunibus
2595 3420 2864 3474 antecellit
2892 3438 2906 3483 ;
2931 3429 2980 3473 et
3001 3421 3306 3473 addendum
3335 3431 3414 3474 csl
3437 3421 3599 3490 ipsam
3621 3431 3723 3471 esse

2175 3515 2979 3582 sanctitatemexsitperantem,
3009 3521 3062 3566 et
3104 3513 3443 3566 dominatum
3510 3527 3569 3563 ac
3614 3525 3717 3585 rcg-

2179 3621 2304 3658 num
2338 3621 2634 3670 summum,
2670 3605 3129 3674 simplicissimum
3153 3606 3493 3666 divinitatem
3525 3624 3538 3659 :
3568 3603 3721 3668 siqui-

2177 3694 2294 3752 dem
2323 3710 2385 3746 ex
2411 3695 2544 3762 ipsa,
2590 3695 2642 3747 in
2678 3710 2785 3747 uno
2811 3704 2866 3747 et
2896 3695 3062 3748 simul
3101 3703 3208 3748 tota
3267 3704 3397 3748 nota
3449 3703 3534 3749 est
3571 3693 3640 3763 {5)
3677 3700 3721 3744 cl

2176 3783 2461 3838 distributa
2495 3786 2672 3840 omnis
2707 3787 3045 3855 iinpermista
3071 3787 3357 3856 diligentia
3389 3786 3560 3839 omnis
3593 3797 3721 3851 pum

2178 3875 2475 3940 munditiis,
2507 3876 2684 3930 omnis
2732 3891 2918 3930 eorum
2987 3893 3107 3944 quze
3160 3878 3454 3936 exsistunt,
3509 3879 3631 3928 ordo
3680 3882 3722 3923 et

2175 3967 2520 4035 compositio.
2563 3967 2623 4020 Et
2657 3966 2902 4035 inp'rimo
2947 3971 3125 4034 capite
3168 3970 3234 4022 de
3279 3971 3488 4023 eisdem
3549 3968 3725 4020 divinis

2178 4059 2490 4113 nominibus
2529 4076 2541 4113 :
2580 4060 2737 4116 Unde
2764 4062 2816 4115 in
2853 4062 2997 4115 omni
3037 4061 3495 4114 feretractatione
3543 4061 3725 4114 theolo-

2171 4147 2286 4215 gica
2321 4148 2659 4202 divinitatem
2699 4152 2941 4204 videmus
2967 4166 3121 4204 sacre
3158 4152 3430 4206 celebrari
3485 4163 3723 4218 tanquam

2177 4237 2459 4293 monadcm
2491 4251 2545 4294 et
2573 4227 2831 4294 unitatem
2861 4252 3083 4308 promer
3103 4243 3513 4310 simplicitatem
3541 4253 3589 4294 et
3621 4241 3727 4292 nai-

500 4308 765 4391 intelligo.
790 4307 986 4374 ἱειειιιίιι
1045 4307 1212 4400 Dem“
1239 4322 1360 4363 esse
1418 4310 1836 4382 lc“°¢.i"i"'lcm.
1862 4329 1914 4373 Cl
1949 4337 2062 4374 IIIO-
2083 4299 2142 4400 'D
2171 4335 2334 4380 tatem
2379 4328 2829 4395 impartibilitatis
2860 4299 3188 4397 supraquam
3213 4299 3521 4394 lnaturalis,
3555 4347 3613 4382 rx
3636 4343 3725 4396 qua

501 4387 712 4451 ventem
743 4400 810 4458 ad
833 4399 1154 4466 amator-iam
1185 4400 1653 4466 conjunctiouem,
1708 4408 1854 4465 illam
1916 4411 2057 4476 dico,

497 4505 616 4558 qua:
633 4506 752 4542 cum
777 4492 972 4561 spiritu
1002 4501 1081 4544 est
1109 4507 1123 4554 ;
1158 4491 1209 4544 id
1236 4503 1342 4557 est,
1365 4493 1528 4546 Deum
1570 4509 1693 4550 esse
1724 4509 2056 4567 sequestrem

495 4590 553 4648 ,ει
586 4581 955 4653 confeCtorem
987 4580 1151 4649 hujus
1191 4583 1608 4649 coniunctionis,
1637 4589 2066 4650 .conciliatorem-

497 4686 602 4741 que
632 4671 737 4732 siti,
771 4681 879 4742 uta
945 4660 1214 4733 creaturis
1252 4673 1363 4738 suis
1432 4687 1644 4734 ametur
1679 4686 1732 4730 et
1788 4681 2060 4751 diligatur.

567 4834 612 4864 δ’
641 4831 658 4886 l
688 4831 844 4885 Joan.
882 4846 954 4894 tv,
1006 4829 1057 4882 8.

2167 4426 2436 4484 tanquam
2463 4433 2528 4472 ex
2551 4429 2818 4487 potestate
2869 4421 3062 4473 uniiica
3126 4437 3289 4473 unum
3340 4423 3641 4476 efficimur:
3679 4428 3726 4471 cl

2164 4508 2517 4570 varietatibus
2550 4510 2892 4577 partihilibus
2925 4511 3108 4567 divine
3133 4513 3183 4565 in
3216 4531 3386 4567 nntnn
3447 4512 3726 4567 Coniunctis

2162 4597 2214 4649 in
2243 4615 2407 4666 unum
2431 4600 2495 4652 ad
2557 4597 2647 4651 Dci
2697 4600 3101 4654 similitudinem
3135 4619 3551 4674 congregantur,
3602 4589 3722 4655 etad

2162 4690 2256 4755 Dei
2288 4690 2652 4754 imitationem
2687 4693 3026 4770 copulantur.
3063 4695 3180 4758 Quo
3216 4697 3267 4748 in
3329 4699 3450 4749 loco
3483 4699 3556 4749 ait
3607 4709 3723 4747 san-

1958 4956 2232 5026 Scholia.

563 5103 640 5172 (ι)
683 5100 998 5168 Exemplum
1033 5097 1192 5172 hujus
1226 5097 1564 5172 definitionis
1607 5095 1855 5172 frequens
1892 5116 1968 5157 est
2003 5107 2052 5159 in

493 5165 651 5226 cmi,
710 5165 868 5223 cam.—
916 5179 973 5222 ut
1038 5169 1165 5220 illud
1222 5181 1340 5234 cap.
1377 5183 1410 5220 ll
1457 5185 1470 5219 :
1528 5165 1599 5219 l‘ln
1643 5171 1867 5223 dileCIus
1908 5191 2057 5229 mens

498 5246 733 5308 loquitur
760 5241 887 5292 mihi
931 5257 946 5293 ι
975 5238 1169 5308 Surge,
1201 5239 1370 5290 amica
1405 5253 1544 5302 mea,
1580 5241 1819 5308 columba
1854 5259 1986 5299 mea.

563 5279 640 5380 li)
680 5310 912 5362 l’rmscns
942 5279 1181 5360 ainntlin’s
1206 5348 1220 5371 ,
1243 5319 1309 5380 γει
1343 5279 1550 5374 ubique:
1603 5307 1717 5360 Non
1761 5279 2052 5365 sccbdilitm

496 5379 735 5442 diversas
766 5393 946 5446 partes
978 5394 1126 5440 suos,
1160 5379 1251 5428 5nd
1285 5383 1581 5431 secundum
1611 5394 1769 5430 unum
1796 5392 1848 5432 et
1880 5382 2052 5445 idem;
2092 5422 2095 5425 -

497 5462 550 5512 ist
579 5454 872 5501 secundum
905 5452 1042 5500 idem
1077 5463 1236 5498 omni:
1271 5463 1459 5508 unum,
1495 5461 1546 5498 et
1578 5451 1640 5499 uel
1670 5449 1841 5502 omnia
1875 5467 2055 5519 procc-

498 5525 648 5581 ιιι-ηε,
675 5529 755 5571 est
783 5519 924 5596 enim
958 5533 1136 5597 omne,
1165 5527 1432 5584 quatenus
1479 5519 1527 5566 in
1562 5520 1784 5583 simplici
1822 5524 2052 5575 essentia

501 5601 630 5663 pna,
669 5594 849 5667 omina
895 5594 1162 5664 utsiStunt
1196 5596 1413 5651 virtute,
1443 5594 1554 5640 sive
1602 5597 1876 5653 potestate,
1916 5594 2053 5646 sicut

2155 5111 2381 5166 effectus
2418 5112 2468 5166 in
2504 5129 2687 5167 causa.

2227 5182 2304 5252 (5)
2342 5183 2404 5235 Et
2434 5183 2499 5235 ad
2525 5187 2708 5254 omnia
2745 5185 2987 5254 procedit
3011 5185 3328 5250 efﬁcienter,
3371 5187 3425 5240 in
3464 5204 3592 5242 uno.
3627 5186 3726 5238 lloc

2163 5265 2247 5304 est
2281 5255 2420 5320 quod
2455 5254 2527 5306 ait
2559 5253 2713 5325 Joan.
2748 5253 2799 5307 in
2826 5254 3022 5325 Evang.
3056 5273 3174 5324 cap.
3210 5273 3266 5309 ιιι
3301 5274 3315 5310 :
3347 5258 3464 5310 Non
3495 5261 3634 5311 enim
3665 5257 3724 5306 ad

2167 5337 2473 5378 inensuram
2513 5325 2603 5375 dat
2642 5324 2778 5377 Dens
2815 5324 3100 5392 Spiritum,
3149 5327 3288 5380 sicut
3321 5330 3402 5380 sol
3444 5339 3613 5380 totum
3654 5331 3726 5376 lu-

2168 5405 2288 5468 ttten
2333 5393 2494 5468 simul
2528 5395 2745 5458 emittit,
2782 5397 2906 5447 licet
2939 5412 3040 5456 non
3070 5400 3350 5462 aequaliter
3382 5401 3719 5464 rccipiannts,

2167 5463 2344 5526 itaque
2378 5463 2430 5538 in
2455 5480 2580 5538 _nno_
2604 5469 2697 5522 ait.
2734 5467 2782 5516 id
2824 5475 2942 5527 cst,
2978 5482 3083 5521 non
3124 5469 3360 5531 dividuo,
3398 5480 3454 5519 ct
3485 5484 3576 5538 per
3611 5481 3722 5534 par-

2161 5538 2260 5596 tes,
2297 5534 2388 5586 Sed
2424 5529 2584 5586 si'ntuf
2621 5545 2808 5586 totum.
