3980 6208
232 304 365 388 eos.

932 300 1173 380 nscas
1212 317 1370 380 VIII.
1413 342 1478 352 —
1506 298 1602 377 ni:
1636 297 2075 377 INFINITATE
2110 318 2237 380 DEI
2275 306 2845 382 IN-CREATURIS.

3372 268 3505 389 nos

257 436 378 489 ctus
405 427 675 488 Maximus
704 450 719 488 :
748 432 885 499 Quia
932 434 1071 488 Deus
1094 448 1218 487 cum
1266 433 1580 504 cogitasset,
1634 432 1825 485 volnn-
1858 438 1904 492 Α
1934 433 2173 501 ipsarum
2209 449 2414 498 rerum,
2446 436 2537 489 sed
2573 437 2763 490 notitia
2790 438 2870 492 sui
2902 453 2914 490 :
2943 427 3214 506 siquidem
3244 446 3299 499 el
3335 454 3506 510 auge-

258 538 368 581 tate
413 512 896 596 produxitomnia,
930 539 1038 579 non
1075 536 1332 593 tauquam
1362 537 1516 579 mens
1574 521 1827 591 quaedam

258 620 313 675 in
346 620 647 672 voluntates
671 618 894 688 partita,
930 617 1316 688 multiplicatus
1350 624 1434 672 est
1459 634 1473 669 :
1502 616 1597 672 sed
1629 616 1828 684 ponus,

236 696 458 777 inquit,
479 710 679 765 mansit
711 709 764 764 in
800 709 1029 773 unitate,
1060 719 1119 765 et
1156 708 1211 763 in
1247 725 1310 765 ea
1352 723 1600 774 manens,
1623 708 1831 778 impar-

254 794 493 853 tbiliter
524 805 577 853 et
602 812 705 852 non
736 798 982 868 disperso
1017 796 1274 867 produxit
1327 806 1382 852 et
1423 796 1667 865 producit
1716 809 1834 849 om-

255 889 351 943 nia
373 890 425 942 in
453 892 704 943 creatura
736 888 946 944 mundi.
978 886 1044 942 Et
1072 903 1261 943 rursus
1289 887 1504 942 divinus
1539 884 1832 955 Dionysius

258 987 314 1035 in
351 983 587 1051 septimo
635 981 814 1050 capite
859 966 932 1036 de
990 970 1193 1036 eisdem
1242 976 1434 1034 divinis
1485 978 1783 1034 nominibtts
1812 990 1832 1030 :

254 1061 421 1127 Ratio
452 1083 632 1128 autem
684 1070 828 1127 Deus
858 1070 915 1125 in
980 1071 1153 1125 sacris
1213 1060 1514 1139 Scripturis
1570 1066 1830 1123 laudandi

258 1167 434 1233 gratia
467 1166 797 1229 nominatur,
830 1178 937 1217 non
978 1162 1155 1217 solum
1180 1164 1308 1232 quia
1354 1161 1580 1216 rationis
1603 1172 1656 1215 et
1682 1168 1835 1215 meu-

261 1256 330 1309 tis
371 1266 426 1309 et
467 1250 748 1324 sapientia":
765 1267 847 1310 est
875 1252 1119 1327 largitor,
1166 1254 1261 1309 Sed
1286 1253 1413 1322 quia
1470 1266 1666 1307 causas
1716 1262 1835 1305 om‘a

204 1364 209 1365 ί
257 1345 412 1400 nium
451 1342 535 1417 (Ι)
570 1342 917 1401 uniformiter
944 1346 1286 1416 anticipavit.
1316 1336 1510 1401 Adhuc
1549 1344 1600 1396 itt
1647 1345 1835 1396 endem

258 1437 441 1505 capite
470 1459 482 1493 :
515 1437 694 1503 Quare
718 1432 899 1494 divitia
928 1452 1083 1494 meus
1113 1437 1293 1494 omnia
1352 1435 1598 1490 continet
1645 1436 1833 1504 cogni-

260 1528 410 1584 tione
434 1529 504 1585 ab
536 1526 789 1586 omnibus
822 1541 1072 1601 exempta
1124 1517 1223 1601 (9),
1274 1528 1367 1599 qui
1428 1538 1700 1596 quatenus
1753 1536 1836 1581 est

250 1626 431 1675 ‘causa
458 1621 860 1688 universorum,
896 1621 1177 1677 scientiam
1231 1620 1550 1675 otnniutnin
1602 1633 1662 1674 se
1719 1618 1836 1687 ipso

252 1711 586 1781 anticipavit
618 1732 632 1767 :
665 1704 757 1783 qui
785 1718 1079 1783 antequam
1120 1713 1334 1777 tierent,
1394 1713 1549 1767 novit
1610 1713 1834 1784 angelos

255 1814 317 1859 et
346 1770 604 1873 produxit
641 1770 887 1873 angelos,
922 1770 977 1858 et
1036 1803 1141 1858 alia
1200 1804 1382 1858 omnia
1453 1805 1617 1870 intus,
1664 1770 1717 1859 et
1768 1808 1835 1859 ab
1863 1770 1913 1833 Β

252 1896 404 1965 ipso,
436 1907 495 1950 ut
521 1897 594 1950 ita
624 1888 827 1959 dicam,
861 1896 1124 1967 principio
1151 1897 1298 1951 novit
1325 1896 1426 1967 (5),
1460 1908 1515 1953 et
1542 1898 1609 1951 ad
1655 1913 1842 1954 essen-

263 1988 400 2041 tiam
435 1990 703 2055 adduxit;
738 1998 908 2058 atque
952 1990 1055 2045 hoc
1086 1991 1323 2045 arbitror
1355 1992 1689 2061 scripturam
1726 2000 1841 2044 tra-

253 2082 410 2144 dere,
434 2096 560 2134 cttm
591 2078 666 2134 ait
696 2097 711 2134 :
742 2074 848 2146 Qui
883 2082 1022 2136 novit
1044 2083 1219 2136 omnia
1251 2086 1531 2152 antequam
1561 2082 1743 2150 fierent
1772 2081 1838 2146 '°;

250 2187 368 2227 non
401 2172 549 2226 enim
591 2172 775 2241 divina
809 2188 962 2228 mens
992 2173 1247 2243 cognovit
1270 2189 1333 2229 ea
1375 2190 1496 2244 quae
1522 2183 1684 2251 sunt,
1713 2188 1842 2245 per-

254 2264 474 2331 cipiens
500 2263 859 2331 cegnitionem
896 2278 1086 2318 eorum
1111 2278 1178 2318 ex
1210 2264 1275 2320 iis
1309 2272 1429 2336 qua:
1449 2274 1596 2331 sunt,
1654 2266 1746 2319 sed
1774 2278 1841 2319 ex

255 2370 326 2411 se
352 2357 469 2423 ipso
534 2363 590 2408 et
638 2352 691 2408 in
752 2370 811 2410 se
864 2355 983 2425 ipso
1028 2355 1325 2411 secundum
1376 2370 1614 2421 causam,
1667 2357 1843 2410 scien-

255 2451 399 2501 tiam
421 2448 669 2502 omnium
691 2456 744 2501 et
762 2447 1122 2517 cognitionem
1158 2457 1212 2502 et
1230 2448 1515 2503 essentiam
1548 2447 1842 2517 prtehabet,

244 2526 319 2593 ἐι
356 2538 521 2593 simul
545 2540 877 2609 anticipavit,
909 2554 1015 2593 non
1044 2539 1406 2595 iuteudcnsad
1429 2540 1637 2609 singula
1670 2542 1846 2609 perci-

255 2628 462 2697 pienda
483 2630 781 2683 secundum
795 2623 985 2684 eorum
1008 2628 1231 2695 formas.
1252 2632 1347 2687 sed
1368 2632 1660 2699 secundum
1675 2645 1842 2686 unum
1860 2656 1865 2663 ε

252 2720 450 2773 causae
472 2716 813 2789 complexum
834 2722 1017 2776 omnia
1041 2722 1222 2778 sciens
1250 2736 1304 2778 et
1335 2710 1620 2779 continens
1646 2742 1660 2778 :
1694 2726 1845 2780 sicut

256 2812 452 2865 lumen
473 2808 551 2882 (4)
577 2812 630 2865 in
657 2826 715 2866 se
738 2811 861 2881 ipso
885 2814 1185 2869 secundum
1234 2829 1453 2870 causam
1477 2806 1843 2886 cognitionem

257 2902 618 2956 tenebrarum
652 2901 993 2971 anticipavit,
1022 2917 1125 2957 non
1165 2903 1382 2959 aliunde
1409 2905 1659 2960 tenebras
1677 2921 1842 2975 quam

254 3006 331 3045 ex
366 2991 570 3045 lumine
600 2996 960 3061 cognoscens.
1035 2984 1229 3048 Divina
1255 2995 1417 3065 igitur
1455 2980 1724 3065 sapientia
1784 3012 1843 3055 se

1928 524 2014 579 los
2041 525 2191 579 aiunt
2232 524 2529 594 Scriptura:
2558 541 2889 596 cognoscere
2908 543 3028 597 qua:
3066 529 3118 582 in
3152 539 3294 583 terra
3353 541 3504 593 sunt.

1931 629 2041 670 non
2062 615 2182 670 -illa
2236 617 2455 685 quidem
2520 626 2686 672 sensu
2727 634 3082 689 cognoscere,
3129 620 3230 675 sub
3284 636 3505 678 sensum

1933 704 2133 777 alioqui
2165 702 2437 776 cadentia,
2484 708 2577 765 sed
2602 712 2824 781 'propria
2860 712 3059 767 mentis
3095 713 3504 768 similitudinem

1933 797 2026 853 Dei
2051 800 2288 866 gerentis
2317 800 2518 857 virtute
2544 811 2599 857 et
2631 814 2843 858 natura.
2894 799 3021 859 llaec
3045 805 3355 859 edisserens
3382 819 3509 859 san-

1933 888 2053 943 ctus
2086 887 2381 958 Maximus,
2411 889 2546 955 Hoc,
2576 893 2777 963 inquit.
2810 894 3130 959 declaravit,
3173 910 3294 949 cum
3346 894 3505 960 dixit,

1933 993 2393 1049 nOncoguoscere
2429 981 2597 1035 Deum
2630 994 2752 1050 quae
2792 992 3004 1037 suntex
3068 984 3135 1041 iis
3196 982 3331 1052 ipsis
3388 998 3509 1050 qua:

1933 1077 2099 1122 sunt:
2131 1077 2185 1121 et
2215 1084 2337 1122 eum
2373 1069 2534 1132 dixit,
2570 1086 2674 1123 non
2728 1071 3006 1125 intendere
3039 1071 3102 1124 ad
3164 1073 3508 1139 unumquodv

1934 1175 2042 1230 que
2074 1160 2476 1230 percipiendum
2509 1164 2805 1217 seCundum
2831 1161 3058 1216 l'orutam
3079 1162 3215 1233 ejus,
3249 1162 3504 1230 quoniam

1935 1259 2193 1320 tanquam
2228 1253 2421 1306 horum
2440 1264 2630 1307 auctor
2647 1254 3009 1322 cognitionem
3037 1248 3258 1305 suorum
3279 1240 3503 1319 operum

1935 1344 2295 1413 anticipatam~
2320 1346 2511 1410 habet,
2547 1346 2726 1401 sciens
2749 1358 3023 1415 quomouo
3054 1346 3190 1413 ipsa,
3219 1353 3269 1397 ct
3301 1343 3355 1397 itt
3384 1343 3509 1412 qui-

1937 1435 2039 1491 bus
2108 1436 2174 1491 ad
2200 1446 2380 1491 ortum
2404 1452 2468 1491 ac
2489 1416 2895 1507 generationem
2917 1438 3208 1516 adduceret
3243 1455 3256 1491 :
3278 1450 3509 1504 quorum

1936 1528 2274 1596 depravatio,
2300 1540 2352 1583 et
2379 1528 2635 1594 defectio,
2657 1530 2710 1584 id
2734 1537 2837 1592 est,
2860 1528 3144 1584 frustratio
3174 1538 3228 1583 et
3279 1527 3512 1581 inﬁrmi-

1939 1630 2021 1675 tas
2074 1621 2275 1674 malum
2330 1620 2647 1681 introducit.
2705 1622 2833 1676 dum
2882 1621 3171 1676 deﬁciente
3224 1618 3369 1690 quod
3427 1626 3511 1674 est

1937 1713 2232 1769 secundum
2272 1723 2549 1781 naturam,
2580 1713 2811 1768 ellicitur
2830 1714 2971 1784 quod
3002 1724 3085 1768 est
3127 1722 3323 1778 praeter
3353 1720 3507 1764 uatu-

1945 1819 2078 1858 ratn.
2111 1802 2374 1873 Superius
2397 1805 2543 1858 enim
2577 1804 2823 1858 adhibuit
2874 1804 3181 1872 exemplum
3244 1803 3505 1868 luminis;

1943 1889 2103 1965 hujus
2153 1896 2298 1948 enim
2350 1894 2658 1963 privatione
2715 1895 3091 1950 subexsistuut
3152 1894 3409 1960 tenebrae,
3460 1904 3515 1948 et

1944 1996 2163 2038 causam
2195 1985 2395 2039 habent
2457 1985 2761 2040 absentiam
2808 1995 3015 2043 naturw
3063 1986 3303 2049 luminis.
3352 1986 3512 2042 sicuti

1944 2075 2163 2155 habitus
2196 2077 2405 2147 priores
2428 2086 2557 2132 sunt
2570 2079 2985 2148 privatiouibns,
3012 2088 3063 2133 et
3088 2089 3145 2134 ut
3175 2079 3280 2133 dici
3313 2088 3513 2148 potest,

1944 2184 2123 2224 causa:
2173 2179 2302 2225 sunt
2358 2171 2753 2240 privationutn.
2820 2172 2930 2226 lloc
2978 2172 3139 2237 igitur
3180 2172 3300 2227 loco
3360 2182 3513 2238 pater

1944 2258 2235 2334 Dionysius
2269 2262 2336 2315 de
2368 2263 2573 2331 iisquae
2600 2261 2743 2316 Dens
2771 2264 3044 2330 produxit,
3095 2272 3151 2316 et
3203 2264 3271 2318 de
3325 2261 3512 2329 cujus-

1944 2370 2051 2428 que
2088 2369 2274 2409 eorum
2295 2364 2487 2411 natura
2508 2355 2768 2423 loquitur,
2796 2369 2917 2424 qua:
2938 2356 3155 2426 quidem
3191 2356 3330 2410 dixit
3362 2357 3516 2427 prius

1945 2444 2221 2499 exstitisse
2293 2443 2353 2498 in
2402 2442 2512 2499 Deo
2558 2445 2858 2498 secundum
2922 2446 3403 2514 przecognitionetu
3461 2455 3517 2500 ct

1945 2533 2449 2606 pradelinitioucm.
2514 2534 2781 2590 Prteterea
2861 2536 3007 2599 vide,
3063 2538 3338 2605 quomodo
3387 2538 3520 2591 dicit

1945 2626 2114 2681 Deum
2136 2626 2320 2682 omnia
2344 2638 2670 2696 cognoscere
2689 2642 2792 2681 non
2820 2641 2886 2682 ex
2918 2628 3230 2700 cognitione
3247 2629 3512 2695 omnium,

1944 2717 2037 2772 sed
2060 2732 2125 2771 ex
2150 2717 2457 2786 cognitione
2485 2717 2593 2783 sui,
2626 2717 2765 2771 sicut
2791 2718 2967 2773 lumen
3030 2718 3306 2789 cognoscit
3366 2728 3519 2775 tene-

1944 2800 2325 2878 brasalioqui,
2364 2810 2497 2864 nihil
2555 2810 2899 2865 tenebrarum
2941 2812 2992 2865 iu
3032 2825 3091 2866 se
3154 2812 3381 2867 habens.
3440 2817 3516 2865 At:

1946 2915 2135 2955 rursus
2160 2902 2300 2955 idem
2335 2902 2388 2954 in
2415 2902 2661 2957 centuria
2688 2917 2747 2956 ttt
2778 2902 2844 2955 de
2867 2902 3159 2967 charitate,
3193 2906 3373 2973 capite
3394 2905 3456 2958 2i
3494 2924 3509 2958 :

1943 2988 2234 3061 Cognoscit
2256 2989 2398 3045 Deus
2426 3006 2487 3047 se
2516 2993 2649 3061 ipse,
2675 2994 2953 3061 cognoscit
2983 2994 3111 3046 item
3146 3009 3173 3045 a
3198 3008 3258 3047 se
3289 2995 3515 3061 elici-ta;

256 3082 446 3151 ipsam
494 3098 857 3153 cognoscens,
916 3085 1196 3155 cognoscit
1269 3087 1491 3152 omnia;
1557 3088 1837 3142 materiam
1866 3106 1911 3164 α
1947 3091 2281 3150 cognoscunt
2309 3082 2473 3134 etiam
2505 3091 2710 3167 sanctis
2734 3092 3037 3151 potestates
3083 3086 3273 3150 Deum,
3306 3074 3513 3155 cogno-

255 3171 528 3228 habentia
562 3174 678 3227 sine
707 3173 958 3240 materia,
990 3175 1258 3242 partibilia
1316 3176 1735 3245 intpartibiliter,
1783 3185 1842 3232 et

258 3264 441 3318 multa
464 3264 814 3333 singulariter
841 3280 872 3320 e
929 3279 988 3319 se
1020 3265 1139 3336 ipso
1173 3282 1301 3333 uno,
1330 3279 1522 3323 cuncta
1564 3280 1620 3323 et
1639 3284 1839 3337 cogno-

232 3356 451 3419 "si-ens,
477 3362 535 3409 et
557 3346 879 3424 producens.
899 3354 1112 3411 Etenim
1136 3358 1178 3411 si
1199 3356 1341 3414 Deus
1359 3360 1655 3416 secundum
1678 3376 1840 3416 unam

254 3450 490 3497 causam
518 3445 774 3499 omnibus
802 3460 924 3514 qua:
949 3456 1099 3513 sunt,
1117 3447 1358 3516 impertit
1382 3463 1525 3514 esse,
1548 3450 1841 3505 secundum

254 3535 522 3589 eamdem
552 3550 773 3590 causam
806 3538 1137 3606 singularem
1165 3550 1463 3608 cognoscet
1494 3542 1701 3598 omnia.
1723 3555 1844 3611 qua:

254 3639 316 3685 et
356 3640 428 3683 ex
464 3628 584 3697 ipso
640 3638 788 3694 sunt,
818 3639 875 3684 et
906 3632 959 3684 in
1012 3630 1131 3699 ipso
1189 3632 1342 3700 prius
1378 3623 1730 3697 exstiterunt}
1790 3643 1845 3688 et

256 3737 383 3777 non
413 3737 481 3775 ex
516 3721 584 3777 iis
613 3738 734 3791 quae
755 3732 905 3787 sunt,
929 3723 1172 3792 ipsorum
1217 3720 1843 3792 cognitioneut'sumet:

256 3814 406 3883 quin
433 3815 613 3885 potius
636 3815 770 3884 ipsis
798 3815 1027 3885 singulis
1052 3815 1417 3883 cognitionem
1466 3815 1731 3885 ipsorum,
1789 3823 1846 3871 et

257 3906 398 3960 aliis
426 3898 587 3960 aiiatn
616 3907 981 3975 cognitionem
1015 3908 1345 3977 suppeditat.
1371 3906 1487 3963 Non
1516 3909 1682 3980 igitur
1705 3908 1846 3963 Deus

257 3999 439 4052 aliam
466 3999 548 4050 sui
568 3988 929 4065 c0gnitionettt
963 3998 1147 4062 habet,
1170 3997 1330 4051 aliam
1361 4014 1511 4065 vero,
1571 4015 1675 4067 qua
1724 4012 1844 4053 om-

258 4092 357 4143 nia
386 4089 492 4142 alia
524 4093 886 4143 communiter
912 4089 1325 4160 comprehendit
1352 4105 1367 4155 ;
1395 4091 1508 4159 ipsa
1541 4092 1685 4145 enim
1715 4107 1843 4146 cau-

260 4198 325 4237 sa
355 4182 610 4236 omnium
629 4197 750 4235 cum
779 4198 840 4237 se
862 4184 971 4252 ipsa
999 4191 1309 4252 cognoscat,
1337 4197 1677 4252 nequaquam
1729 4198 1848 4252 quae

264 4281 334 4330 ab
366 4277 492 4345 ipsa
529 4286 773 4338 manant,
803 4282 858 4330 et
886 4291 1118 4344 quorum
1144 4289 1309 4330 eausa
1327 4274 1565 4337 exsistit,
1624 4275 1844 4343 ignora-

1943 3181 2103 3226 scunt
2118 3173 2280 3227 etiam
2307 3189 2426 3242 qua:
2447 3174 2475 3226 a
2503 3164 2611 3227 Deo
2630 3164 2820 3228 eii‘ecta
2844 3185 2973 3229 sunt
3002 3193 3015 3227 :
3048 3192 3151 3240 n_ou
3175 3188 3354 3231 tamen
3372 3181 3516 3232 sicut

1942 3259 2085 3320 Deus
2101 3266 2377 3334 cognoscit
2392 3276 2450 3320 se
2471 3256 2604 3335 ipse,
2630 3275 2683 3320 et
2704 3281 2822 3347 qua:
2843 3284 2869 3320 a
2893 3283 2951 3322 se
2970 3268 3107 3320 facta
3126 3279 3274 3335 sunt,
3293 3272 3374 3325 s‘c
3390 3284 3522 3324 san-

1943 3367 2043 3411 cta:
2070 3365 2363 3424 potestates
2387 3368 2721 3427 cognoscunt
2752 3358 2938 3424 Deum,
2963 3370 3160 3428 etquae
3177 3359 3520 3426 abipsoellc-

1943 3463 2028 3507 cta
2052 3463 2197 3507 sunt.
2215 3450 2280 3507 Et
2301 3453 2478 3523 capite
2493 3454 2587 3507 22:
2607 3453 2746 3508 Deus
2774 3470 2833 3508 se
2855 3455 2966 3522 ipse
2988 3459 3261 3522 cognoscit
3277 3471 3341 3510 es
3363 3455 3522 3510 beata

1945 3543 2250 3598 substantia
2268 3557 2364 3598 sua
2394 3561 2417 3621 ξ
2436 3558 2555 3614 qua:
2585 3560 2711 3599 vero
2733 3546 2873 3599 idem
2894 3547 3090 3613 eli‘ecit,
3148 3549 3424 3620 cognoscit
3449 3566 3523 3605 ex

1946 3634 2338 3700 sapientiasua,
2366 3649 2456 3701 per
2470 3649 2658 3704 quam,
2681 3645 2733 3689 et
2764 3636 2814 3689 in
2842 3651 2947 3701 qua
2980 3647 3172 3693 cuncta
3197 3640 3347 3694 fecit.
3378 3641 3523 3696 Sau-

1946 3735 2046 3779 rtae
2062 3741 2187 3780 vero
2200 3727 2502 3796 [potestates
2523 3726 2936 3796 participatione
2968 3740 3309 3798 cognoscunt
3328 3731 3524 3793 Deum.

1945 3819 2037 3887 qui
2097 3820 2180 3872 est
2234 3833 2397 3887 supra
2444 3818 2936 3887 participationem,
2971 3836 3093 3885 quae
3146 3836 3274 3876 vero
3300 3823 3385 3877 abi
3427 3840 3525 3893 pso

1947 3911 2087 3964 facta
2121 3919 2263 3972 sunt,
2286 3918 2615 3978 cognoscunt
2640 3910 2939 3980 colligendo
2962 3909 3015 3964 in
3036 3911 3167 3980 ipsis
3191 3914 3525 3982 contempla-

1951 4000 2147 4056 tiones.
2181 4000 2374 4055 Adhuc
2399 4015 2521 4068 cap.
2547 4001 2618 4054 24
2650 4019 2664 4055 :
2701 3999 3016 4056 Substatitia
3052 3998 3277 4057 rationis
3336 4004 3527 4071 parti—

1946 4107 2095 4160 ceps,
2144 4101 2198 4145 et
2226 4093 2527 4146 subatatttia
2561 4090 2883 4161 intelligens,
2918 4091 3012 4145 Dei
3055 4095 3231 4148 sancti
3257 4097 3528 4166 pariiceps

1948 4182 2116 4234 Deum
2145 4184 2422 4249 cognoscit
2472 4190 2581 4234 tum
2618 4181 2732 4251 ipsa
2766 4183 3108 4248 exsistentia,
3136 4192 3248 4239 tum
3306 4187 3530 4257 insuper

1949 4273 2224 4328 habilitate
2297 4273 2571 4339 bonitatis,
2647 4273 2892 4342 inquam,
2973 4283 3029 4328 et
3104 4278 3382 4344 sapientia:
3478 4287 3535 4335 et

263 4369 370 4426 bit.
389 4367 489 4425 Sic
506 4367 674 4437 igitur
712 4366 853 4423 Deus
880 4382 1001 4437 qua
1022 4366 1456 4437 suntcognoseit
1486 4380 1592 4422 non
1643 4368 1841 4423 notitia
1876 4375 1920 4437 β
1950 4374 2143 4421 urmter
2192 4365 2561 4420 exsisteutiatn
2627 4366 2938 4434 perustuam
2988 4369 3184 4436 gratia.
3246 4367 3337 4424 Sic
3366 4368 3529 4440 igitur

370 4543 431 4577 ³⁸
459 4544 600 4602 Dan.
625 4550 741 4611 stu,
760 4545 853 4600 42.

1753 4656 2023 4723 Sehoha.

1344 4742 1367 4769 ἢ

336 4817 445 4888 (Π
474 4812 681 4888 Causas
711 4814 942 4869 omnium
975 4808 1314 4888 uniformiler
1342 4811 1706 4888 participavit.
1726 4810 1864 4877 Quia

261 4882 384 4942 non
420 4887 629 4938 reCedit
685 4901 712 4937 a
766 4901 865 4938 sua
913 4885 1294 4954 simplicitate;
1330 4897 1429 4938 nec
1479 4884 1639 4937 ullam
1695 4882 1747 4934 in
1797 4896 1862 4935 eo

252 4954 734 5022 compositionem
765 4954 991 5007 faciunt.
1540 5021 1547 5022 7
1784 4964 1794 4975 .

346 5026 439 5096 (2)
461 5024 773 5096 Cognitione
793 5026 857 5096 ob
892 5024 1129 5076 omnibus
1154 5031 1393 5091 exempta
1412 5036 1432 5075 :
1462 5021 1584 5096 quia
1601 5028 1682 5073 est
1702 5032 1859 5087 supra

252 5092 655 5165 cognitionem
705 5095 1008 5167 intellectus
1029 5134 1043 5156 ,
1076 5103 1130 5145 et
1157 5108 1317 5167 supra
1352 5092 1710 5157 cognitionem
1736 5104 1861 5167 sen-

256 5162 397 5225 sus.
462 5173 727 5231 quatenus
754 5177 848 5231 per
896 5163 1065 5231 ipsam
1111 5162 1338 5228 primaut
1369 5175 1584 5214 causam
1618 5162 1862 5213 omnium

256 5229 797 5299 (inivria—cognos'rit.
838 5231 897 5284 S.
927 5229 1124 5284 Thom.

346 5306 442 5371 (5)
479 5294 743 5368 Ab'ipsn,
773 5312 831 5353 ut
872 5303 949 5354 ita
994 5301 1187 5361 dicam,
1228 5294 1864 5371 principio.Qttia_Dcus

259 5368 442 5428 caret
479 5372 775 5437 principio,
807 5372 1009 5424 idcirco
1040 5372 1277 5423 correxit
1329 5368 1468 5435 quod
1503 5370 1737 5427 dixerat,
1782 5368 1864 5417 itt-

256 5447 523 5510 qtsicns:
558 5438 626 5493 Ut
658 5443 731 5493 ita
760 5441 957 5493 dicam.
985 5438 1058 5491 Es
1082 5436 1384 5491 aeternitate
1418 5437 1574 5505 igitur
1604 5445 1859 5510 tauquam

263 5504 486 5567 auctor
534 5513 777 5563 omnium
827 5511 1011 5562 habuit
1061 5524 1281 5561 suorum
1332 5504 1554 5573 operum
1590 5504 1863 5572 cognitiu-

263 5596 447 5644 item,
470 5590 526 5634 et
561 5595 671 5633 non
697 5594 762 5631 ex
796 5581 1054 5647 operibus
1100 5580 1209 5631 suis
1239 5590 1358 5630 eam
1407 5574 1590 5629 didicit
1638 5586 1693 5627 et
1742 5586 1866 5642 per,-

257 5662 459 5716 cepit.

3020 4718 3051 4741 Ι

1973 4810 2132 4866 modo
2167 4810 2308 4881 Deus
2343 4818 2635 4878 cognoscat
2679 4820 2976 4878 creaturas,
3010 4826 3129 4881 qua:
3172 4812 3242 4867 ita
3277 4813 3534 4871 deficiunt

1971 4897 2000 4934 a
2040 4882 2168 4946 Deo,
2204 4880 2342 4952 sicut
2375 4881 2608 4935 tenebrae
2641 4894 2670 4933 a
2700 4880 2925 4952 lutttitt‘e,
2973 4880 3316 4952 sipunauttts
3349 4884 3532 4940 iutttett

1972 4952 2073 5004 hoc
2102 4948 2360 5003 sensibile
2386 4948 3084 5021 esseAmentehprzeditum',
3133 4952 3177 5006 si
3208 4953 3325 5020 quis
3359 4966 3530 5021 roget,

1971 5035 2038 5093 an
2071 5026 2362 5093 cognoscat
2397 5018 2646 5093 tenebras
2666 5060 2681 5081 ,
2706 5020 2865 5093 dicet
2885 5036 3209 5088 cognoscere
3227 5018 3531 5093 antequam

1971 5090 2077 5143 sint
2118 5089 2747 5160 tenebrte;_experientia
2782 5090 2924 5143 enim
2967 5107 3073 5144 non
3126 5101 3299 5160 potest
3331 5089 3537 5157 cogno-

1972 5158 2295 5230 scere.rquia
2325 5157 2368 5230 si
2399 5156 2577 5210 lumen
2608 5170 2712 5215 est.
2739 5174 2844 5211 nou
2877 5170 3004 5212 sunt
3036 5156 3304 5226 tenebrae;
3339 5156 3538 5230 cogno-

1972 5230 2075 5281 scit
2096 5228 2674 5297 igiturutlutuen,quia
2693 5230 2961 5297 scit,qu0d
2980 5231 3022 5283 si
3048 5228 3534 5296 auferaturlutneu,

1971 5312 2131 5350 nemo
2174 5296 2394 5349 videbit.
2429 5295 2517 5349 Sic
2556 5296 2696 5351 Deus
2726 5298 2778 5351 itt
2826 5295 2883 5351 se
2918 5312 2976 5350 ttt
3008 5314 3171 5352 causa
3209 5301 3369 5353 habet
3417 5316 3535 5352 out-

1974 5369 2120 5419 ttittut
2156 5364 2545 5435 cognitionem,
2572 5382 2730 5434 quam
2767 5383 2870 5420 non
2909 5383 3001 5435 per
3025 5370 3414 5434 experientiam
3444 5386 3538 5422 ac-

1972 5433 2216 5507 quisivit.
2271 5433 2470 5501 alioqui
2510 5433 2657 5489 esset
2704 5436 2847 5490 Deus
2888 5433 3153 5503 posterior
3205 5441 3538 5507 cognitione,

1973 5516 2068 5556 aut
2121 5504 2302 5569 aliquo
2350 5515 2592 5570 tempore
2649 5522 2752 5559 non
2813 5508 3200 5574 cognovisset:
3238 5504 3337 5561 huc
3374 5519 3537 5562 etiam

1973 5574 2487 5647 exentpiodoretur,
2511 5576 2777 5639 quomodo
2808 5592 2912 5647 tuta
2938 5586 2990 5629 et
3026 5576 3210 5629 eadem
3237 5580 3540 5647 cognitione

1979 5644 2257 5717 cognoscit
2293 5641 2435 5694 Deus
2466 5659 2543 5717 se,
2578 5655 2627 5696 et
2675 5645 2881 5717 omnia,
2930 5650 3066 5701 sicut
3116 5641 3540 5717 Iutnett'coguo-

349 5712 447 5789 (ἱ)
482 5717 633 5773 Sirut
686 5717 884 5771 lumen.
936 5715 1188 5784 Exemplo
1238 5715 1456 5770 luminis
1495 5713 1685 5780 docet,
1738 5727 1870 5782 qtto-
1930 5770 1950 5801 ⁸
1976 5712 2173 5767 scendo
2202 5724 2259 5765 se
2292 5713 2564 5780 cognoscit
2603 5716 2871 5770 tenebras.

557 5815 831 5875 ParttoL.
870 5814 984 5874 Gtt.
1049 5814 1226 5876 CLII.

3145 5808 3226 5868 29
