3980 6208
569 240 673 345 901
1721 236 2039 307 JOANNIS
2080 238 2644 311 CYPARISSIOT/E
3396 282 3403 299 ι
3633 264 3720 337 9οῇ

570 354 734 407 Deum
766 351 1074 419 cognoscit;
1104 367 1221 422 quae
1248 359 1423 405 autem
1452 352 1519 405 ab
1547 351 1663 420 ipso
1697 356 1951 422 producta
1984 364 2130 417 sunt,
2165 362 2206 413 Α
2236 365 2354 407 ctor
2382 373 2395 407 :
2433 365 2481 409 et
2516 356 2566 410 in
2596 371 2652 409 se
2680 355 2854 410 omnia
2889 354 3171 427 principia,
3203 371 3251 415 et
3274 363 3438 417 ‘otunia
3464 381 3518 421 ex
3548 372 3720 439 princi-

566 452 862 515 cognoscit,
917 454 971 497 ιιι
1000 445 1204 496 dictum
1236 453 1338 506 est,
1372 444 1602 498 artiﬁcio
1648 445 1924 513 sapientia‘
1980 446 2031 498 in
2071 449 2134 500 iis

568 556 688 611 qum
728 550 908 594 creata
942 549 1088 601 sunt,
1111 539 1376 604 collectze,
1429 554 1551 606 qua:
1576 552 1657 596 est
1714 546 1882 608 nuda,
1928 554 1982 594 et
2030 559 2132 597 non

568 649 665 701 per
698 648 755 685 se
778 632 1066 701 exsistcns,
1101 631 1151 683 in
1216 641 1391 686 mente
1442 630 1696 697 formata,
1738 643 1792 686 et
1834 634 2030 696 adhuc,
2080 638 2133 689 in

566 725 709 777 nnlla
743 723 1106 791 duplicatione
1141 723 1281 777 Deus
1310 725 1522 792 penitus
1577 725 1827 794 simplex,
1856 735 1911 780 et
1971 741 2133 793 supra

563 831 722 871 omne
748 816 996 884 simplex.
1028 814 1349 870 EtJoanues
1403 815 1794 881 Damascenus,
1852 834 1969 888 cap.
2042 816 2128 884 Η,

562 908 641 960 De
677 908 850 960 divino
885 907 1022 966 loco.
1045 907 1117 959 ait
1162 925 1175 961 :
1213 908 1447 976 Angelus
1479 909 1623 961 enim
1677 910 1953 962 celeritate
1980 922 2134 963 natu-

560 1006 659 1058 rm,
684 996 877 1065 etquia
906 1006 1175 1064 prompte,
1209 997 1257 1049 id
1291 1008 1397 1062 est,
1454 998 1704 1052 celeriter
1738 999 1951 1064 transit,
2000 1015 2133 1068 ope-

561 1098 714 1142 ratur
744 1089 794 1141 in
834 1088 1063 1143 diversis
1110 1090 1281 1154 locis;
1318 1090 1455 1145 Dens
1550 1099 1729 1145 autem
1783 1092 1873 1161 qui
1936 1092 2133 1161 ubique

562 1190 666 1245 est,
701 1191 754 1233 et
780 1195 939 1248 supra
972 1180 1150 1234 omnia
1178 1190 1282 1246 est,
1309 1183 1508 1250 ubique
1531 1183 1715 1235 eodem
1783 1194 1986 1251 puncto
2041 1198 2131 1235 va-

492 1301 501 1308 -
561 1273 662 1337 rie,
700 1285 805 1325 una
836 1282 889 1326 et
916 1272 1147 1341 simplici
1181 1274 1395 1326 actione
1425 1274 1556 1341 agit.
1582 1271 1653 1325 Ex
1721 1275 1915 1343 quibus
1942 1275 1997 1326 lit
2019 1290 2131 1326 ma-

562 1362 840 1425 nil'estum,
893 1364 1033 1429 quod
1079 1377 1183 1413 nou
1238 1363 1341 1414 alia
1389 1363 1701 1431 cognitione
1758 1362 1936 1430 seipse
1989 1363 2130 1416 Deus

562 1454 844 1523 cognoscit
882 1495 896 1519 ,
925 1453 1027 1505 alia
1057 1464 1237 1506 autem
1272 1450 1341 1507 ca
1391 1470 1509 1522 quae
1556 1469 1584 1506 a
1634 1469 1693 1507 se
1739 1453 1925 1507 effecta
1982 1464 2127 1519 sunt,

560 1547 805 1617 quinimo
845 1546 1020 1612 seipse
1040 1560 1394 1613 cognoscens,
1428 1559 1551 1598 suos
1569 1545 1731 1598 etiam
1765 1543 1988 1598 effectus
2021 1560 2127 1600 una

550 1645 615 1691 et
639 1636 842 1690 ἰιιηιιὶιιι
872 1637 1179 1704 cognitione
1216 1637 1528 1707 cognoscit;
1563 1652 1733 1705 neque
1765 1638 1994 1692 diversis
2025 1652 2122 1705 po-

2238 446 2338 516 piis
2366 446 2417 499 in
2449 448 2606 501 rebus
2639 450 2889 503 omnibus
2918 448 3103 504 effecta
3137 462 3186 505 et
3212 454 3442 510 conclusa
3467 446 3721 530 anticipans

2236 546 2292 591 et
2318 538 2620 603 continens,
2646 551 2700 593 et
2729 555 2892 608 Supra
2924 542 3102 595 omnia
3129 552 3229 609 est,
3258 555 3426 612 utpote
3449 558 3555 601 ante
3577 554 3723 605 omnia

2237 644 2400 697 supra
2461 629 2845 685 substantiam
2878 646 3204 702 supr-aquam
3245 630 3504 693 exsistens.
3540 639 3639 704 Quo
3683 643 3726 697 in

2237 718 2353 776 loco
2379 732 2599 777 sanctus
2628 722 2893 778 Maximus
2923 740 2937 775 :
2972 722 3265 794 Quomodo,
3304 729 3482 797 inquit,
3523 746 3626 785 cum
3664 733 3727 786 di-

2235 811 2405 866 xisset
2430 814 2683 880 superius
2718 830 2734 869 :
2769 811 2823 866 ln
2858 813 2974 882 ipso
3015 828 3112 869 nec
3139 825 3239 879 est,
3269 828 3508 885 necerat,
3537 834 3622 873 nec
3643 831 3725 883 est,

2234 917 2337 956 nec
2376 904 2514 967 erit,
2550 919 2723 972 neque
2759 903 2957 959 factum
2989 916 3073 959 est
3098 946 3113 968 ,
3147 922 3312 977 neque
3344 903 3431 971 lit,
3463 924 3614 978 neque
3642 911 3728 974 lict,

2236 993 2323 1047 hic
2349 992 2478 1047 dicit
2509 1010 2523 1047 :
2550 991 2607 1047 In
2641 995 2758 1063 ipso
2785 1003 2837 1049 et
2862 1002 2943 1050 est
2968 1034 2983 1057 ,
3020 1006 3071 1047 et
3096 997 3218 1062 erit,
3248 1007 3299 1050 et
3328 997 3446 1051 ill'ud
3476 996 3545 1062 llt,
3570 1008 3616 1052 et
3640 1001 3729 1066 ﬁet,

2234 1086 2446 1153 proprie
2497 1084 2786 1141 laudatur?
2837 1087 2918 1141 An
2970 1088 3071 1141 sibi
3108 1089 3419 1143 contradicit
3456 1091 3732 1161 Dionysius?

2233 1175 2434 1245 Apage.
2462 1174 2631 1246 Supra
2657 1178 2799 1233 enim
2832 1179 3006 1248 ipsum
3039 1180 3173 1234 dixit
3212 1194 3326 1234 esse
3364 1180 3637 1236 eﬂ‘ectoretn
3659 1196 3733 1235 er-

2233 1267 2513 1333 siszentizr,
2542 1268 2866 1338 hypostasis,
2894 1270 3230 1335 substantia,
3266 1280 3478 1335 naturae,
3499 1280 3544 1325 et
3568 1281 3735 1340 tempo-

2233 1360 2327 1423 ris;
2358 1350 2723 1417 consentanea
2755 1363 2919 1432 igitur
2945 1363 2999 1416 in
3029 1364 3145 1434 ipso
3170 1362 3442 1418 collocavit
3473 1363 3588 1417 illud
3624 1372 3732 1425 erat.

2231 1461 2284 1502 et
2312 1450 2441 1515 alia,
2470 1462 2530 1505 ut
2559 1452 2827 1522 intelligas
2853 1469 2950 1507 nec
2983 1470 3009 1506 a
3042 1465 3299 1524 tempore,
3323 1467 3483 1522 neque
3507 1455 3739 1523 posttem-

2232 1558 2330 1612 pus
2375 1543 2537 1596 Deum
2567 1545 2837 1614 cmpisse;
2889 1546 3021 1614 quin
3076 1548 3254 1614 potius
3303 1545 3605 1613 superiorem
3644 1559 3737 1598 esse

2230 1649 2388 1703 quam
2421 1635 2593 1703 ipsum
2624 1650 2767 1699 esse,
2813 1636 3082 1705 siquidem
3116 1636 3169 1689 in
3208 1636 3319 1705 ipso
3346 1634 3472 1689 dixit
3500 1648 3608 1689 esse
3630 1634 3741 1687 exsi-

561 1724 846 1780 tcstatibus
900 1734 952 1777 et
983 1725 1293 1778 actionibus
1342 1726 1591 1793 producit
1653 1736 1979 1791 creaturam,
2032 1728 2123 1781 sed
2160 1744 2205 1803 Β
2234 1728 2486 1779 stentiam
2536 1727 2635 1796 (ι),
2678 1736 2733 1781 ει
2785 1745 2890 1781 ιιοιι
2940 1743 3058 1782 esse
3102 1729 3275 1795 ipsum
3306 1728 3637 1789 exsisteutiae;
3674 1724 3739 1777 hic

552 1821 661 1870 hac
690 1816 1017 1885 cognitione,
1042 1826 1095 1868 et
1120 1832 1223 1868 una
1248 1827 1408 1882 atque
1441 1816 1647 1868 intinita
1693 1824 1967 1884 potestate
1994 1830 2125 1869 con-

544 1908 784 1972 'tint-b.tt,
810 1917 860 1959 et
893 1906 1185 1972 anticipata
1225 1907 1455 1959 habebat
1486 1906 1537 1959 in
1567 1907 1749 1975 seipso
1812 1907 2015 1971 omnia,
2076 1916 2129 1961 et

561 2012 744 2068 postea
764 2015 824 2052 ex
862 2014 918 2052 se
938 2001 1125 2053 exiens
1153 1998 1440 2067 produxit;
1470 2008 1523 2051 et
1554 1998 1605 2050 iu
1637 1998 1825 2060 nihilo,
1854 2006 1907 2052 et
1929 2013 2125 2063 secun-

543 2093 684 2145 “dunt
713 2092 843 2145 nihil
868 2108 894 2143 a
921 2092 1100 2158 seipso
1122 2090 1324 2143 divisus
1346 2098 1429 2144 est
1453 2088 1527 2158 (l)
1548 2088 1751 2144 habens
1771 2089 1883 2143 haec
1904 2090 2050 2159 prius
2072 2090 2127 2143 in

556 2185 758 2254 seipso,
775 2193 842 2237 ἐι
864 2184 1391 2253 producensipostea,
1420 2191 1473 2234 et
1512 2195 1702 2235 rursus
1724 2181 1789 2234 ad
1810 2190 1869 2236 se
1892 2180 2127 2236 rediens.

1166 2271 1395 2330 CAPUT
1438 2269 1527 2327 Vl.

554 2384 711 2456 Quod
742 2392 1026 2442 secundum
1063 2405 1220 2441 uuam
1257 2387 1577 2456 singularem
1616 2401 1832 2438 causam
1864 2388 2038 2439 omnia
2066 2387 2126 2453 ﬁt

629 2462 764 2514 Deus
796 2476 813 2512 :
846 2461 976 2512 nihil
1006 2470 1175 2511 autem
1203 2474 1381 2511 eorum
1408 2472 1524 2526 qua:
1553 2460 1614 2508 ab
1654 2459 1765 2525 ipso
1799 2457 1944 2525 facta
1981 2466 2123 2521 stant,

624 2540 699 2585 cst
736 2546 842 2582 non
883 2539 1136 2582 creatum.

627 2638 849 2713 Magnus
868 2643 1182 2713 Dionysius,
1210 2657 1327 2711 cap.
1363 2643 1418 2705 9,
1462 2640 1534 2695 De
1560 2641 1750 2695 divinis
1787 2641 2082 2694 nominibus
2107 2656 2125 2693 :

552 2736 838 2796 Omnibus,
883 2735 1074 2803 inquit,
1122 2735 1271 2787 adest
1299 2749 1536 2802 praesens
1570 2731 1709 2787 Deus
1750 2733 2117 2801 providenter,

554 2838 609 2883 et
647 2827 915 2880 omniain
957 2826 1208 2880 omnibus
1271 2825 1327 2878 lit
1379 2838 1598 2895 propter
1648 2822 2121 2879 conservationem

555 2922 819 2983 omnium,
854 2929 1075 2972 numneris
1102 2919 1157 2971 in
1189 2932 1268 2984 se,
1296 2926 1351 2972 et
1383 2921 1449 2972 ab
1483 2919 1670 2971 eodem
1712 2932 1810 2971 suo
1843 2925 1985 2972 statu
2018 2930 2123 2970 non

552 3006 860 3075 egrediens,
893 3010 944 3059 in
979 3007 1192 3060 actione
1225 3021 1352 3072 una,
1382 3018 1435 3060 et
1476 3020 1750 3075 nunquam
1782 3017 2026 3061 cessante
2059 3008 2123 3060 li-

2232 1827 2413 1868 autem
2437 1818 2561 1884 quia
2586 1818 2723 1871 dixit
2747 1818 3092 1888 multiplicari
3121 1836 3241 1874 eum
3269 1816 3544 1874 secundum
3566 1829 3738 1870 omnem

2230 1907 2648 1977 cogitationem,
2688 1909 2881 1963 merito
2932 1911 3111 1964 dixit:
3148 1908 3204 1965 in
3255 1912 3371 1982 ipso
3413 1908 3533 1963 illud
3577 1915 3664 1970 est,
3702 1916 3743 1958 et

2228 2000 2353 2063 erit,
2379 2010 2432 2053 et
2456 2015 2576 2070 qua:
2606 2012 2929 2069 sequuntur,
2960 2005 3084 2073 quia
3127 2005 3216 2058 ubi
3261 2014 3490 2074 tempus,
3530 2011 3611 2055 aut
3635 2009 3743 2053 tetu-

2228 2093 2571 2160 pestivitates
2603 2094 2883 2164 cogitabis,
2917 2096 3026 2151 illic
3059 2096 3227 2150 Deum
3260 2095 3510 2164 reperies,
3535 2100 3583 2148 et
3610 2105 3739 2159 supra

2229 2184 2434 2249 omnia,
2470 2192 2525 2241 et
2571 2198 2697 2241 ante
2741 2188 2923 2243 omnia
2968 2202 3111 2253 esse,
3148 2199 3205 2244 et
3238 2202 3421 2244 eorum
3460 2200 3569 2256 qua;
3604 2194 3741 2245 sunt.

2228 2288 2452 2329 causam
2484 2284 2538 2330 et
2567 2268 2881 2333 effectorem
2926 2293 3065 2345 esse,
3098 2289 3155 2335 et
3196 2273 3330 2333 nihil
3362 2274 3582 2353 ipsorum
3604 2288 3703 2331 esse
3733 2289 3744 2323 :

2228 2366 2373 2421 sicut
2405 2366 2740 2435 dicebamus,
2770 2368 2912 2425 Nihil
2945 2383 3026 2426 est
3050 2388 3241 2428 eorum
3275 2386 3393 2442 qua:
3436 2378 3570 2432 sunt,
3593 2377 3639 2422 et
3660 2366 3749 2433 ipse

2229 2463 2311 2510 est
2352 2456 2403 2509 in
2438 2457 2712 2512 omnibus.
2764 2458 2996 2515 Sanctus
3026 2460 3324 2531 Gregorius
3364 2459 3635 2531 Nyssenus,
3659 2454 3743 2507 Ade

2230 2562 2405 2601 versus
2442 2549 2763 2605 Eunomium
2794 2566 2812 2604 :
2849 2551 3126 2617 Bifariam,
3162 2554 3355 2622 inquit,
3396 2552 3545 2606 rebus
3571 2545 3747 2617 partitis

2229 2639 2283 2692 in
2334 2639 2574 2705 faciens,
2609 2650 2664 2695 et
2691 2642 2890 2696 factum
2912 2686 2924 2707 ,
2961 2653 3254 2714 utrumque
3300 2645 3369 2699 ab
3410 2643 3568 2697 altero
3594 2649 3748 2694 natura

2228 2727 2430 2795 diliert,
2461 2738 2521 2783 ut
2556 2743 2728 2799 neque
2768 2732 2910 2802 quod
2960 2732 3165 2788 factum
3194 2744 3276 2791 est
3303 2746 3406 2789 non
3436 2741 3650 2788 creatura
3676 2729 3746 2789 sit».

2227 2833 2403 2889 neque
2431 2831 2673 2877 creatum
2703 2825 2844 2893 quod
2877 2833 3122 2879 naturam
3152 2841 3339 2882 eorum
3366 2837 3481 2896 quae
3508 2824 3645 2888 ﬁunt,
3668 2814 3753 2875 etii-

2229 2910 2321 2966 cit.
2365 2912 2512 2966 Idem
2548 2915 2599 2967 in
2626 2915 2826 2970 eisdem
2859 2916 3012 2971 libris
3044 2935 3059 2972 :
3087 2917 3223 2990 Ego,
3267 2921 3456 2988 inquit,
3496 2920 3584 2971 etsi
3609 2930 3751 2970 sermo

2228 3014 2376 3059 εεεει
2434 3006 2577 3062 illius
2628 3005 2846 3077 Moysis,
2896 3010 2988 3078 qui
3045 3011 3097 3064 in
3155 3010 3605 3065 adminiSIratione
3648 3005 3755 3072 legis

554 3119 674 3157 xus.
712 3103 773 3155 Et
796 3117 992 3155 rursus
1031 3102 1171 3156 idem
1206 3103 1257 3155 in
1303 3102 1492 3171 quinto
1521 3100 1668 3168 {Qui
1696 3117 1823 3156 vere
1865 3102 2118 3170 prarexsi-
2151 3099 2198 3161 C
2228 3093 2518 3162 Splenduit,
2552 3113 2722 3167 neque
2756 3100 2834 3154 sic
2864 3102 3173 3172 bnjusmodi
3200 3115 3494 3157 sermonem
3530 3101 3752 3155 tulissemt

554 3195 647 3247 stit
684 3195 781 3262 (2),
813 3196 1105 3248 secundum
1140 3209 1354 3249 omnem
1390 3209 1578 3247 eorum
1607 3210 1730 3264 quae
1756 3205 1882 3248 ειιιιι
1919 3197 2133 3265 cogita-

556 3290 752 3340 tionem
787 3286 1200 3354 multiplicatur,
1214 3293 1268 3338 et
1290 3286 1341 3339 in
1364 3298 1429 3341 eo
1452 3290 1665 3355 proprie
1690 3288 1996 3341 celebratur
2020 3288 2123 3357 (ὃ),

554 3390 688 3440 erat.
723 3389 901 3442 etest,
931 3392 985 3434 et
1014 3382 1118 3432 erit
1153 3397 1168 3433 :
1200 3382 1323 3434 item
1352 3380 1553 3434 factum
1588 3391 1694 3446 est,
1728 3391 1782 3434 et
1811 3383 1886 3446 lit,
1917 3392 1971 3435 et
2005 3384 2127 3448 liet;

555 3471 681 3524 llcc
711 3471 850 3523 enim
887 3471 1064 3522 omnia
1094 3469 1401 3539 signiﬁcant
1432 3471 1496 3522 iis
1536 3471 1627 3539 qui
1663 3481 1718 3523 ut
1749 3466 1916 3524 Deum
1952 3474 2127 3533 decet,

553 3562 881 3631 intelligunt,
906 3578 1021 3616 esse
1042 3576 1161 3615 eum
1188 3562 1476 3615 secundum
1505 3575 1719 3615 onmem
1749 3562 2126 3630 cogitationem

554 3666 715 3721 supra
747 3652 1110 3705 substantiam
1140 3662 1230 3705 :et
1254 3667 1377 3706 esse
1407 3666 1624 3706 causam
1654 3667 1841 3707 eorum
1870 3668 1989 3721 quae
2013 3669 2128 3705 mo-

553 3746 638 3798 dis
670 3746 921 3798 omnibus
949 3758 1104 3811 sunt;
1139 3746 1335 3798 etenim
1363 3760 1466 3797 non
1494 3745 1595 3798 hoc
1618 3744 1831 3812 quidem
1860 3755 1963 3809 est,
1994 3744 2122 3799 illud

553 3850 684 3890 vero
718 3851 823 3890 non
855 3847 967 3902 est;
1000 3852 1101 3891 nec.
1133 3837 1313 3905 aliquo
1346 3836 1563 3903 quidem
1608 3838 1766 3891 modo
1807 3848 1910 3903 est,
1944 3838 2123 3908 aliquo

555 3939 684 3981 vero
719 3942 824 3982 non
858 3938 974 3991 est;
1002 3927 1094 3981 sed
1127 3927 1303 3995 potius
1328 3928 1507 3980 omnia
1534 3936 1638 3991 est,
1668 3937 1723 3979 ut
1751 3926 1987 3981 onmimn
2022 3923 2132 3981 au-'

625 4109 669 4139 "
728 4105 884 4160 Joan.
917 4120 954 4168 ι,
995 4104 1045 4157 1.

2238 3185 2336 3255 (5),
2371 3189 2470 3242 ειεί
2520 3206 2642 3242 eum
2688 3190 2890 3245 uullutn
2926 3193 3123 3261 alioqui
3162 3209 3192 3246 e
3242 3208 3301 3249 se
3349 3192 3662 3261 splendorem
3690 3187 3756 3238 ille

2190 3280 2201 3291 ’
2240 3281 2484 3345 haberet,
2532 3298 2752 3336 munere
2781 3283 2966 3337 divino
2996 3284 3316 3353 Splendidus
3349 3293 3554 3352 repente
3580 3277 3754 3334 israeli-

2238 3372 2305 3426 iis
2334 3369 2585 3441 ευριπιιῆ
2612 3392 2625 3436 ;
2664 3374 2707 3428 is
2738 3376 2881 3428 enim
2922 3375 3180 3443 splendor
3211 3377 3261 3429 in
3296 3376 3587 3445 Iegislatore
3615 3356 3753 3426 ortus.

2237 3474 2343 3515 non
2382 3464 2479 3516 fuit
2513 3465 2787 3531 cujusdam
2821 3468 3064 3532 alterius,
3103 3471 3198 3523 sed
3246 3469 3413 3539 ipsius
3448 3466 3553 3520 Dei.
3578 3464 3632 3515 Et
3659 3463 3756 3514 be:-

2236 3562 2325 3608 tus
2361 3553 2826 3626 Chrysostomns,
2879 3560 2930 3612 in
2983 3563 3233 3616 oratione
3279 3563 3331 3615 in
3380 3558 3581 3612 laudem
3620 3549 3754 3606 sancti

2232 3643 2456 3701 Joannis
2484 3646 2762 3717 Tltcologi,
2787 3648 2945 3718 cujus
2973 3652 3300 3720 principium
3335 3659 3413 3704 est
3437 3665 3449 3699 :
3480 3644 3755 3710 Principium

2235 3740 2380 3791 nobis
2416 3756 2599 3791 rursus
2634 3758 2659 3791 ε
2690 3742 2817 3793 τιεΙο
2857 3743 3084 3815 advenit,
3117 3743 3202 3796 sic
3250 3744 3328 3795 ait
3376 3757 3389 3793 :
3442 3737 3503 3794 1η
3544 3732 3757 3807 principio

2230 3844 2340 3885 erat
2385 3830 2627 3894 Verbum,
2664 3843 2710 3883 et
2745 3831 2960 3884 Verbum
3002 3843 3113 3885 erat
3164 3835 3311 3901 apud
3358 3831 3540 3890 Deum,
3571 3835 3615 3881 ct
3653 3825 3759 3877 Deus

2228 3934 2343 3980 erat
2381 3924 2598 3976 Verbum
2631 3922 2691 3978 “.
2731 3922 3005 3994 Nusquam
3032 3934 3133 3993 est,
3170 3941 3277 3979 non
3313 3934 3450 3989 erat,
3478 3922 3564 3979 sed
3597 3918 3762 3986 ubique

2028 4218 2300 4285 Scholia.

628 4352 703 4421 (I)
732 4349 895 4421 Exire
940 4363 965 4400 a
1014 4361 1094 4421 se,
1138 4356 1212 4421 et,
1246 4362 1351 4402 non
1393 4347 1583 4421 dividi,
1628 4348 1730 4400 hoc
1773 4356 1855 4401 est
1905 4347 2124 4421 inﬁniti,
2156 4349 2208 4409 D
2233 4351 2573 4421 exsislentiw.
2609 4349 2699 4405 Sic
2720 4350 2851 4405 dicit
2874 4352 3012 4406 idem
3047 4347 3341 4421 Dionysius
3368 4358 3487 4421 cap.
3510 4333 3762 4421 55,051,"?

557 4418 700 4491 quod
733 4420 910 4472 omnia
950 4418 1249 4472 substantia
1285 4434 1378 4473 sua
1416 4427 1472 4471 et
1509 4419 1706 4472 virtute
1734 4432 1798 4471 ac
1839 4418 2123 4485 praiseutia

556 4494 759 4547 itnnlet.

653 4509 759 4546 net.

627 4509 701 4633 (l2)
743 4565 847 4628 Qui
886 4578 998 4615 vere
1022 4558 1356 4631 pra’exst‘stit,
1387 4558 1668 4633 secundum
1698 4571 1900 4633 omnem
1944 4572 2122 4633 eorum

556 4625 673 4703 quo:
713 4625 855 4695 sunt,
887 4625 1261 4703 cogitationem
1307 4627 1712 4694 militiplicutur.
1744 4625 1928 4703 idest,
1965 4630 2123 4695 quid-

556 4697 684 4771 quid
720 4697 1007 4771 cogitetur,
1042 4708 1095 4751 ct
1144 4700 1207 4771 att
1259 4712 1635 4771 quamcunque
1668 4709 1778 4750 rem
1814 4697 1934 4764 quis
1965 4713 2118 4771 tuen-

555 4768 661 4828 tetti
704 4768 978 4835 intendat,
1017 4768 1252 4823 inveniet
1292 4769 1342 4818 in
1393 4782 1452 4819 ea
1512 4768 1782 4835 notionem
1833 4782 2031 4833 causat,
2068 4770 2118 4823 id

554 4854 657 4907 est,
694 4845 928 4896 auctoris
965 4834 1055 4894 Dei
1084 4854 1101 4905 ;
1129 4841 1227 4891 hoc
1258 4836 1419 4907 igitur
1449 4847 1527 4907 est
1560 4834 1927 4907 multiplicari,
1973 4841 2120 4893 cerni

554 4902 677 4967 cum
714 4914 765 4964 in
801 4916 983 4965 multis
1004 4902 1247 4969 causam,
1281 4902 1343 4959 ex
1370 4906 1428 4959 ὃ.
1462 4906 1673 4958 Maxim.
1704 4902 1758 4958 et
1792 4902 2047 4976 Paehytn.

629 4983 702 5053 ('5)
754 4981 818 5036 In
861 4998 919 5035 eo
970 4980 1175 5050 proprie
1221 4978 1533 5053 celebratur,
1585 4987 1718 5036 erat,
1754 4983 1801 5053 et
1844 4988 1939 5053 est.
1974 4978 2118 5031 Idem

550 5045 838 5124 Dionysius
874 5045 1274 5124 interpretatur,
1297 5046 1564 5124 quomodo
1597 5045 1809 5124 proprie
1841 5050 2123 5124 celeturcn.

554 5138 639 5177 tur
677 5115 809 5185 haec,
851 5115 1053 5175 scilicet
1081 5126 1348 5187 quatenus
1386 5116 1789 5187 intelliguntur,
1847 5126 1901 5167 ut
1954 5115 2119 5168 Deum

552 5198 722 5258 decet,
755 5182 968 5260 proprie
1000 5182 1252 5243 dicuntur
1287 5189 1338 5239 in
1367 5186 1518 5260 Deo;
1548 5195 1600 5260 et
1643 5185 1694 5260 in
1740 5182 1846 5237 Deo
1878 5201 2023 5249 sunt,
2071 5188 2120 5238 id

553 5277 658 5331 est,
693 5255 961 5332 quate-nus
990 5268 1263 5322 est,'crat,
1299 5255 1789 5332 erit,.participa_nt
1815 5272 1966 5332 esse;
2000 5276 2118 5332 om-

553 5323 810 5387 ttia'enitn
844 5332 1135 5386 secundum
1166 5342 1383 5380 causam
1413 5325 1669 5379 dicuntur
1711 5327 1774 5377 de
1822 5323 1948 5387 Deo,
1984 5336 2036 5377 et
2070 5328 2119 5377 in

556 5422 619 5459 eo
647 5415 794 5464 sntit,
824 5412 877 5456 et
911 5401 1284 5467 intelliguntur
1321 5395 1937 5467 suprasubstantialiter,
1984 5412 2119 5467 qua-

556 5488 709 5527 tt-nus
762 5489 891 5527 Vero
943 5472 1021 5525 sic
1051 5465 1505 5536 decipiunturtut
1533 5481 1653 5519 cum
1689 5465 1888 5519 dicitur
1926 5483 1937 5517 :
1978 5466 2118 5518 Deus

552 5555 655 5604 est,
686 5553 822 5605 erat,
870 5543 973 5595 erit
1004 5580 1017 5601 .
1047 5535 1382 5607 signiﬁcetur
1412 5535 1577 5590 Deum
1616 5536 1942 5604 participare
1973 5552 2116 5597 65513,

552 5617 739 5667 aliena:
768 5622 891 5665 sunt
918 5628 943 5662 a
979 5606 1115 5672 Deo,
1135 5606 1492 5684 ex_P.tcbym.
1957 5676 1965 5684 I

626 5684 794 5750 (3)11:
833 5685 939 5748 ipso
972 5696 1077 5733 (ssc
1109 5680 1491 5744 txaisteutiam,
1541 5688 1587 5731 et
1640 5693 1739 5732 non
1792 5692 1901 5732 esse
1951 5680 2117 5744 ipsum

2241 4420 2400 4492 habet
2436 4404 2783 4492 exsistentia,
2814 4404 3000 4475 etnon
3036 4429 3122 4474 est
3155 4404 3274 4490 ipse
3313 4404 3645 4492 exsiswntjg;
3679 4404 3768 4492 ᾖξ’

2236 4490 2480 4543 sistentia
2518 4491 2677 4544 habet
2708 4489 2899 4557 Deum,
2926 4502 2986 4546 ut
3017 4485 3284 4545 consistat
3316 4490 3430 4555 ipsa
3466 4485 3767 4557 exsisteotta.

2236 4560 2379 4612 sicut
2417 4560 2541 4628 quis
2582 4560 2743 4614 habet
2787 4555 2952 4613 vitam
2990 4562 3057 4614 ad
3100 4560 3182 4613 sui
3240 4555 3648 4613 exsistentiam;
3682 4557 3767 4623 ηιξη

2236 4638 2413 4681 autem
2452 4632 2530 4683 sic
2570 4632 2731 4682 habet
2764 4629 3309 4684 Deus‘e’xsistentiam
3340 4666 3355 4687 .
3405 4636 3462 4679 ut
3513 4628 3763 4692 ρετ-6151³

2235 4698 2485 4751 stentiam
2532 4700 2619 4752 sit.
2674 4699 2825 4754 Sicut
2859 4700 3022 4769 igitur
3052 4697 3373 4769 exsistentia
3422 4687 3577 4750 habet
3606 4687 3765 4769 ῡειιιιξε

2236 4768 2317 4840 sic
2353 4769 2663 4840 exsistentia
2715 4781 2797 4823 est
2836 4760 2951 4834 DEi,
2985 4770 3108 4840 quia
3145 4772 3213 4822 ab
3246 4768 3366 4837 ipso
3412 4770 3623 4840 manat;
3656 4760 3772 4840 αἲξ-Ἦ

2234 4834 2376 4890 Deus
2402 4850 2506 4889 non
2533 4839 2691 4891 habet
2716 4841 2794 4892 sic
2819 4832 3211 4901 exsistentiam,
3232 4832 3292 4889 ut
3316 4850 3412 4903 per
3434 4832 3767 4903 exsistcnttant

2235 4908 2339 4971 sit;
2376 4908 2454 4987 sic
2496 4923 2671 4975 neque
2706 4908 2844 4963 Deus
2877 4918 2960 4963 est
2992 4907 3158 4977 ipsius
3201 4902 3537 4963 exsistentiac
3560 4938 3575 4964 ,
3604 4902 3656 4950 ιιι
3696 4902 3771 4960 Ρθτ

2232 4991 2350 5030 eam
2388 4987 2475 5029 stt.

2307 5047 2382 5114 (5)
2415 5046 2718 5116 Sermonem
2765 5048 3022 5101 tulissem.
3064 5042 3289 5099 Volebat
3338 5038 3768 5116 Eunomiustlﬂﬁ

2234 5105 2450 5170 Ariains
2484 5115 2819 5182 splendorem
2855 5120 2945 5186 qui
2978 5116 3227 5184 apparuit
3260 5112 3483 5186 itil'acie
3509 5105 3770 5186 Moyisiafl

2233 5188 2406 5240 oculis
2442 5179 2716 5253 corporeis
2766 5179 2912 5240 visus
2944 5179 3244 5248 est-{fuisse
3276 5179 3770 5253 divinam_subslaﬂ'

2235 5260 2360 5309 tiam
2413 5246 2651 5309 Filii'Uei
2680 5298 2694 5318 ,
2732 5272 2797 5310 ex
2832 5272 2941 5324 quo
2973 5246 3284 5309 creaturam
3320 5265 3443 5307 esse
3472 5246 3669 5324 egit-ere
3693 5253 3768 5324 tt":

2233 5327 2448 5390 lebant;
2487 5330 2626 5392 quod
2656 5318 2865 5379 falsum
2903 5336 2956 5378 et
2988 5326 3300 5392 biereticum
3330 5328 3470 5373 erat.
3506 5318 3624 5370 Erat
3649 5320 3767 5392 eum)

2234 5388 2599 5467 illesplendor
2629 5410 2734 5448 non
2763 5395 2984 5450 alterius
3012 5411 3175 5467 quam
3210 5391 3306 5467 Dei
3340 5397 3607 5467 creatura.
3629 5388 3768 5467 “illi”

2236 5468 2287 5519 in
2330 5449 2466 5535 ιιίειο
2497 5467 2703 5534 Moysis
2754 5449 2968 5520 creatus
3010 5449 3221 5537 lbit,_ut
3267 5462 3420 5514 ineo
3449 5449 3771 5537 ιιιγίιιιιιιιιιιχ

2237 5517 2698 5589 ιιιειιζεέιιιιιιῖιιιι
2723 5550 2782 5589 se
2810 5517 3193 5603 inaspectab'tle
3221 5540 3489 5600 tanquam
3513 5528 3563 5582 itt
3588 5517 3773 5591 specum

2235 5607 2300 5660 ad
2331 5609 2430 5662 huc
2459 5606 2601 5662 l‘acto
2624 5605 2881 5661 lsraclitis
2914 5604 3240 5660 ostenderet.
