3980 6208
271 226 376 306 909

936 220 1174 299 DECAS
1215 226 1377 299 Vm.
1406 260 1477 274 ——
1512 233 1613 298 DE
1653 203 2100 297 INFINITATE
2135 234 2266 298 DEI
2304 236 2388 306 ΙΝ
2430 215 2892 297 caenums.

3423 225 3530 298 910

269 342 387 405 erat
421 361 689 416 nusquam
719 352 840 412 est;
878 343 1025 404 fecit.
1053 348 1146 400 sed
1170 348 1368 416 unique
1395 343 1522 415 quid
1553 351 1689 406 erat.
1715 347 1836 415 'post
1865 351 1908 404 Α
1938 343 2154 413 quidem
2193 347 2391 412 agitur,
2429 343 2552 413 quia
2586 341 2785 411 praebet
2831 339 2878 393 ei
2940 335 3188 392 ﬁduciam
3239 349 3365 407 erga
3409 353 3533 392 eum

271 447 410 501 erat,
450 435 597 497 fecit,
631 445 736 489 non
773 436 838 488 de
869 434 1115 493 auctore.
1152 435 1244 487 sed
1277 435 1342 487 de
1379 433 1667 491 creaturis.
1705 441 1756 484 et
1788 439 1846 483 ut

272 529 411 583 sciat
433 527 706 596 quomodo
734 537 888 589 “erat;
917 535 972 580 et
998 524 1271 595 quomodo
1296 524 1424 578 fecit
1453 538 1554 593 ego
1584 522 1724 586 dico,
1749 536 1847 576 vos

207 629 214 634 ‘
273 626 600 670 numerate:
644 609 711 667 In
760 615 1018 681 principio
1061 621 1179 667 erat
1221 611 1474 676 Verbum,
1516 622 1566 665 et
1627 609 1848 664 Verbum

272 717 387 764 erat
421 709 562 778 apud
595 709 780 772 Deum,
812 718 860 762 et
887 709 1030 761 Deus
1055 713 1168 760 erat
1200 704 1469 769 Verbum;
1502 705 1598 757 hoc
1641 709 1755 756 erat
1794 703 1850 756 in

271 802 533 869 principio
564 800 704 867 apud
750 799 936 853 Deum.
963 798 1102 869 Ecce
1132 807 1326 866 quarto
1358 795 1626 856 meminit.
1659 805 1713 848 et
1758 807 1852 847 ne-

273 867 380 960 que
412 867 575 947 semel
607 891 766 954 dixit,
797 867 1025 944 Factuin
1056 897 1150 942 est.
1182 888 1319 954 Quid
1355 887 1521 956 igitur
1553 896 1673 954 post
1700 882 1852 938 haec?

274 983 469 1039 Omnia
508 1001 602 1052 per
629 986 798 1052 ipsum
841 986 986 1051 facta
1016 988 1161 1046 sum;
1204 994 1309 1033 non
1343 977 1478 1032 dixit
1527 977 1636 1042 hic,
1696 974 1851 1043 Erat,

273 1080 401 1147 quia
430 1077 496 1131 de
528 1076 797 1130 creaturis
823 1083 943 1129 erat
972 1088 1174 1128 sermo.
1222 1071 1412 1125 Omnia
1438 1086 1529 1139 per
1553 1071 1727 1133 ipsum
1764 1074 1849 1139 ta-

274 1179 360 1220 eta
383 1173 537 1232 sunt;
565 1183 668 1221 non
702 1167 862 1231 dixit;
899 1166 1090 1228 Ei'ant',
1140 1165 1234 1218 sed
1285 1161 1460 1216 Facta
1501 1171 1624 1215 sunt
1676 1162 1852 1214 omnia

273 1260 367 1327 iter
404 1261 576 1327 ipsum
608 1274 627 1312 :
656 1268 704 1311 “et
752 1258 862 1310 'sin‘e
907 1257 1018 1323 ipso
1067 1256 1267 1322 factum
1308 1262 1388 1307 'est
1422 1252 1553 1306 nihil
1585 1250 1728 1321 quod
1765 1251 1854 1320 fa-

274 1359 418 1403 ctum
442 1359 556 1414 est;
593 1363 780 1403 rursus
801 1345 1028 1400 Factum
1053 1355 1170 1400 est:
1199 1345 1289 1400 ubi
1321 1345 1387 1399 de
1417 1344 1545 1408 Deo,
1580 1347 1726 1403 erat,
1763 1342 1853 1396 ubi

275 1442 342 1495 de
368 1443 636 1496 creaturis
668 1438 896 1493 Factum
923 1447 1024 1492 ‘est.
1056 1437 1114 1492 ιη
1147 1437 1411 1506 principio
1427 1435 1685 1490 Verbum.
1718 1434 1854 1488 llinc

277 1535 440 1589 etiam
488 1534 630 1587 D‘eus
680 1531 838 1586 Pater
885 1529 1181 1585 secundum
1235 1529 1400 1582 Vetus
1445 1526 1852 1580 Testamentum

279 1625 568 1696 pateﬁebat
598 1639 613 1688 ;
647 1639 767 1677 cum
800 1625 944 1676 enim
991 1621 1129 1675 dixit
1159 1620 1206 1674 ei
1241 1618 1452 1688 Moyses
1486 1616 1592 1682 :jSi
1622 1617 1852 1670 dixerint

1957 435 2049 503 qui
2088 443 2264 503 potest
2309 434 2492 502 largiri
2533 444 2653 502 qua:
2689 431 2815 498 justi
2853 431 3075 496 petunt;
3117 427 3186 482 ab
3231 434 3296 482 eo
3351 439 3534 482 autem

1958 529 2048 596 qui
2073 527 2372 582 orationem
2396 543 2424 580 a
2443 526 2590 592 justo
2620 527 2773 593 petit,
2796 524 2974 591 agitur
2997 537 3122 575 cum
3149 529 3274 576 eum
3300 536 3327 572 a
3354 522 3536 590 priore

1957 619 2197 688 nequitia
2231 618 2491 683 abducit,
2527 627 2580 671 et
2621 617 2688 670 ad
2720 618 2974 668 virtutem
3022 613 3365 668 affectionem
3417 612 3536 679 eius

1961 709 2239 763 transfert.
2277 707 2502 777 Magnus
2553 706 2865 776 Dionysius,
2908 719 3028 771 cap.
3061 703 3098 758 .6
3150 702 3539 758 Ecclesiastiec

1965 800 2292 856 Hie‘rarcltia:
2339 805 2356 854 τ
2398 798 2751 854 llen'u‘ntiatio
2785 812 2892 851 non
2943 793 3117 849 selum
3163 794 3286 848 vitae
3323 794 3492 847 divise
3523 831 3539 854 ,

1960 895 2054 946 sed
2093 893 2257 946 etiam
2309 889 2722 958 cegitationum,
2758 887 2811 940 in
2843 877 3111 939 mandatis
3165 882 3281 949 Dei,
3334 897 3455 952 quae
3487 884 3542 936 in

1961 996 2124 1036 unum
2182 983 2513 1046 eonciliant,
2578 980 2815 1034 scienter
2874 988 3028 1036 acta.
3080 975 3538 1030 absolutissimam

1967 1075 2357 1130 monachorum
2399 1073 2653 1127 virtutem
2679 1083 2732 1127 et
2768 1070 3112 1137 disciplinam
3148 1069 3423 1128 declarat;
3459 1076 3545 1122 est

1959 1166 2133 1230 enim,
2170 1171 2228 1220 ut
2259 1165 2394 1227 dixi,
2421 1180 2528 1219 non
2563 1163 2722 1218 medii
2749 1162 2958 1218 ordinis
2997 1161 3071 1232 (i)
3100 1171 3286 1215 eorum
3320 1160 3411 1228 qui
3435 1159 3541 1213 ini-

1965 1258 2086 1312 tiati
2122 1269 2252 1314 sunt
2285 1257 2554 1328 baptismo
2583 1298 2598 1322 ,
2630 1258 2722 1312 sed
2755 1255 3004 1309 celsioris
3038 1255 3286 1308 (minibus
3332 1255 3546 1310 ordini-

1964 1347 2104 1412 bus;
2134 1351 2488 1419 qhamobrem
2524 1350 2690 1402 multa
2727 1365 2791 1404 ex
2825 1350 2889 1402 iis
2927 1355 3046 1417 qua:
3078 1363 3107 1400 a
3141 1348 3315 1402 medio
3356 1348 3549 1400 ordine

1959 1441 2086 1495 sine
2113 1441 2535 1508 reprehensione
2567 1441 2723 1505 ilunt,
2758 1439 3038 1494 monachis
3074 1440 3216 1504 unis,
3244 1445 3298 1492 et
3341 1452 3368 1491 a
3413 1440 3551 1492 divi-

1965 1531 2123 1585 sione
2157 1519 2351 1584 alienis
2388 1531 2612 1583 omnino
2643 1527 2933 1584 interdicta
2968 1539 3112 1582 sunt.
3143 1526 3210 1580 Et
3241 1530 3294 1581 in
3323 1528 3548 1596 epistola

1963 1620 2030 1673 ad
2063 1619 2649 1676 Colossettses.Pattlus
2683 1624 2756 1674 ait
2790 1638 2803 1674 :
2845 1620 3094 1673 Docerttes
3146 1627 3353 1674 omnem
3384 1619 3553 1674 hami.

278 1717 406 1771 mihi
438 1716 540 1785 ﬁlii
568 1714 741 1769 Israel
764 1729 782 1768 :
805 1713 936 1780 Qui:
964 1713 1039 1785 est
1085 1712 1177 1780 qui
1224 1719 1274 1763 te
1315 1711 1460 1763 misit
1495 1712 1565 1762 ad
1591 1723 1705 1771 nos,
1732 1709 1864 1777 quid
1898 1709 1940 1765 Β
1967 1715 2082 1764 item
2111 1713 2166 1764 in
2191 1712 2335 1764 omni
2367 1713 2650 1777 sapientia,
2681 1723 2737 1763 ut
2765 1711 3105 1765 exhibeamus
3149 1723 3351 1767 omnem
3379 1713 3554 1768 Itami-

289 1808 608 1876 respondebo
636 1805 749 1860 eis?
791 1806 856 1859 Et
887 1805 1018 1858 dixit
1065 1805 1202 1856 Deus
1228 1813 1240 1853 :
1278 1800 1384 1871 Eg‘o
1411 1805 1545 1864 sunt,
1595 1802 1682 1869 qui
1709 1817 1819 1853 sum
1845 1801 1863 1864 ξ

279 1902 368 1969 qui
392 1911 471 1955 est
493 1900 634 1953 misit
663 1907 740 1952 me
769 1900 838 1950 ad
879 1904 965 1951 eos
996 1889 1081 1960 ";
1111 1895 1293 1951 Pater.
1323 1893 1413 1962 qui
1449 1897 1570 1959 est;
1604 1893 1771 1948 Filius
1810 1895 1862 1946 in

283 1993 553 2062 principio
583 1999 726 2046 erat.
759 1989 815 2042 Si
859 1985 982 2057 quis
1012 1985 1299 2041 Contendit
1328 1985 1513 2039 dicens
1536 2025 1550 2047 ,
1584 1999 1687 2037 non
1725 1986 1863 2037 idem

281 2084 384 2137 dici
425 2083 478 2136 in
531 2081 690 2135 Patre
724 2088 778 2133 et
802 2077 982 2144 Filio;
1015 2076 1067 2129 in
1095 2075 1255 2129 Patre
1285 2076 1456 2146 enim,
1488 2074 1600 2146 Ego
1628 2091 1741 2128 sum
1775 2075 1867 2144 qui

280 2181 434 2237 sum;
464 2171 515 2224 in
549 2169 687 2224 Filio
715 2178 918 2232 autem,
953 2166 1018 2220 In
1050 2167 1310 2235 principio
1333 2174 1448 2219 erat
1479 2182 1498 2220 :
1535 2181 1636 2219 non
1664 2176 1747 2220 est
1771 2181 1866 2218 au-

282 2271 391 2316 tem
421 2263 584 2325 idem,
611 2269 712 2325 est,
748 2271 802 2315 et
828 2267 963 2319 erat,
1003 2259 1318 2311 demonstro
1351 2257 1765 2326 appellationem
1812 2257 1863 2309 in

282 2351 460 2420 Filio;
491 2355 677 2407 audiat
725 2353 1119 2421 Evangelistam
1164 2350 1433 2404 dicentem
1487 2367 1500 2404 :
1560 2347 1867 2419 Unigenitas

284 2447 484 2509 Filius,
517 2449 606 2514 qui
629 2456 706 2500 est
743 2445 796 2498 in
826 2446 945 2498 sinu
977 2444 1155 2498 Patris
1181 2439 1266 2509 ⁵⁸;
1309 2445 1435 2497 ecce
1465 2450 1624 2496 unam
1672 2453 1856 2496 vocem

284 2540 452 2594 habes
500 2537 844 2606 evangelista:
893 2537 948 2590 in
984 2535 1118 2605 '_esl:,'
1169 2543 1225 2590 et
1272 2535 1467 2589 iterum
1522 2532 1812 2602 Apostolus
1850 2550 1865 2587 :

286 2625 530 2696 Quorum
561 2639 735 2697 patres
757 2667 774 2692 ,
807 2643 872 2682 ex
905 2628 1092 2696 quibus
1142 2625 1384 2680 Christus
1435 2627 1719 2680 secundum
1753 2639 1871 2678 car-

285 2737 424 2780 nem,
449 2720 539 2788 qui
579 2729 653 2771 est
683 2733 845 2786 supra
875 2717 1057 2770 omnia
1095 2715 1233 2770 Deus
1260 2715 1560 2768 benedictus
1585 2716 1652 2767 “.
1676 2713 1867 2768 Vidisti

284 2812 562 2878 quomodo
595 2819 644 2864 te
676 2810 851 2864 munit
875 2807 1133 2872 Joannes,
1154 2808 1246 2875 qui
1279 2810 1332 2860 in
1353 2807 1462 2860 Deo
1492 2807 1692 2875 posuit,
1713 2805 1869 2870 Erat;

283 2912 339 2954 et
365 2903 415 2954 in
456 2900 748 2962 creaturis,
789 2897 960 2952 Facta
993 2906 1135 2952 sunt.
1171 2895 1285 2952 Nec
1318 2898 1461 2952 enim
1499 2899 1662 2951 Deum
1690 2899 1864 2964 decet,

284 2989 511 3044 Factum
547 3000 645 3074 est,
679 3003 854 3057 neque
883 2999 1186 3051 creaturas,
1221 2987 1374 3042 Erat.
1411 3019 1481 3030 —
1515 2977 1578 3043 In
1609 2991 1868 3059 principio

1968 1816 2083 1853 nem
2109 1803 2394 1871 perfe'etum
2425 1804 2480 1854 in
2514 1800 2728 1856 Christo
2755 1799 2906 1867 Jesu,‘
2930 1803 2982 1856 in
3018 1811 3118 1871 quo
3154 1812 3202 1856 et
3238 1804 3418 1857 laboro
3443 1818 3554 1858 eer-

1967 1895 2128 1945 tamlo
2175 1895 2461 1947 secundum
2506 1895 2864 1959 operatibnem
2910 1893 3050 1961 ejus,
3098 1909 3256 1960 quam
3307 1890 3553 1962 operatur

1969 1985 2022 2036 in
2051 2000 2132 2037 me
2159 1985 2212 2036 in
2240 1985 2432 2039 virtute
2460 1983 2528 2038 “.
2571 1984 2651 2038 Ex
2689 1985 2772 2038 his
2818 1985 2929 2054 jam
2986 1985 3189 2053 liquet,
3223 1989 3364 2055 quod
3410 1983 3554 2040 Deus

1968 2076 2263 2130 secundum
2301 2087 2481 2139 suam,
2518 2091 2639 2144 qua:
2677 2087 2779 2128 una
2816 2084 2920 2140 est,
2953 2091 3197 2140 causam,
3232 2077 3412 2130 omnia
3440 2075 3555 2130 em-

1969 2169 2113 2221 citur
2156 2182 2260 2220 non
2313 2167 2569 2223 recedens
2613 2183 2642 2219 a
2694 2183 2784 2231 se;
2817 2167 3245 2222 demonstratum
3281 2168 3424 2224 enim
3469 2180 3552 2225 est

1970 2273 2075 2312 non
2113 2259 2389 2328 migraudo
2412 2258 2580 2322 exire,
2609 2267 2663 2312 et
2692 2258 2879 2312 eodem
2912 2263 3132 2327 reverti,
3158 2271 3263 2316 non
3293 2279 3321 2316 a
3345 2280 3404 2319 se
3432 2265 3547 2321 dis-

1978 2359 2210 2404 tractum
2256 2351 2308 2403 in
2371 2352 2714 2420 prodocentia
2765 2359 3058 2417 creatura,
3107 2355 3201 2409 sed
3253 2358 3555 2412 secundum

1970 2457 2193 2498 causam
2226 2455 2387 2496 unam
2428 2443 2782 2512 singularem,
2818 2449 2937 2514 quae
2961 2455 3045 2499 est
3082 2446 3216 2515 ipse,
3239 2448 3419 2502 omnia
3457 2449 3554 2505 lit:

1969 2547 2022 2615 et
2057 2536 2189 2589 nihil
2223 2534 2368 2602 quod
2409 2535 2478 2589 ab
2522 2537 2640 2604 ipso
2668 2535 2726 2590 lit
2763 2545 2817 2590 et
2866 2537 3064 2605 agitur,
3097 2533 3345 2593 estsine
3394 2555 3553 2594 crea-

1973 2627 2137 2684 tione.
2171 2625 2360 2682 Dicere
2396 2626 2542 2682 enim
2590 2641 2699 2680 non
2733 2641 2854 2680 esse
2893 2636 3140 2681 creatum
3170 2628 3314 2699 quod
3355 2631 3558 2700 agitur,

1970 2714 2196 2785 perinde
2225 2715 2382 2786 plane
2419 2725 2505 2771 est
2533 2725 2596 2770 ιιι
2626 2717 2669 2770 si
2703 2717 2948 2772 dicamus
2975 2726 3280 2773 creaturam
3310 2735 3416 2775 non
3441 2737 3563 2777 esse

1971 2809 2314 2873 creaturam;
2343 2808 2484 2877 Quod
2510 2809 2653 2862 enim
2683 2807 2882 2878 agitur,
2906 2809 3046 2862 idem
3081 2820 3162 2864 est
3184 2825 3304 2865 cum
3330 2827 3395 2867 eo
3419 2816 3561 2882 quod

1971 2895 2050 2960 lit,
2087 2893 2210 2966 quia
2247 2899 2389 2967 quod
2419 2897 2595 2967 agitur
2620 2897 2698 2964 ﬁt,
2726 2912 2780 2952 et
2811 2899 2950 2968 quod
2978 2898 3035 2952 lit
3067 2899 3277 2971 agitur;
3303 2902 3347 2955 si
3379 2910 3560 2956 autem

1972 2989 2114 3055 quod
2153 2989 2210 3040 iit
2237 3003 2342 3042 non
2380 2999 2463 3043 est
2494 2989 2611 3042 sine
2640 2991 2938 3052 creatione,
2975 2981 3032 3043 et
3060 2992 3202 3060 quod
3231 2992 3414 3060 agitur
3441 3010 3551 3048 non

283 3093 398 3135 erat
434 3065 682 3145 Verbum,
720 3089 768 3134 et
808 3077 1033 3134 Verbum
1059 3088 1174 3134 erat
1216 3079 1358 3147 apud
1395 3079 1560 3134 Deum
1581 3097 1602 3145 ;
1637 3089 1686 3135 et
1732 3080 1867 3135 Deus
1893 3064 1940 3127 C
1972 3077 2095 3130 sine
2130 3078 2432 3131 creatione.
2463 3075 2662 3142 Quare:
2698 3079 2791 3147 qui
2835 3079 2970 3132 dicit
3002 3081 3145 3147 qhod
3175 3081 3319 3148 agitu
3341 3096 3385 3145 r,
3426 3097 3563 3150 quo-

285 3179 401 3223 eral
437 3169 703 3233 Verbum;
729 3169 826 3220 hoc
848 3179 959 3222 erat
987 3170 1042 3221 in
1072 3168 1328 3235 principio
1350 3171 1489 3236 apud
1529 3168 1690 3222 Deum
1712 3186 1731 3234 ;
1764 3185 1873 3222 om-

289 3262 379 3314 nia
415 3277 509 3328 per
533 3261 700 3327 ipsum
737 3259 880 3326 facta
909 3266 1052 3322 sunt,
1081 3267 1127 3310 et
1155 3260 1266 3310 sine
1295 3258 1410 3326 ipso
1444 3259 1645 3325 factum
1670 3268 1746 3310 est
1782 3258 1866 3310 ni-

290 3352 387 3415 hil,
417 3352 558 3419 quod
603 3350 802 3416 factum
835 3357 933 3402 est.
980 3346 1208 3413 Quando
1236 3346 1458 3400 Factum
1498 3360 1596 3410 est,
1633 3349 1869 3415 ponitur,

290 3444 357 3514 ad
392 3451 673 3495 creaturas
698 3439 1004 3502 descendit;
1038 3437 1256 3507 quando
1293 3438 1452 3502 Erat,
1485 3438 1550 3491 ad
1586 3448 1867 3492 auctorem

291 3531 574 3597 ascendit;
611 3541 665 3584 et
697 3545 890 3585 rursus
933 3528 1057 3582 Vita
1100 3537 1242 3594 erat,
1293 3544 1480 3582 rursns
1528 3529 1768 3583 ascendit
1805 3528 1871 3580 ad

290 3622 640 3687 effectorem;
677 3623 879 3676 scalam
908 3622 1069 3677 hodie
1099 3620 1253 3675 affert
1287 3621 1469 3674 multis
1499 3618 1768 3689 mysteriis
1796 3634 1878 3672 re-

294 3713 486 3767 f-rtatn
512 3733 526 3768 :
557 3715 774 3783 quando
804 3713 1047 3766 ascendit
1077 3713 1141 3765 ad
1179 3712 1370 3775 Deum,
1403 3709 1560 3773 Erat,
1593 3709 1875 3777 praedicat;

291 3805 513 3872 quando
543 3802 823 3858 descendit
851 3803 915 3856 ad
950 3811 1230 3856 creaturas
1259 3801 1744 3866 assumit,Faetum
1777 3808 1879 3862 est;

291 3899 511 3965 quando
539 3896 781 3950 ascendit
815 3899 878 3948 ad
908 3895 1096 3959 Deum,
1126 3895 1342 3964 deponit
1373 3894 1523 3960 illud,
1560 3892 1729 3946 Facta
1757 3899 1881 3947 sunt

292 3998 350 4042 et
381 3986 608 4040 Factum
632 3998 731 4050 est,
769 3999 823 4041 et
863 3989 1026 4041 sumit
1063 3987 1218 4041 Erat.
1259 3987 1488 4041 Sanetus
1520 3985 1791 4052 Maximus
1817 3987 1871 4040 in

291 4081 540 4132 centuria
576 4087 750 4143 sexta,
778 4093 900 4146 cap.
925 4077 996 4130 84
1020 4092 1033 4129 :
1062 4077 1287 4129 Multum
1312 4077 1444 4130 valet
1471 4078 1642 4130 oratio
1655 4077 1791 4146 justi
1803 4079 1871 4142 ",

292 4186 420 4238 qua!
451 4173 628 4239 agitur
667 4173 782 4225 sive
812 4186 840 4222 a
869 4164 1035 4236 justo,
1072 4170 1164 4237 qui
1217 4184 1335 4224 eam
1370 4171 1622 4234 adhibet,
1658 4171 1770 4224 sive
1805 4171 1874 4224 ab

1979 3169 2352 3236 modocunqu‘e
2401 3179 2614 3237 agatur,
2651 3182 2758 3223 non
2791 3176 3032 3223 creatum
3057 3184 3198 3231 esse,
3226 3185 3302 3224 eo-
3323 3174 3470 3226 venit
3501 3182 3562 3225 ut

1978 3260 2122 3313 ditat
2159 3260 2302 3328 quod
2337 3269 2580 3313 creatum
2601 3268 2683 3312 est
2711 3269 2957 3314 creatum
2993 3275 3096 3312 non
3132 3273 3273 3322 esse,
3295 3271 3388 3314 aut
3411 3262 3557 3332 quod

1979 3359 2062 3402 est
2097 3363 2200 3401 non
2228 3362 2385 3414 esse;
2416 3357 2473 3402 et
2501 3357 2844 3418 quaecunque
2891 3346 2997 3402 alia
3031 3363 3092 3402 ex
3127 3349 3561 3406 contradictione

1980 3446 2303 3510 seQuuntur.

2567 3544 2797 3612 CAPUT
2849 3543 2964 3610 ΥΠ.
3003 3504 3016 3512 ﬁ

1980 3663 2132 3730 Quod
2160 3665 2335 3719 utilius
2384 3682 2630 3720 numerus
2676 3668 2922 3729 duorum,
2965 3677 3059 3721 aut
3103 3669 3385 3722 multitudo
3435 3680 3556 3736 post

2051 3741 2322 3787 numerum
2348 3737 2592 3806 duorum,
2633 3735 2723 3790 aut
2755 3738 2903 3790 aliud
2930 3740 3054 3806 quid
3089 3743 3366 3792 secundum
3407 3735 3557 3806 supe-

2024 3806 2164 3887 orius
2202 3815 2254 3857 et
2289 3805 2513 3873 inferius
2550 3808 2855 3874 procedens,
2885 3805 3150 3876 iit/initum
3177 3821 3222 3861 et
3257 3810 3370 3863 sine
3403 3805 3554 3877 prin-

2054 3883 2190 3941 cipio
2217 3891 2327 3927 esse
2348 3883 2533 3943 potest.

2053 3987 2282 4058 Magnus
2322 3988 2636 4059 Dionysius,
2671 3991 2844 4057 capite
2868 3989 2900 4043 4
2933 3989 3005 4044 De
3034 3991 3221 4044 divinis
3255 3993 3553 4046 nominibus

1982 4079 2057 4130 ait
2088 4095 2102 4131 :
2131 4080 2319 4132 Omnis
2353 4087 2614 4160 numerus
2647 4080 2878 4133 duorum
2924 4094 3028 4133 non
3070 4092 3153 4133 est
3183 4081 3504 4149 principium
3535 4093 3551 4142 ;

1981 4172 2160 4224 unitas
2190 4181 2364 4225 autent
2395 4173 2498 4226 erit
2533 4174 2854 4246 principium
2883 4175 3123 4227 omniutn
3157 4173 3405 4228 duorum.
3438 4175 3557 4240 Quo

293 4257 423 4319 alio,
456 4258 550 4324 qtti
585 4273 703 4310 eam
753 4273 782 4310 a
827 4259 978 4326 justo
1031 4257 1276 4312 adhiberi
1331 4259 1587 4327 postulat.
1639 4260 1683 4311 A
1727 4261 1876 4330 justo
1913 4278 1956 4331 ι)
1981 4263 2033 4315 in
2067 4264 2183 4316 loco
2217 4272 2438 4318 sanctus
2469 4261 2738 4318 Maximus
2773 4282 2786 4317 :
2825 4263 2880 4317 In
2919 4264 3181 4330 numeris,
3215 4266 3409 4334 inquit,
3450 4265 3557 4318 dno

365 4438 414 4470 "
440 4437 610 4492 Exod.
641 4451 721 4498 ιιι,
768 4436 856 4491 id.
931 4436 977 4467 ⁸³
1006 4433 1165 4490 Joan.
1196 4450 1236 4500 ι,
1273 4435 1356 4488 18.
1432 4435 1477 4469 “
1504 4435 1663 4490 Rom.
1704 4453 1780 4501 ιχ,
1814 4437 1866 4490 5.
1941 4439 1989 4470 ⁸⁸
2038 4436 2155 4493 Jac.
2192 4441 2336 4506 v,lli.
2415 4441 2460 4474 ⁸⁵
2492 4412 2697 4495 Coloss.
2730 4454 2768 4505 t,
2815 4440 2904 4504 28,
2934 4441 3027 4495 29.

1815 4555 2092 4617 SehoHa.

367 4663 449 4733 (i)
503 4657 627 4713 Non
682 4655 834 4733 medii
876 4655 1125 4733 ordinis._
1160 4653 1388 4709 Medium
1442 4651 1877 4733 ord_in_em_dic_it

289 4725 559 4787 inii-orum
589 4769 603 4789 ,
661 4731 750 4795 qui
803 4739 926 4778 sunt
985 4725 1252 4795 baptismo
1291 4732 1494 4776 tantum
1535 4725 1768 4795 initiati;
1819 4725 1872 4778 hi

289 4806 444 4857 enim
482 4806 607 4851 sunt
636 4794 794 4848 medii
827 4797 965 4847 inter
995 4794 1434 4853 catechumenos,
1456 4794 1546 4859 qui
1577 4804 1876 4860 purgantur

289 4878 361 4926 ad
417 4869 765 4931 baptismum,
801 4875 853 4914 et
892 4869 1030 4915 inter
1061 4863 1544 4924 coittntunicautes,
1574 4863 1665 4930 qui
1716 4868 1876 4930 per“-

289 4945 541 4996 ciuntur.
572 4935 709 4987 Sunt
754 4944 931 4984 autem
969 4933 1241 4992 mouu'chi.
1277 4942 1545 4998 quatenus
1581 4935 1830 4986 monachi
1857 4973 1874 4996 ,

291 5026 408 5065 non
443 5006 603 5072 hujus
634 5003 792 5055 medii
829 5001 1320 5072 ordinislaicorum
1347 5017 1375 5072 ;7
1405 4999 1693 5072 perfectior
1723 5006 1870 5055 enim

289 5092 382 5134 est
408 5069 598 5129 eorum
634 5081 830 5136 status,
856 5087 1015 5140 quam
1049 5069 1339 5140 laicornm.
1364 5071 1416 5121 Id
1447 5071 1587 5133 quod
1626 5071 1774 5123 locus
1798 5075 1878 5124 eis

291 5152 350 5204 in
389 5146 635 5201 Ecclesia
669 5139 994 5211 assignatus,
1031 5151 1284 5211 tanquam
1331 5139 1382 5190 in
1419 5141 1670 5211 symbolo
1705 5141 1876 5207 εἱκιιιδ

290 5223 468 5279 licat;
497 5225 582 5268 est
629 5208 803 5266 enim'
827 5226 993 5279 prope
1035 5210 1253 5279 ianuas
1284 5208 1494 5279 templi
1525 5208 1878 5279 propinquior

289 5276 516 5357 populo
539 5292 659 5357 post
705 5276 938 5357 eos-qui
978 5276 1763 5357 8Uill3ftlitll§.(PCCICSidsthl,
1819 5292 1878 5333 ut

293 5345 591 5423 Dionysius
631 5351 686 5423 in
717 5345 958 5423 _episiola
1010 5349 1073 5400 ad
1127 5345 1499 5423 Demophilutn
1549 5359 1871 5423 monachum

288 5418 525 5493 scripsit
568 5437 584 5473 :
621 5420 885 5493 Ordinem
923 5433 1060 5493 vero
1117 5419 1517 5493 monachorum
1551 5418 1682 5493 dicit
1733 5418 1870 5472 idem

291 5481 598 5561 Dionysius
645 5505 765 5561 esse
809 5488 1087 5540 eelsiorem
1122 5485 1374 5561 omnibus
1407 5481 1714 5561 ordinibus,
1761 5505 1866 5543 non

290 5556 522 5633 quidem
569 5558 856 5612 conferens
893 5571 1015 5610 eum
1067 5569 1188 5633 cum
1229 5556 1514 5633 diacouis',
1564 5556 1654 5619 qui
1709 5559 1863 5633 primi

288 5624 574 5703 purgant;
633 5644 806 5697 neque
848 5644 967 5680 cum
1017 5625 1360 5694 presbyteris,
1409 5624 1499 5689 qui
1540 5629 1759 5679 secundi
1811 5639 1864 5682 et

1990 4656 2149 4734 medii
2184 4655 2525 4734 illuminant;
2571 4668 2625 4734 et
2679 4656 2848 4734 multo
2884 4655 3224 4734 minuscum
3286 4659 3564 4734 ρῃῖερορίε,

1986 4725 2078 4792 qui
2108 4725 2250 4778 tertii
2302 4735 2355 4777 et
2407 4727 2602 4778 summi
2641 4727 2960 4794 perﬁciunt;
2993 4728 3086 4779 sed
3122 4741 3240 4779 cum
3275 4725 3557 4789 ordinibus

1984 4809 2167 4847 eurum
2199 4795 2290 4861 qui
2326 4795 2853 4866 aditttcpurgautur,
2884 4811 2953 4847 ex.
2981 4795 3177 4863 quibus
3221 4801 3378 4866 primi
3429 4815 3558 4857 sum

1984 4865 2383 4936 catechumeni,
2431 4863 2521 4932 qui
2568 4877 2866 4936 purgantur
2892 4866 2960 4918 ad
2992 4863 3312 4928 baptismum
3343 4885 3440 4936 per
3463 4890 3559 4926 cu-

1987 4934 2276 5007 techesim;
2313 4936 2535 5007 secundi
2560 4938 2669 5007 qui
2695 4947 2820 4987 sunt
2849 4935 2902 4986 itt
2935 4945 3175 5002 pecrato,
3199 4937 3288 5004 qui
3323 4934 3557 5007 purga..-

1984 5013 2071 5054 tur
2099 5019 2192 5070 per
2221 5004 2523 5056 doctrinam
2556 5000 2848 5068 Scriptura:
2878 5000 3102 5065 sanctaz,
3141 5015 3196 5056 ut
3216 5000 3482 5062 'teeedant
3525 5029 3556 5066 ιι

1983 5084 2233 5150 peccato;
2257 5143 2263 5150 .
2289 5073 2432 5125 tertii
2464 5084 2589 5150 sunt
2645 5074 2995 5150 enen-gumetti
3021 5112 3046 5150 _,
3091 5074 3193 5150 .qui
3255 5089 3552 5145 purgantur

1980 5141 2317 5204 exorcismis,
2341 5141 2659 5194 utresistaut
2687 5143 2899 5194 fortiter
2927 5141 3161 5201 diabolo,
3180 5153 3236 5195 et
3255 5141 3554 5206 terroribus

1980 5211 2136 5277 ejus;
2173 5210 2350 5278 quarti
2401 5221 2523 5263 sunt
2552 5214 2640 5277 qui
2667 5222 2794 5264 ειηιι
2826 5214 2876 5285 in
2926 5216 3268 5278 pmnitentia,
3299 5217 3389 5285 qui
3427 5233 3557 5285 pur-

1980 5294 2194 5347 gautur,
2224 5292 2279 5332 ut
2311 5295 2416 5332 non
2447 5292 2786 5349 revertuntur
2814 5282 2879 5332 ad
2911 5291 3230 5349 peccatum;
3259 5283 3343 5334 Itis
3380 5282 3559 5338 omni...

1981 5354 2080 5428 ltus
2130 5351 2424 5429 ordinibus
2457 5348 2782 5429 perfection
2813 5348 3073 5428 est'ordo
3127 5354 3509 5429 monachorum
3539 5403 3555 5429 ,

1980 5419 2103 5484 quia
2134 5429 2190 5497 ut
2219 5420 2466 5471 monachi
2502 5430 2648 5497 stitit,
2683 5421 2893 5472 ratione
2942 5420 3170 5472 instituti
3219 5426 3503 5497 monastici

1980 5491 2175 5541 tuortui
2211 5501 2340 5541 sunt
2370 5491 2587 5551 mundo,
2625 5499 2680 5542 et
2727 5505 2946 5542 carnem
2979 5505 3132 5543 suam
3167 5506 3289 5544 cum
3318 5494 3474 5549 vitiis
3504 5491 3564 5557 ei

1975 5559 2431 5628 concupiscentiis
2457 5561 2864 5613 cruettixerunt.
