3980 6208
489 240 588 331 sit

1674 260 1994 329 JOANNIS
2029 256 2597 333 CYPARISSIOTAI

3589 264 3681 341 (illi

485 382 902 448 multitudinem,
933 388 1049 453 quae
1074 384 1126 437 in
1156 382 1396 439 numeris
1428 383 1748 439 divisionem
1776 384 1957 447 habet,
1988 383 2053 438 ad
2085 391 2131 446 Α
2160 384 2407 453 cogitari,
2451 385 2543 439 sed
2578 383 2758 453 potius
2804 392 3043 453 potestas
3091 388 3326 455 quasdam
3366 404 3547 459 expers
3574 408 3681 461 par-

485 476 647 530 llnem
682 476 903 538 ducunt,
938 475 1110 545 posita
1145 474 1362 544 quidem
1395 475 1601 530 unitate
1641 476 1909 547 principio
1939 491 2056 529 om-

486 569 572 623 nis
604 569 847 633 numeri;
877 567 1088 622 duobus
1125 576 1253 620 vero
1299 566 1493 636 positis
1533 567 1800 638 principio
1846 568 2055 623 numeri

466 660 655 730 aparis.
688 659 745 713 Si
798 659 962 727 igitur
993 658 1319 728 principium
1364 659 1640 728 signiﬁcat
1684 661 1828 730 quod
1871 669 1955 715 est
2001 661 2053 721 in

488 764 819 819 unoquoque
841 762 1042 816 genere
1064 749 1553 820 simplicissimum,
1576 753 1843 820 quomodo
1868 766 2058 805 nume-

479 847 585 895 "rus
635 841 862 894 duorum
909 843 1014 893 erit
1056 839 1380 909 principium
1414 840 1702 895 omnium?
1747 840 1866 895 Non
1910 841 2055 895 enim

488 946 752 987 numerus
778 932 1004 985 duorum
1032 931 1356 1000 principium
1386 931 1610 999 simplex
1642 941 1744 998 est,
1778 933 1875 986 sed
1906 945 2057 986 comt-

488 1024 749 1093 positnm,
791 1021 1119 1091 principium
1167 1021 1329 1093 igitur
1377 1036 1445 1076 ex
1494 1022 1886 1090 compositione
1929 1036 2057 1076 con-

486 1123 659 1179 stans,
679 1127 797 1170 .non
828 1123 909 1166 est
940 1111 1192 1181 simplex,
1218 1126 1273 1167 et
1297 1112 1568 1185 quomodo
1595 1111 1875 1167 vocabitur
1908 1111 2060 1181 prin-

486 1205 722 1275 cipium?
750 1204 904 1274 {Ante
948 1203 1272 1274 priucipiunt
1320 1206 1466 1258 enim
1511 1204 1901 1274 compositum,
1953 1202 2059 1269 erit

478 1298 699 1369 proprie
730 1295 1056 1367 principium
1102 1296 1304 1361 unitas,
1331 1311 1396 1351 ex
1425 1312 1553 1365 qua,
1586 1296 1885 1353 unitatibus
1912 1308 2059 1348 com-

472 1386 697 1455 positis,
730 1385 977 1440 confecta
1011 1370 1140 1441 sunt
1185 1386 1323 1451 duo;
1355 1387 1594 1455 undique
1640 1386 1802 1455 igitur
1830 1382 2058 1455 manife-

482 1489 626 1534 stum
657 1486 737 1531 est
770 1491 876 1531 non
906 1491 1025 1533 esse
1052 1476 1376 1544 principium
1412 1491 1692 1531 numerum
1721 1478 1966 1531 duorum.
1990 1473 2057 1535 Et

483 1582 672 1624 rursus
701 1569 841 1625 idem
878 1569 929 1622 in
972 1568 1091 1623 aliis
1118 1583 1136 1622 :
1166 1568 1280 1622 Non
1309 1578 1521 1639 potest,
1560 1568 1765 1637 inquit,
1797 1580 2057 1621 numerus

484 1662 710 1716 duorum
742 1677 862 1717 esse
894 1661 1170 1727 infinitus;
1206 1669 1439 1719 unliates
1468 1662 1609 1715 enim
1662 1662 1783 1730 ejus
1828 1661 1968 1715 inter
1997 1673 2056 1713 se

2168 477 2301 530 tium
2348 487 2401 530 et
2441 476 2848 544 compositionis
2879 478 3204 547 cogitatione
3233 484 3684 552 comprehenditur,

2160 569 2429 637 quomodo
2446 568 2641 636 aliquis
2662 578 2717 622 et
2735 569 2790 623 in
2820 569 3091 638 aliquibus
3116 571 3235 626 aliis
3262 573 3595 629 did‘eremiam
3613 592 3687 632 se-

2163 660 2394 714 cundum
2436 659 2558 727 plus
2588 668 2643 712 et
2680 660 2858 721 minus
2889 660 3182 730 intelligere
3216 664 3439 732 poterit?
3481 665 3691 725 Omnino

2165 764 2390 806 necesse
2417 759 2523 816 est,
2552 760 2610 804 ut
2632 752 2725 819 qui
2757 753 2871 806 haec
2899 753 3101 807 variata
3140 770 3261 811 esse
3289 755 3551 825 dijudicat,
3576 776 3691 828 qna-

2164 840 2346 903 litates
2385 842 2644 916 quasdam
2682 843 2732 895 in
2773 842 3077 911 subjecwm
3106 844 3341 902 incidere
3364 849 3569 917 cogitet.
3598 849 3693 905 Ant

2162 932 2310 993 enim
2341 933 2543 1001 cogitat
2566 932 2779 987 differre
2816 936 2928 989 haec
2978 939 3269 993 secundum
3311 941 3686 1008 ampliationem

2132 1033 2217 1078 ‘et
2242 1023 2678 1088 diminutionem,
2718 1034 2772 1079 et
2818 1027 2887 1080 ob
2922 1025 3059 1082 hanc
3083 1042 3301 1083 causam
3339 1031 3691 1098 cogitationem

2163 1112 2557 1179 magnitudinis
2592 1113 2888 1181 introducit
2917 1115 2967 1167 in
2999 1129 3065 1167 eo
3110 1116 3253 1183 quod
3288 1118 3540 1185 quaeritur
3571 1134 3584 1173 :
3617 1121 3697 1169 ant

2162 1207 2459 1259 secundum
2490 1204 2781 1259 bonitatem
2809 1214 2863 1259 et
2892 1207 3184 1273 potentiam
3211 1218 3265 1262 et
3294 1210 3615 1275 sapientiam,
3644 1222 3691 1264 et

2162 1294 2206 1355 si
2237 1294 2363 1363 quid
2397 1295 2540 1348 aliud
2569 1294 2709 1348 circa
2749 1293 2918 1347 Deum
2950 1296 3037 1365 pie
3073 1296 3407 1368 intelligitur,
3434 1308 3483 1351 ut
3518 1300 3693 1353 redun-

2163 1386 2274 1453 det,
2312 1384 2394 1439 vel
2424 1384 2723 1447 decrescat,
2763 1385 2973 1441 efﬁcere
3009 1387 3227 1443 molitur
3264 1402 3279 1443 :
3314 1392 3470 1456 atque
3516 1389 3584 1443 ita
3619 1404 3695 1442 ra-

2167 1476 2366 1533 tionem
2399 1462 2808 1545 compositionis
2839 1492 2945 1531 non
2982 1476 3217 1549 effugiet.
3271 1479 3491 1549 Magnus
3519 1479 3695 1549 Diony-

2164 1566 2300 1629 sius,
2335 1565 2509 1631 capite
2539 1565 2728 1633 quinto
2763 1567 2835 1621 De
2858 1568 3048 1621 divinis
3080 1569 3374 1623 nominibus
3397 1608 3411 1629 ,
3443 1585 3541 1623 non
3571 1570 3697 1623 aliud

2165 1657 2292 1710 dicit
2320 1670 2440 1711 esse
2473 1658 2693 1720 bonum,
2725 1666 2780 1711 et
2800 1658 2944 1712 aliud
2977 1659 3119 1726 quod
3152 1670 3256 1721 est,
3295 1661 3507 1714 etaliud
3536 1662 3697 1724 vitam,

481 1765 579 1823 per
606 1754 995 1823 appositionem
1024 1754 1354 1821 compositze,
1390 1767 1449 1807 se
1479 1764 1668 1807 mutuo
1715 1753 2046 1815 terminans;
2082 1737 2123 1794 Β
2155 1745 2235 1799 vel
2265 1744 2618 1812 sapientiam;
2651 1760 2827 1814 neque
2865 1747 3162 1802 introducit
3206 1750 3404 1803 multas
3431 1765 3629 1813 causas,
3654 1760 3699 1805 et

482 1849 625 1915 quod
655 1845 699 1900 si
733 1858 990 1899 numerus
1019 1844 1246 1897 duorum
1276 1860 1381 1898 non
1416 1853 1595 1912 potest
1631 1859 1751 1897 esse
1780 1844 2047 1909 inlinitus,

480 1945 538 1991 nt
570 1937 996 1990 demonstratum
1040 1940 1145 1997 est,
1204 1949 1378 2003 neque
1416 1935 1681 2005 principio
1710 1936 1917 1989 scilicet
1958 1950 2050 1988 ca-

476 2041 596 2082 rere
626 2035 831 2099 potest,
860 2025 982 2095 quia
1006 2026 1187 2080 omnis
1222 2026 1429 2079 numeri
1459 2026 1687 2081 duorum
1722 2026 2046 2094 principium

476 2129 559 2174 est
584 2118 764 2173 unitas
791 2134 805 2182 ;
837 2115 985 2186 quod
1017 2117 1061 2171 si
1092 2132 1199 2172 non
1228 2126 1376 2170 caret
1409 2116 1694 2185 principio,
1743 2117 1904 2186 igitur
1952 2118 2049 2171 nec

479 2220 565 2267 est
594 2210 887 2271 immobilis
918 2207 1192 2278 (movetur
1222 2209 1366 2262 enim
1398 2222 1626 2262 numero
1651 2223 1714 2262 ex
1750 2208 2048 2263 nnitatibus

477 2299 773 2353 secundum
808 2296 1240 2363 coniunctionem
1274 2296 1635 2364 composito);
1675 2294 1818 2363 quod
1866 2305 2045 2352 autem

478 2400 750 2454 movetur,
786 2404 890 2445 non
934 2396 1017 2443 est
1046 2388 1394 2459 principium,
1422 2388 1515 2442 sed
1549 2402 1611 2441 es
1652 2389 1918 2459 principio
1943 2390 2045 2443 sci-

474 2482 603 2535 licet
628 2482 919 2541 moventis.
947 2480 1059 2535 sola
1084 2488 1261 2535 autem
1289 2481 1467 2535 unitas
1500 2480 1719 2548 proprie
1743 2489 1825 2537 est
1857 2482 2048 2535 immoa

477 2574 626 2629 bilis.
659 2574 725 2627 Et
754 2587 943 2629 rursus
974 2572 1114 2627 idem
1142 2589 1155 2624 :
1182 2571 1377 2634 Omne,
1417 2572 1611 2642 inquit,
1644 2574 1787 2645 quod
1817 2573 1871 2627 in
1907 2573 2045 2627 mula

476 2660 709 2717 titudine
738 2662 1096 2730 quantitatem
1131 2660 1312 2724 habet,
1346 2674 1447 2712 non
1477 2667 1653 2725 potest
1698 2674 1819 2714 esse
1861 2659 2047 2713 inlini-

480 2762 614 2816 tnm,
650 2765 824 2819 neque
860 2749 975 2804 sine
1003 2748 1266 2817 principio
1303 2749 1354 2800 id
1375 2788 1391 2813 ,
1423 2763 1542 2803 cum
1575 2761 1682 2818 quo
1712 2748 1941 2804 alterum
1973 2749 2048 2804 si-

487 2842 597 2895 mul
628 2841 914 2910 cegilatur.
953 2839 1236 2917 Etrursus
1272 2838 1451 2893 idem:
1485 2836 1675 2903 Nemo,
1714 2838 1911 2907 inquit,
1954 2838 2046 2917 qui

479 2934 608 2998 duo,
638 2942 731 2988 aut
766 2932 931 2987 multa
962 2916 1082 2987 sine
1120 2932 1386 3003 principio
1417 2946 1539 2986 esse
1570 2932 1723 2995 dicit,
1753 2932 1839 3002 pie
1866 2931 2048 2986 vivere

480 3026 696 3095 poterit.
721 3021 865 3077 idem
893 3024 943 3076 in
969 3024 1213 3077 centuria
1241 3021 1392 3081 tertia
1413 3023 1478 3077 de
1500 3021 1790 3087 charitate,
1809 3035 1929 3093 cap.
1952 3019 2045 3077 27:
2075 3055 2123 3121 α

475 3115 616 3169 Deus
650 3116 902 3184 quidem,
936 3114 1109 3183 inquit
1131 3151 1145 3177 ,
1189 3114 1280 3182 qui
1318 3122 1399 3168 est
1432 3113 1544 3183 ipsa
1570 3129 1663 3184 per
1686 3129 1745 3170 se
1777 3114 2044 3169 exsisten—

476 3208 571 3271 tia,
604 3206 719 3274 ipsa
756 3222 849 3272 per
882 3220 940 3260 se
974 3206 1186 3260 bonitas
1217 3216 1268 3267 et
1296 3206 1582 3273 sapientia,
1614 3205 1745 3270 imo,
1776 3214 1834 3257 ut
1864 3206 2042 3258 verius

473 3298 672 3359 dicam,
708 3311 868 3365 supra
908 3298 1089 3351 omnia
1132 3297 1265 3360 haec,
1298 3296 1433 3350 nihil
1462 3298 1674 3366 penitus
1716 3297 1877 3349 habet
1906 3310 2041 3349 eon-

476 3389 705 3441 trarium
746 3405 760 3441 :
785 3399 1047 3440 creaturae
1082 3402 1210 3441 vero
1231 3425 1246 3451 ,
1273 3402 1392 3455 qua:
1420 3401 1609 3439 omnes
1634 3386 1846 3455 quidem
1877 3385 2042 3455 parti-

474 3478 741 3546 cipatione
764 3488 816 3529 et
846 3478 1019 3545 gratia
1047 3476 1337 3541 exsistunt,
1368 3474 1484 3529 alite
1508 3488 1633 3529 vero
1666 3475 1872 3528 ratione
1903 3489 2042 3543 prae-

474 3569 601 3623 dita:
637 3576 782 3630 sunt,
823 3578 878 3622 et
926 3568 1310 3637 intelligentes,
1348 3576 1404 3621 et
1437 3566 1501 3619 ad
1538 3565 2042 3635 capiendam.boni-

473 3669 644 3712 tatem
681 3670 732 3712 et
764 3659 1082 3726 sapientiam
1132 3670 1269 3722 aptae
1296 3697 1313 3725 ,
1358 3658 1686 3712 contrarium
1721 3658 1943 3722 habent,
1988 3656 2039 3709 iii

473 3749 580 3821 illis
630 3749 847 3819 quidem
884 3751 1164 3813 exsistere,
1197 3758 1250 3803 et
1299 3765 1406 3802 non
1463 3756 1728 3819 exsistere
1767 3752 2039 3819 contraria

472 3849 600 3894 sunt
633 3857 647 3893 :
683 3840 735 3892 itt
774 3841 858 3892 his
884 3854 1010 3894 vero
1060 3839 1323 3892 habilitati
1372 3838 1628 3892 bonitatis
1670 3847 1724 3891 et
1760 3838 2040 3907 sapientiae

472 3933 746 3988 contraria
799 3942 928 3988 sant
980 3932 1168 3995 vitium
1209 3942 1261 3985 et
1313 3931 1647 4001 ignorantia,
1681 3939 1735 3986 et
1776 3931 2042 3987 exsistere

470 4028 685 4095 quidem
717 4040 949 4095 semper,
976 4032 1068 4078 aut
1091 4039 1194 4078 non
1231 4025 1512 4087 exsistere,
1542 4023 1655 4078 haec
1683 4026 1732 4076 In
1769 4032 2041 4092 poteSIate

470 4118 589 4188 ejus
622 4127 749 4171 sunt
784 4118 872 4185 qui
905 4130 967 4169 ea
995 4115 1212 4179 ellecit;
1242 4114 1568 4184 participare
1600 4124 1778 4169 autem
1830 4114 2041 4170 bonita-

471 4218 580 4262 tem
606 4216 661 4262 et
689 4206 1138 4274 sapientiam,aut
1171 4222 1272 4259 nun
1305 4206 1650 4273 participare,
1686 4207 1739 4259 in
1764 4207 2040 4262 voluntate

469 4314 654 4355 eorum
689 4309 769 4352 est
803 4298 893 4365 qui
927 4296 1214 4365 participes
1251 4298 1472 4351 rationis
1502 4306 1648 4352 sunt.
1688 4298 1850 4366 Greg.
1879 4299 2037 4369 Nyss.

2152 1837 2487 1901 divinitates,
2523 1836 2661 1894 alias
2687 1837 2794 1891 alia
2824 1840 3212 1905 producentes,
3234 1842 3539 1909 superiores
3561 1852 3610 1898 et
3632 1843 3700 1895 in-

2150 1928 2398 1984 feriores.
2420 1925 2612 1987 Ex’his
2642 1930 2845 1999 patelit,
2877 1931 3021 1999 quod
3052 1931 3191 1985 sicut
3224 1932 3358 1985 nihil
3384 1932 3522 2000 quod
3545 1933 3701 2001 agitur

2150 2028 2242 2075 aut
2279 2029 2592 2089 generatur,
2624 2028 2709 2073 est
2740 2034 2846 2075 non
2881 2029 3146 2086 creatum,
3172 2023 3250 2077 sic
3276 2029 3455 2079 omnia
3487 2023 3603 2086 duo,
3630 2021 3700 2077 vel

2150 2110 2404 2179 deinceps
2447 2110 2754 2175 multitudo,
2782 2110 2866 2165 vel
2900 2112 3045 2167 aliud
3072 2113 3201 2183 quid
3229 2117 3523 2169 secundum
3560 2130 3701 2183 supe-

2151 2203 2268 2261 rius
2296 2212 2351 2257 et
2384 2200 2613 2257 inferius
2643 2204 2995 2273 progrediens
3018 2238 3033 2269 ,
3070 2216 3123 2259 et
3150 2216 3207 2260 ut
3233 2207 3402 2262 semel
3435 2207 3700 2271 dicam,ita

2150 2293 2527 2355 constitutum,
2568 2302 2626 2346 ut
2656 2292 2855 2362 aliquid
2891 2294 2940 2349 ei
2970 2295 3040 2351 sit
3072 2297 3428 2363 contrarium,
3458 2297 3700 2355 inﬁnitum

2149 2398 2294 2451 esse,
2325 2395 2377 2438 et
2402 2384 2666 2452 principio
2689 2399 2875 2438 carere
2910 2400 3015 2439 non
3051 2397 3272 2454 potest;
3324 2387 3378 2443 in
3411 2388 3543 2443 idem
3572 2389 3699 2441 enim

2150 2473 2344 2531 recidit
2375 2474 2492 2528 sine
2518 2474 2787 2544 principio
2816 2488 2959 2539 esse,
2990 2484 3045 2529 et
3076 2490 3195 2532 esse
3222 2492 3335 2532 non
3375 2487 3632 2541 creatum;
3659 2479 3698 2531 si

2148 2576 2328 2620 autem
2380 2565 2500 2621 sine
2553 2567 2820 2636 principio
2874 2576 2990 2633 est,
3036 2566 3193 2636 plane
3236 2568 3405 2624 etiam
3456 2569 3697 2626 infinitum

2148 2666 2273 2729 estq

2709 2771 2938 2828 CAPUT
2975 2770 3114 2827 Vill.

2160 2904 2313 2970 Quod
2354 2907 2419 2960 sit
2445 2906 2601 2960 etiam
2631 2908 2825 2973 species
2854 2906 3364 2972 circumscriptionis
3412 2918 3461 2962 et
3489 2909 3693 2971 termini,

2220 2977 2605 3041 comprehensio
2645 2986 2797 3043 atque
2822 2976 2971 3039 visio,
3007 2973 3145 3029 Deus
3202 2988 3385 3031 autem
3436 2994 3534 3030 uno
3563 2980 3695 3029 modo

2226 3044 2466 3115 omnibus
2492 3053 2570 3098 est
2594 3046 3081 3113 incircumscriptus
3100 3044 3199 3115 (a),
3230 3056 3285 3098 et
3310 3048 3696 3114 inaspectabilia,

2230 3114 2506 3180 sigillatim
2556 3129 2672 3167 vero
2705 3116 2850 3168 nobis
2877 3115 3048 3184 angeli
3094 3114 3143 3169 et
3194 3118 3393 3169 anima:
3436 3124 3553 3170 sunt
3592 3117 3697 3167 ina-

2227 3185 2566 3249 spectabiles.

2221 3294 2514 3364 Gregorius
2541 3293 2845 3362 Theologus
2893 3295 3033 3351 libro
3103 3297 3351 3353 secundo
3408 3299 3473 3351 de
3512 3296 3697 3366 theolo-

2150 3387 2234 3455 gia
2272 3402 2285 3439 :
2315 3387 2380 3440 Et
2433 3386 2695 3450 nondum,
2728 3387 2922 3456 inquit,
2951 3387 3071 3443 dico
3099 3388 3318 3442 ﬁnitum
3348 3404 3563 3445 omnino
3592 3402 3698 3444 esse

2150 3478 2208 3533 D.
2228 3492 2342 3542 um,
2373 3478 2420 3534 si
2451 3487 2631 3533 mente
2660 3480 3042 3549 comprehendi
3066 3489 3261 3548 potest,
3302 3497 3406 3535 una
3433 3484 3569 3535 enim
3591 3495 3698 3547 spc—

2148 3569 2261 3625 cies
2290 3569 2807 3649 circumscriptionis
2855 3581 2938 3626 est
2970 3570 3084 3641 ipsa
3108 3576 3542 3643 comprehensio.
3570 3574 3697 3629 Idem

2149 3658 2201 3711 in
2239 3659 2430 3712 eodem
2464 3673 2478 3709 :
2515 3658 2651 3725 Quid
2700 3658 2913 3715 tandem
2975 3662 3117 3717 Deus
3184 3664 3256 3719 sit
3320 3666 3608 3720 substantia
3651 3672 3697 3713 τι

2150 3761 2366 3811 natura,
2400 3766 2557 3805 nemo
2586 3750 2862 3811 hominum
2893 3734 3129 3821 unquam
3161 3756 3393 3823 reperit,
3421 3771 3586 3825 neque
3620 3770 3699 3808 reo

2148 3840 2327 3908 perire
2354 3848 2535 3907 queat.
2569 3838 2633 3894 Et
2663 3856 2853 3895 rursus
2878 3842 3077 3897 ibidem
3116 3859 3131 3895 :
3168 3843 3456 3911 Salomon,
3488 3846 3698 3914 ﬁnqutl,

2149 3931 2242 4003 qui
2277 3928 2381 3985 l‘nit
2417 3930 2714 3999 sapientior
2745 3933 2956 3987 cunctis
2986 3933 3299 3988 hominibus
3325 3937 3417 4007 qui
3446 3949 3566 3992 ante
3586 3950 3697 3991 eun

2146 4032 2200 4076 et
2235 4033 2355 4091 post
2376 4036 2497 4077 eum
2524 4022 2781 4077 luerunt:
2812 4025 2898 4078 cui
2919 4024 3021 4079 l‘uit
3054 4026 3283 4083 latitudo
3311 4029 3493 4084 cordis
3519 4030 3696 4083 donum

2152 4104 2271 4170 Dei,
2328 4116 2381 4161 et
2420 4107 2695 4163 aiﬂnentia
2730 4112 3204 4180 contemplationis
3250 4117 3526 4186 copiosior
3555 4128 3702 4171 arena

2149 4198 2340 4261 maris;
2372 4208 2574 4266 quanto
2606 4200 2723 4268 plus
2750 4212 3023 4257 scrutatur
3039 4205 3391 4272 profundum,
3436 4215 3577 4260 tanto
3595 4220 3695 4261 ma-

2148 4286 2231 4352 gis
2256 4296 2489 4340 iestuat:
2526 4296 2578 4341 et
2602 4290 2759 4341 linem
2784 4291 3068 4356 quemdam
3105 4291 3233 4346 facit
3265 4295 3544 4362 sapientia:
3566 4294 3697 4346 iuve-

472 4390 609 4445 libro
639 4388 813 4455 primo
838 4386 1036 4441 Contra
1069 4384 1410 4450 Eunomium,
1442 4399 1561 4455 cap.
1590 4386 1654 4441 l9
1682 4405 1693 4440 :
1726 4386 1842 4443 Non
1871 4391 2047 4445 termi-

2155 4381 2272 4434 nire
2303 4392 2563 4448 quantum
2599 4380 2857 4452 effugerat
2886 4384 2955 4436 ".
3002 4383 3200 4441 Paulus
3264 4401 3445 4444 autem
3494 4398 3700 4442 conatur

470 4490 656 4533 natum
693 4480 834 4532 idem
859 4489 962 4543 est,
989 4479 1131 4546 quod
1166 4477 1461 4541 inﬁnitum,
1490 4478 1700 4532 inﬁnito
1724 4490 1902 4532 autem
1932 4480 2050 4548 plus

466 4579 562 4622 aut
598 4572 777 4623 minus
796 4569 1033 4636 cogitare
1055 4577 1311 4622 extremm
1332 4570 1614 4621 dementia:
1637 4579 1715 4622 est
1736 4588 1753 4635 ;
1777 4571 2048 4638 quomodo

468 4662 611 4714 enim
648 4662 782 4714 ratio
814 4660 1010 4713 iniinlti
1043 4659 1247 4713 servari
1277 4668 1465 4730 queat,
1500 4660 1543 4713 si
1592 4659 1711 4735 plus
1741 4669 1833 4714 aut
1866 4665 2044 4716 minus

470 4755 523 4808 in
574 4753 691 4822 ipso
719 4751 1117 4809 decernuntur?
1154 4767 1217 4806 ex
1265 4751 1619 4820 dispositione
1656 4751 1800 4805 enim
1853 4754 2037 4808 [inium

472 4847 616 4900 inter
642 4860 733 4909 se;
768 4846 906 4912 quod
938 4846 1061 4912 plus
1093 4851 1196 4907 est,
1228 4843 1603 4908 dijudicamns,
1643 4843 1694 4895 in
1722 4843 1916 4910 quibus
1943 4859 2037 4895 an-

472 4948 577 4991 tem
610 4951 711 4989 non
744 4945 830 4988 est
865 4934 1005 4996 linis,
1037 4934 1305 5002 quomodo
1333 4942 1510 5002 potest
1536 4935 1657 5003 quis
1685 4934 1921 5002 cogitare
1946 4949 2037 4987 sn-

469 5023 773 5096 pvrﬂuens?
825 5022 966 5078 Idem
1018 5024 1068 5075 in
1108 5022 1294 5076 eodem
1328 5038 1341 5075 :
1375 5019 1506 5084 Quis
1554 5019 1745 5084 nescit,
1777 5018 1920 5088 quod
1953 5033 2039 5071 se-

467 5117 702 5170 cundum
741 5115 1013 5183 propriam
1046 5115 1307 5166 rationem
1338 5112 1658 5180 simplicitas
1687 5127 1792 5164 non
1838 5110 2035 5178 recipit

466 5208 519 5261 in
557 5218 744 5260 sancta
774 5204 1039 5257 'l'rinitatc
1077 5201 1196 5268 plus
1244 5212 1335 5253 aut
1384 5202 1678 5254 minuan
1731 5216 1836 5270 qua
1887 5202 2029 5252 enim

468 5312 572 5350 non
607 5305 781 5367 potest
804 5298 987 5351 tnistio
1013 5297 1277 5367 quzepiatn
1306 5294 1630 5363 qualitatum
1653 5302 1705 5348 et
1737 5293 2025 5348 concursio

2156 4470 2371 4537 quidem
2402 4473 2612 4538 assequi
2646 4486 2748 4525 non
2794 4472 2919 4527 dico
2955 4487 3202 4528 naturam
3264 4477 3359 4531 Dei
3399 4479 3522 4548 (hoc
3568 4476 3699 4530 enim

2150 4560 2399 4614 Omnibus
2431 4562 2602 4615 modis
2634 4563 2745 4616 lieri
2767 4578 2870 4617 non
2904 4566 3124 4634 potest),
3159 4569 3472 4636 sedjudicia
3504 4578 3699 4621 tantum

2148 4648 2240 4703 Dei
2266 4666 2280 4715 ;
2305 4652 2427 4718 quia
2456 4667 2585 4705 vero
2618 4668 2722 4707 non
2760 4662 2934 4722 potest
2964 4655 3201 4723 reperire
3235 4661 3467 4721 exitum,
3507 4674 3601 4712 nec
3620 4666 3696 4706 unt

2143 4740 2368 4810 gradum
2401 4754 2657 4797 ascensus
2692 4744 2872 4807 sistat,
2897 4760 2995 4799 nec
3052 4747 3145 4801 ubi
3180 4750 3393 4804 desinat
3430 4750 3702 4805 curiositas

2148 4832 2340 4885 meritis
2373 4848 2386 4885 :
2416 4834 2543 4885 dum
2574 4848 2792 4902 semper
2822 4835 3026 4903 aliquid
3055 4838 3384 4907 subapparet
3418 4841 3701 4909 ejus‘quod

2144 4920 2464 4987 relinquitur
2521 4922 2574 4990 (o
2610 4936 2722 4975 rem
2756 4924 2968 4987 ttiirattt,
2997 4936 3053 4979 ut
3089 4929 3217 4983 ntihi
3272 4931 3526 4984 similiter
3585 4946 3699 4983 eve-

2145 5010 2304 5076 niat),
2335 5020 2554 5076 stupore
2584 5012 2884 5065 orationem
2916 5013 3337 5083 circumscribit;
3372 5030 3428 5072 et
3454 5020 3699 5073 divinitas

2145 5100 2257 5163 Dei,
2286 5108 2446 5168 atque
2466 5100 2785 5165 profundum
2810 5103 2946 5157 hanc
2964 5121 3076 5159 rem
3110 5118 3279 5171 vocat,
3311 5112 3701 5177 cnsiliteturque

2135 5193 2337 5259 judicia
2374 5191 2469 5244 Dei
2515 5196 2898 5260 comprehendi
2954 5211 3062 5250 non
3096 5214 3253 5267 posse
3279 5201 3349 5263 “;
3378 5202 3569 5254 eadem
3592 5203 3695 5252 lere

2138 5292 2299 5352 atque
2337 5283 2499 5337 David
2535 5284 2783 5353 loquens,
2824 5288 2919 5357 qui
2957 5306 3099 5346 nunc
3130 5293 3349 5361 quidem
3370 5294 3573 5363 judicia
3607 5293 3692 5345 Dei

534 5482 574 5511 ⁵⁷
611 5480 673 5536 Ill
706 5479 835 5547 Reg.
861 5495 935 5544 tv,
966 5478 1026 5557 3i
1063 5479 1257 5543 ;Prov.
1300 5493 1395 5540 xit,
1428 5491 1536 5530 sec.
1566 5473 1705 5528 LXX
1734 5490 1748 5539 ;
1801 5473 2005 5529 Eccles.
2064 5490 2160 5528 xu.
2202 5473 2267 5505 "'
2304 5471 2461 5529 Rom.
2492 5476 2585 5542 tt,l
2614 5489 2766 5544 seqq.

537 5661 609 5731 (a)
642 5659 777 5725 Quia
815 5675 921 5713 uno
952 5661 1108 5713 mole
1142 5668 1217 5713 est
1248 5660 1487 5713 inlinitus
1522 5656 1792 5710 omnibus.
