3980 6208
278 361 386 426 913

918 370 1156 430 DECAS
1195 371 1356 435 VIII.
1391 397 1462 408 -·
1490 372 1592 433 DE
1629 370 2075 432 INFINITATE
2106 369 2240 431 DEI
2273 369 2354 431 IN
2389 370 2851 437 CREATURIS.

3417 368 3520 432 9η

273 489 429 535 voc..t
455 483 710 552 abyssum
752 483 997 548 multant,
1044 487 1202 556 cujus
1272 487 1497 542 landum
1557 496 1834 549 mensura,
1865 485 2211 550 Absit-nus,
2240 487 2382 541 sicut
2405 484 2694 556 Apostol‘ds
2716 489 2793 540 ait
2825 487 2890 540 ".
2920 484 2982 540 Si
3011 485 3104 540 cui
3129 485 3295 556 igitur
3333 498 3521 540 eorum

273 581 365 624 aut
389 587 550 626 sensu
587 588 692 627 non
719 573 845 631 licet
877 579 1359 644 comprehendere;
1393 578 1690 649 aliquando
1706 593 1838 634 vero

273 663 407 716 dicit
444 663 817 718 admirabilem
860 665 1058 722 factam
1102 684 1223 724 esse
1249 669 1614 740 cognitionem
1657 685 1723 724 ex
1774 683 1834 723 se

272 754 410 818 ipso,
437 764 491 807 et
511 769 575 806 ex
631 756 712 808 sui
749 755 1072 813 formatione
1118 759 1186 814 ⁸⁸.
1242 758 1309 814 Et
1364 761 1538 815 adhuc
1582 761 1722 813 idem
1781 759 1834 814 in

273 843 467 895 eodem
535 843 672 896 libro
723 861 740 898 :
790 846 925 910 Quia
981 849 1180 917 expetit
1237 849 1455 915 quidsit
1515 850 1692 905 omnis
1738 865 1837 903 na-

273 943 394 983 tura
441 933 666 998 primam
686 927 930 1001 causam;
957 938 1419 1004 comprehendere
1451 953 1580 992 vero
1611 953 1714 991 non
1745 954 1840 1005 pe-

276 1035 377 1077 tust
407 1035 624 1091 propter
655 1040 868 1092 causas,
897 1041 1030 1096 quas
1056 1029 1192 1093 dixi;
1248 1029 1499 1084 laborans
1541 1030 1834 1094 desiderio,

272 1126 327 1168 et
358 1117 521 1168 veluti
551 1118 734 1180 anxia,
769 1126 822 1172 et
853 1120 1113 1174 damnum
1152 1135 1256 1175 non
1293 1131 1486 1190 potens
1534 1122 1702 1184 ferre,
1750 1135 1835 1174 se-

271 1209 505 1258 cundam
540 1209 934 1276 navigationem
961 1211 1210 1280 suscipit,
1243 1223 1300 1265 ut
1328 1213 1602 1268 intueatur
1632 1214 1838 1267 scilicet

273 1298 326 1352 in
352 1312 414 1349 ea
455 1312 575 1364 quae
598 1310 916 1363 cernuntur,
937 1310 990 1354 et
1021 1302 1220 1370 aliquid
1244 1317 1309 1358 ex
1335 1303 1415 1357 eis
1449 1303 1613 1358 faciat
1643 1304 1835 1370 Deum,

271 1389 415 1439 male
442 1394 621 1443 docta.
651 1391 787 1454 Quid
819 1393 962 1445 enim
1018 1395 1158 1459 quod
1191 1397 1289 1446 sub
1339 1405 1613 1461 aspectum
1671 1397 1834 1458 cadit,

272 1493 340 1530 eo
367 1479 459 1544 qui
497 1480 710 1546 aspicit,
758 1482 919 1536 altius
968 1493 1020 1534 et
1065 1485 1174 1536 Deo
1215 1484 1444 1540 similius
1477 1496 1581 1547 est,
1642 1497 1700 1539 ut
1744 1487 1833 1542 hic

273 1567 439 1630 colat,
500 1567 626 1621 illud
653 1569 860 1622 colatur
876 1562 1170 1627 ?'Sauctus
1194 1574 1487 1642 Gregorius
1541 1576 1835 1648 Nyssenus,

272 1659 326 1711 in
361 1659 480 1712 Vita
516 1659 716 1728 Moysis
758 1679 771 1715 :
803 1662 926 1717 Non
955 1666 1148 1732 poteris
1200 1667 1374 1721 videre
1396 1669 1583 1736 faciem
1616 1685 1785 1723 meum
1817 1683 1838 1724 :

271 1767 374 1806 non
400 1753 534 1806 enim
565 1753 755 1807 uidebit
784 1756 936 1808 homo
967 1757 1157 1825 faciem
1177 1773 1364 1823 meam,
1398 1769 1444 1813 et
1468 1761 1598 1814 vivet
1633 1761 1700 1814 “.
1726 1763 1838 1815 Hoc

272 1848 456 1893 autem
481 1855 586 1895 non
607 1842 734 1895 dicit
753 1841 1057 1911 Scriptura,
1083 1847 1233 1914 quasi
1265 1845 1403 1901 Deus
1424 1847 1496 1901 sit
1509 1863 1671 1901 causa
1699 1863 1840 1902 mor-

277 1929 675 1999 tis'(quompdo
701 1934 846 1987 enim
883 1934 1045 1988 facies
1072 1935 1194 1990 vita;
1220 1935 1334 1990 tleri
1367 1952 1606 2007 unquam
1665 1947 1841 2008 potest

268 2035 434 2074 causa
460 2023 649 2077 mortis
675 2023 757 2078 eis
785 2025 872 2092 qui
908 2028 1477 2097 appropinquaverunt
1498 2029 1567 2099 τ),
1592 2031 1685 2084 sed
1716 2031 1852 2099 quia-

269 2109 416 2164 Deus
442 2119 523 2166 est
559 2121 746 2166 natura
780 2114 907 2169 vitat
955 2126 1167 2182 auctor,
1209 2118 1488 2186 proprium
1538 2129 1718 2173 autem
1762 2120 1840 2173 si-

262 2214 434 2269 gnum
464 2202 657 2258 divina
708 2212 916 2260 natura:
969 2215 1053 2260 est
1088 2221 1211 2262 esse
1247 2209 1449 2262 celsius
1489 2212 1631 2263 omni
1660 2209 1839 2278 signo,

265 2292 373 2357 Qui
394 2293 558 2362 igitur
583 2294 784 2363 aliquid
809 2309 1000 2350 eorum
1047 2313 1168 2367 qum
1213 2311 1640 2370 cognoscuntur,
1673 2301 1838 2355 Deum

259 2399 391 2441 osse
422 2385 742 2450 arbitratur,
781 2397 1036 2458 tanquam
1067 2390 1135 2444 ab
1158 2406 1222 2445 eo
1243 2391 1335 2460 qui
1369 2407 1499 2448 vere
1555 2401 1662 2460 est,
1696 2395 1842 2450 male

265 2473 522 2529 deﬂexus
553 2475 626 2528 ad
659 2477 710 2530 id
751 2479 896 2546 quod
943 2481 1431 2548 comprehensione
1450 2482 1587 2538 fictae
1629 2485 1840 2552 cogita-

261 2565 437 2620 tionis
464 2581 585 2620 esse
607 2567 973 2633 existimatur,
1011 2572 1176 2626 vitam
1209 2587 1315 2627 non
1346 2575 1527 2629 habet.
1557 2575 1657 2642 Qui
1693 2578 1836 2633 enim

256 2663 344 2707 est
381 2663 573 2709 auctor
587 2671 775 2711 eorum
799 2673 917 2727 quae
942 2671 1091 2725 sunt,
1122 2663 1169 2716 is
1195 2673 1276 2717 est
1306 2678 1428 2719 vera
1449 2666 1556 2719 vita
1584 2683 1598 2730 ;
1627 2667 1713 2722 hic
1743 2681 1837 2721 au-

253 2750 372 2799 tem
410 2746 660 2812 cognosci
687 2763 794 2802 non
806 2757 983 2817 potest
1008 2752 1108 2822 (α).
1139 2753 1273 2818 Quia
1301 2753 1461 2824 igitur
1474 2757 1835 2826 cognitionem

253 2834 434 2889 vincit
466 2845 655 2889 natura
681 2835 926 2893 eirectrix
951 2840 1096 2904 vitae,
1120 2857 1282 2896 omne
1297 2844 1439 2911 quod
1476 2844 1835 2913 comprehen-

254 2927 433 2991 ditur,
468 2943 575 2981 non
608 2938 690 2986 est
733 2931 862 2998 vita;
894 2933 1034 2999 quod
1067 2943 1246 2987 autem
1284 2949 1390 2989 non
1433 2943 1519 2990 est
1548 2921 1700 2999 vita,
1728 2951 1837 2991 non

255 3018 432 3071 habet
465 3028 740 3087 naturam,
773 3032 829 3076 ut
857 3021 1124 3078 eﬂiciatur
1149 3024 1394 3081 eiTectrix
1424 3028 1568 3080 vitae.
1622 3026 1715 3082 Sic
1740 3043 1838 3082 ex-

1939 576 2028 643 qui
2067 571 2401 647 uertant-(d3,
2434 579 2518 632 rei
2549 577 2753 640 lumen,
2785 577 2868 631 vel
2907 577 3076 645 ﬁgura
3115 577 3403 646 quaepiam,
3430 576 3514 630 vel

1948 666 2157 735 aliquid
2182 671 2248 722 ad
2275 669 2684 723 similitudinem
2729 669 2867 738 ignis
2893 677 3173 737 appareat,
3205 677 3280 720 ne
3305 669 3510 735 ample-

1939 769 2152 814 ctamur
2183 760 2488 828 huiusmodi
2520 764 2716 825 visum,
2747 770 2829 815 est
2863 761 3013 814 enim
3046 760 3257 813 fallacia
3300 758 3510 812 inimici

1938 847 2248 911 mauii’ema,
2267 863 2385 916 quae
2406 850 2629 918 quidem
2656 861 2748 902 res
2761 851 2963 906 multos
2984 849 3191 913 (refellit,
3241 851 3332 917 qui
3359 849 3518 917 prop-

1940 947 2022 992 ter
2042 939 2397 1007 ignorantiam
2423 956 2451 994 a
2472 941 2553 994 via
2577 941 2817 994 veritatis
2838 940 2972 992 male
2991 939 3349 994 deflexeruut.
3384 941 3519 991 Bea-

1941 1037 2025 1081 tus
2057 1028 2479 1099 Clrrysostomus
2528 1030 2580 1083 in
2637 1031 2884 1084 oratione
2931 1030 2995 1084 de
3026 1031 3517 1097 incomprt-iicnso:

1951 1119 2104 1183 Quod
2137 1119 2188 1171 iu
2212 1119 2318 1173 Deo
2352 1127 2435 1173 est
2470 1120 3006 1187 incomprehensum,
3039 1136 3144 1174 non
3177 1122 3254 1172 sic
3291 1134 3386 1172 nos
3409 1121 3516 1171 sci-

1939 1217 2078 1270 mus,
2111 1210 2250 1263 sicut
2276 1210 2377 1262 illze
2409 1219 2726 1279 potestates,
2776 1226 2895 1279 qua:
2934 1219 3082 1263 tanto
3114 1211 3282 1278 magis
3316 1210 3516 1273 sciunt,

1938 1309 2141 1366 quanto
2167 1299 2483 1354 mundiores
2511 1311 2563 1352 et
2601 1301 2980 1369 sapientiores
3005 1309 3058 1354 et
3088 1302 3520 1369 perspicaciores

1938 1404 2100 1459 quam
2133 1390 2370 1442 humana
2415 1400 2612 1443 natura
2647 1399 2775 1444 sunt
2807 1409 2820 1444 :
2855 1392 3095 1444 accretio
3126 1390 3268 1443 enim
3303 1390 3517 1456 sapien-

1940 1483 2026 1536 tiae
2064 1481 2422 1535 accretionem
2457 1482 2772 1537 reverentiae
2796 1491 2948 1536 creat
2977 1483 3081 1549 (es);
3115 1481 3261 1534 sicut
3295 1482 3348 1531 id
3376 1480 3516 1548 quod

1937 1585 2002 1624 ex
2048 1571 2219 1624 radiis
2250 1570 2382 1624 solis
2413 1584 2518 1624 non
2553 1579 2728 1638 potest
2793 1581 3044 1640 aspectus
3081 1571 3245 1634 ferre,
3301 1585 3412 1622 nun
3441 1569 3521 1622 sic

1939 1661 2116 1716 cernit
2131 1675 2329 1725 caecus,
2367 1661 2508 1717 sicut
2543 1661 2635 1730 qui
2670 1661 2819 1716 videt
2855 1677 2869 1713 :
2911 1662 2978 1715 ad
3008 1662 3256 1715 eumdem
3289 1660 3505 1714 modum

1942 1752 2090 1819 quod
2113 1758 2196 1803 est
2226 1749 2278 1802 in
2326 1750 2438 1804 Deo
2464 1751 3002 1819 incomprehensum,
3027 1765 3136 1804 non
3179 1751 3257 1803 sic
3289 1763 3406 1808 uos,
3460 1757 3520 1800 ut

1944 1840 2041 1904 iiii,
2083 1840 2460 1910 cognoscimus
2489 1857 2506 1907 ;
2536 1851 2799 1910 quantum
2831 1842 2974 1896 enim
3001 1843 3228 1896 interest
3247 1841 3389 1894 inb-r
3416 1855 3518 1892 caa-

1940 1945 2062 1985 cum
2092 1941 2144 1985 et
2172 1931 2464 1992 videntem,
2496 1939 2703 1985 tantum
2739 1932 2964 1986 interest
2983 1933 3124 1986 inter
3142 1946 3246 1986 nos
3273 1941 3328 1984 et
3357 1930 3498 1983 illos.

1941 2019 2008 2074 Et
2037 2034 2228 2076 rursus
2248 2018 2388 2074 idem
2419 2020 2471 2074 in
2502 2020 2704 2075 eisdem
2747 2037 2761 2074 :
2799 2020 2881 2075 iiii
2912 2020 3090 2090 igitur»
3135 2021 3313 2089 augeii
3351 2034 3515 2086 aspe-

1939 2123 2058 2164 ctus
2111 2119 2340 2180 tegunt.
2377 2110 2432 2165 bi
2461 2124 2593 2166 vero
2636 2111 2840 2180 alioqui
2877 2110 3126 2166 homines
3175 2111 3513 2164 contendunt
3581 2179 3592 2186 .

1940 2201 2221 2255 intendere
2255 2201 2447 2256 oculos
2486 2201 2826 2270 impudenter
2875 2201 2932 2276 in
3001 2201 3226 2270 gloriam
3277 2201 3512 2276 inespii-

1939 2292 2192 2346 cabiiem.
2225 2291 2360 2358 Quis
2381 2306 2477 2347 eos
2510 2307 2617 2348 non
2640 2291 2836 2348 deiie:it
2852 2293 2876 2346 7
2895 2293 3024 2363 quis
3044 2305 3151 2347 non
3175 2293 3349 2360 lugeat
3375 2292 3515 2346 hanc

1946 2385 2280 2448 vecordiam,
2339 2392 2391 2438 et
2447 2383 3159 2438 extremam-dementiam!
3207 2384 3269 2437 Et
3314 2383 3514 2438 iterum

1941 2475 2102 2539 idem,
2124 2489 2248 2530 cum
2275 2474 2526 2542 explanat
2565 2475 2693 2529 illud
2728 2490 2746 2529 :
2806 2473 3046 2529 Vidimus
3094 2477 3320 2545 gloriam
3373 2474 3512 2538 eius,

1946 2567 2172 2637 gloriam
2204 2567 2361 2635 quasi
2401 2564 2674 2635 Unigeuiti
2726 2582 2760 2619 α
2790 2564 2955 2620 Patre
2984 2566 3072 2621 “z
3115 2565 3253 2627 Non,
3316 2566 3511 2632 inquit,

1937 2656 2280 2719 vidissemus,
2307 2656 2409 2712 uisi
2440 2670 2538 2725 per
2561 2670 2759 2725 corpus
2794 2656 2952 2711 nobis
2975 2667 3277 2719 assuetum,
3315 2665 3367 2707 et
3408 2667 3510 2706 no-

1937 2746 2336 2801 biscumaitum
2377 2747 2535 2800 nobis
2563 2749 2926 2815 apparuisset.
2958 2746 3023 2800 Et
3055 2745 3258 2810 adimo,
3322 2745 3384 2799 in
3409 2745 3512 2801 ho-

1934 2837 2082 2893 milia
2101 2837 2170 2894 i5
2201 2838 2254 2891 in
2291 2837 2550 2893 Joannem
2577 2855 2595 2896 :
2618 2838 2679 2892 Si
2704 2839 3035 2892 Deum'uemo
3054 2839 3426 2905 uidit-unquam
3439 2835 3509 2902 “,

1935 2927 2065 2996 quid
2131 2927 2317 2995 igitur,
2381 2926 2578 2996 inquit,
2643 2928 3095 2997 respondebimus
3152 2926 3516 2996 mittiiloqtio

1934 3021 2109 3086 Isaiae,
2141 3037 2263 3077 cum
2293 3023 2406 3077 ait:
2447 3021 2568 3076 Vidi
2600 3021 2766 3081 Mm
2797 3024 3060 3076 sedentem
3085 3038 3242 3089 super
3262 3023 3508 3075 tltrammt

250 3108 440 3178 pietur
468 3109 632 3181 Moysi
666 3113 992 3169 desiderium
1028 3130 1123 3184 per
1151 3117 1204 3170 id
1233 3119 1374 3185 quod
1419 3117 1571 3183 fecit,
1614 3127 1673 3174 ιιι
1715 3136 1829 3174 ma-

1937 3113 2216 3180 ezceirum,
2248 3115 2374 3168 etin
2405 3114 2626 3168 sublime
2655 3114 2856 3169 elatum
2888 3115 2970 3167 "2
2997 3122 3058 3166 ct-
3079 3113 3297 3177 loauni,
3323 3113 3412 3181 qui
3448 3113 3497 3168 ei

252 3209 421 3255 neret
444 3201 715 3270 cupiditas
733 3204 1076 3274 inexplebilis
1101 3206 1200 3276 (ὁ).
1219 3207 1362 3261 Idem
1386 3209 1438 3262 in
1460 3209 1836 3278 explanatione

253 3290 408 3344 illius
443 3290 812 3356 beatitudinis,
847 3294 997 3348 Beati
1032 3296 1226 3350 mundo
1253 3299 1429 3364 corde,
1458 3301 1704 3362 quoniam
1731 3301 1835 3369 ipsi

254 3380 436 3433 Deum
459 3382 702 3437 videbunt
731 3383 774 3416 “
820 3399 836 3440 :
889 3383 990 3451 Qui
1027 3401 1123 3441 cor
1147 3401 1328 3451 suum,
1367 3389 1567 3456 inquit,
1592 3390 1660 3442 ab
1688 3389 1834 3442 omni

251 3469 552 3526 aﬂectione
575 3473 784 3528 turbida
827 3477 1160 3543 emundavit,
1196 3479 1247 3532 in
1286 3479 1498 3547 propria
1531 3479 1836 3548 pulchritu-

252 3562 390 3614 dine
419 3561 709 3630 imag'uem
763 3565 1192 3621 divinatuaturm
1247 3569 1520 3638 persp’cit.
1585 3569 1833 3624 Mensura

254 3651 410 3706 enim
449 3653 852 3721 perspicientia
883 3655 1000 3720 Dei,
1030 3672 1147 3724 quae
1181 3674 1208 3710 a
1247 3667 1296 3710 te
1325 3659 1440 3728 capi
1473 3666 1670 3725 potest,
1707 3659 1834 3713 inte

251 3753 370 3796 est.
410 3742 584 3811 igitur
611 3744 701 3813 qui
752 3760 816 3800 se
840 3746 956 3814 ipse
1003 3747 1168 3813 videt,
1198 3749 1252 3805 in
1286 3763 1344 3802 se
1373 3749 1832 3824 qttod‘desid'erat,

253 3832 436 3896 videt,
474 3841 636 3900 atque
659 3833 734 3886 ita
768 3835 998 3891 mundus
1030 3839 1192 3893 corde
1217 3837 1447 3892 edicitur
1469 3838 1678 3903 beatus,
1712 3854 1835 3893 cum

253 3921 490 3981 intuens
538 3922 594 3976 in
641 3939 790 3980 suam
820 3927 1162 3994 munditiem,
1199 3929 1250 3984 in
1288 3930 1522 4000 imagine
1565 3945 1661 3984 sua
1691 3932 1836 3986 videt

253 4013 565 4081 exemplar.
596 4015 820 4070 Divinus
852 4016 1158 4073 Diadochus
1207 4017 1308 4090 (c),
1361 4029 1416 4075 et
1463 4021 1662 4074 silentii
1719 4015 1835 4074 tita-

253 4105 455 4176 gister:
480 4104 672 4171 Nemo,
694 4105 889 4176 inquit,
914 4123 1037 4162 cum
1064 4123 1282 4163 sensum
1311 4110 1504 4164 utentis
1523 4111 1691 4172 audit.
1713 4126 1840 4178 spe--

255 4204 345 4247 ret
366 4193 546 4250 videre
561 4196 730 4250 oculis
745 4196 967 4266 gloriam
990 4199 1292 4260 Dei,sentiri
1313 4200 1452 4252 enim
1472 4213 1587 4254 eam
1604 4199 1836 4255 dicimus

257 4294 426 4356 gustu
463 4291 718 4355 quodam,
741 4289 830 4358 qui
861 4277 1103 4358 expromi
1133 4307 1235 4346 non
1261 4302 1459 4361 potest,
1486 4291 1679 4346 divina:
1704 4307 1836 4347 con-

256 4376 571 4438 solationis,
605 4391 728 4431 cum
761 4381 880 4448 quis
902 4382 1135 4434 animam
1168 4381 1494 4450 purgaverit,
1527 4395 1629 4434 non
1654 4391 1832 4435 autem

1938 3201 2306 3255 testimonium
2352 3203 2576 3273 praebet,
2604 3217 2726 3255 cum
2761 3202 2838 3255 ait
2866 3218 2883 3256 :
2934 3201 3060 3254 Ηαξε
3085 3202 3244 3266 dixit,
3277 3202 3492 3271 quando

1935 3289 2065 3344 uidit
2095 3290 2319 3358 gloriam
2365 3292 2480 3359 ejus
2522 3291 2610 3345 “‘I
2661 3292 2799 3358 Quid
2856 3290 3174 3347 Ezechiell?
3233 3293 3501 3359 siquidem
3577 3307 3582 3314 ‘

1934 3379 2052 3448 ipse
2081 3382 2252 3434 etiam
2293 3381 2426 3436 vidit
2455 3396 2576 3436 eum
2606 3383 2892 3438 sedentem
2926 3395 3092 3452 super
3110 3383 3403 3438 Eberubim
3435 3385 3504 3436 θ’,

1935 3472 2082 3536 Quid
2103 3473 2304 3527 Danieli
2321 3475 2588 3528 ‘i-cumrait~
2615 3491 2630 3528 :
2665 3474 2944 3542 Antiquae
2962 3475 3169 3528 dierum
3200 3475 3411 3529 sedebat
3437 3476 3504 3530 “.

1935 3563 2074 3630 Quid
2097 3564 2262 3634 Moysi
2287 3565 2309 3617 ι
2341 3565 2434 3632 qui
2454 3565 2584 3625 dixit
2618 3581 2635 3620 :
2673 3565 2900 3620 Ostende
2930 3565 3059 3620 mihi
3082 3565 3310 3636 gloriam
3335 3577 3505 3632 tuam,

1937 3664 1992 3707 ut
2033 3654 2310 3722 manifeste
2341 3655 2544 3708 uideam
2602 3664 2653 3709 te
2709 3655 2776 3708 “.
2815 3653 2982 3712 ἕπου
3013 3665 3193 3710 autem
3233 3655 3358 3709 hinc
3407 3669 3508 3708 uo—

1936 3760 2060 3798 men
2091 3747 2298 3814 accepit
2328 3747 2750 3814 cognominatus
2781 3746 2967 3810 lsraeL
3035 3747 3230 3810 idest,
3259 3761 3404 3798 mam
3433 3747 3509 3798 ui-

1935 3835 2062 3888 dens
2095 3834 2260 3889 Deum
2301 3836 2368 3890 ⁷⁸.
2420 3835 2558 3914 Quid
2615 3837 2779 3906 igitur
2844 3834 3210 3890 aitdoanues
3263 3853 3278 3888 :
3337 3835 3506 3888 Deum

1935 3942 2085 3982 nemo
2111 3928 2238 3981 vidit
2267 3917 2536 3999 unquam?
2561 3927 2752 3997 Liquet
2769 3930 2953 3983 omnia
2973 3929 3064 3984 illa
3089 3928 3154 3982 ad
3179 3927 3508 3982 condescen-

1937 4019 2144 4074 sionem
2183 4019 2544 4089 pertinuisse;
2577 4026 2702 4090 quia
2736 4021 2880 4075 enim
2916 4020 3154 4076 i‘uturum
3183 4031 3298 4074 erat
3333 4029 3389 4072 ut
3415 4017 3505 4072 Fi-

1937 4112 2048 4166 lius
2069 4113 2157 4166 Dei
2191 4113 2240 4166 in
2257 4126 2381 4167 vera
2401 4126 2576 4168 carne
2595 4124 2900 4181 appareret,
2932 4101 3334 4169 aisueiaciebat
3356 4124 3448 4176 eos
3471 4125 3500 4162 τι

1938 4202 2200 4271 principio
2220 4201 2359 4256 Deus
2385 4201 2437 4254 in
2461 4201 2628 4271 gloria
2655 4202 2746 4256 Dei
2773 4201 3024 4266 videnda,
3048 4210 3304 4270 quantum
3334 4202 3400 4252 ait
3427 4200 3506 4274 eis

1938 4293 2106 4346 videri
2135 4300 2365 4360 poterat.
2393 4289 2533 4357 Quid
2564 4292 2708 4346 enim
2739 4293 2807 4346 sit
2866 4291 3005 4345 Dens
3039 4307 3142 4345 nou
3172 4291 3344 4344 solum
3381 4307 3505 4357 prn-

1939 4385 2137 4452 phetat,
2171 4384 2264 4436 sed
2306 4397 2406 4437 nec
2460 4381 2653 4451 angeli,
2699 4397 2800 4436 nec
2843 4382 3151 4450 archangeli
3205 4382 3500 4434 viderunt:

252 4477 529 4530 apparere
553 4465 600 4518 ei
622 4465 822 4536 aliquid
845 4484 1034 4523 eorum
1054 4483 1176 4537 quae
1192 4470 1293 4524 sub
1312 4479 1587 4538 aspectum
1608 4472 1830 4536 cadunt,
1867 4473 1910 4528 Ι)
1940 4474 2088 4528 solus
2119 4470 2286 4525 Filius
2329 4480 2381 4524 et
2418 4470 2657 4538 Spiritus
2697 4477 2916 4523 sanctus
2946 4484 3067 4523 eum
3097 4469 3302 4544 vident.
3351 4467 3501 4532 Quo-

252 4555 538 4625 siqnidem
574 4571 719 4612 nunc
753 4575 850 4630 per
880 4561 1060 4626 iidem,
1091 4569 1146 4615 et
1175 4575 1278 4614 non
1311 4575 1406 4630 per
1450 4560 1684 4630 speciem
1715 4577 1828 4616 am-

324 4715 377 4750 ⁸⁸
419 4713 559 4768 Psal.
594 4731 759 4776 xxxv.
813 4731 1068 4774 cxxsvttt.
1146 4719 1188 4754 ‘°
1239 4721 1405 4776 Exod.
1441 4737 1632 4784 xxxttt,
1686 4721 1778 4775 20.
1850 4719 1892 4752 ⁸¹
1949 4720 2140 4776 Matth.
2191 4737 2245 4785 v,
2292 4721 2346 4776 8.

344 4785 480 4837 ibid.
515 4785 601 4840 18.
699 4787 742 4818 ⁸⁸
774 4788 872 4841 lsa.
908 4803 985 4846 vt.
1042 4788 1092 4842 i.
1194 4791 1236 4822 ⁸⁵
1287 4791 1442 4846 .ioan.
1481 4791 1698 4846 nudi.
1775 4791 2035 4846 "Ezecb.
2075 4805 2130 4846 ι.
2187 4791 2237 4843 1.
2313 4791 2346 4820 ⁸⁸

2021 4828 2035 4842 ο
2075 4827 2130 4853 ⁸,
2189 4827 2237 4843 Ι,

247 4786 297 4821 ιδ
344 4785 480 4837 ibid.
515 4785 601 4840 i8.
699 4787 742 4818 ⁸⁸
774 4788 872 4841 isa.
908 4803 985 4852 vn,
1042 4788 1092 4842 1.

1194 4791 1236 4822 ⁸⁵
1287 4791 1442 4847 loan.
1481 4807 1579 4853 xu,
1608 4791 1698 4845 41.

248 4855 296 4886 ’⁸
341 4852 487 4915 Gen.
525 4871 696 4919 χχχιι,
725 4857 814 4912 28.

1941 4561 2100 4619 modo
2133 4560 2282 4615 enim
2326 4560 2504 4617 omnis
2533 4570 2726 4614 natura
2767 4567 2950 4616 creata
2985 4558 3166 4612 videre
3194 4557 3390 4627 poterit
3422 4556 3500 4627 (i)

2423 4722 2538 4776 "il
2589 4721 2718 4777 Cor.
2780 4738 2834 4787 ν,
2901 4723 2950 4775 7.
3029 4721 3073 4752 ⁸³
3103 4720 3263 4776 Joan.
3313 4737 3352 4782 ι,
3415 4719 3500 4776 id.

2313 4791 2358 4820 ⁸⁸
2411 4790 2545 4846 Dan.
2600 4807 2696 4857 vn,
2741 4793 2826 4847 15.
2905 4792 2952 4824 ⁸⁸
2979 4789 3148 4846 Exod.
3187 4804 3382 4858 nam,
3413 4789 3499 4845 18.

1740 4972 2012 5035 Schoﬁa.

329 5095 411 5164 (i)
474 5091 624 5146 Nulla
687 5102 879 5164 natura
935 5102 1116 5148 creata
1175 5094 1357 5164 videre
1398 5093 1562 5147 Deum
1607 5093 1824 5161 poterit,

192 5218 204 5225 ,
242 5162 399 5230 quid
432 5165 508 5216 sit
540 5178 555 5227 ;
620 5177 716 5217 nec
756 5163 899 5217 enim
949 5164 1086 5218 beati
1139 5164 1221 5216 sic
1257 5162 1422 5216 Deum
1454 5165 1734 5224 videbunt,
1768 5172 1826 5217 ut

242 5235 392 5305 quid
425 5233 521 5298 sit,
546 5231 786 5287 videant.
825 5232 899 5286 De
932 5233 1236 5302 hujusmodi
1277 5233 1491 5288 visione
1524 5241 1592 5288 et'
1633 5233 1822 5302 cogni-

323 5375 409 5451 (α)
435 5374 701 5451 Cognosci
735 5391 842 5451 non
869 5386 1064 5451 potest,
1099 5377 1225 5447 quid
1254 5378 1324 5432 sit
1344 5378 1550 5434 scilicet
1577 5393 1590 5430 :
1623 5381 1692 5431 de
1721 5375 1822 5429 hac

238 5450 403 5502 enim
445 5446 751 5510 cognitione
779 5446 1031 5514 loquitur.

326 5515 410 5581 (ὁ)
437 5515 632 5585 Doctus
669 5516 810 5567 enim
839 5532 1099 5585 responso
1123 5517 1235 5579 Dei,
1270 5517 1463 5571 desivit
1513 5514 1820 5573 desiderare

238 5585 449 5656 videre
475 5581 659 5656 Deum
695 5585 744 5656 in
801 5581 1070 5656 hacr'vita,
1099 5598 1152 5640 et
1184 5589 1434 5642 incensus
1467 5595 1549 5642 est
1580 5586 1819 5656 inexple-

238 5655 347 5709 Lili
375 5653 642 5704 desiderio
659 5652 871 5706 videndi
910 5655 961 5707 in
993 5656 1181 5710 altera.

326 5726 402 5783 (ε)
434 5722 487 5774 In
521 5723 696 5776 libello
734 5722 804 5776 De
827 5726 1093 5780 suirituali
1123 5725 1452 5791 uerfet'tt'onc.

1939 5087 2083 5168 tione
2113 5097 2208 5152 Dei
2237 5099 2536 5163 loquuntur
2566 5112 2779 5168 semper
2803 5099 3028 5163 Patres,
3065 5113 3185 5154 cum
3231 5113 3350 5152 eam
3398 5099 3499 5156 tol-

1933 5165 2048 5220 lunt
2078 5177 2133 5223 et
2153 5179 2369 5238 negant.

1913 5427 1916 5432 .
1971 5376 2080 5458 .(d)
2115 5375 2400 5430 Certamen
2427 5375 2580 5440 dicit,
2617 5391 2726 5447 quo
2751 5383 3024 5431 certamus
3069 5390 3190 5457 cum
3232 5375 3348 5448 iege
3374 5391 3499 5430 car-

1931 5460 2070 5584 ηιῗὲ)
2101 5514 2480 5570 Reverentiam
2523 5514 2667 5569 enim
2695 5515 2806 5568 Deo
2835 5513 3054 5585 adhibet
3097 5515 3188 5585 qui
3229 5515 3332 5569 scit
3371 5529 3492 5569 eum

1925 5600 2029 5655 non
2054 5583 2224 5653 posse
2245 5585 2667 5655 comprehendi:
2694 5583 2854 5655 ει(ιηί
2893 5585 3063 5654 magis
3094 5583 3194 5642 hoc
3223 5585 3345 5650 scit,
3378 5600 3495 5639 ma-

1914 5654 2088 5722 jorem
2116 5655 2475 5710 reverentiam
2515 5654 2756 5711 adhibet.
