3980 6208
217 356 314 420 9Π

877 352 1114 417 ΠΕΟΛΞ
1152 350 1309 413 VIII.
1343 373 1412 385 -·
1452 348 1551 409 DE
1580 346 2025 408 INFINITATE
2065 339 2193 406 DEI
2231 346 2313 406 IN.
2338 340 2794 404 CREATURIS.

3377 329 3485 397 913

190 532 193 533 ν
220 469 512 532 Maximus,
547 466 845 523 secundum
868 466 1146 520 nmionem
1175 477 1359 518 causae
1388 462 1573 517 omnia
1596 460 1664 516 de
1690 460 1800 513 Deo
1830 463 1877 520 Α
1900 458 1993 527 jus
2023 473 2211 522 causa;
2242 466 2295 511 et
2331 457 2456 512 ﬁnis
2484 454 2750 515 omnium,
2809 457 2973 519 atque
3006 446 3249 502 inlinitas
3304 445 3483 499 omnis

214 558 498 627 praedicari
525 559 623 621 ait,
655 559 708 611 ld
736 564 841 617 est,
872 555 1052 609 omnia
1090 553 1141 607 in
1170 553 1301 622 ipso.
1331 551 1598 620 intelligi:
1626 564 1798 617 κατη-

214 648 521 722 γορεῖσθαι”
543 649 712 714 enim,
748 646 801 701 id
834 654 939 709 est,
973 644 1281 715 praedicari,
1326 643 1451 707 hoc,
1483 642 1677 711 inquit,
1708 655 1798 696 se-

212 742 450 796 cundum
482 739 831 809 philosophos
878 738 1142 800 declarat,
1179 736 1295 799 ipse
1324 744 1505 790 autem
1542 732 1681 789 nihil
1712 739 1799 787 est

218 843 409 883 eorum
455 843 683 898 quorum
750 840 916 883 causa
978 834 1100 893 est;
1150 825 1274 896 quia
1322 834 1406 881 est
1437 839 1599 894 supra
1655 838 1799 886 esse,

213 934 386 988 quare
420 918 734 988 negationes
767 918 987 988 quidem
1010 918 1113 973 hoc
1136 916 1439 979 declarant,
1471 926 1658 971 utnon
1696 919 1797 972 ha-

215 1014 350 1066 bens
369 1011 626 1075 formam,
653 1011 770 1066 sive
788 1010 907 1065 sine
934 1012 1128 1071 l'orma.
1152 1010 1273 1066 sine
1297 1009 1723 1079 pulchritudine,
1745 1018 1800 1064 et

214 1103 434 1169 similia,
458 1103 588 1157 illud
603 1117 729 1158 vero
745 1116 865 1157 esse
892 1102 1071 1157 omnis
1095 1100 1278 1171 ﬁguras
1302 1110 1355 1155 et
1376 1102 1558 1157 omnis
1572 1101 1795 1174 speciei,

216 1194 465 1252 declarat
495 1195 669 1264 ipsum
714 1209 835 1248 esse
869 1208 1093 1249 causam
1125 1193 1310 1249 omnis
1340 1193 1565 1262 speciei,
1596 1200 1651 1248 et
1679 1208 1794 1248 om-

219 1283 305 1337 nis
342 1283 550 1351 ﬁgurat,
582 1283 836 1338 similiter
886 1283 1098 1353 reliqua
1137 1282 1408 1352 ejusmodi
1439 1282 1797 1353 intelligenda

217 1387 365 1432 sunt.
402 1375 547 1430 ldem
595 1387 824 1431 sanctus
858 1374 1130 1431 Maximus
1159 1376 1213 1431 in
1243 1377 1431 1432 eodem
1467 1377 1610 1440 loco,
1662 1392 1799 1431 con-

217 1480 300 1522 tra
340 1469 471 1523 illud
526 1482 648 1523 esse
694 1468 875 1523 omnis
930 1469 1137 1537 ﬁgurae,
1186 1468 1447 1538 opposuit
1499 1483 1621 1525 esse
1682 1469 1801 1525 sine

218 1562 416 1625 forma,
443 1561 568 1630 quia
594 1574 770 1630 supra
806 1561 1216 1630 incorporeum,
1241 1570 1296 1616 et
1343 1576 1506 1632 supra
1555 1563 1800 1619 vacatio-

216 1669 339 1707 nem
385 1652 655 1708 tnaterie:
710 1666 818 1708 non
856 1650 1127 1707 formatus
1152 1654 1218 1709 ad
1254 1653 1554 1723 quidquam
1606 1670 1799 1712 eorum

215 1758 335 1810 qua:
362 1752 512 1805 sunt,
549 1751 738 1797 contra
798 1742 925 1797 illud
982 1758 1113 1799 vero
1162 1758 1286 1799 esse
1348 1745 1528 1800 omnis
1574 1746 1799 1814 speciei,

214 1833 475 1900 opposuit
510 1848 631 1888 esse
676 1833 793 1889 sine
827 1833 1268 1903 pulchritudine;
1337 1836 1455 1891 sine
1506 1837 1807 1907 pulchritu-

213 1923 342 1976 dine
373 1924 525 1987 dicit,
561 1925 684 1992 quia
719 1926 786 1979 ab
838 1928 953 1994 ipso
989 1927 1131 1983 facta
1154 1940 1237 1984 est
1270 1931 1651 1999 pulchritudo;
1688 1930 1803 1999 ipse

214 2030 345 2070 vero
377 2025 463 2070 est
493 2032 658 2085 supra
721 2019 1182 2087 pulchritudinem
1208 2040 1223 2089 ;
1282 2024 1641 2078 auctoritates
1671 2031 1804 2077 vero

213 2106 513 2175 Scriptura:
544 2120 672 2163 sunt
712 2124 724 2161 :
767 2109 1008 2166 Vidimus
1036 2130 1177 2176 eum,
1213 2125 1260 2168 et
1292 2132 1395 2170 non
1427 2116 1650 2171 habebat
1682 2131 1799 2185 spe—

213 2203 349 2256 ciem
386 2204 485 2273 (l),
520 2221 685 2276 neque
706 2207 1155 2275 pulchritudinem
1188 2211 1257 2265 ".
1293 2210 1437 2265 ldem
1470 2215 1522 2266 in
1558 2213 1803 2267 centuria

215 2308 275 2347 ιι.
310 2292 387 2347 De
443 2295 750 2363 charitate,
800 2298 979 2366 capite
1033 2299 1154 2356 29:
1200 2300 1373 2365 Sicut,
1428 2302 1624 2370 inquit,
1688 2318 1806 2356 ma-

215 2383 330 2437 lum
390 2385 622 2453 privatio
690 2388 817 2442 boni
892 2396 1016 2455 est,
1079 2399 1134 2444 et
1182 2390 1491 2458 ignorantia
1566 2392 1835 2479 privatio;

216 2474 573 2542 cognitionis,
612 2477 690 2532 sic
718 2479 864 2548 quod
916 2494 1023 2535 non
1075 2489 1160 2535 est
1217 2482 1459 2551 privatio
1491 2482 1610 2551 ejus
1661 2482 1803 2552 quod

216 2575 347 2632 est;
404 2583 508 2621 non
544 2578 724 2622 autem
765 2568 883 2639 ejus
925 2572 1065 2639 quod
1100 2573 1317 2640 proprie
1357 2582 1438 2627 est
1472 2574 1603 2641 (non
1656 2573 1799 2628 enim

220 2655 389 2709 habet
406 2658 785 2728 contrarium),
815 2660 910 2715 sed
939 2660 1059 2729 ejus
1084 2662 1227 2729 quod
1254 2669 1335 2717 est
1373 2644 1797 2731 participatione

217 2745 343 2813 ejus
377 2748 519 2816 quod
548 2749 768 2818 proprie
788 2759 897 2813 est,
922 2764 985 2805 ac
1033 2751 1364 2819 privationes
1401 2750 1619 2821 quidem
1676 2751 1801 2806 illo-

218 2851 345 2893 rum
402 2836 648 2905 priorum
708 2839 931 2895 liberam
962 2840 1289 2896 voluntatem
1322 2856 1508 2896 eorum
1538 2843 1631 2912 qui
1675 2842 1801 2898 lacti

219 2934 375 2985 sunt.
404 2938 743 2996 sequuntur;
800 2930 1033 2997 privatio
1073 2945 1202 2985 vero
1245 2931 1407 3001 hujus
1465 2934 1690 2989 secundi
1744 2935 1798 2989 in

219 3013 507 3070 voluntate
527 3016 647 3087 ejus
681 3019 772 3087 qui
802 3018 947 3085 fecit,
964 3029 1069 3088 est;
1100 3022 1189 3091 qtti
1218 3036 1435 3091 semper
1460 3030 1682 3092 pr0pter
1706 3024 1802 3077 bo-

221 3106 455 3165 nitatem
486 3124 641 3163 suam
699 3112 817 3166 vult
874 3126 992 3167 esse
1028 3128 1090 3167 ea
1125 3102 1245 3179 quae
1279 3122 1428 3180 sunt,
1488 3123 1543 3170 et
1583 3114 1652 3169 ab
1682 3115 1803 3184 ipso

222 3213 447 3267 semper
474 3200 675 3270 juvari.
728 3203 793 3258 Et
844 3220 1035 3259 rursus
1100 3204 1392 3276 Dionysius
1430 3206 1485 3260 in
1546 3205 1801 3261 eisdem:

222 3288 485 3353 Omnium
516 3292 677 3361 igitur
698 3293 1121 3364 principium,et
1142 3295 1283 3359 linis,
1312 3296 1405 3365 qui
1427 3304 1509 3350 est
1535 3304 1662 3350 ante
1688 3310 1806 3350 om—

223 3381 343 3469 ιιίδ
386 3384 709 3453 principium
724 3385 939 3455 quidem
967 3394 1027 3449 ut
1048 3400 1253 3457 causa;
1290 3386 1413 3449 ﬁnis
1461 3400 1590 3442 vero
1616 3395 1675 3447 ut
1703 3400 1811 3440 cu—

300 3586 353 3633 τ’
381 3589 492 3645 Isa.
522 3604 637 3655 uti,
692 3590 748 3651 3,

1903 550 2189 603 inllnitatis
2215 558 2271 603 et
2306 546 2711 602 terminationis
2744 542 3074 597 excellenter
3097 540 3236 594 sicut
3264 538 3485 605 opposi-

1904 651 2081 697 torum
2113 641 2214 711 (2).
2258 640 2323 695 Et
2367 640 2534 704 idem,
2564 638 2616 692 in
2650 636 2891 692 secundo
2928 633 3127 697 capite,
3183 631 3249 684 de
3281 629 3487 684 eisdem

1902 734 2101 789 divinis
2127 731 2486 787 nominibus:
2548 730 2878 799 Copulatum
2912 726 3143 795 quidem
3206 734 3263 777 et
3328 736 3484 775 com-

1902 840 2067 880 mune
2099 823 2152 879 in
2188 822 2457 877 Trinitate
2516 836 2623 875 uno
2655 819 2898 874 omnium
2932 815 3225 885 principio,
3259 823 3313 867 et
3347 812 3484 866 sub.

1903 918 2101 972 stantia
2135 931 2296 983 supra
2339 912 2728 975 substantiam,
2761 911 3018 964 divinitas
3078 923 3239 976 supra
3296 905 3489 961 divini-

1904 1018 2114 1071 tatem;
2176 1004 2393 1062 bonitas
2453 1018 2619 1071 supra
2656 1002 2952 1057 bonitatem
2999 1000 3101 1069 (a),
3136 999 3277 1052 idem
3325 1010 3492 1064 supra

1900 1097 2109 1161 omnia,
2140 1094 2331 1150 eadem
2373 1093 2431 1151 in
2473 1101 2583 1147 tota
2632 1092 2963 1161 proprietate
3022 1089 3099 1157 (ὅ)
3161 1104 3283 1157 quae
3322 1101 3493 1152 supra

1900 1185 2085 1242 omnia
2114 1192 2198 1239 est
2235 1200 2248 1236 :
2277 1184 2458 1240 unitas
2490 1184 2571 1252 (4)
2612 1196 2777 1251 supra
2809 1182 3068 1235 unitatem
3095 1179 3493 1247 prittcipialctn;

1901 1275 2191 1330 inet'labilis
2246 1274 2346 1344 (5),
2386 1273 2686 1327 multarum
2710 1287 2926 1335 vocum;
2988 1270 3255 1336 ignoratio
3295 1268 3369 1337 (6)
3429 1284 3497 1321 ex

1900 1368 2049 1423 omni
2077 1366 2413 1422 intellectilis
2440 1366 2541 1435 (7);
2584 1364 2827 1421 omnium
2860 1364 3062 1430 positio
3106 1361 3207 1430 (8),
3251 1361 3496 1416 omnium

1902 1461 2126 1517 ablatio.
2168 1458 2233 1513 Et
2254 1475 2449 1515 rursus
2473 1459 2637 1521 idem,
2673 1456 2847 1525 capite
2882 1457 2938 1519 '1,
2971 1459 3035 1509 de
3061 1455 3264 1509 eisdem
3298 1454 3499 1507 divinis

1904 1553 2249 1609 nominibus:
2278 1552 2547 1619 Quocirca
2576 1552 2721 1604 Deus
2750 1549 2802 1603 in
2836 1548 3089 1601 omnibus
3118 1545 3491 1614 cognoscitur,

1903 1655 1958 1701 et
2002 1646 2301 1715 separatim
2332 1648 2399 1699 ab
2433 1643 2726 1708 omnibus;
2754 1649 2808 1697 et
2836 1656 2931 1710 per
2962 1639 3326 1709 cognitionem
3360 1638 3501 1691 Deus

1914 1740 2285 1811 cegnoscitur,
2313 1754 2376 1795 ac
2410 1755 2508 1810 per
2537 1740 2972 1808 ignorationem;
3000 1749 3053 1791 et
3080 1746 3161 1790 est
3188 1738 3252 1789 de
3290 1749 3357 1789 eo
3408 1749 3505 1787 co—

1924 1832 2117 1898 gnitio,
2146 1830 2307 1894 ratio.
2341 1833 2657 1895 etscientia,
2681 1840 2735 1887 et
2766 1840 2961 1893 tactus,
2995 1841 3050 1884 et
3068 1843 3280 1892 sensus,
3308 1839 3363 1881 et
3391 1827 3507 1896 Opi-

1926 1925 2035 1987 nio,
2062 1935 2114 1979 et
2142 1924 2419 1993 cogitatio,
2442 1932 2498 1979 et
2526 1938 2743 1989 nomen,
2775 1934 2828 1977 et
2858 1924 2959 1976 alia
2990 1921 3169 1975 omnia
3195 1937 3210 1984 ;
3244 1928 3296 1972 et
3324 1932 3504 1986 neque

1924 2014 2266 2085 intelligitur,
2295 2029 2471 2086 neque
2497 2015 2718 2078 dicitur,
2767 2029 2943 2083 neque
2975 2013 3289 2067 nominatur
3311 2049 3328 2075 ,
3400 2024 3503 2063 nec

1923 2118 2007 2163 est
2040 2109 2244 2179 aliquid
2270 2124 2457 2164 eorum
2492 2124 2613 2179 qua:
2654 2118 2816 2173 sunt,
2857 2123 2954 2162 nec
2990 2108 3043 2161 in
3096 2107 3277 2173 aliquo
3308 2119 3497 2158 eorum

1922 2216 2042 2269 qua:
2065 2210 2215 2264 sunt,
2237 2201 2624 2271 cognoscitur;
2656 2211 2712 2256 et
2742 2202 2793 2255 in
2818 2200 3073 2255 omnibus
3095 2198 3274 2253 omnia
3311 2206 3419 2261 est,
3449 2204 3507 2250 et

1922 2293 2061 2350 nihil
2086 2294 2137 2348 in
2164 2295 2292 2361 ullo;
2319 2304 2372 2349 et
2398 2308 2461 2349 ex
2485 2292 2738 2350 omnibus
2757 2294 2824 2349 ab
2852 2292 3104 2349 omnibus
3132 2290 3499 2359 cognoscitur,

1923 2399 1977 2444 et
2032 2403 2061 2442 a
2133 2387 2283 2443 nullo
2315 2402 2381 2442 ex
2443 2385 2551 2441 ulla
2619 2400 2699 2442 re.
2765 2385 2825 2439 Et
2890 2384 3086 2439 iterum
3125 2424 3139 2446 ,
3202 2381 3255 2434 in
3311 2381 3496 2448 capite

1921 2480 2098 2549 primo
2128 2496 2143 2534 :
2178 2477 2269 2533 Sic
2298 2477 2485 2548 igitur,
2528 2476 2727 2546 inquit,
2772 2489 2953 2531 causa!
2978 2473 3248 2533 omnium,
3297 2480 3353 2525 et
3381 2484 3508 2539 quas

1920 2586 2081 2641 supra
2135 2570 2316 2626 omnia
2387 2581 2511 2635 est,
2573 2567 2860 2624 conveniet
2930 2582 3036 2620 non
3107 2564 3400 2628 nominari,
3452 2572 3509 2615 et

1918 2664 2165 2717 omnium
2211 2679 2390 2718 rerum
2427 2662 2745 2718 nominibus
2802 2658 3093 2715 nominari.
3130 2657 3205 2710 Ex
3261 2657 3347 2721 bis
3382 2654 3501 2710 elli-

1919 2753 2063 2807 citur
2115 2752 2487 2817 manifestum,
2530 2749 2675 2819 quod
2714 2749 2857 2803 nihil
2882 2763 3072 2803 eorum
3097 2760 3219 2815 quze
3240 2754 3394 2808 sunt,
3418 2744 3527 2812 ip-.

1919 2834 2040 2900 sum
2078 2842 2227 2897 idem.
2246 2843 2445 2897 dicitur
2472 2841 2797 2907 substantia,
2825 2848 2881 2895 et
2904 2853 3067 2908 supra
3092 2839 3452 2893 substantiam
3487 2852 3503 2889 :

1916 2934 2167 2989 similiter
2200 2934 2253 2988 in
2282 2932 2426 2999 aliis,
2457 2946 2631 3000 neque
2650 2931 2784 2997 vita,
2809 2939 2861 2986 et
2891 2944 3055 2999 supra
3083 2930 3246 2983 vitam
3278 2944 3296 2994 ;
3331 2939 3510 2996 neque

1917 3021 2256 3089 intellectus,
2288 3031 2469 3078 etnon
2504 3022 2892 3092 intelligentia;
2921 3035 3095 3089 neque
3124 3020 3288 3083 ratio,
3312 3026 3367 3072 et
3408 3032 3503 3070 ra—

1919 3116 2081 3170 tionis
2108 3114 2345 3180 vacatio,
2398 3127 2497 3168 ncc
2548 3112 2785 3182 idipsum
2822 3110 3231 3180 participatnm,
3298 3114 3354 3161 et
3397 3122 3504 3160 non

1913 3205 2297 3275 participatum
2326 3222 2341 3268 ;
2368 3218 2544 3274 neque
2578 3204 2935 3267 nominatum,
2967 3210 3022 3256 et
3046 3214 3242 3255 carens
3257 3198 3504 3261 nomine,

1916 3307 1971 3353 et
2002 3298 2107 3352 alia
2133 3313 2196 3353 ex
2236 3298 2304 3353 iis
2335 3313 2455 3367 quae
2476 3298 2650 3366 primo
2678 3304 2803 3352 sunt
2836 3295 2939 3364 (9),
2978 3308 3046 3349 ne
3100 3293 3325 3363 singula
3368 3305 3505 3344 enu-

1930 3405 2131 3453 merem
2174 3407 2190 3446 :
2217 3390 2455 3467 cognitio
2484 3399 2536 3447 et
2569 3386 2836 3459 ignoratio
2862 3404 2885 3455 ;
2914 3386 3118 3452 lumen,
3144 3392 3199 3440 et
3222 3381 3507 3441 tenebrae;

1722 3725 2003 3789 Scholia.

308 3836 390 3902 (f)
422 3831 538 3888 Hoc
566 3833 629 3888 de
652 3831 875 3888 Christo
896 3832 1191 3890 secundum
1214 3831 1607 3887 humanitatem
1627 3848 1654 3886 a
1672 3831 1803 3886 Pro-

230 3906 401 3973 pheta
418 3904 625 3973 dictum
643 3910 749 3967 est,
767 3904 908 3971 quod
923 3903 1094 3972 magis
1109 3904 1285 3957 adhuc
1304 3903 1538 3958 declarat
1558 3903 1699 3972 quod
1721 3916 1806 3973 se-

230 3970 468 4038 quitur:
503 3972 608 4027 Sed
644 3970 820 4039 potius
843 3970 1051 4041 species
1078 3973 1195 4041 ejus
1231 3970 1588 4038 inhonorata,
1611 3983 1665 4027 et
1704 3970 1805 4026 de-

233 4043 429 4097 ﬁciens
450 4043 742 4111 plusquam
760 4045 810 4097 in
828 4042 1077 4097 omnibus
1099 4042 1223 4098 ﬁliis
1241 4043 1518 4097 hominum
1540 4082 1552 4096 .
1568 4044 1646 4098 sic
1661 4043 1815 4097 enim.

232 4122 319 4165 est
352 4111 496 4178 apud
520 4110 681 4166 LXX.
716 4111 1060 4168 Dellcientem
1091 4114 1229 4170 dixit
1275 4122 1496 4179 propter
1553 4114 1808 4166 mutatio-

236 4196 367 4250 nem
391 4182 592 4236 coloris
613 4182 874 4237 naturalis
898 4182 953 4235 in
976 4182 1234 4250 pallorem
1259 4195 1327 4235 ex
1350 4196 1565 4237 recessu
1582 4182 1805 4248 caloris,

238 4249 307 4302 ad
335 4253 527 4304 intima
554 4252 816 4315 sanguine
850 4267 907 4306 se
935 4249 1313 4315 centrahcnle,
1336 4260 1390 4305 et
1417 4251 1704 4319 superﬁcie
1725 4267 1810 4305 re-

241 4321 535 4388 lrigerata,
560 4329 618 4373 ιιι
662 4321 922 4377 Leontius
976 4320 1266 4387 Byzantius
1320 4323 1528 4381 notavit
1572 4322 1818 4376 scribens

241 4402 429 4461 contra
446 4390 973 4461 TAthaptwoxﬁ‘tac,
994 4391 1082 4458 qui
1100 4405 1321 4461 carnem
1334 4390 1535 4445 Christi
1554 4394 1819 4459 corrupti-

240 4459 403 4512 bilem
438 4459 640 4514 fuisse
668 4462 950 4529 negabant,
988 4474 1051 4512 ac
1076 4459 1301 4529 proinde
1333 4476 1438 4515 non
1472 4460 1642 4515 fuisse
1672 4461 1721 4513 in
1753 4476 1819 4515 eo

239 4531 525 4596 passiones
549 4529 822 4584 naturales
874 4530 1177 4584 tradebant.
1213 4529 1318 4582 Sed
1360 4530 1493 4584 nihil
1546 4530 1814 4597 prohibet,

234 4599 369 4659 quin
396 4599 466 4653 de
485 4600 705 4654 Christo
735 4614 947 4667 quoque
996 4600 1291 4653 secundum
1309 4601 1646 4655 divinitatem
1667 4600 1822 4653 intel-p

230 4667 442 4737 ligatur
458 4684 577 4739 esse
595 4670 712 4723 sine
731 4668 911 4737 specie
928 4677 980 4724 et
1001 4668 1520 4739 pulchritudine,qni
1534 4681 1651 4726 erat
1667 4684 1820 4723 crea-

233 4748 323 4789 lur
356 4738 799 4809 pulchritudinis,
830 4754 891 4791 ac
924 4739 1145 4805 proinde
1175 4754 1277 4793 non
1304 4738 1547 4807 pulcher,
1582 4740 1812 4809 quiasu-

230 4822 504 4878 praquam
532 4808 775 4876 pulcher,
804 4808 946 4877 quod
974 4818 1055 4861 est
1087 4821 1206 4878 csse
1224 4809 1342 4863 sine
1394 4812 1593 4878 specie.

313 4876 395 4957 (2)
421 4876 829 4957 Oppositorum.’
864 4878 941 4931 Ab
963 4878 1133 4957 ipsius
1161 4876 1439 4957 inﬁnitate
1461 4878 1817 4947 proﬁciscitur

227 4948 424 5002 omnis
451 4948 710 5011 inlinitas,
743 4959 796 5000 et
836 4948 1142 5017 terminatio
1168 4956 1424 5017 tauquam
1452 4964 1485 5003 a
1534 4965 1697 5004 causa
1724 4964 1820 5003 ex-

227 5027 615 5087 superante,et
630 5017 981 5085 superlata,et
1002 5016 1271 5073 ell’ectrice
1283 5016 1671 5087 appositurum,
1691 5020 1815 5087 quia

226 5090 286 5139 in
326 5102 391 5138 se
412 5086 572 5138 habet
595 5088 775 5139 omnia
802 5092 940 5140 unde
960 5089 1142 5157 omnia
1167 5102 1287 5156 qua:
1308 5086 1377 5143 de
1402 5088 1509 5142 Deo
1530 5091 1821 5157 praedican-

226 5156 868 5220 tur,possuntdeeodem
895 5156 1103 5225 negari,
1123 5159 1245 5224 quia
1266 5174 1371 5211 non
1403 5160 1732 5211 conveniunt
1748 5158 1818 5222 ei,

226 5238 292 5279 ut
336 5226 694 5278 inveniuntur
725 5226 777 5279 in
806 5228 966 5279 rebus
993 5228 1212 5292 creatis,
1239 5241 1292 5282 et
1314 5228 1757 5293 utitttclligttntnr
1795 5244 1824 5280 a

223 5296 430 5366 nobis,
464 5303 525 5366 et
562 5296 969 5364 signiﬁcantur;
1013 5296 1294 5351 undeltcet
1314 5299 1384 5353 sit
1420 5298 1744 5366 principiuttt
1769 5306 1822 5351 et

226 5364 395 5429 uuis,
434 5364 789 5418 sicutdtctutn
824 5374 927 5429 est,
979 5373 1176 5436 tamen
1208 5383 1380 5436 neque
1422 5364 1826 5435 habct‘princi-

222 5438 420 5504 piunt,
440 5450 617 5503 neque
637 5436 818 5500 linem,
843 5451 1017 5503 neque
1042 5432 1454 5501 mediu'ttt,'sicut
1484 5440 1535 5491 itt
1564 5432 1827 5492 creaturis

223 5502 624 5571 intelligimus,
660 5515 714 5559 et
736 5505 862 5558 licet
883 5502 954 5558 sit
972 5519 1208 5577 praesens
1225 5508 1501 5573 omnibus,
1532 5506 1825 5577 etubique,

220 5588 518 5643 nusquam
554 5583 730 5627 tamen
760 5582 861 5639 est,
896 5589 993 5629 nec
1020 5577 1069 5629 in
1096 5576 1202 5629 ullo
1247 5588 1330 5631 est
1380 5579 1521 5631 sicut
1559 5576 1825 5643 creatore,

218 5662 297 5702 ex
332 5642 403 5696 S.
431 5642 599 5697 Thom
612 5682 625 5696 .

1976 3833 2054 3900 (5)
2090 3830 2153 3887 In
2197 3841 2307 3888 tota
2347 3835 2687 3902 proprietate.
2723 3832 3115 3902 Proprietatem
3188 3831 3281 3885 Dei
3348 3830 3503 3898 dicit,

1912 3912 1971 3957 ut
2003 3903 2321 3969 bonitatem,
2350 3913 2401 3958 et
2427 3904 2771 3973 sapientiam,
2805 3914 2859 3957 et
2888 3902 3089 3956 similia
3108 3916 3270 3973 supra
3293 3902 3505 3956 bonita-

1910 3983 2017 4027 tem
2047 3983 2304 4042 creatam,
2334 3984 2386 4026 et
2422 3974 2764 4042 sapientiam,
2795 3984 2903 4028 etc.

1982 4042 2060 4113 (ι)
2082 4041 2294 4113 Uni/as.
2321 4043 2454 4109 Quia
2490 4041 2656 4096 unum
2709 4042 2872 4097 habet
2906 4041 3195 4113 irationem
3230 4041 3503 4109 principii,

1910 4120 1964 4168 et
1992 4110 2096 4165 non
2131 4112 2317 4179 divisi,
2349 4128 2411 4166 ac
2430 4113 2712 4182 simplicis,
2742 4112 3014 4182 signiﬁcat
3078 4110 3364 4181 Dionysius
3423 4113 3507 4165 iii-

1911 4182 2192 4236 dividuum
2233 4197 2295 4237 ac
2320 4184 2547 4249 simplex
2577 4184 2778 4237 divinas
2817 4192 3047 4247 naturae,
3087 4197 3252 4249 supra
3284 4197 3502 4237 omnem

1924 4252 2183 4333 unitatem
2218 4268 2281 4306 ac
2304 4252 2711 4323 simplicitatem
2742 4261 2797 4308 et
2826 4267 2949 4308 esse
2984 4250 3316 4321 principium
3341 4268 3504 4320 supra

1922 4336 2282 4390 principium,

1993 4391 2070 4460 (5)
2107 4391 2425 4459 Ine/j‘abilis.
2455 4392 2590 4459 Quia
2623 4408 2729 4448 non
2765 4391 3075 4446 nominatur
3120 4406 3147 4444 a
3197 4391 3508 4447 subatantia

1923 4475 2022 4514 sua
2049 4463 2341 4531 multarum
2373 4477 2586 4526 vocum,
2620 4464 2744 4531 quia
2774 4476 2803 4514 a
2836 4462 3211 4531 providentiis,
3245 4470 3295 4512 et
3328 4464 3505 4514 variis

1924 4529 2199 4584 beneﬁciis
2238 4530 2387 4585 varie
2410 4529 2742 4593 nominatur,
2777 4529 2847 4584 ut
2884 4532 3079 4592 bonus,
3139 4530 3337 4593 justus,
3396 4540 3507 4583 ctc.

2019 4599 2072 4667 6)
2101 4598 2392 4662 ignoratio.
2415 4600 2553 4665 Quia
2613 4602 2741 4668 quid
2791 4613 2893 4664 est,
2926 4615 2954 4651 a
2987 4599 3131 4651 nullo
3165 4599 3503 4668 intelligitur.

2022 4669 2073 4734 7)
2107 4668 2190 4721 Ex
2223 4671 2366 4723 omni
2393 4670 2734 4729 intellectilis.
2760 4669 2891 4735 Quia
2920 4668 3064 4736 quod
3093 4677 3197 4731 est,
3246 4684 3308 4722 cx
3333 4668 3512 4722 omni-

1851 4711 1894 4766 θ
1927 4711 2027 4791 ἰηιέ
2057 4711 2325 4793 creaturis
2384 4711 2509 4792 licet
2538 4711 2839 4807 intellige‘i'e
2868 4711 2951 4793 ettl
2983 4738 3131 4791 omni
3153 4711 3505 4802 ititellectilis,

1916 4807 2102 4863 Graece
2123 4818 2228 4874 est,
2270 4809 2592 4877 παννόητον,
2624 4824 2720 4877 pro
2749 4824 2855 4878 quo
2920 4809 3186 4875 interpres
3247 4807 3509 4878 Dionysii,

1917 4893 2079 4946 quem
2145 4879 2202 4932 S.
2240 4878 2479 4934 Thomas
2509 4880 2715 4943 habuit,
2746 4888 2802 4935 et
2831 4886 3051 4933 secutus
3075 4888 3179 4942 est,
3220 4880 3361 4933 male
3382 4879 3512 4947 legit

1919 4949 2273 5018 πινανόητον.

1995 5018 2072 5086 (8)
2103 5016 2323 5073 Positio.
2352 5018 2605 5077 Omnium
2630 5018 2854 5085 positio,
2871 5028 2926 5072 et
2955 5016 3178 5084 ablatio,
3218 5020 3340 5088 quia
3401 5018 3517 5088 ipse

1939 5091 2121 5142 omnia
2151 5090 2201 5141 iit
2223 5105 2403 5141 rerum
2440 5097 2630 5142 natura
2661 5088 2808 5152 facit,
2864 5097 2920 5143 et
2951 5088 3149 5142 aufert.

1998 5158 2076 5226 (Et)
2106 5160 2237 5223 Qua:
2260 5161 2429 5226 primo
2460 5169 2602 5212 sunt.
2640 5159 2695 5211 Id
2727 5169 2830 5223 est,
2887 5174 3008 5227 qua:
3070 5166 3197 5212 sunt
3250 5158 3521 5227 principia”

1928 5227 2179 5293 aliorum,
2217 5239 2272 5282 ut
2302 5228 2747 5297 participationes
2776 5229 3100 5298 simpliciter
3134 5238 3264 5283 sunt
3303 5229 3511 5295 princi-

1924 5300 2010 5367 pia
2070 5298 2534 5366 participantiutn,
2595 5308 2652 5350 ut
2709 5299 2813 5351 vita
2871 5299 3118 5353 absolute
3174 5300 3515 5357 considerata

1926 5366 2011 5423 est
2042 5369 2369 5436 principium
2405 5369 2639 5421 lormale
2666 5366 2965 5421 viventium
3030 5386 3043 5432 ;
3093 5370 3357 5437 sapientia
3421 5384 3515 5422 sa-

1926 5438 2211 5505 pientium,
2243 5449 2298 5494 et
2326 5437 2577 5493 similiter
2610 5438 2663 5491 in
2697 5437 2819 5492 aliis
2852 5447 2940 5502 ;et
2962 5439 3041 5490 lia:
3074 5440 3518 5506 participationes

1927 5517 2053 5562 Sunt
2082 5507 2302 5561 ell'ectus
2334 5507 2451 5573 Dei,
2477 5519 2531 5563 et
2561 5509 2679 5561 ideo
2708 5508 2824 5561 ista:
2858 5507 3310 5577 participatioues
3325 5517 3377 5563 et
3399 5524 3521 5576 qua:

1929 5587 2236 5646 suntsupra
2271 5579 2432 5646 ipsas,
2468 5593 2570 5631 non
2599 5588 2828 5646 possunt
2883 5578 3173 5631 convenire
3228 5592 3517 5641 creatur-ie,

1932 5658 1988 5701 ut
2028 5647 2315 5715 sapientia,
2346 5660 2397 5703 ct
2431 5662 2596 5716 supra
2624 5648 2965 5716 sapientiam,
2997 5663 3117 5717 quae
3178 5649 3519 5718 negationem

309 5786 404 5855 (α)
437 5784 583 5840 idem
641 5801 805 5859 supra
835 5789 1012 5844 omnia
1054 5789 1241 5845 eadem
1276 5799 1478 5847 creata.
1509 5790 1637 5847 Vide
1683 5791 2041 5862 proprietates
2068 5790 2331 5861 ejusdem,
2368 5798 2416 5847 et
2439 5789 2637 5845 diversi
2667 5804 2785 5860 cap.
2816 5787 2848 5843 9
2888 5787 2965 5844 De
3002 5788 3164 5845 divin.
3197 5791 3515 5845 nominibus.
