3980 6208
219 348 320 412 εξ)

885 353 1119 414 DECAS
1146 357 1300 415 VIII.
1345 381 1416 402 -—.
1445 355 1546 424 DE
1581 354 2034 417 INFINIII‘ATE‘
2063 357 2189 450 DEI
2232 359 2320 422 IN
2350 361 2808 428 CREATURIS.

3384 365 3500 430 922

219 472 368 526 runt,
399 462 540 528 quod
591 477 730 518 unus
755 463 898 519 Deus
919 476 1000 520 est
1016 465 1196 532 Pater,
1226 477 1277 520 et
1296 466 1555 534 Filius,_et
1572 467 1808 536 Spiritus
1834 471 1886 524 Α
1912 475 2004 521 aut
2031 469 2191 523 aliam
2223 473 2517 540 quamlibet
2543 484 2898 543 potestatem;
2919 477 3036 530 atsi
3065 478 3188 546 quis
3219 478 3386 534 Deum
3405 483 3489 536 di"

217 561 439 606 sanctus
465 572 478 616 ;
507 553 748 607 siautem
778 571 913 608 tttttts
937 555 1080 611 Deus
1107 567 1211 623 est,
1233 575 1296 610 ex
1325 575 1432 628 quo
1465 561 1668 623 omnia,
1701 575 1799 614 nec

215 643 366 696 estin
388 657 454 696 eo
469 642 771 709 sinistrum,
793 660 890 700 nec
906 647 1046 702 aliud
1062 649 1418 715 imminutum,
1445 665 1620 718 neque
1643 651 1799 716 quid-

217 748 378 800 quam
393 736 590 802 gradus
607 731 1258 805 iul’erioris‘,pr:nterquam
1273 755 1391 806 quae
1406 741 1472 794 ab
1488 742 1602 809 ipso
1618 751 1800 794 creata

215 832 347 875 sunt
369 841 382 876 :
403 839 521 894 qua:
541 835 714 879 autem
737 837 865 880 sunt
887 838 1006 894 post
1030 827 1241 886 Patrem
1268 841 1319 884 et
1340 830 1528 884 Filium
1548 842 1599 883 et
1629 829 1800 899 Spiri—

217 909 334 965 tum
359 927 625 979 sanctum,
654 927 846 972 cuncta
880 930 1005 982 sunt
1039 920 1259 988 pulchre
1276 932 1478 986 creata,
1496 932 1542 974 et
1564 922 1714 990 large
1731 922 1800 979 ab

219 1003 336 1068 ipso
373 1013 499 1057 sunt
529 1015 646 1071 post
680 1005 814 1060 bene
842 1009 1084 1076 proiecta,
1107 1013 1486 1066 etconstituta.
1511 1012 1717 1066 Rursus
1752 1028 1799 1066 t-

216 1091 342 1144 dem
361 1103 548 1146 contra
581 1094 828 1151 hmresim
850 1097 1232 1158 Marcosiornm
1255 1098 1395 1158 :‘ios
1417 1101 1583 1166 enim,
1604 1101 1797 1168 inquit,

213 1185 489 1242 credimUS
505 1188 742 1255 penitus,
759 1190 898 1246 sicut
918 1192 1113 1246 veritas
1143 1193 1400 1258 05tendit,
1424 1204 1478 1247 et
1501 1192 1808 1260 probabilis

216 1278 359 1327 ratio
371 1277 630 1346 suggerit,
651 1293 712 1333 ac
729 1295 850 1336 euut
874 1265 1050 1352 regula
1071 1283 1288 1348 pietatis
1304 1292 1590 1348 consonat,
1605 1292 1802 1337 etcum

212 1363 337 1432 lege
358 1374 415 1418 et
448 1367 742 1433 prophetis,
766 1377 814 1422 et
851 1385 975 1423 cum
1015 1371 1146 1439 ipsis
1191 1371 1260 1432 ah
1302 1371 1510 1440 origine
1568 1375 1800 1440 patriar—

214 1457 342 1510 citis
365 1456 552 1520 ordine
584 1458 914 1523 consecutis,
954 1469 1006 1512 et
1045 1476 1174 1514 eum.
1208 1461 1320 1530 ipsa
1365 1460 1664 1517 Salvatoris
1705 1463 1802 1518 do-

215 1549 424 1612 ctrina,
456 1559 508 1605 et
529 1550 896 1616 apestolornm
936 1551 1026 1624 qni
1058 1565 1160 1604 nos
1190 1562 1372 1619 aperte
1401 1555 1597 1608 docent
1630 1552 1798 1608 conti-

215 1651 264 1692 tc
274 1640 318 1691 ri
346 1654 523 1700 unum,
535 1638 749 1697 Patrem
768 1642 1140 1698 universorum
1157 1641 1483 1700 dominatum
1505 1651 1797 1708 tenentem,

212 1741 262 1786 et
312 1730 598 1784 Dominum
624 1730 804 1793 Jesutn
830 1731 1123 1796 Christum,
1160 1743 1207 1788 et
1241 1734 1358 1804 ejus
1385 1737 1654 1800 ζεειηοῑυιιι
1675 1735 1800 1804 Spi-

216 1825 410 1888 ritum,
450 1839 607 1881 uttatn
639 1837 886 1882 sanctam
907 1813 1231 1882 Trinitatem
1265 1841 1367 1879 non
1403 1835 1662 1891 creatam,
1687 1841 1806 1880 om-

215 1914 381 1978 nibus
415 1929 482 1975 ex
513 1916 678 1969 nihilo
717 1926 835 1985 post
869 1916 1078 1970 Patrem
1108 1925 1161 1970 et
1187 1913 1379 1972 Filium
1419 1927 1473 1971 et
1534 1916 1795 1987 Spiritum

215 2016 474 2064 sanctum
507 2006 687 2060 factis.
725 2007 920 2079 Quare.
970 2006 1025 2061 in
1086 2007 1154 2061 iis
1201 2021 1320 2074 quae
1373 2008 1516 2064 clare
1566 2009 1803 2066 confessi

218 2107 372 2161 ειιηι,
402 2108 459 2152 et
488 2099 835 2154 crediderunt
857 2113 1046 2154 omnes
1076 2099 1250 2163 sancti
1274 2099 1384 2165 jam
1415 2100 1572 2167 dicti,
1599 2111 1654 2154 et
1674 2116 1799 2167 pro-

220 2187 882 2258 pbetayetevangelistm,
917 2201 1076 2260 atque
1121 2190 1370 2260 apostoli,
1448 2207 1554 2248 non
1604 2192 1797 2260 poterit

221 2295 464 2346 uuquant
505 2280 606 2333 ulla
640 2281 801 2338 fallax
836 2284 1090 2353 cogitatio
1130 2294 1318 2342 contra
1336 2285 1542 2340 radium
1559 2283 1802 2338 veritatis

222 2372 494 2443 resistere.
515 2387 578 2426 ac
610 2387 930 2444 repugnare.
972 2374 1037 2429 Et
1065 2387 1286 2431 sanctus
1319 2391 1383 2429 ae
1414 2375 1630 2432 divinus
1657 2375 1793 2428 Ger—

224 2477 418 2517 manus
451 2462 504 2516 in
533 2465 870 2538 expositione
901 2463 1022 2518 fidei
1046 2466 1122 2518 ait
1144 2483 1160 2519 :
1182 2464 1284 2520 Sed
1310 2469 1584 2521 veneratio
1606 2474 1795 2521 nostra

221 2555 481 2612 etcultus
509 2556 678 2609 solam
704 2571 809 2610 non
841 2567 1102 2621 creatam,
1127 2566 1182 2611 et
1237 2559 1290 2612 in
1366 2560 1633 2618 inlittittmt
1701 2573 1799 2626 po-

238 2656 445 2701 tentem
469 2661 630 2716 supra
651 2660 811 2715 quam
835 2647 1248 2716 principialent;
1277 2658 1328 2703 et
1346 2665 1506 2717 supra
1525 2664 1684 2718 quam
1705 2649 1812 2704 bno.

224 2754 375 2804 nam,
412 2739 535 2792 vitae
559 2739 875 2807 principem,
900 2748 953 2792 ct
981 2754 1140 2807 supra
1161 2742 1517 2794 substantiam
1556 2750 1810 2796 sanctam.

223 2830 582 2896 Trinitatem,
604 2844 762 2890 unam
786 2828 1117 2886 divinitatem
1177 2841 1238 2883 et-
1265 2838 1580 2898 potestatem
1641 2831 1808 2886 corde

224 2939 332 2991 non
359 2921 640 2977 dubitante
675 2929 729 2974 et
758 2937 852 2980 ore
880 2921 1168 2976 confitetur
1191 2941 1205 2985 ;
1225 2922 1348 2976 huic
1367 2924 1508 2977 enim
1542 2923 1641 2994 soli
1684 2922 1802 2976 cul—

224 3028 341 3068 tum
366 3013 890 3082 tribuere°oportet.
951 3014 1017 3073 Et
1078 3023 1296 3073 sanctus
1343 3012 1616 3083 Cyrillus:
1672 3013 1800 3068 Sive

1909 571 2017 624 cat,
2055 563 2333 629 abrogarit
2365 566 2578 620 divinas
2633 581 2815 632 voces,
2845 583 2963 637 qtttr
2991 569 3154 623 elare‘
3185 570 3419 626 clamant
3468 588 3484 624 :

1911 650 2022 718 Ego
2056 652 2194 706 Deus
2223 656 2442 721 primus,
2465 667 2515 711 et
2543 676 2635 728 ego
2662 671 2778 726 post
2808 661 2939 722 hac,
2965 670 3014 714 et
3037 671 3227 727 prater
3247 679 3327 716 nte
3375 681 3480 717 non

1899 752 1974 795 est
2005 743 2142 796 Deus
2167 747 2233 799 τ’.
2267 747 2360 802 Sin
2389 764 2518 803 vero
2541 767 2645 804 non
2673 752 2823 805 dicat
2845 752 3052 818 Deum,‘
3083 754 3229 808 dicet
3277 756 3491 809 scilicet

1899 835 2136 902 angelos,
2167 839 2250 892 vel
2282 850 2593 916 potestates,
2619 854 2675 895 at
2705 845 2783 898 sic
2799 845 2962 897 etiam
3018 845 3347 912 improhabit
3403 846 3490 900 dio

1897 920 2052 980 vinas
2083 929 2408 996 Scripturas,
2440 948 2559 1002 qua:
2590 934 2776 989 dicunt
2796 948 2823 986 a
2859 935 2964 988 Deo
2996 935 3162 990 tactas
3182 951 3300 992 esse
3338 939 3435 992 has
3467 954 3484 993 :

1899 1014 2138 1072 Laudate
2162 1036 2300 1084 eum,
2329 1038 2505 1076 omnes
2532 1025 2701 1092 angeli
2717 1025 2864 1093 ejus;
2902 1025 3116 1079 laudate
3144 1043 3256 1080 eum
3309 1043 3485 1081 omnes

1897 1115 2176 1171 potestates
2193 1107 2306 1173 ejus
2333 1109 2400 1162 ⁸ο.
2429 1109 2502 1162 Ex
2541 1113 2622 1165 bis
2649 1126 2897 1180 apertum
2956 1117 3034 1179 lit,
3055 1116 3196 1183 quod
3221 1115 3365 1168 inter
3384 1131 3482 1167 na-

1901 1209 2074 1254 turam
2120 1197 2210 1254 Dei
2261 1199 2313 1252 in
2373 1199 2546 1254 tribus
2588 1203 2852 1268 personis,
2912 1213 2964 1256 et
3001 1205 3154 1258 abeo
3179 1213 3362 1259 creata
3402 1205 3485 1258 ni"

1857 1314 1870 1326 υ
1901 1291 1972 1356 ltil
1999 1291 2144 1350 aliud
2174 1291 2466 1359 quidquam
2522 1292 2734 1359 penitus
2793 1295 3101 1363 reperitur;
3151 1297 3330 1349 omnia
3388 1311 3487 1349 au-

1899 1391 2005 1437 tem
2035 1394 2154 1450 post
2173 1381 2410 1436 divinam
2438 1392 2682 1436 naturam
2714 1392 2769 1436 et
2799 1385 3152 1439 substantiam
3171 1395 3296 1440 sunt
3317 1401 3486 1453 gene-

1899 1485 2016 1529 rata
2046 1484 2102 1528 et
2125 1483 2327 1540 creata,
2361 1475 2564 1530 idcirco
2594 1475 2734 1534 nihil,
2776 1489 2963 1529 eorum
3011 1491 3134 1544 qua:
3193 1483 3342 1540 sunt,
3397 1485 3486 1530 est
3557 1536 3570 1542 _

1899 1583 2006 1623 non
2066 1579 2306 1622 creatum
2338 1577 2394 1622 et
2417 1568 2697 1634 infectum,
2728 1568 2828 1622 nisi
2855 1567 3016 1624 solus.
3046 1569 3186 1624 Deus
3226 1571 3339 1622 haec
3391 1583 3488 1623 stt-

1898 1675 1992 1732 pra
2028 1658 2387 1713 substantiam
2417 1658 2676 1713 Trinitas.
2701 1659 2984 1712 Manifesta
3029 1659 3196 1713 etiam
3240 1667 3326 1714 est
3387 1660 3486 1712 tibi

1907 1751 2068 1818 hujus
2093 1749 2600 1818 deoadisexpositio.
2645 1750 2978 1805 materiaria.
2996 1749 3238 1804 Primum
3263 1750 3486 1818 quidem

1905 1840 2078 1912 ponit,
2110 1840 2242 1894 nihil
2267 1854 2456 1895 eorum
2482 1855 2606 1910 quae
2654 1850 2800 1906 sunt,
2831 1854 2951 1897 esse
2983 1842 3102 1894 sine
3152 1855 3334 1906 causa,
3387 1842 3484 1896 sed

1913 1933 2088 1987 solum
2131 1931 2294 1986 Deum
2331 1931 2459 1995 ;hic
2489 1931 2653 1998 igitur
2705 1931 2793 1998 qui
2851 1946 3070 1985 causam
3134 1945 3239 1984 non
3293 1931 3513 2010 habet,’

1902 2038 2064 2078 causa
2095 2024 2333 2080 omnium
2362 2033 2470 2090 est,
2500 2025 2592 2092 qui
2624 2039 2687 2077 ex
2715 2024 2889 2078 nihilo
2920 2031 3227 2080 creaturam
3281 2026 3481 2092 prodit-

1902 2114 1976 2169 cit
2014 2113 2256 2179 ;idcirco
2289 2113 2421 2167 nihil
2455 2128 2645 2168 eorum
2678 2129 2797 2181 quae
2821 2122 2972 2178 sunt,
3017 2123 3101 2168 est
3159 2123 3486 2168 comternum

1867 2205 2131 2270 .auctori,
2161 2205 2290 2273 quin
2315 2204 2496 2271 potius
2530 2205 2614 2258 vel
2659 2221 2722 2258 ex
2751 2205 3019 2273 principio
3075 2207 3353 2272 temporis,
3405 2205 3488 2259 vel

1904 2311 2006 2348 non
2034 2311 2098 2348 ex
2113 2295 2381 2363 principio
2416 2296 2693 2364 temporis,
2725 2296 2818 2349 sed
2846 2311 2915 2348 ex.
2945 2298 3208 2364 principio
3240 2297 3337 2350 α’νί
3365 2305 3442 2348 est
3471 2315 3486 2361 ;

1901 2385 1968 2437 ah
1992 2385 2072 2437 bis
2087 2385 2231 2439 enim
2257 2385 2514 2452 operibus
2537 2401 2655 2453 quae
2677 2395 2891 2439 suntex
2913 2387 3176 2454 principio
3202 2387 3487 2452 temporis,

1902 2475 2192 2544 requiescit
2213 2487 2266 2529 et
2290 2476 2586 2529 Sahhatum
2626 2478 2736 2546 agit
2767 2476 2905 2531 Deus
2938 2496 2950 2541 ;
2983 2480 3050 2530 ab
3071 2477 3322 2545 operibus
3365 2463 3491 2528 vitro

1900 2578 2018 2632 quae
2043 2579 2107 2617 ex
2130 2564 2400 2631 principio
2420 2566 2518 2617 εθνί
2553 2575 2699 2630 sunt,
2752 2580 2857 2618 non
2893 2566 3208 2633 requiescit,
3243 2574 3298 2618 et
3354 2564 3492 2618 Sab-

1899 2655 2085 2708 hatum
2113 2657 2256 2722 agit;
2290 2663 2342 2708 et
2366 2654 2507 2722 quod
2533 2652 2674 2708 Deus
2708 2655 2980 2708 imlividtte
3027 2671 3090 2708 ev
3111 2670 3170 2708 se
3195 2658 3320 2720 ipso
3337 2667 3494 2722 egre-

1904 2746 2082 2810 diens,
2113 2760 2216 2800 una
2263 2753 2530 2810 potestate
2555 2745 2736 2797 omnia
2761 2746 3034 2812 producit,
3069 2744 3123 2796 in
3162 2745 3306 2796 ttttllo
3348 2758 3487 2810 quo-

1901 2837 2040 2906 piam
2073 2846 2292 2906 propter
2316 2839 2428 2891 hme
2458 2838 2682 2903 divisus,
2732 2852 2920 2906 neque
2958 2837 3081 2905 quia
3149 2835 3496 2905 producendo

1898 2927 2099 2993 omnia,
2127 2929 2306 2981 omnia
2341 2928 2419 2994 tit,
2443 2929 2668 2996 idcirco}
2695 2927 2896 2996 aliquid
2937 2941 3120 2981 eorum
3179 2941 3296 2991 quae
3317 2925 3384 2978 ab
3416 2925 3501 2993 ip-

1903 3034 1967 3076 so
1991 3021 2126 3075 fiunt
2166 3029 2263 3074 aut
2294 3031 2549 3088 aguntur,
2576 3028 2661 3072 est
2693 3034 2800 3072 non
2827 3027 3077 3074 creatum
3103 3033 3117 3069 :
3155 3032 3327 3085 neque
3368 3030 3496 3084 pos-

223 3104 374 3176 quiS.
407 3103 604 3172 inquit,
626 3105 869 3174 angelos,
894 3105 1006 3159 sive
1057 3104 1260 3172 aliquid
1311 3106 1648 3172 superiorum
1713 3119 1806 3160 οι·-
1833 3106 1878 3167 c
1909 3123 2036 3169 sunt
2060 3112 2237 3175 aliqua
2263 3113 2391 3174 duo,
2426 3118 2519 3164 aut
2547 3109 2985 3174 multitudo-post
3009 3108 3137 3172 duo,
3200 3115 3292 3158 attt
3345 3106 3494 3159 aliud

225 3196 438 3259 tlinum,
479 3205 533 3248 et
566 3195 748 3250 omnia
771 3195 1086 3254 intermetlia
1110 3206 1523 3264 praetergressus
1563 3195 1632 3249 ad
1666 3197 1811 3263 ipsos

231 3287 568 3354 Seraphinos
590 3294 697 3352 eat,
718 3297 769 3341 et
786 3301 1072 3357 stt-premas
1089 3287 1294 3354 glorias
1307 3287 1670 3356 aggrediatur,
1715 3301 1813 3340 nas

234 3389 408 3436 turam
458 3393 565 3432 non
612 3380 974 3445 transcendet,
1033 3380 1116 3434 vel
1143 3379 1295 3434 enim.
1321 3378 1807 3449 aliquidauperne,

235 3471 337 3521 lmc
368 3477 474 3533 est,
506 3484 568 3522 ev
597 3468 754 3523 Patre
785 3471 1065 3534 luminum,
1090 3480 1143 3523 et
1202 3471 1404 3524 itlcirco
1456 3469 1599 3522 Deus
1657 3485 1672 3521 :
1725 3468 1808 3522 vel

229 3557 373 3612 intra
399 3558 958 3629 aliquidintelligitur,
992 3568 1047 3612 ct
1069 3559 1302 3622 inl‘erne,
1335 3559 1434 3613 hoc
1464 3566 1547 3612 est
1589 3565 1806 3611 creatu-

232 3663 319 3712 ra,
343 3657 400 3701 et
428 3665 491 3702 ex
523 3659 767 3703 creatura
800 3669 814 3713 ;
852 3649 1196 3718 interjecttttn
1227 3664 1357 3706 vero
1381 3647 1512 3703 nihil
1565 3646 1818 3702 funditus

232 3748 344 3802 est.
368 3741 435 3793 Et
466 3741 656 3798 iterum
683 3741 871 3794 idem:
907 3741 1056 3806 Quod
1085 3741 1226 3796 enim
1257 3749 1342 3794 est
1382 3741 1636 3808 opinione
1694 3738 1816 3792 illo-.

235 3845 358 3886 rum
383 3845 557 3898 neque
581 3845 710 3896 pure
731 3827 890 3894 Deus,
922 3845 1096 3898 neque
1115 3839 1301 3898 aperte
1357 3836 1629 3891 creatura,
1650 3841 1810 3895 quem

234 3925 413 3974 locum
446 3922 585 3992 apud
609 3923 752 3991 ipsos
777 3923 992 3990 recipiet
1017 3923 1067 3976 itt
1095 3923 1156 3974 iis
1178 3937 1298 3992 qua:
1348 3921 1498 3975 sunt?
1554 3919 1663 3990 Ego
1714 3933 1810 3972 ne-

235 4029 345 4084 que
377 4015 430 4066 in
452 4014 566 4070 sola
589 4014 912 4082 cogitatione
969 4015 1206 4081 recipere
1258 4014 1517 4076 dicerem,
1564 4013 1814 4080 quamvis

237 4109 440 4177 eligere
470 4109 642 4161 solum
683 4123 926 4175 pnssentK
949 4109 1014 4160 Et
1064 4105 1309 4160 Justinus
1364 4105 1716 4174 philosophus
1768 4112 1824 4158 et

241 4209 450 4270 martyr
480 4219 492 4253 :
526 4201 731 4253 Etenim
762 4201 804 4252 si
827 4200 952 4269 quid
980 4183 1246 4267 principio
1271 4206 1422 4250 extra
1457 4196 1623 4258 Deum
1675 4203 1814 4262 erat,

244 4291 466 4350 omnino
490 4290 856 4349 necessarium
896 4298 980 4343 est
1022 4285 1271 4342 conﬁteri
1323 4287 1425 4341 hoc
1483 4293 1576 4339 aut
1624 4284 1816 4352 Deum,

313 4470 359 4504 ⁷³
380 4469 484 4522 Isa.
516 4485 664 4534 κων,
695 4472 748 4526 6.
827 4469 871 4501 ⁸ο
893 4468 1034 4526 Psal.
1065 4483 1290 4534 cxtvm,
1311 4467 1368 4532 2,.

1917 3203 2045 3272 quid
2077 3201 2374 3255 secundum
2407 3200 2656 3267 superius
2677 3209 2731 3252 et
2762 3196 2990 3251 inferius
3017 3195 3365 3264 progrediens
3407 3209 3498 3249 es-

1915 3307 1975 3347 se
1994 3291 2290 3357 infinitum,
2319 3298 2374 3345 et
2391 3290 2507 3344 sine
2532 3290 2798 3357 principio
2820 3304 2835 3342 :
2855 3289 2947 3341 sed
2965 3301 3131 3340 unum
3151 3286 3346 3349 solum,
3393 3287 3502 3340 hoc

1915 3393 2000 3440 est
2027 3383 2189 3447 Deus,
2211 3381 2694 3449 incomprehensus
2721 3387 2824 3444 est,
2849 3389 2908 3440 et
2927 3377 3357 3445 inaspectahilis,
3387 3385 3490 3428 eta

1914 3475 2208 3532 contrariis
2237 3474 2384 3529 solus
2417 3475 2531 3542 ipse
2555 3472 2900 3535 nominatur;
2923 3471 3016 3524 sed
3067 3469 3361 3524 secundum
3403 3483 3494 3523 cs-

1912 3567 2144 3621 sentiam
2206 3579 2356 3618 suam
2386 3576 2603 3630 prorsus
2625 3569 2774 3615 caret
2804 3560 3043 3625 nomine,
3072 3559 3195 3627 quia
3215 3557 3362 3611 solus
3409 3565 3496 3612 est

1919 3671 2025 3710 non
2057 3663 2274 3708 creatus
2299 3660 2354 3708 et
2386 3653 2657 3720 ingenitus
2683 3669 2696 3715 ;
2719 3651 3102 3704 omnia-autem
3151 3658 3273 3718 post
3338 3660 3497 3702 natu-

1915 3761 2030 3804 ram
2068 3745 2303 3799 divinam
2336 3754 2463 3798 sttnt
2487 3751 2691 3805 creata,
2715 3741 2841 3808 quia
2897 3741 3038 3794 inter
3079 3741 3256 3809 ipsum
3305 3740 3495 3802 Deum,

1914 3845 1970 3887 et
2004 3842 2288 3888 creaturas
2314 3845 2488 3898 neque
2515 3830 2808 3900 quidquam
2837 3837 2940 3893 est,
3011 3843 3183 3896 neque
3223 3829 3499 3896 cogitatur

1914 3939 2168 3993 tanquam
2222 3921 2455 3978 essentia
2502 3921 2789 3992 quaspiam.
2849 3918 3138 3986 Diligenter
3176 3917 3338 3984 igitur
3383 3931 3499 3968 nta-

1927 4017 2064 4072 teria
2092 4013 2249 4083 hujus
2269 4014 2488 4068 decatlis
2514 4028 2540 4062 a
2580 4010 2841 4076 theologis
2876 4010 3146 4076 exposita,
3183 4023 3305 4066 cutn
3361 4007 3498 4059 alio-

1926 4110 2016 4178 qui
2055 4107 2228 4176 ipsius
2259 4105 2350 4160 Dei
2395 4104 2715 4159 iutiuitateut
2774 4115 3108 4186 cognoscere
3162 4113 3268 4153 non
3309 4098 3500 4168 possi-

1905 4214 2046 4254 ‘tnus
2079 4199 2180 4270 (l).

1729 4585 1974 4647 Scholia
1987 4631 2001 4646 .

315 4691 397 4761 (l)
438 4691 515 4745 Ad
547 4707 609 4746 ea
637 4692 833 4762 qttzein
867 4694 968 4747 hoc
1001 4704 1248 4752 extremo
1297 4691 1475 4756 capite
1527 4707 1594 4746 ex
1649 4691 1824 4762 variis,
1857 4695 1898 4747 ι)
1929 4688 1991 4762 s_i_
2016 4695 2174 4739 natus
2221 4688 2564 4762 nountnissct
2601 4688 2760 4748 homo
2815 4685 2902 4762 ille
2937 4683 3153 4749 (Matth.
3187 4698 3332 4762 x_xvt,
3385 4680 3502 4762 at)z

242 4758 503 4823 Patrtbus
533 4763 597 4815 de
617 4758 853 4831 ingenito
873 4774 1053 4816 notata
1077 4773 1220 4826 sunt,
1245 4762 1458 4831 adjungi
1484 4773 1661 4828 powst
1681 4758 1824 4831 quod

245 4844 471 4883 saueius
507 4830 928 4900 Cnrysostmntts
959 4833 1194 4899 scripsit,
1221 4830 1490 4885 disSerens
1515 4831 1581 4900 de
1625 4830 1830 4900 ingenia

250 4914 303 4954 to
329 4909 519 4952 contra
557 4899 842 4962 haereticos
870 4904 922 4954 itt
950 4903 1164 4960 ltotnilia
1200 4904 1250 4952 in
1285 4902 1410 4952 illud
1445 4919 1457 4952 :
1509 4899 1562 4953 ltt
1629 4899 1828 4962 princi-

247 4971 337 5032 pio
361 4980 479 5022 erat
502 4968 731 5024 Verhutu
766 4969 944 5036 (Joan.
992 4988 1027 5035 t,
1067 4973 1138 5036 l),
1175 4977 1228 5022 et
1255 4985 1271 5022 :
1299 4969 1533 5037 Spiritus
1553 4977 1829 5022 scmtatnr

252 5037 525 5105 profunda
565 5040 653 5093 Dei
689 5041 730 5106 (Ι
759 5041 890 5094 Cor.
931 5057 989 5104 tt,
1021 5042 1145 5107 10):
1181 5040 1258 5093 Ne
1285 5039 1584 5104 existimes,
1619 5037 1818 5107 inquit,

253 5109 532 5179 tireretiee,
560 5125 808 5178 maguum
845 5112 971 5179 quid
1010 5119 1059 5163 te
1091 5106 1329 5179 tribuere
1366 5107 1534 5176 l‘atri,
1559 5123 1694 5160 cum.
1734 5106 1818 5162 di~

252 5178 335 5229 cis
367 5191 490 5228 esse
518 5179 813 5246 ingenitum
844 5178 1011 5246 ;'qttia
1054 5179 1214 5232 multa
1236 5178 1338 5229 alia
1366 5187 1488 5248 qua:
1519 5192 1622 5248 non
1677 5187 1808 5248 sunt

254 5257 532 5313 generata,
568 5245 821 5302 dicuntur
857 5245 1091 5314 ingenita
1135 5267 1147 5311 ;
1185 5245 1574 5300 άίοἱιιιΓΑιΙληι
1600 5245 1816 5311 ingeni—

256 5329 366 5379 tus,
392 5314 513 5381 quia
552 5331 657 5370 non
688 5319 788 5370 l'ttit
811 5319 1043 5385 genitus,
1073 5320 1164 5370 sed
1192 5317 1487 5380 formatus;
1516 5315 1715 5369 dicitur
1760 5329 1820 5368 e-

259 5386 386 5436 tiam
424 5384 897 5455 hutttoingcnittts,
924 5405 1023 5439 non
1061 5395 1366 5457 generatus,
1397 5401 1570 5457 neque
1615 5385 1820 5457 Ῑυιηιιειτ

257 5464 367 5520 tus,
394 5463 450 5514 ut
475 5471 593 5510 sunt
631 5453 890 5518 Dominus
924 5453 1148 5530 tlixitdc
1175 5455 1313 5526 Juda
1347 5474 1361 5510 :
1397 5453 1598 5510 Bonum
1625 5463 1739 5508 erat
1769 5454 1817 5508 ei

1951 4758 2011 4813 Et
2040 4759 2312 4824 quomodo
2332 4756 2404 4810 illi
2427 4758 2619 4811 melius
2647 4766 2786 4817 erat,
2816 4757 2862 4806 si
2893 4765 3048 4810 natus
3073 4768 3176 4806 non
3211 4749 3505 4824 Ittisset?_ei

1935 4820 2078 4878 cuitu
2113 4826 2204 4892 qui
2242 4842 2344 4877 nun
2382 4838 2484 4890 est,
2527 4826 2660 4880 nihil
2693 4824 2970 4889 conducit,
3011 4838 3184 4889 neque
3216 4831 3396 4892 nocet.
3433 4820 3502 4872 Et

1935 4891 2193 4948 Salomtm
2229 4895 2446 4947 beatum
2476 4897 2728 4962 praedicat
2755 4895 2986 4961 eumqui
3020 4909 3124 4946 non
3158 4902 3240 4945 est
3265 4891 3503 4957 genitus,

1930 4968 2010 5017 sic
2047 4962 2192 5016 enim
2221 4963 2298 5017 ait
2327 4981 2340 5016 :
2373 4963 2571 5035 Beatus
2603 4964 2694 5027 qtti
2733 4975 2980 5016 mortuus
3009 4973 3114 5035 est,
3151 4963 3502 5035 ntagisqttatn

1925 5037 2140 5100 vivens,
2168 5044 2222 5103 et
2251 5049 2410 5101 supra
2435 5033 2570 5087 duos
2589 5037 2678 5103 qui
2705 5050 2807 5087 nun
2832 5045 2915 5086 est
2946 5027 3500 5103 gettittt_;.(Eccle,-t_v,

1922 5103 1977 5170 2)
2012 5122 2025 5156 :
2058 5096 2201 5157 Etsi
2229 5096 2332 5156 non
2363 5096 2692 5171 estlgettitits,
2721 5096 2991 5165 quomodo
3017 5112 3098 5154 est
3122 5096 3346 5152 beatus?
3383 5096 3514 5147 Vide

1925 5175 2146 5226 ttontitta
2176 5184 2382 5242 natura}
2419 5173 2694 5242 ingenitae.
2719 5171 2864 5224 Dixit
2896 5173 3170 5242 ltntnittetn
3202 5182 3375 5234 neque
3419 5180 3514 5242 ge-

1925 5243 2123 5312 ttituut,
2154 5257 2327 5311 neque
2352 5234 2638 5296 Iorniattttn
2670 5243 2896 5300 beattttn
2919 5257 2932 5305 ;
2955 5237 3306 5312 qttatttobretn
3334 5234 3517 5312 appel-

1922 5313 2053 5365 latio
2089 5308 2310 5378 Illgelllli
2342 5328 2448 5364 non
2489 5315 2879 5378 interpretatur
2938 5323 3188 5361 natnratn
3247 5308 3512 5378 divinant,

1921 5398 2042 5445 nec,
2080 5376 2228 5436 nt‘tu
2261 5382 2363 5444 ais,
2397 5376 2750 5436 substantiam
2787 5380 3089 5444 significat;
3120 5392 3222 5430 nec
3253 5376 3513 5429 honorem

1919 5453 2076 5505 atl'et't
2097 5449 2265 5504 Patri.
2292 5449 2559 5508 liuetcuus
2593 5452 3034 5520 Chrysoswtnus.
3483 5453 3488 5456 ’
