  <div class='ocr_page' id='page_1' title='image "/cluster/home/n/w/nwhite01/storage/ocr_20150623/152/hvd.32044073502635/473.png"; bbox 0 0 3980 6208; ppageno 0'>
   <div class='ocr_carea' id='block_1_1' title="bbox 1647 233 3211 333">
    <p class='ocr_par' dir='ltr' id='par_1_1' title="bbox 1647 233 3211 333">
     <span class='ocr_line' id='line_1_1' title="bbox 1647 233 3211 333; baseline -0.012 -10"><span class='ocrx_word' id='word_1_1' title='bbox 1647 261 1971 323; x_wconf 77' lang='lat' dir='ltr'><strong><em>IOANNIS</em></strong></span> <span class='ocrx_word' id='word_1_2' title='bbox 1998 252 2556 321; x_wconf 63' lang='lat' dir='ltr'><strong><em>CYPABISSIOTE</em></strong></span> <span class='ocrx_word' id='word_1_3' title='bbox 3009 258 3022 265; x_wconf 92' lang='grc'><strong>·</strong></span> <span class='ocrx_word' id='word_1_4' title='bbox 3058 258 3097 308; x_wconf 64' lang='grc' dir='ltr'><strong>ιτ</strong></span> <span class='ocrx_word' id='word_1_5' title='bbox 3138 233 3211 333; x_wconf 42' lang='lat' dir='ltr'><strong><em>ff</em></strong></span> 
     </span>
    </p>
   </div>
   <div class='ocr_carea' id='block_1_2' title="bbox 3594 251 3697 317">
    <p class='ocr_par' dir='ltr' id='par_1_2' title="bbox 3594 251 3697 317">
     <span class='ocr_line' id='line_1_2' title="bbox 3594 251 3697 317; baseline 0.019 -2"><span class='ocrx_word' id='word_1_6' title='bbox 3594 251 3697 317; x_wconf 62' lang='grc'><strong><em>928</em></strong></span> 
     </span>
    </p>
   </div>
   <div class='ocr_carea' id='block_1_3' title="bbox 1255 516 2964 587">
    <p class='ocr_par' dir='ltr' id='par_1_3' title="bbox 1255 516 2964 587">
     <span class='ocr_line' id='line_1_3' title="bbox 1255 516 2964 587; baseline -0.003 -1"><span class='ocrx_word' id='word_1_7' title='bbox 1255 520 1503 586; x_wconf 76' lang='lat' dir='ltr'><strong><em>DECAS</em></strong></span> <span class='ocrx_word' id='word_1_8' title='bbox 1540 522 1782 584; x_wconf 84' lang='lat' dir='ltr'><strong>NONA.</strong></span> <span class='ocrx_word' id='word_1_9' title='bbox 1821 557 1893 567; x_wconf 95' lang='lat'>—</span> <span class='ocrx_word' id='word_1_10' title='bbox 1930 523 2043 585; x_wconf 86' lang='lat' dir='ltr'><strong><em>DE</em></strong></span> <span class='ocrx_word' id='word_1_11' title='bbox 2103 522 2611 587; x_wconf 79' lang='lat' dir='ltr'><strong><em>INFINITATE</em></strong></span> <span class='ocrx_word' id='word_1_12' title='bbox 2639 520 2742 583; x_wconf 87' lang='lat' dir='ltr'><strong><em>IN</em></strong></span> <span class='ocrx_word' id='word_1_13' title='bbox 2766 516 2964 581; x_wconf 74' lang='grc' dir='ltr'><strong><em>ΠΕΟ.</em></strong></span> 
     </span>
    </p>
   </div>
   <div class='ocr_carea' id='block_1_4' title="bbox 1123 662 1438 718">
    <p class='ocr_par' dir='ltr' id='par_1_4' title="bbox 1123 662 1438 718">
     <span class='ocr_line' id='line_1_4' title="bbox 1123 662 1438 718; baseline 0.003 -1"><span class='ocrx_word' id='word_1_14' title='bbox 1123 662 1354 718; x_wconf 78' lang='lat' dir='ltr'><strong><em>CAPUT</em></strong></span> <span class='ocrx_word' id='word_1_15' title='bbox 1397 663 1438 718; x_wconf 92' lang='lat' dir='ltr'><strong><em>l.</em></strong></span> 
     </span>
    </p>
   </div>
   <div class='ocr_carea' id='block_1_5' title="bbox 502 754 2067 826">
    <p class='ocr_par' dir='ltr' id='par_1_5' title="bbox 502 754 2067 826">
     <span class='ocr_line' id='line_1_5' title="bbox 502 754 2067 826; baseline -0.002 -13"><span class='ocrx_word' id='word_1_16' title='bbox 502 759 654 826; x_wconf 82' lang='lat' dir='ltr'><strong><em>Quod</em></strong></span> <span class='ocrx_word' id='word_1_17' title='bbox 693 758 749 812; x_wconf 85' lang='lat' dir='ltr'><strong><em>in</em></strong></span> <span class='ocrx_word' id='word_1_18' title='bbox 781 756 911 817; x_wconf 82' lang='lat' dir='ltr'><strong><em>Deo.</em></strong></span> <span class='ocrx_word' id='word_1_19' title='bbox 943 757 1045 826; x_wconf 66' lang='lat' dir='ltr'><strong><em>qui</em></strong></span> <span class='ocrx_word' id='word_1_20' title='bbox 1086 767 1160 809; x_wconf 72' lang='lat' dir='ltr'><strong><em>est</em></strong></span> <span class='ocrx_word' id='word_1_21' title='bbox 1209 772 1371 822; x_wconf 81' lang='lat' dir='ltr'><strong><em>supra</em></strong></span> <span class='ocrx_word' id='word_1_22' title='bbox 1424 754 1779 809; x_wconf 71' lang='lat' dir='ltr'><strong><em>substantiam</em></strong></span> <span class='ocrx_word' id='word_1_23' title='bbox 1802 772 1957 826; x_wconf 13' lang='lat' dir='ltr'><strong><em>,Vttou</em></strong></span> <span class='ocrx_word' id='word_1_24' title='bbox 1990 766 2067 810; x_wconf 79' lang='lat' dir='ltr'><strong><em>ost</em></strong></span> 
     </span>
    </p>
   </div>
   <div class='ocr_carea' id='block_1_6' title="bbox 566 824 2067 895">
    <p class='ocr_par' dir='ltr' id='par_1_6' title="bbox 566 824 2067 895">
     <span class='ocr_line' id='line_1_6' title="bbox 566 824 2067 895; baseline -0.002 -15"><span class='ocrx_word' id='word_1_25' title='bbox 566 828 851 895; x_wconf 76' lang='lat' dir='ltr'><strong><em>quidquam</em></strong></span> <span class='ocrx_word' id='word_1_26' title='bbox 899 824 1047 895; x_wconf 63' lang='lat' dir='ltr'><strong><em>aliud</em></strong></span> <span class='ocrx_word' id='word_1_27' title='bbox 1111 841 1213 877; x_wconf 78' lang='lat' dir='ltr'><strong><em>non</em></strong></span> <span class='ocrx_word' id='word_1_28' title='bbox 1261 836 1496 877; x_wconf 80' lang='lat' dir='ltr'><strong><em>creatum</em></strong></span> <span class='ocrx_word' id='word_1_29' title='bbox 1575 834 1770 892; x_wconf 76' lang='lat' dir='ltr'><strong><em>prwter</em></strong></span> <span class='ocrx_word' id='word_1_30' title='bbox 1818 825 2067 891; x_wconf 82' lang='lat' dir='ltr'><strong><em>Patrem,</em></strong></span> 
     </span>
    </p>
   </div>
   <div class='ocr_carea' id='block_1_7' title="bbox 575 892 2071 959">
    <p class='ocr_par' dir='ltr' id='par_1_7' title="bbox 575 892 2071 959">
     <span class='ocr_line' id='line_1_7' title="bbox 575 892 2071 959; baseline -0.002 -11"><span class='ocrx_word' id='word_1_31' title='bbox 575 892 794 955; x_wconf 75' lang='lat' dir='ltr'><strong><em>Filium,</em></strong></span> <span class='ocrx_word' id='word_1_32' title='bbox 827 904 874 947; x_wconf 85' lang='lat' dir='ltr'><strong><em>et</em></strong></span> <span class='ocrx_word' id='word_1_33' title='bbox 907 892 1157 959; x_wconf 80' lang='lat' dir='ltr'><strong><em>Spiritum</em></strong></span> <span class='ocrx_word' id='word_1_34' title='bbox 1192 906 1427 945; x_wconf 84' lang='lat' dir='ltr'><strong><em>sanctum</em></strong></span> <span class='ocrx_word' id='word_1_35' title='bbox 1474 894 1631 946; x_wconf 83' lang='lat' dir='ltr'><strong><em>unius</em></strong></span> <span class='ocrx_word' id='word_1_36' title='bbox 1675 902 1724 946; x_wconf 85' lang='lat' dir='ltr'><strong><em>et</em></strong></span> <span class='ocrx_word' id='word_1_37' title='bbox 1772 895 1936 947; x_wconf 76' lang='lat' dir='ltr'><strong><em>solius</em></strong></span> <span class='ocrx_word' id='word_1_38' title='bbox 1973 911 2071 947; x_wconf 83' lang='lat' dir='ltr'><strong><em>na-</em></strong></span> 
     </span>
    </p>
   </div>
   <div class='ocr_carea' id='block_1_8' title="bbox 570 962 2073 1030">
    <p class='ocr_par' dir='ltr' id='par_1_8' title="bbox 570 962 2073 1030">
     <span class='ocr_line' id='line_1_8' title="bbox 570 962 2073 1030; baseline 0.001 -14"><span class='ocrx_word' id='word_1_39' title='bbox 570 978 703 1018; x_wconf 73' lang='lat' dir='ltr'><strong><em>tura:</em></strong></span> <span class='ocrx_word' id='word_1_40' title='bbox 737 980 839 1017; x_wconf 86' lang='lat' dir='ltr'><strong><em>non</em></strong></span> <span class='ocrx_word' id='word_1_41' title='bbox 870 970 1079 1027; x_wconf 64' lang='lat' dir='ltr'><strong><em>creatis,</em></strong></span> <span class='ocrx_word' id='word_1_42' title='bbox 1118 979 1208 1015; x_wconf 82' lang='lat' dir='ltr'><strong><em>tm:</em></strong></span> <span class='ocrx_word' id='word_1_43' title='bbox 1238 962 1383 1014; x_wconf 83' lang='lat' dir='ltr'><strong><em>aliud</em></strong></span> <span class='ocrx_word' id='word_1_44' title='bbox 1416 963 1700 1030; x_wconf 77' lang='lat' dir='ltr'><strong><em>quidquam</em></strong></span> <span class='ocrx_word' id='word_1_45' title='bbox 1732 973 1853 1017; x_wconf 81' lang='lat' dir='ltr'><strong><em>ante</em></strong></span> <span class='ocrx_word' id='word_1_46' title='bbox 1876 963 2073 1018; x_wconf 62' lang='lat' dir='ltr'><strong><em>simula</em></strong></span> 
     </span>
    </p>
   </div>
   <div class='ocr_carea' id='block_1_9' title="bbox 574 1033 1582 1102">
    <p class='ocr_par' dir='ltr' id='par_1_9' title="bbox 574 1033 1582 1102">
     <span class='ocr_line' id='line_1_9' title="bbox 574 1033 1582 1102; baseline -0.004 -16"><span class='ocrx_word' id='word_1_47' title='bbox 574 1046 763 1102; x_wconf 67' lang='lat' dir='ltr'><strong><em>prater</em></strong></span> <span class='ocrx_word' id='word_1_48' title='bbox 800 1033 893 1085; x_wconf 83' lang='lat' dir='ltr'><strong><em>has</em></strong></span> <span class='ocrx_word' id='word_1_49' title='bbox 933 1043 1034 1084; x_wconf 81' lang='lat' dir='ltr'><strong><em>tres</em></strong></span> <span class='ocrx_word' id='word_1_50' title='bbox 1070 1047 1316 1099; x_wconf 72' lang='lat' dir='ltr'><strong><em>personas</em></strong></span> <span class='ocrx_word' id='word_1_51' title='bbox 1356 1033 1582 1088; x_wconf 71' lang='lat' dir='ltr'><strong><em>divinas.</em></strong></span> 
     </span>
    </p>
   </div>
   <div class='ocr_carea' id='block_1_10' title="bbox 570 1119 2078 1189">
    <p class='ocr_par' dir='ltr' id='par_1_10' title="bbox 570 1119 2078 1189">
     <span class='ocr_line' id='line_1_10' title="bbox 570 1119 2078 1189; baseline -0.001 -14"><span class='ocrx_word' id='word_1_52' title='bbox 570 1121 793 1187; x_wconf 78' lang='lat' dir='ltr'><strong><em>Magnus</em></strong></span> <span class='ocrx_word' id='word_1_53' title='bbox 827 1119 1133 1189; x_wconf 79' lang='lat' dir='ltr'><strong><em>Dionysius,</em></strong></span> <span class='ocrx_word' id='word_1_54' title='bbox 1190 1122 1366 1187; x_wconf 78' lang='lat' dir='ltr'><strong><em>capite</em></strong></span> <span class='ocrx_word' id='word_1_55' title='bbox 1397 1120 1570 1187; x_wconf 88' lang='lat' dir='ltr'><strong><em>primo</em></strong></span> <span class='ocrx_word' id='word_1_56' title='bbox 1604 1119 1846 1189; x_wconf 66' lang='lat' dir='ltr'><strong><em>Myrtilus</em></strong></span> <span class='ocrx_word' id='word_1_57' title='bbox 1879 1120 2078 1173; x_wconf 73' lang='lat' dir='ltr'><strong><em>theolo-</em></strong></span> 
     </span>
    </p>
   </div>
   <div class='ocr_carea' id='block_1_11' title="bbox 503 1210 2075 1280">
    <p class='ocr_par' dir='ltr' id='par_1_11' title="bbox 503 1210 2075 1280">
     <span class='ocr_line' id='line_1_11' title="bbox 503 1210 2075 1280; baseline 0 -15"><span class='ocrx_word' id='word_1_58' title='bbox 503 1215 603 1280; x_wconf 71' lang='lat' dir='ltr'><strong><em>giw</em></strong></span> <span class='ocrx_word' id='word_1_59' title='bbox 628 1230 646 1267; x_wconf 90' lang='lat'><strong><em>:</em></strong></span> <span class='ocrx_word' id='word_1_60' title='bbox 667 1212 907 1266; x_wconf 81' lang='lat' dir='ltr'><strong><em>Trinitas</em></strong></span> <span class='ocrx_word' id='word_1_61' title='bbox 934 1224 1098 1277; x_wconf 85' lang='lat' dir='ltr'><strong><em>supra</em></strong></span> <span class='ocrx_word' id='word_1_62' title='bbox 1126 1210 1504 1273; x_wconf 88' lang='lat' dir='ltr'><strong><em>substantiam,</em></strong></span> <span class='ocrx_word' id='word_1_63' title='bbox 1527 1219 1580 1265; x_wconf 89' lang='lat' dir='ltr'><strong><em>et</em></strong></span> <span class='ocrx_word' id='word_1_64' title='bbox 1615 1227 1778 1280; x_wconf 81' lang='lat' dir='ltr'><strong><em>supra</em></strong></span> <span class='ocrx_word' id='word_1_65' title='bbox 1810 1211 2075 1277; x_wconf 87' lang='lat' dir='ltr'><strong><em>divinum,</em></strong></span> 
     </span>
    </p>
   </div>
   <div class='ocr_carea' id='block_1_12' title="bbox 500 1297 2075 1370">
    <p class='ocr_par' dir='ltr' id='par_1_12' title="bbox 500 1297 2075 1370">
     <span class='ocr_line' id='line_1_12' title="bbox 500 1297 2075 1370; baseline -0.004 -15"><span class='ocrx_word' id='word_1_66' title='bbox 500 1312 556 1356; x_wconf 91' lang='lat' dir='ltr'><strong><em>ct</em></strong></span> <span class='ocrx_word' id='word_1_67' title='bbox 592 1316 753 1370; x_wconf 85' lang='lat' dir='ltr'><strong><em>supra</em></strong></span> <span class='ocrx_word' id='word_1_68' title='bbox 785 1301 1008 1363; x_wconf 89' lang='lat' dir='ltr'><strong><em>bonum,</em></strong></span> <span class='ocrx_word' id='word_1_69' title='bbox 1040 1297 1256 1364; x_wconf 89' lang='lat' dir='ltr'><strong><em>pietatis</em></strong></span> <span class='ocrx_word' id='word_1_70' title='bbox 1281 1298 1714 1352; x_wconf 78' lang='lat' dir='ltr'><strong><em>Christianorum</em></strong></span> <span class='ocrx_word' id='word_1_71' title='bbox 1747 1312 1875 1365; x_wconf 86' lang='lat' dir='ltr'><strong><em>erga</em></strong></span> <span class='ocrx_word' id='word_1_72' title='bbox 1912 1297 2075 1350; x_wconf 89' lang='lat' dir='ltr'><strong><em>Deum</em></strong></span> 
     </span>
    </p>
   </div>
   <div class='ocr_carea' id='block_1_13' title="bbox 505 1388 2082 1461">
    <p class='ocr_par' dir='ltr' id='par_1_13' title="bbox 505 1388 2082 1461">
     <span class='ocr_line' id='line_1_13' title="bbox 505 1388 2082 1461; baseline -0.003 -17"><span class='ocrx_word' id='word_1_73' title='bbox 505 1406 706 1461; x_wconf 65' lang='lat' dir='ltr'><strong><em>praises</em></strong></span> <span class='ocrx_word' id='word_1_74' title='bbox 736 1400 787 1444; x_wconf 86' lang='lat' dir='ltr'><strong><em>et</em></strong></span> <span class='ocrx_word' id='word_1_75' title='bbox 812 1398 1015 1453; x_wconf 90' lang='lat' dir='ltr'><strong><em>custos,</em></strong></span> <span class='ocrx_word' id='word_1_76' title='bbox 1049 1388 1220 1457; x_wconf 81' lang='lat' dir='ltr'><strong><em>dirige</em></strong></span> <span class='ocrx_word' id='word_1_77' title='bbox 1251 1403 1346 1441; x_wconf 89' lang='lat' dir='ltr'><strong><em>nos</em></strong></span> <span class='ocrx_word' id='word_1_78' title='bbox 1380 1388 1445 1440; x_wconf 90' lang='lat' dir='ltr'><strong><em>ad</em></strong></span> <span class='ocrx_word' id='word_1_79' title='bbox 1496 1388 1843 1458; x_wconf 78' lang='lat' dir='ltr'><strong><em>mysticorum</em></strong></span> <span class='ocrx_word' id='word_1_80' title='bbox 1873 1400 2082 1440; x_wconf 60' lang='lat' dir='ltr'><strong><em>sermo»</em></strong></span> 
     </span>
    </p>
   </div>
   <div class='ocr_carea' id='block_1_14' title="bbox 505 1478 2077 1548">
    <p class='ocr_par' dir='ltr' id='par_1_14' title="bbox 505 1478 2077 1548">
     <span class='ocr_line' id='line_1_14' title="bbox 505 1478 2077 1548; baseline -0.003 -12"><span class='ocrx_word' id='word_1_81' title='bbox 505 1497 634 1536; x_wconf 84' lang='lat' dir='ltr'><strong><em>num</em></strong></span> <span class='ocrx_word' id='word_1_82' title='bbox 667 1480 755 1534; x_wconf 87' lang='lat' dir='ltr'><strong><em>Dei</em></strong></span> <span class='ocrx_word' id='word_1_83' title='bbox 789 1494 1117 1548; x_wconf 85' lang='lat' dir='ltr'><strong><em>supraquam</em></strong></span> <span class='ocrx_word' id='word_1_84' title='bbox 1153 1478 1390 1547; x_wconf 86' lang='lat' dir='ltr'><strong><em>ignotum</em></strong></span> <span class='ocrx_word' id='word_1_85' title='bbox 1421 1478 1521 1547; x_wconf 88' lang='lat' dir='ltr'><strong><em>(i),</em></strong></span> <span class='ocrx_word' id='word_1_86' title='bbox 1554 1488 1607 1530; x_wconf 89' lang='lat' dir='ltr'><strong><em>et</em></strong></span> <span class='ocrx_word' id='word_1_87' title='bbox 1634 1493 1959 1547; x_wconf 85' lang='lat' dir='ltr'><strong><em>supraquam</em></strong></span> <span class='ocrx_word' id='word_1_88' title='bbox 1991 1480 2077 1531; x_wconf 88' lang='lat' dir='ltr'><strong><em>lu-</em></strong></span> 
     </span>
    </p>
   </div>
   <div class='ocr_carea' id='block_1_15' title="bbox 504 1569 2080 1648">
    <p class='ocr_par' dir='ltr' id='par_1_15' title="bbox 504 1569 2080 1648">
     <span class='ocr_line' id='line_1_15' title="bbox 504 1569 2080 1648; baseline -0.004 -21"><span class='ocrx_word' id='word_1_89' title='bbox 504 1587 633 1627; x_wconf 85' lang='lat' dir='ltr'><strong><em>cens</em></strong></span> <span class='ocrx_word' id='word_1_90' title='bbox 668 1571 768 1640; x_wconf 68' lang='grc' dir='ltr'><strong>(Ξ),</strong></span> <span class='ocrx_word' id='word_1_91' title='bbox 806 1580 969 1638; x_wconf 86' lang='lat' dir='ltr'><strong><em>atque</em></strong></span> <span class='ocrx_word' id='word_1_92' title='bbox 1007 1584 1278 1624; x_wconf 84' lang='lat' dir='ltr'><strong><em>summum</em></strong></span> <span class='ocrx_word' id='word_1_93' title='bbox 1311 1570 1623 1638; x_wconf 75' lang='lat' dir='ltr'><strong><em>fastigium;</em></strong></span> <span class='ocrx_word' id='word_1_94' title='bbox 1657 1569 1749 1623; x_wconf 89' lang='lat' dir='ltr'><strong><em>ubi</em></strong></span> <span class='ocrx_word' id='word_1_95' title='bbox 1785 1570 2080 1648; x_wconf 51' lang='lat' dir='ltr'><strong><em>simplicia,</em></strong></span> 
     </span>
    </p>
   </div>
   <div class='ocr_carea' id='block_1_16' title="bbox 505 1660 2078 1732">
    <p class='ocr_par' dir='ltr' id='par_1_16' title="bbox 505 1660 2078 1732">
     <span class='ocr_line' id='line_1_16' title="bbox 505 1660 2078 1732; baseline -0.001 -14"><span class='ocrx_word' id='word_1_96' title='bbox 505 1673 561 1718; x_wconf 86' lang='lat' dir='ltr'><strong><em>et</em></strong></span> <span class='ocrx_word' id='word_1_97' title='bbox 593 1663 835 1717; x_wconf 87' lang='lat' dir='ltr'><strong><em>absoluta</em></strong></span> <span class='ocrx_word' id='word_1_98' title='bbox 874 1662 975 1730; x_wconf 72' lang='grc' dir='ltr'><strong>(ὅ),</strong></span> <span class='ocrx_word' id='word_1_99' title='bbox 1005 1670 1059 1716; x_wconf 90' lang='lat' dir='ltr'><strong><em>et</em></strong></span> <span class='ocrx_word' id='word_1_100' title='bbox 1100 1662 1454 1716; x_wconf 80' lang='lat' dir='ltr'><strong><em>immutabilis</em></strong></span> <span class='ocrx_word' id='word_1_101' title='bbox 1490 1660 1772 1731; x_wconf 63' lang='lat' dir='ltr'><strong><em>theologia:</em></strong></span> <span class='ocrx_word' id='word_1_102' title='bbox 1818 1663 2078 1732; x_wconf 85' lang='lat' dir='ltr'><strong><em>mysteria</em></strong></span> 
     </span>
    </p>
   </div>
   <div class='ocr_carea' id='block_1_17' title="bbox 506 1751 2066 1822">
    <p class='ocr_par' dir='ltr' id='par_1_17' title="bbox 506 1751 2066 1822">
     <span class='ocr_line' id='line_1_17' title="bbox 506 1751 2066 1822; baseline -0.001 -15"><span class='ocrx_word' id='word_1_103' title='bbox 506 1755 827 1822; x_wconf 88' lang='lat' dir='ltr'><strong><em>aperiuntur</em></strong></span> <span class='ocrx_word' id='word_1_104' title='bbox 860 1753 912 1806; x_wconf 92' lang='lat' dir='ltr'><strong><em>in</em></strong></span> <span class='ocrx_word' id='word_1_105' title='bbox 960 1753 1191 1820; x_wconf 86' lang='lat' dir='ltr'><strong><em>caligine</em></strong></span> <span class='ocrx_word' id='word_1_106' title='bbox 1236 1766 1564 1821; x_wconf 88' lang='lat' dir='ltr'><strong><em>supraquam</em></strong></span> <span class='ocrx_word' id='word_1_107' title='bbox 1601 1751 1815 1806; x_wconf 91' lang='lat' dir='ltr'><strong><em>lucente</em></strong></span> <span class='ocrx_word' id='word_1_108' title='bbox 1864 1753 2066 1807; x_wconf 90' lang='lat' dir='ltr'><strong><em>silentii</em></strong></span> 
     </span>
    </p>
   </div>
   <div class='ocr_carea' id='block_1_18' title="bbox 507 1839 2087 1908">
    <p class='ocr_par' dir='ltr' id='par_1_18' title="bbox 507 1839 2087 1908">
     <span class='ocr_line' id='line_1_18' title="bbox 507 1839 2087 1908; baseline -0.001 -12"><span class='ocrx_word' id='word_1_109' title='bbox 507 1858 719 1897; x_wconf 73' lang='lat' dir='ltr'><strong><em>arcanae</em></strong></span> <span class='ocrx_word' id='word_1_110' title='bbox 743 1842 1024 1897; x_wconf 72' lang='lat' dir='ltr'><strong><em>doctrinze.</em></strong></span> <span class='ocrx_word' id='word_1_111' title='bbox 1053 1839 1156 1903; x_wconf 92' lang='lat' dir='ltr'><strong><em>Tu,</em></strong></span> <span class='ocrx_word' id='word_1_112' title='bbox 1189 1855 1305 1908; x_wconf 68' lang='lat' dir='ltr'><strong><em>qua:</em></strong></span> <span class='ocrx_word' id='word_1_113' title='bbox 1341 1840 1391 1894; x_wconf 93' lang='lat' dir='ltr'><strong><em>in</em></strong></span> <span class='ocrx_word' id='word_1_114' title='bbox 1422 1839 1759 1895; x_wconf 84' lang='lat' dir='ltr'><strong><em>obscuritate</em></strong></span> <span class='ocrx_word' id='word_1_115' title='bbox 1782 1842 2087 1898; x_wconf 87' lang='lat' dir='ltr'><strong><em>tenebrico-</em></strong></span> 
     </span>
    </p>
   </div>
   <div class='ocr_carea' id='block_1_19' title="bbox 510 1932 2076 2005">
    <p class='ocr_par' dir='ltr' id='par_1_19' title="bbox 510 1932 2076 2005">
     <span class='ocr_line' id='line_1_19' title="bbox 510 1932 2076 2005; baseline -0.003 -14"><span class='ocrx_word' id='word_1_116' title='bbox 510 1936 725 1991; x_wconf 84' lang='lat' dir='ltr'><strong><em>sissima</em></strong></span> <span class='ocrx_word' id='word_1_117' title='bbox 761 1950 1087 2005; x_wconf 74' lang='lat' dir='ltr'><strong><em>supraquam</em></strong></span> <span class='ocrx_word' id='word_1_118' title='bbox 1114 1933 1420 1988; x_wconf 86' lang='lat' dir='ltr'><strong><em>clarissime</em></strong></span> <span class='ocrx_word' id='word_1_119' title='bbox 1447 1947 1770 2002; x_wconf 81' lang='lat' dir='ltr'><strong><em>supraquam</em></strong></span> <span class='ocrx_word' id='word_1_120' title='bbox 1804 1932 2076 2000; x_wconf 88' lang='lat' dir='ltr'><strong><em>splendes,</em></strong></span> 
     </span>
    </p>
   </div>
   <div class='ocr_carea' id='block_1_20' title="bbox 2095 664 3699 734">
    <p class='ocr_par' dir='ltr' id='par_1_20' title="bbox 2095 664 3699 734">
     <span class='ocr_line' id='line_1_20' title="bbox 2095 664 3699 734; baseline 0.001 -14"><span class='ocrx_word' id='word_1_121' title='bbox 2095 672 2142 727; x_wconf 78' lang='grc' dir='ltr'><strong>Α</strong></span> <span class='ocrx_word' id='word_1_122' title='bbox 2168 673 2222 720; x_wconf 85' lang='lat' dir='ltr'><strong><em>et</em></strong></span> <span class='ocrx_word' id='word_1_123' title='bbox 2252 666 2386 720; x_wconf 90' lang='lat' dir='ltr'><strong><em>nihil</em></strong></span> <span class='ocrx_word' id='word_1_124' title='bbox 2415 680 2576 734; x_wconf 87' lang='lat' dir='ltr'><strong><em>supra</em></strong></span> <span class='ocrx_word' id='word_1_125' title='bbox 2622 679 2683 719; x_wconf 86' lang='lat' dir='ltr'><strong><em>ea</em></strong></span> <span class='ocrx_word' id='word_1_126' title='bbox 2716 679 2834 734; x_wconf 62' lang='lat' dir='ltr'><strong><em>quas</em></strong></span> <span class='ocrx_word' id='word_1_127' title='bbox 2873 672 3041 729; x_wconf 87' lang='lat' dir='ltr'><strong><em>sunt,</em></strong></span> <span class='ocrx_word' id='word_1_128' title='bbox 3084 671 3139 717; x_wconf 90' lang='lat' dir='ltr'><strong><em>et</em></strong></span> <span class='ocrx_word' id='word_1_129' title='bbox 3167 676 3327 731; x_wconf 87' lang='lat' dir='ltr'><strong><em>supra</em></strong></span> <span class='ocrx_word' id='word_1_130' title='bbox 3365 664 3699 722; x_wconf 85' lang='lat' dir='ltr'><strong><em>substantiam</em></strong></span> 
     </span>
    </p>
   </div>
   <div class='ocr_carea' id='block_1_21' title="bbox 2168 754 3702 833">
    <p class='ocr_par' dir='ltr' id='par_1_21' title="bbox 2168 754 3702 833">
     <span class='ocr_line' id='line_1_21' title="bbox 2168 754 3702 833; baseline -0.001 -20"><span class='ocrx_word' id='word_1_131' title='bbox 2168 772 2288 813; x_wconf 87' lang='lat' dir='ltr'><strong><em>esse</em></strong></span> <span class='ocrx_word' id='word_1_132' title='bbox 2318 758 2578 825; x_wconf 83' lang='lat' dir='ltr'><strong><em>cogitant,</em></strong></span> <span class='ocrx_word' id='word_1_133' title='bbox 2629 754 2758 824; x_wconf 86' lang='lat' dir='ltr'><strong><em>quin</em></strong></span> <span class='ocrx_word' id='word_1_134' title='bbox 2812 755 2992 823; x_wconf 86' lang='lat' dir='ltr'><strong><em>potius</em></strong></span> <span class='ocrx_word' id='word_1_135' title='bbox 3043 754 3378 833; x_wconf 75' lang='lat' dir='ltr'><strong><em>arbitrantur</em></strong></span> <span class='ocrx_word' id='word_1_136' title='bbox 3410 772 3502 810; x_wconf 83' lang='lat' dir='ltr'><strong><em>sua</em></strong></span> <span class='ocrx_word' id='word_1_137' title='bbox 3535 762 3702 827; x_wconf 79' lang='lat' dir='ltr'><strong><em>cogni-</em></strong></span> 
     </span>
    </p>
   </div>
   <div class='ocr_carea' id='block_1_22' title="bbox 2174 849 3704 918">
    <p class='ocr_par' dir='ltr' id='par_1_22' title="bbox 2174 849 3704 918">
     <span class='ocr_line' id='line_1_22' title="bbox 2174 849 3704 918; baseline 0.001 -15"><span class='ocrx_word' id='word_1_138' title='bbox 2174 849 2320 904; x_wconf 84' lang='lat' dir='ltr'><strong><em>tione</em></strong></span> <span class='ocrx_word' id='word_1_139' title='bbox 2375 863 2534 903; x_wconf 86' lang='lat' dir='ltr'><strong><em>nosse</em></strong></span> <span class='ocrx_word' id='word_1_140' title='bbox 2582 863 2706 902; x_wconf 90' lang='lat' dir='ltr'><strong><em>eum</em></strong></span> <span class='ocrx_word' id='word_1_141' title='bbox 2762 849 2854 918; x_wconf 94' lang='lat' dir='ltr'><strong><em>qni</em></strong></span> <span class='ocrx_word' id='word_1_142' title='bbox 2927 849 3107 918; x_wconf 78' lang='lat' dir='ltr'><strong><em>posuit</em></strong></span> <span class='ocrx_word' id='word_1_143' title='bbox 3155 849 3405 903; x_wconf 81' lang='lat' dir='ltr'><strong><em>tenebras</em></strong></span> <span class='ocrx_word' id='word_1_144' title='bbox 3456 849 3704 904; x_wconf 84' lang='lat' dir='ltr'><strong><em>latibulum</em></strong></span> 
     </span>
    </p>
   </div>
   <div class='ocr_carea' id='block_1_23' title="bbox 2173 936 3705 1010">
    <p class='ocr_par' dir='ltr' id='par_1_23' title="bbox 2173 936 3705 1010">
     <span class='ocr_line' id='line_1_23' title="bbox 2173 936 3705 1010; baseline -0.001 -14"><span class='ocrx_word' id='word_1_145' title='bbox 2173 954 2347 996; x_wconf 88' lang='lat' dir='ltr'><strong><em>suum.</em></strong></span> <span class='ocrx_word' id='word_1_146' title='bbox 2394 936 2452 993; x_wconf 88' lang='lat' dir='ltr'><strong><em>Si</em></strong></span> <span class='ocrx_word' id='word_1_147' title='bbox 2486 949 2665 993; x_wconf 89' lang='lat' dir='ltr'><strong><em>autem</em></strong></span> <span class='ocrx_word' id='word_1_148' title='bbox 2702 953 2867 1006; x_wconf 85' lang='lat' dir='ltr'><strong><em>supra</em></strong></span> <span class='ocrx_word' id='word_1_149' title='bbox 2896 938 2996 992; x_wconf 89' lang='lat' dir='ltr'><strong><em>bos</em></strong></span> <span class='ocrx_word' id='word_1_150' title='bbox 3028 948 3157 991; x_wconf 84' lang='lat' dir='ltr'><strong><em>sunt</em></strong></span> <span class='ocrx_word' id='word_1_151' title='bbox 3192 938 3493 992; x_wconf 88' lang='lat' dir='ltr'><strong><em>divinorum</em></strong></span> <span class='ocrx_word' id='word_1_152' title='bbox 3536 950 3705 1010; x_wconf 84' lang='lat' dir='ltr'><strong><em>myste-</em></strong></span> 
     </span>
    </p>
   </div>
   <div class='ocr_carea' id='block_1_24' title="bbox 2174 1025 3709 1094">
    <p class='ocr_par' dir='ltr' id='par_1_24' title="bbox 2174 1025 3709 1094">
     <span class='ocr_line' id='line_1_24' title="bbox 2174 1025 3709 1094; baseline 0.002 -14"><span class='ocrx_word' id='word_1_153' title='bbox 2174 1025 2377 1080; x_wconf 87' lang='lat' dir='ltr'><strong><em>riorum</em></strong></span> <span class='ocrx_word' id='word_1_154' title='bbox 2411 1026 2771 1093; x_wconf 83' lang='lat' dir='ltr'><strong><em>cognitiones,</em></strong></span> <span class='ocrx_word' id='word_1_155' title='bbox 2804 1025 2936 1094; x_wconf 87' lang='lat' dir='ltr'><strong><em>quid</em></strong></span> <span class='ocrx_word' id='word_1_156' title='bbox 2982 1025 3088 1080; x_wconf 88' lang='lat' dir='ltr'><strong><em>dici</em></strong></span> <span class='ocrx_word' id='word_1_157' title='bbox 3120 1026 3319 1094; x_wconf 87' lang='lat' dir='ltr'><strong><em>poterit</em></strong></span> <span class='ocrx_word' id='word_1_158' title='bbox 3365 1027 3431 1081; x_wconf 91' lang='lat' dir='ltr'><strong><em>de</em></strong></span> <span class='ocrx_word' id='word_1_159' title='bbox 3474 1028 3587 1083; x_wconf 87' lang='lat' dir='ltr'><strong><em>aliis</em></strong></span> <span class='ocrx_word' id='word_1_160' title='bbox 3616 1046 3709 1085; x_wconf 92' lang='lat' dir='ltr'><strong><em>non</em></strong></span> 
     </span>
    </p>
   </div>
   <div class='ocr_carea' id='block_1_25' title="bbox 2176 1115 3710 1183">
    <p class='ocr_par' dir='ltr' id='par_1_25' title="bbox 2176 1115 3710 1183">
     <span class='ocr_line' id='line_1_25' title="bbox 2176 1115 3710 1183; baseline 0.003 -14"><span class='ocrx_word' id='word_1_161' title='bbox 2176 1115 2421 1178; x_wconf 81' lang='lat' dir='ltr'><strong><em>initiatis,</em></strong></span> <span class='ocrx_word' id='word_1_162' title='bbox 2452 1116 2543 1183; x_wconf 86' lang='lat' dir='ltr'><strong><em>qui</em></strong></span> <span class='ocrx_word' id='word_1_163' title='bbox 2575 1130 2843 1171; x_wconf 82' lang='lat' dir='ltr'><strong><em>summam</em></strong></span> <span class='ocrx_word' id='word_1_164' title='bbox 2872 1131 3093 1171; x_wconf 86' lang='lat' dir='ltr'><strong><em>causam</em></strong></span> <span class='ocrx_word' id='word_1_165' title='bbox 3120 1119 3364 1172; x_wconf 91' lang='lat' dir='ltr'><strong><em>omnium</em></strong></span> <span class='ocrx_word' id='word_1_166' title='bbox 3392 1133 3456 1173; x_wconf 88' lang='lat' dir='ltr'><strong><em>ex</em></strong></span> <span class='ocrx_word' id='word_1_167' title='bbox 3478 1121 3710 1175; x_wconf 76' lang='lat' dir='ltr'><strong><em>extremis</em></strong></span> 
     </span>
    </p>
   </div>
   <div class='ocr_carea' id='block_1_26' title="bbox 2124 1204 3709 1277">
    <p class='ocr_par' dir='ltr' id='par_1_26' title="bbox 2124 1204 3709 1277">
     <span class='ocr_line' id='line_1_26' title="bbox 2124 1204 3709 1277; baseline 0.005 -21"><span class='ocrx_word' id='word_1_168' title='bbox 2124 1223 2136 1233; x_wconf 71' lang='grc' dir='ltr'><strong><em>ο</em></strong></span> <span class='ocrx_word' id='word_1_169' title='bbox 2180 1204 2252 1274; x_wconf 74' lang='lat' dir='ltr'><strong><em>(lt)</em></strong></span> <span class='ocrx_word' id='word_1_170' title='bbox 2285 1205 2337 1258; x_wconf 93' lang='lat' dir='ltr'><strong><em>in</em></strong></span> <span class='ocrx_word' id='word_1_171' title='bbox 2366 1213 2555 1259; x_wconf 81' lang='lat' dir='ltr'><strong><em>natura</em></strong></span> <span class='ocrx_word' id='word_1_172' title='bbox 2588 1220 2767 1261; x_wconf 87' lang='lat' dir='ltr'><strong><em>rerum</em></strong></span> <span class='ocrx_word' id='word_1_173' title='bbox 2799 1207 3102 1272; x_wconf 77' lang='lat' dir='ltr'><strong><em>designant,</em></strong></span> <span class='ocrx_word' id='word_1_174' title='bbox 3153 1207 3395 1277; x_wconf 92' lang='lat' dir='ltr'><strong><em>nihilque</em></strong></span> <span class='ocrx_word' id='word_1_175' title='bbox 3436 1223 3547 1263; x_wconf 86' lang='lat' dir='ltr'><strong><em>eam</em></strong></span> <span class='ocrx_word' id='word_1_176' title='bbox 3575 1222 3709 1264; x_wconf 84' lang='lat' dir='ltr'><strong><em>ante-</em></strong></span> 
     </span>
    </p>
   </div>
   <div class='ocr_carea' id='block_1_27' title="bbox 2180 1295 3713 1367">
    <p class='ocr_par' dir='ltr' id='par_1_27' title="bbox 2180 1295 3713 1367">
     <span class='ocr_line' id='line_1_27' title="bbox 2180 1295 3713 1367; baseline 0.002 -18"><span class='ocrx_word' id='word_1_177' title='bbox 2180 1295 2377 1350; x_wconf 90' lang='lat' dir='ltr'><strong><em>cellere</em></strong></span> <span class='ocrx_word' id='word_1_178' title='bbox 2404 1296 2556 1349; x_wconf 86' lang='lat' dir='ltr'><strong><em>aiunt</em></strong></span> <span class='ocrx_word' id='word_1_179' title='bbox 2591 1295 2774 1363; x_wconf 86' lang='lat' dir='ltr'><strong><em>impiis</em></strong></span> <span class='ocrx_word' id='word_1_180' title='bbox 2804 1296 3154 1365; x_wconf 82' lang='lat' dir='ltr'><strong><em>imaginibus,</em></strong></span> <span class='ocrx_word' id='word_1_181' title='bbox 3180 1311 3317 1366; x_wconf 86' lang='lat' dir='ltr'><strong><em>quas</em></strong></span> <span class='ocrx_word' id='word_1_182' title='bbox 3364 1298 3463 1367; x_wconf 87' lang='lat' dir='ltr'><strong><em>ipsi</em></strong></span> <span class='ocrx_word' id='word_1_183' title='bbox 3493 1300 3713 1366; x_wconf 66' lang='lat' dir='ltr'><strong><em>tingunt?</em></strong></span> 
     </span>
    </p>
   </div>
   <div class='ocr_carea' id='block_1_28' title="bbox 2181 1386 3715 1453">
    <p class='ocr_par' dir='ltr' id='par_1_28' title="bbox 2181 1386 3715 1453">
     <span class='ocr_line' id='line_1_28' title="bbox 2181 1386 3715 1453; baseline 0.002 -14"><span class='ocrx_word' id='word_1_184' title='bbox 2181 1386 2248 1439; x_wconf 85' lang='lat' dir='ltr'><strong><em>Et</em></strong></span> <span class='ocrx_word' id='word_1_185' title='bbox 2275 1401 2495 1453; x_wconf 84' lang='lat' dir='ltr'><strong><em>magnus</em></strong></span> <span class='ocrx_word' id='word_1_186' title='bbox 2528 1386 2859 1441; x_wconf 85' lang='lat' dir='ltr'><strong><em>Athanasius</em></strong></span> <span class='ocrx_word' id='word_1_187' title='bbox 2891 1403 2906 1440; x_wconf 89' lang='lat'><strong>:</strong></span> <span class='ocrx_word' id='word_1_188' title='bbox 2939 1386 3066 1441; x_wconf 83' lang='lat' dir='ltr'><strong><em>Sola</em></strong></span> <span class='ocrx_word' id='word_1_189' title='bbox 3104 1387 3247 1440; x_wconf 89' lang='lat' dir='ltr'><strong><em>enim</em></strong></span> <span class='ocrx_word' id='word_1_190' title='bbox 3284 1397 3468 1441; x_wconf 88' lang='lat' dir='ltr'><strong><em>sancta</em></strong></span> <span class='ocrx_word' id='word_1_191' title='bbox 3506 1386 3715 1444; x_wconf 79' lang='lat' dir='ltr'><strong><em>Trinitas</em></strong></span> 
     </span>
    </p>
   </div>
   <div class='ocr_carea' id='block_1_29' title="bbox 2183 1476 3711 1547">
    <p class='ocr_par' dir='ltr' id='par_1_29' title="bbox 2183 1476 3711 1547">
     <span class='ocr_line' id='line_1_29' title="bbox 2183 1476 3711 1547; baseline 0.003 -19"><span class='ocrx_word' id='word_1_192' title='bbox 2183 1476 2479 1531; x_wconf 77' lang='lat' dir='ltr'><strong><em>divinitatis</em></strong></span> <span class='ocrx_word' id='word_1_193' title='bbox 2506 1492 2613 1531; x_wconf 88' lang='lat' dir='ltr'><strong><em>non</em></strong></span> <span class='ocrx_word' id='word_1_194' title='bbox 2645 1488 2826 1532; x_wconf 89' lang='lat' dir='ltr'><strong><em>creata</em></strong></span> <span class='ocrx_word' id='word_1_195' title='bbox 2868 1478 3140 1547; x_wconf 91' lang='lat' dir='ltr'><strong><em>apparuit.</em></strong></span> <span class='ocrx_word' id='word_1_196' title='bbox 3169 1477 3235 1532; x_wconf 90' lang='lat' dir='ltr'><strong><em>Et</em></strong></span> <span class='ocrx_word' id='word_1_197' title='bbox 3264 1477 3457 1533; x_wconf 90' lang='lat' dir='ltr'><strong><em>beatus</em></strong></span> <span class='ocrx_word' id='word_1_198' title='bbox 3480 1478 3711 1534; x_wconf 88' lang='lat' dir='ltr'><strong><em>Basilius:</em></strong></span> 
     </span>
    </p>
   </div>
   <div class='ocr_carea' id='block_1_30' title="bbox 2184 1566 3714 1633">
    <p class='ocr_par' dir='ltr' id='par_1_30' title="bbox 2184 1566 3714 1633">
     <span class='ocr_line' id='line_1_30' title="bbox 2184 1566 3714 1633; baseline 0.003 -13"><span class='ocrx_word' id='word_1_199' title='bbox 2184 1566 2298 1620; x_wconf 91' lang='lat' dir='ltr'><strong><em>illic</em></strong></span> <span class='ocrx_word' id='word_1_200' title='bbox 2323 1567 2474 1620; x_wconf 88' lang='lat' dir='ltr'><strong><em>stetit</em></strong></span> <span class='ocrx_word' id='word_1_201' title='bbox 2505 1568 2683 1632; x_wconf 90' lang='lat' dir='ltr'><strong><em>beata,</em></strong></span> <span class='ocrx_word' id='word_1_202' title='bbox 2724 1577 2778 1622; x_wconf 90' lang='lat' dir='ltr'><strong><em>et</em></strong></span> <span class='ocrx_word' id='word_1_203' title='bbox 2810 1583 2913 1623; x_wconf 90' lang='lat' dir='ltr'><strong><em>non</em></strong></span> <span class='ocrx_word' id='word_1_204' title='bbox 2944 1575 3123 1623; x_wconf 87' lang='lat' dir='ltr'><strong><em>creata</em></strong></span> <span class='ocrx_word' id='word_1_205' title='bbox 3166 1567 3426 1630; x_wconf 87' lang='lat' dir='ltr'><strong><em>Trinitas,</em></strong></span> <span class='ocrx_word' id='word_1_206' title='bbox 3466 1569 3629 1633; x_wconf 86' lang='lat' dir='ltr'><strong><em>Pater,</em></strong></span> <span class='ocrx_word' id='word_1_207' title='bbox 3670 1582 3714 1625; x_wconf 87' lang='lat' dir='ltr'><strong><em>et</em></strong></span> 
     </span>
    </p>
   </div>
   <div class='ocr_carea' id='block_1_31' title="bbox 2186 1656 3715 1730">
    <p class='ocr_par' dir='ltr' id='par_1_31' title="bbox 2186 1656 3715 1730">
     <span class='ocr_line' id='line_1_31' title="bbox 2186 1656 3715 1730; baseline 0.003 -21"><span class='ocrx_word' id='word_1_208' title='bbox 2186 1656 2373 1720; x_wconf 82' lang='lat' dir='ltr'><strong><em>Filius,</em></strong></span> <span class='ocrx_word' id='word_1_209' title='bbox 2411 1667 2465 1709; x_wconf 88' lang='lat' dir='ltr'><strong><em>et</em></strong></span> <span class='ocrx_word' id='word_1_210' title='bbox 2490 1656 2724 1725; x_wconf 87' lang='lat' dir='ltr'><strong><em>Spiritus</em></strong></span> <span class='ocrx_word' id='word_1_211' title='bbox 2759 1666 3000 1712; x_wconf 90' lang='lat' dir='ltr'><strong><em>sanctus.</em></strong></span> <span class='ocrx_word' id='word_1_212' title='bbox 3038 1657 3099 1711; x_wconf 90' lang='lat' dir='ltr'><strong><em>Et</em></strong></span> <span class='ocrx_word' id='word_1_213' title='bbox 3122 1656 3418 1728; x_wconf 81' lang='lat' dir='ltr'><strong><em>Gregorius</em></strong></span> <span class='ocrx_word' id='word_1_214' title='bbox 3440 1657 3715 1730; x_wconf 87' lang='lat' dir='ltr'><strong><em>Nyssenus:</em></strong></span> 
     </span>
    </p>
   </div>
   <div class='ocr_carea' id='block_1_32' title="bbox 2185 1746 3719 1817">
    <p class='ocr_par' dir='ltr' id='par_1_32' title="bbox 2185 1746 3719 1817">
     <span class='ocr_line' id='line_1_32' title="bbox 2185 1746 3719 1817; baseline 0.004 -17"><span class='ocrx_word' id='word_1_215' title='bbox 2185 1746 2328 1801; x_wconf 85' lang='lat' dir='ltr'><strong><em>Nihil</em></strong></span> <span class='ocrx_word' id='word_1_216' title='bbox 2357 1749 2498 1801; x_wconf 88' lang='lat' dir='ltr'><strong><em>aliud</em></strong></span> <span class='ocrx_word' id='word_1_217' title='bbox 2534 1758 2661 1803; x_wconf 87' lang='lat' dir='ltr'><strong><em>ante</em></strong></span> <span class='ocrx_word' id='word_1_218' title='bbox 2698 1751 2889 1803; x_wconf 75' lang='lat' dir='ltr'><strong><em>szecula</em></strong></span> <span class='ocrx_word' id='word_1_219' title='bbox 2923 1760 3117 1817; x_wconf 58' lang='lat' dir='ltr'><strong><em>praeter</em></strong></span> <span class='ocrx_word' id='word_1_220' title='bbox 3149 1749 3392 1816; x_wconf 85' lang='lat' dir='ltr'><strong><em>Patrem,</em></strong></span> <span class='ocrx_word' id='word_1_221' title='bbox 3434 1763 3488 1807; x_wconf 90' lang='lat' dir='ltr'><strong><em>et</em></strong></span> <span class='ocrx_word' id='word_1_222' title='bbox 3514 1753 3719 1817; x_wconf 83' lang='lat' dir='ltr'><strong><em>Filium,</em></strong></span> 
     </span>
    </p>
   </div>
   <div class='ocr_carea' id='block_1_33' title="bbox 2188 1838 3721 1905">
    <p class='ocr_par' dir='ltr' id='par_1_33' title="bbox 2188 1838 3721 1905">
     <span class='ocr_line' id='line_1_33' title="bbox 2188 1838 3721 1905; baseline 0.003 -13"><span class='ocrx_word' id='word_1_223' title='bbox 2188 1848 2242 1892; x_wconf 91' lang='lat' dir='ltr'><strong><em>et</em></strong></span> <span class='ocrx_word' id='word_1_224' title='bbox 2266 1839 2521 1905; x_wconf 85' lang='lat' dir='ltr'><strong><em>Spiritum</em></strong></span> <span class='ocrx_word' id='word_1_225' title='bbox 2545 1851 2809 1893; x_wconf 87' lang='lat' dir='ltr'><strong><em>sanctum.</em></strong></span> <span class='ocrx_word' id='word_1_226' title='bbox 2833 1838 2897 1893; x_wconf 83' lang='lat' dir='ltr'><strong><em>Et</em></strong></span> <span class='ocrx_word' id='word_1_227' title='bbox 2923 1840 3141 1895; x_wconf 86' lang='lat' dir='ltr'><strong><em>divinus</em></strong></span> <span class='ocrx_word' id='word_1_228' title='bbox 3160 1840 3555 1898; x_wconf 87' lang='lat' dir='ltr'><strong><em>Damascenus:</em></strong></span> <span class='ocrx_word' id='word_1_229' title='bbox 3586 1843 3721 1898; x_wconf 85' lang='lat' dir='ltr'><strong><em>Solus</em></strong></span> 
     </span>
    </p>
   </div>
   <div class='ocr_carea' id='block_1_34' title="bbox 2190 1929 3718 2004">
    <p class='ocr_par' dir='ltr' id='par_1_34' title="bbox 2190 1929 3718 2004">
     <span class='ocr_line' id='line_1_34' title="bbox 2190 1929 3718 2004; baseline 0.003 -21"><span class='ocrx_word' id='word_1_230' title='bbox 2190 1945 2295 1983; x_wconf 85' lang='lat' dir='ltr'><strong><em>non</em></strong></span> <span class='ocrx_word' id='word_1_231' title='bbox 2336 1940 2572 1994; x_wconf 81' lang='lat' dir='ltr'><strong><em>creatus,</em></strong></span> <span class='ocrx_word' id='word_1_232' title='bbox 2610 1930 2705 1999; x_wconf 90' lang='lat' dir='ltr'><strong><em>qni</em></strong></span> <span class='ocrx_word' id='word_1_233' title='bbox 2737 1930 2788 1984; x_wconf 92' lang='lat' dir='ltr'><strong><em>in</em></strong></span> <span class='ocrx_word' id='word_1_234' title='bbox 2824 1929 3006 1994; x_wconf 83' lang='lat' dir='ltr'><strong><em>Patre,</em></strong></span> <span class='ocrx_word' id='word_1_235' title='bbox 3036 1940 3091 1989; x_wconf 89' lang='lat' dir='ltr'><strong><em>et</em></strong></span> <span class='ocrx_word' id='word_1_236' title='bbox 3123 1931 3290 1999; x_wconf 79' lang='lat' dir='ltr'><strong><em>Filio,</em></strong></span> <span class='ocrx_word' id='word_1_237' title='bbox 3318 1942 3371 1987; x_wconf 87' lang='lat' dir='ltr'><strong><em>et</em></strong></span> <span class='ocrx_word' id='word_1_238' title='bbox 3399 1933 3591 2004; x_wconf 91' lang='lat' dir='ltr'><strong><em>Spiritu</em></strong></span> <span class='ocrx_word' id='word_1_239' title='bbox 3615 1950 3718 1989; x_wconf 83' lang='lat' dir='ltr'><strong><em>san-</em></strong></span> 
     </span>
    </p>
   </div>
   <div class='ocr_carea' id='block_1_35' title="bbox 508 2019 3722 2096">
    <p class='ocr_par' dir='ltr' id='par_1_35' title="bbox 508 2019 3722 2096">
     <span class='ocr_line' id='line_1_35' title="bbox 508 2019 3722 2096; baseline -0.002 -13"><span class='ocrx_word' id='word_1_240' title='bbox 508 2038 563 2083; x_wconf 90' lang='lat' dir='ltr'><strong><em>et</em></strong></span> <span class='ocrx_word' id='word_1_241' title='bbox 592 2029 643 2082; x_wconf 92' lang='lat' dir='ltr'><strong><em>in</em></strong></span> <span class='ocrx_word' id='word_1_242' title='bbox 677 2028 781 2083; x_wconf 90' lang='lat' dir='ltr'><strong><em>illis</em></strong></span> <span class='ocrx_word' id='word_1_243' title='bbox 807 2027 1187 2096; x_wconf 86' lang='lat' dir='ltr'><strong><em>splendoribus</em></strong></span> <span class='ocrx_word' id='word_1_244' title='bbox 1241 2039 1568 2093; x_wconf 88' lang='lat' dir='ltr'><strong><em>supraquam</em></strong></span> <span class='ocrx_word' id='word_1_245' title='bbox 1615 2024 1874 2094; x_wconf 86' lang='lat' dir='ltr'><strong><em>pulchris,</em></strong></span> <span class='ocrx_word' id='word_1_246' title='bbox 1917 2032 1971 2079; x_wconf 89' lang='lat' dir='ltr'><strong><em>et</em></strong></span> <span class='ocrx_word' id='word_1_247' title='bbox 2004 2034 2078 2077; x_wconf 88' lang='lat' dir='ltr'><strong><em>ta-</em></strong></span> <span class='ocrx_word' id='word_1_248' title='bbox 2112 2036 2152 2091; x_wconf 76' lang='grc' dir='ltr'><strong>Β</strong></span> <span class='ocrx_word' id='word_1_249' title='bbox 2185 2028 2274 2074; x_wconf 91' lang='lat' dir='ltr'><strong><em>cto</em></strong></span> <span class='ocrx_word' id='word_1_250' title='bbox 2307 2019 2523 2075; x_wconf 87' lang='lat' dir='ltr'><strong><em>colitur.</em></strong></span> <span class='ocrx_word' id='word_1_251' title='bbox 2548 2019 2628 2073; x_wconf 86' lang='lat' dir='ltr'><strong><em>Ex</em></strong></span> <span class='ocrx_word' id='word_1_252' title='bbox 2651 2021 2849 2089; x_wconf 84' lang='lat' dir='ltr'><strong><em>quibus</em></strong></span> <span class='ocrx_word' id='word_1_253' title='bbox 2882 2022 2939 2075; x_wconf 86' lang='lat' dir='ltr'><strong><em>lit</em></strong></span> <span class='ocrx_word' id='word_1_254' title='bbox 2970 2022 3348 2087; x_wconf 77' lang='lat' dir='ltr'><strong><em>manifestum,</em></strong></span> <span class='ocrx_word' id='word_1_255' title='bbox 3375 2025 3511 2093; x_wconf 88' lang='lat' dir='ltr'><strong><em>quod</em></strong></span> <span class='ocrx_word' id='word_1_256' title='bbox 3538 2026 3586 2078; x_wconf 93' lang='lat' dir='ltr'><strong><em>in</em></strong></span> <span class='ocrx_word' id='word_1_257' title='bbox 3616 2024 3722 2088; x_wconf 83' lang='lat' dir='ltr'><strong><em>Deo,</em></strong></span> 
     </span>
    </p>
   </div>
   <div class='ocr_carea' id='block_1_36' title="bbox 510 2115 3724 2187">
    <p class='ocr_par' dir='ltr' id='par_1_36' title="bbox 510 2115 3724 2187">
     <span class='ocr_line' id='line_1_36' title="bbox 510 2115 3724 2187; baseline -0.001 -12"><span class='ocrx_word' id='word_1_258' title='bbox 510 2130 678 2182; x_wconf 86' lang='lat' dir='ltr'><strong><em>ctum,</em></strong></span> <span class='ocrx_word' id='word_1_259' title='bbox 710 2129 761 2172; x_wconf 90' lang='lat' dir='ltr'><strong><em>et</em></strong></span> <span class='ocrx_word' id='word_1_260' title='bbox 792 2127 1070 2186; x_wconf 80' lang='lat' dir='ltr'><strong><em>aspectum</em></strong></span> <span class='ocrx_word' id='word_1_261' title='bbox 1094 2118 1172 2187; x_wconf 92' lang='lat' dir='ltr'><strong><em>(a)</em></strong></span> <span class='ocrx_word' id='word_1_262' title='bbox 1196 2132 1261 2171; x_wconf 87' lang='lat' dir='ltr'><strong><em>ex</em></strong></span> <span class='ocrx_word' id='word_1_263' title='bbox 1291 2125 1401 2172; x_wconf 88' lang='lat' dir='ltr'><strong><em>toto</em></strong></span> <span class='ocrx_word' id='word_1_264' title='bbox 1426 2115 1752 2185; x_wconf 77' lang='lat' dir='ltr'><strong><em>fugientibus</em></strong></span> <span class='ocrx_word' id='word_1_265' title='bbox 1772 2123 1975 2168; x_wconf 89' lang='lat' dir='ltr'><strong><em>mentes</em></strong></span> <span class='ocrx_word' id='word_1_266' title='bbox 2002 2115 2082 2184; x_wconf 73' lang='grc'><strong><em>(4)</em></strong></span> <span class='ocrx_word' id='word_1_267' title='bbox 2179 2116 2270 2183; x_wconf 87' lang='lat' dir='ltr'><strong><em>qui</em></strong></span> <span class='ocrx_word' id='word_1_268' title='bbox 2320 2122 2399 2168; x_wconf 86' lang='lat' dir='ltr'><strong><em>est</em></strong></span> <span class='ocrx_word' id='word_1_269' title='bbox 2440 2129 2600 2184; x_wconf 87' lang='lat' dir='ltr'><strong><em>supra</em></strong></span> <span class='ocrx_word' id='word_1_270' title='bbox 2635 2115 3015 2181; x_wconf 88' lang='lat' dir='ltr'><strong><em>substantiam,</em></strong></span> <span class='ocrx_word' id='word_1_271' title='bbox 3042 2131 3139 2171; x_wconf 85' lang='lat' dir='ltr'><strong><em>nec</em></strong></span> <span class='ocrx_word' id='word_1_272' title='bbox 3176 2117 3626 2187; x_wconf 82' lang='lat' dir='ltr'><strong><em>aliudquidquam</em></strong></span> <span class='ocrx_word' id='word_1_273' title='bbox 3658 2130 3724 2173; x_wconf 85' lang='lat' dir='ltr'><strong><em>est</em></strong></span> 
     </span>
    </p>
   </div>
   <div class='ocr_carea' id='block_1_37' title="bbox 510 2204 3723 2279">
    <p class='ocr_par' dir='ltr' id='par_1_37' title="bbox 510 2204 3723 2279">
     <span class='ocr_line' id='line_1_37' title="bbox 510 2204 3723 2279; baseline -0 -14"><span class='ocrx_word' id='word_1_274' title='bbox 510 2210 682 2265; x_wconf 86' lang='lat' dir='ltr'><strong><em>oculis</em></strong></span> <span class='ocrx_word' id='word_1_275' title='bbox 732 2218 924 2279; x_wconf 87' lang='lat' dir='ltr'><strong><em>captas</em></strong></span> <span class='ocrx_word' id='word_1_276' title='bbox 971 2223 1297 2277; x_wconf 86' lang='lat' dir='ltr'><strong><em>supraquam</em></strong></span> <span class='ocrx_word' id='word_1_277' title='bbox 1349 2208 1557 2273; x_wconf 83' lang='lat' dir='ltr'><strong><em>imples.</em></strong></span> <span class='ocrx_word' id='word_1_278' title='bbox 1592 2205 1719 2259; x_wconf 82' lang='lat' dir='ltr'><strong><em>Mihi</em></strong></span> <span class='ocrx_word' id='word_1_279' title='bbox 1764 2205 1925 2273; x_wconf 79' lang='lat' dir='ltr'><strong><em>igitur</em></strong></span> <span class='ocrx_word' id='word_1_280' title='bbox 1966 2204 2082 2259; x_wconf 58' lang='lat' dir='ltr'><strong><em>hac</em></strong></span> <span class='ocrx_word' id='word_1_281' title='bbox 2183 2219 2287 2258; x_wconf 91' lang='lat' dir='ltr'><strong><em>non</em></strong></span> <span class='ocrx_word' id='word_1_282' title='bbox 2305 2214 2548 2259; x_wconf 86' lang='lat' dir='ltr'><strong><em>creatum</em></strong></span> <span class='ocrx_word' id='word_1_283' title='bbox 2572 2214 2770 2274; x_wconf 61' lang='lat' dir='ltr'><strong><em>praeter</em></strong></span> <span class='ocrx_word' id='word_1_284' title='bbox 2793 2204 3271 2271; x_wconf 84' lang='lat' dir='ltr'><strong><em>Trinitatem,‘nec</em></strong></span> <span class='ocrx_word' id='word_1_285' title='bbox 3298 2210 3441 2263; x_wconf 86' lang='lat' dir='ltr'><strong><em>aliud</em></strong></span> <span class='ocrx_word' id='word_1_286' title='bbox 3460 2211 3723 2279; x_wconf 81' lang='lat' dir='ltr'><strong><em>quidquam</em></strong></span> 
     </span>
    </p>
   </div>
   <div class='ocr_carea' id='block_1_38' title="bbox 510 2296 3723 2370">
    <p class='ocr_par' dir='ltr' id='par_1_38' title="bbox 510 2296 3723 2370">
     <span class='ocr_line' id='line_1_38' title="bbox 510 2296 3723 2370; baseline -0 -15"><span class='ocrx_word' id='word_1_287' title='bbox 510 2314 783 2370; x_wconf 82' lang='lat' dir='ltr'><strong><em>aptentur,</em></strong></span> <span class='ocrx_word' id='word_1_288' title='bbox 812 2311 865 2354; x_wconf 92' lang='lat' dir='ltr'><strong><em>tu</em></strong></span> <span class='ocrx_word' id='word_1_289' title='bbox 914 2315 1062 2364; x_wconf 86' lang='lat' dir='ltr'><strong><em>vero,</em></strong></span> <span class='ocrx_word' id='word_1_290' title='bbox 1092 2299 1257 2354; x_wconf 77' lang='lat' dir='ltr'><strong><em>chara</em></strong></span> <span class='ocrx_word' id='word_1_291' title='bbox 1309 2297 1611 2361; x_wconf 80' lang='lat' dir='ltr'><strong><em>Timotheo,</em></strong></span> <span class='ocrx_word' id='word_1_292' title='bbox 1660 2297 1714 2350; x_wconf 94' lang='lat' dir='ltr'><strong><em>in</em></strong></span> <span class='ocrx_word' id='word_1_293' title='bbox 1766 2296 2078 2349; x_wconf 83' lang='lat' dir='ltr'><strong><em>vehementi</em></strong></span> <span class='ocrx_word' id='word_1_294' title='bbox 2183 2304 2307 2349; x_wconf 89' lang='lat' dir='ltr'><strong><em>ante</em></strong></span> <span class='ocrx_word' id='word_1_295' title='bbox 2345 2310 2518 2349; x_wconf 63' lang='lat' dir='ltr'><strong><em>avum</em></strong></span> <span class='ocrx_word' id='word_1_296' title='bbox 2555 2304 2751 2364; x_wconf 73' lang='lat' dir='ltr'><strong><em>przcter</em></strong></span> <span class='ocrx_word' id='word_1_297' title='bbox 2795 2298 3034 2361; x_wconf 87' lang='lat' dir='ltr'><strong><em>Patrem,</em></strong></span> <span class='ocrx_word' id='word_1_298' title='bbox 3064 2306 3113 2353; x_wconf 88' lang='lat' dir='ltr'><strong><em>et</em></strong></span> <span class='ocrx_word' id='word_1_299' title='bbox 3158 2299 3382 2365; x_wconf 84' lang='lat' dir='ltr'><strong><em>Filium,</em></strong></span> <span class='ocrx_word' id='word_1_300' title='bbox 3415 2309 3466 2355; x_wconf 88' lang='lat' dir='ltr'><strong><em>et</em></strong></span> <span class='ocrx_word' id='word_1_301' title='bbox 3499 2301 3723 2369; x_wconf 83' lang='lat' dir='ltr'><strong><em>Spiritum</em></strong></span> 
     </span>
    </p>
   </div>
   <div class='ocr_carea' id='block_1_39' title="bbox 515 2386 3726 2460">
    <p class='ocr_par' dir='ltr' id='par_1_39' title="bbox 515 2386 3726 2460">
     <span class='ocr_line' id='line_1_39' title="bbox 515 2386 3726 2460; baseline -0 -16"><span class='ocrx_word' id='word_1_302' title='bbox 515 2392 864 2460; x_wconf 82' lang='lat' dir='ltr'><strong><em>mysticarum</em></strong></span> <span class='ocrx_word' id='word_1_303' title='bbox 901 2388 1835 2457; x_wconf 80' lang='lat' dir='ltr'><strong><em>contemplationutnexercitatione</em></strong></span> <span class='ocrx_word' id='word_1_304' title='bbox 1875 2398 1928 2440; x_wconf 90' lang='lat' dir='ltr'><strong><em>et</em></strong></span> <span class='ocrx_word' id='word_1_305' title='bbox 1959 2402 2086 2441; x_wconf 90' lang='lat' dir='ltr'><strong><em>sen-</em></strong></span> <span class='ocrx_word' id='word_1_306' title='bbox 2182 2394 2447 2451; x_wconf 87' lang='lat' dir='ltr'><strong><em>sanctum,</em></strong></span> <span class='ocrx_word' id='word_1_307' title='bbox 2475 2386 2796 2442; x_wconf 84' lang='lat' dir='ltr'><strong><em>Trinitatem</em></strong></span> <span class='ocrx_word' id='word_1_308' title='bbox 2823 2403 2983 2456; x_wconf 89' lang='lat' dir='ltr'><strong><em>supra</em></strong></span> <span class='ocrx_word' id='word_1_309' title='bbox 3011 2398 3284 2455; x_wconf 87' lang='lat' dir='ltr'><strong><em>naturam,</em></strong></span> <span class='ocrx_word' id='word_1_310' title='bbox 3347 2403 3397 2444; x_wconf 81' lang='lat' dir='ltr'><strong><em>et</em></strong></span> <span class='ocrx_word' id='word_1_311' title='bbox 3426 2392 3476 2445; x_wconf 92' lang='lat' dir='ltr'><strong><em>in</em></strong></span> <span class='ocrx_word' id='word_1_312' title='bbox 3505 2407 3596 2460; x_wconf 88' lang='lat' dir='ltr'><strong><em>qua</em></strong></span> <span class='ocrx_word' id='word_1_313' title='bbox 3620 2392 3726 2445; x_wconf 61' lang='grc' dir='ltr'><strong>εἰη).</strong></span> 
     </span>
    </p>
   </div>
   <div class='ocr_carea' id='block_1_40' title="bbox 512 2476 3724 2551">
    <p class='ocr_par' dir='ltr' id='par_1_40' title="bbox 512 2476 3724 2551">
     <span class='ocr_line' id='line_1_40' title="bbox 512 2476 3724 2551; baseline -0.001 -16"><span class='ocrx_word' id='word_1_314' title='bbox 512 2492 708 2545; x_wconf 89' lang='lat' dir='ltr'><strong><em>sus,et</em></strong></span> <span class='ocrx_word' id='word_1_315' title='bbox 755 2496 886 2535; x_wconf 89' lang='lat' dir='ltr'><strong><em>usus</em></strong></span> <span class='ocrx_word' id='word_1_316' title='bbox 928 2480 1130 2534; x_wconf 89' lang='lat' dir='ltr'><strong><em>mentis</em></strong></span> <span class='ocrx_word' id='word_1_317' title='bbox 1167 2479 1431 2546; x_wconf 89' lang='lat' dir='ltr'><strong><em>relinque,</em></strong></span> <span class='ocrx_word' id='word_1_318' title='bbox 1482 2487 1535 2531; x_wconf 89' lang='lat' dir='ltr'><strong><em>et</em></strong></span> <span class='ocrx_word' id='word_1_319' title='bbox 1579 2476 1758 2531; x_wconf 90' lang='lat' dir='ltr'><strong><em>omnia</em></strong></span> <span class='ocrx_word' id='word_1_320' title='bbox 1806 2491 1925 2545; x_wconf 76' lang='lat' dir='ltr'><strong><em>qus:</em></strong></span> <span class='ocrx_word' id='word_1_321' title='bbox 1982 2477 2083 2529; x_wconf 90' lang='lat' dir='ltr'><strong><em>sub</em></strong></span> <span class='ocrx_word' id='word_1_322' title='bbox 2184 2476 2365 2544; x_wconf 80' lang='lat' dir='ltr'><strong><em>plicia,</em></strong></span> <span class='ocrx_word' id='word_1_323' title='bbox 2414 2486 2468 2530; x_wconf 89' lang='lat' dir='ltr'><strong><em>et</em></strong></span> <span class='ocrx_word' id='word_1_324' title='bbox 2526 2478 2813 2544; x_wconf 85' lang='lat' dir='ltr'><strong><em>absoluta,</em></strong></span> <span class='ocrx_word' id='word_1_325' title='bbox 2879 2488 3040 2547; x_wconf 84' lang='lat' dir='ltr'><strong><em>atque</em></strong></span> <span class='ocrx_word' id='word_1_326' title='bbox 3093 2480 3458 2535; x_wconf 71' lang='lat' dir='ltr'><strong><em>immutabilis</em></strong></span> <span class='ocrx_word' id='word_1_327' title='bbox 3510 2482 3724 2551; x_wconf 77' lang='lat' dir='ltr'><strong><em>mysteria</em></strong></span> 
     </span>
    </p>
   </div>
   <div class='ocr_carea' id='block_1_41' title="bbox 514 2567 3721 2642">
    <p class='ocr_par' dir='ltr' id='par_1_41' title="bbox 514 2567 3721 2642">
     <span class='ocr_line' id='line_1_41' title="bbox 514 2567 3721 2642; baseline 0.002 -18"><span class='ocrx_word' id='word_1_328' title='bbox 514 2587 729 2625; x_wconf 84' lang='lat' dir='ltr'><strong><em>sensum</em></strong></span> <span class='ocrx_word' id='word_1_329' title='bbox 756 2581 808 2625; x_wconf 90' lang='lat' dir='ltr'><strong><em>et</em></strong></span> <span class='ocrx_word' id='word_1_330' title='bbox 838 2570 1248 2640; x_wconf 78' lang='lat' dir='ltr'><strong><em>intelligentiam</em></strong></span> <span class='ocrx_word' id='word_1_331' title='bbox 1294 2569 1526 2629; x_wconf 86' lang='lat' dir='ltr'><strong><em>cadunt,</em></strong></span> <span class='ocrx_word' id='word_1_332' title='bbox 1566 2576 1631 2631; x_wconf 81' lang='lat' dir='ltr'><strong><em>et</em></strong></span> <span class='ocrx_word' id='word_1_333' title='bbox 1678 2567 1927 2621; x_wconf 89' lang='lat' dir='ltr'><strong><em>universa</em></strong></span> <span class='ocrx_word' id='word_1_334' title='bbox 1964 2582 2085 2636; x_wconf 70' lang='lat' dir='ltr'><strong><em>quae</em></strong></span> <span class='ocrx_word' id='word_1_335' title='bbox 2187 2569 2467 2637; x_wconf 61' lang='lat' dir='ltr'><strong><em>theologia;</em></strong></span> <span class='ocrx_word' id='word_1_336' title='bbox 2523 2571 2867 2642; x_wconf 79' lang='lat' dir='ltr'><strong><em>detegantur,</em></strong></span> <span class='ocrx_word' id='word_1_337' title='bbox 2905 2584 2959 2628; x_wconf 89' lang='lat' dir='ltr'><strong><em>et</em></strong></span> <span class='ocrx_word' id='word_1_338' title='bbox 3005 2575 3105 2642; x_wconf 90' lang='lat' dir='ltr'><strong><em>ipsi</em></strong></span> <span class='ocrx_word' id='word_1_339' title='bbox 3136 2576 3337 2629; x_wconf 82' lang='lat' dir='ltr'><strong><em>occulti</em></strong></span> <span class='ocrx_word' id='word_1_340' title='bbox 3376 2592 3635 2630; x_wconf 83' lang='lat' dir='ltr'><strong><em>sermones</em></strong></span> <span class='ocrx_word' id='word_1_341' title='bbox 3662 2574 3721 2629; x_wconf 83' lang='lat' dir='ltr'><strong><em>si-</em></strong></span> 
     </span>
    </p>
   </div>
   <div class='ocr_carea' id='block_1_42' title="bbox 513 2645 3731 2730">
    <p class='ocr_par' dir='ltr' id='par_1_42' title="bbox 513 2645 3731 2730">
     <span class='ocr_line' id='line_1_42' title="bbox 513 2645 3731 2730; baseline 0 -15"><span class='ocrx_word' id='word_1_342' title='bbox 513 2672 662 2725; x_wconf 88' lang='lat' dir='ltr'><strong><em>sunt,</em></strong></span> <span class='ocrx_word' id='word_1_343' title='bbox 689 2671 743 2714; x_wconf 90' lang='lat' dir='ltr'><strong><em>et</em></strong></span> <span class='ocrx_word' id='word_1_344' title='bbox 794 2676 899 2715; x_wconf 92' lang='lat' dir='ltr'><strong><em>non</em></strong></span> <span class='ocrx_word' id='word_1_345' title='bbox 934 2669 1066 2715; x_wconf 91' lang='lat' dir='ltr'><strong><em>sunt</em></strong></span> <span class='ocrx_word' id='word_1_346' title='bbox 1096 2660 1172 2728; x_wconf 85' lang='grc'><strong>(5)</strong></span> <span class='ocrx_word' id='word_1_347' title='bbox 1209 2676 1223 2711; x_wconf 89' lang='lat'><strong>:</strong></span> <span class='ocrx_word' id='word_1_348' title='bbox 1257 2670 1310 2713; x_wconf 90' lang='lat' dir='ltr'><strong><em>et</em></strong></span> <span class='ocrx_word' id='word_1_349' title='bbox 1342 2661 1408 2713; x_wconf 86' lang='lat' dir='ltr'><strong><em>ad</em></strong></span> <span class='ocrx_word' id='word_1_350' title='bbox 1451 2658 1870 2727; x_wconf 83' lang='lat' dir='ltr'><strong><em>copulationem,</em></strong></span> <span class='ocrx_word' id='word_1_351' title='bbox 1906 2674 2083 2728; x_wconf 85' lang='lat' dir='ltr'><strong><em>quan-</em></strong></span> <span class='ocrx_word' id='word_1_352' title='bbox 2188 2657 2335 2712; x_wconf 92' lang='lat' dir='ltr'><strong><em>lentii</em></strong></span> <span class='ocrx_word' id='word_1_353' title='bbox 2364 2658 2684 2725; x_wconf 79' lang='lat' dir='ltr'><strong><em>ineii‘abilis;</em></strong></span> <span class='ocrx_word' id='word_1_354' title='bbox 2718 2677 2884 2729; x_wconf 86' lang='lat' dir='ltr'><strong><em>quare</em></strong></span> <span class='ocrx_word' id='word_1_355' title='bbox 2913 2662 2957 2716; x_wconf 91' lang='lat' dir='ltr'><strong><em>si</em></strong></span> <span class='ocrx_word' id='word_1_356' title='bbox 2990 2678 3108 2730; x_wconf 62' lang='lat' dir='ltr'><strong><em>qua:</em></strong></span> <span class='ocrx_word' id='word_1_357' title='bbox 3139 2671 3223 2718; x_wconf 89' lang='lat' dir='ltr'><strong><em>est</em></strong></span> <span class='ocrx_word' id='word_1_358' title='bbox 3251 2675 3441 2719; x_wconf 85' lang='lat' dir='ltr'><strong><em>natura</em></strong></span> <span class='ocrx_word' id='word_1_359' title='bbox 3466 2680 3562 2717; x_wconf 90' lang='lat' dir='ltr'><strong><em>non</em></strong></span> <span class='ocrx_word' id='word_1_360' title='bbox 3599 2645 3731 2717; x_wconf 8' lang='lat' dir='ltr'><strong><em>crea-l</em></strong></span> 
     </span>
    </p>
   </div>
   <div class='ocr_carea' id='block_1_43' title="bbox 515 2747 3729 2821">
    <p class='ocr_par' dir='ltr' id='par_1_43' title="bbox 515 2747 3729 2821">
     <span class='ocr_line' id='line_1_43' title="bbox 515 2747 3729 2821; baseline 0 -16"><span class='ocrx_word' id='word_1_361' title='bbox 515 2761 627 2805; x_wconf 86' lang='lat' dir='ltr'><strong><em>tum</em></strong></span> <span class='ocrx_word' id='word_1_362' title='bbox 656 2749 915 2817; x_wconf 87' lang='lat' dir='ltr'><strong><em>consequi</em></strong></span> <span class='ocrx_word' id='word_1_363' title='bbox 945 2760 1118 2818; x_wconf 89' lang='lat' dir='ltr'><strong><em>potes,</em></strong></span> <span class='ocrx_word' id='word_1_364' title='bbox 1148 2764 1271 2803; x_wconf 91' lang='lat' dir='ltr'><strong><em>cum</em></strong></span> <span class='ocrx_word' id='word_1_365' title='bbox 1298 2763 1362 2803; x_wconf 91' lang='lat' dir='ltr'><strong><em>eo</em></strong></span> <span class='ocrx_word' id='word_1_366' title='bbox 1395 2749 1484 2815; x_wconf 91' lang='lat' dir='ltr'><strong><em>qui</em></strong></span> <span class='ocrx_word' id='word_1_367' title='bbox 1515 2763 1676 2815; x_wconf 83' lang='lat' dir='ltr'><strong><em>supra</em></strong></span> <span class='ocrx_word' id='word_1_368' title='bbox 1710 2761 1927 2801; x_wconf 87' lang='lat' dir='ltr'><strong><em>omnem</em></strong></span> <span class='ocrx_word' id='word_1_369' title='bbox 1954 2747 2089 2799; x_wconf 87' lang='lat' dir='ltr'><strong><em>sub-</em></strong></span> <span class='ocrx_word' id='word_1_370' title='bbox 2192 2760 2243 2803; x_wconf 89' lang='lat' dir='ltr'><strong><em>ta</em></strong></span> <span class='ocrx_word' id='word_1_371' title='bbox 2266 2790 2281 2813; x_wconf 92' lang='lat'><strong><em>,</em></strong></span> <span class='ocrx_word' id='word_1_372' title='bbox 2321 2767 2382 2805; x_wconf 86' lang='lat' dir='ltr'><strong><em>ea</em></strong></span> <span class='ocrx_word' id='word_1_373' title='bbox 2424 2763 2505 2806; x_wconf 87' lang='lat' dir='ltr'><strong><em>est</em></strong></span> <span class='ocrx_word' id='word_1_374' title='bbox 2537 2751 2697 2807; x_wconf 86' lang='lat' dir='ltr'><strong><em>Pater</em></strong></span> <span class='ocrx_word' id='word_1_375' title='bbox 2727 2763 2782 2808; x_wconf 89' lang='lat' dir='ltr'><strong><em>et</em></strong></span> <span class='ocrx_word' id='word_1_376' title='bbox 2825 2754 2994 2808; x_wconf 82' lang='lat' dir='ltr'><strong><em>Filius</em></strong></span> <span class='ocrx_word' id='word_1_377' title='bbox 3039 2764 3093 2809; x_wconf 89' lang='lat' dir='ltr'><strong><em>et</em></strong></span> <span class='ocrx_word' id='word_1_378' title='bbox 3141 2755 3384 2821; x_wconf 86' lang='lat' dir='ltr'><strong><em>Spiritus</em></strong></span> <span class='ocrx_word' id='word_1_379' title='bbox 3418 2767 3636 2811; x_wconf 86' lang='lat' dir='ltr'><strong><em>sanctus.</em></strong></span> <span class='ocrx_word' id='word_1_380' title='bbox 3674 2754 3729 2807; x_wconf 84' lang='lat' dir='ltr'><strong><em>Et</em></strong></span> 
     </span>
    </p>
   </div>
   <div class='ocr_carea' id='block_1_44' title="bbox 512 2838 3726 2909">
    <p class='ocr_par' dir='ltr' id='par_1_44' title="bbox 512 2838 3726 2909">
     <span class='ocr_line' id='line_1_44' title="bbox 512 2838 3726 2909; baseline -0.002 -12"><span class='ocrx_word' id='word_1_381' title='bbox 512 2841 766 2897; x_wconf 79' lang='lat' dir='ltr'><strong><em>stantiam</em></strong></span> <span class='ocrx_word' id='word_1_382' title='bbox 804 2849 858 2896; x_wconf 90' lang='lat' dir='ltr'><strong><em>et</em></strong></span> <span class='ocrx_word' id='word_1_383' title='bbox 891 2840 1254 2909; x_wconf 80' lang='lat' dir='ltr'><strong><em>cognitionem</em></strong></span> <span class='ocrx_word' id='word_1_384' title='bbox 1294 2849 1411 2903; x_wconf 90' lang='lat' dir='ltr'><strong><em>est,</em></strong></span> <span class='ocrx_word' id='word_1_385' title='bbox 1448 2841 1629 2909; x_wconf 81' lang='lat' dir='ltr'><strong><em>ignoto</em></strong></span> <span class='ocrx_word' id='word_1_386' title='bbox 1661 2838 1739 2909; x_wconf 85' lang='lat'><strong><em>(6)</em></strong></span> <span class='ocrx_word' id='word_1_387' title='bbox 1776 2840 2040 2894; x_wconf 87' lang='lat' dir='ltr'><strong><em>contende</em></strong></span> <span class='ocrx_word' id='word_1_388' title='bbox 2076 2860 2087 2894; x_wconf 94' lang='lat'><strong>:</strong></span> <span class='ocrx_word' id='word_1_389' title='bbox 2193 2855 2381 2894; x_wconf 56' lang='lat' dir='ltr'><strong><em>rursus</em></strong></span> <span class='ocrx_word' id='word_1_390' title='bbox 2412 2858 2424 2891; x_wconf 91' lang='lat'><strong>:</strong></span> <span class='ocrx_word' id='word_1_391' title='bbox 2454 2839 2509 2894; x_wconf 91' lang='lat' dir='ltr'><strong><em>Si</em></strong></span> <span class='ocrx_word' id='word_1_392' title='bbox 2556 2840 2683 2908; x_wconf 90' lang='lat' dir='ltr'><strong><em>quid</em></strong></span> <span class='ocrx_word' id='word_1_393' title='bbox 2729 2852 2809 2895; x_wconf 91' lang='lat' dir='ltr'><strong><em>est</em></strong></span> <span class='ocrx_word' id='word_1_394' title='bbox 2859 2840 3039 2905; x_wconf 87' lang='lat' dir='ltr'><strong><em>Pater,</em></strong></span> <span class='ocrx_word' id='word_1_395' title='bbox 3088 2851 3142 2895; x_wconf 90' lang='lat' dir='ltr'><strong><em>et</em></strong></span> <span class='ocrx_word' id='word_1_396' title='bbox 3180 2842 3374 2904; x_wconf 84' lang='lat' dir='ltr'><strong><em>Filius,</em></strong></span> <span class='ocrx_word' id='word_1_397' title='bbox 3422 2851 3476 2895; x_wconf 89' lang='lat' dir='ltr'><strong><em>et</em></strong></span> <span class='ocrx_word' id='word_1_398' title='bbox 3526 2840 3726 2908; x_wconf 87' lang='lat' dir='ltr'><strong><em>Spiritus</em></strong></span> 
     </span>
    </p>
   </div>
   <div class='ocr_carea' id='block_1_45' title="bbox 516 2929 3728 2999">
    <p class='ocr_par' dir='ltr' id='par_1_45' title="bbox 516 2929 3728 2999">
     <span class='ocr_line' id='line_1_45' title="bbox 516 2929 3728 2999; baseline -0.001 -14"><span class='ocrx_word' id='word_1_399' title='bbox 516 2936 574 2985; x_wconf 84' lang='lat' dir='ltr'><strong><em>et</em></strong></span> <span class='ocrx_word' id='word_1_400' title='bbox 602 2941 753 2985; x_wconf 76' lang='lat' dir='ltr'><strong><em>extra</em></strong></span> <span class='ocrx_word' id='word_1_401' title='bbox 785 2940 835 2986; x_wconf 88' lang='lat' dir='ltr'><strong><em>te</em></strong></span> <span class='ocrx_word' id='word_1_402' title='bbox 873 2932 1083 2999; x_wconf 87' lang='lat' dir='ltr'><strong><em>positus</em></strong></span> <span class='ocrx_word' id='word_1_403' title='bbox 1114 2946 1264 2999; x_wconf 87' lang='lat' dir='ltr'><strong><em>pure.</em></strong></span> <span class='ocrx_word' id='word_1_404' title='bbox 1312 2940 1366 2986; x_wconf 91' lang='lat' dir='ltr'><strong><em>et</em></strong></span> <span class='ocrx_word' id='word_1_405' title='bbox 1396 2931 1463 2984; x_wconf 90' lang='lat' dir='ltr'><strong><em>ab</em></strong></span> <span class='ocrx_word' id='word_1_406' title='bbox 1508 2930 1762 2987; x_wconf 80' lang='lat' dir='ltr'><strong><em>omnibus</em></strong></span> <span class='ocrx_word' id='word_1_407' title='bbox 1800 2929 2009 2985; x_wconf 90' lang='lat' dir='ltr'><strong><em>solutus</em></strong></span> <span class='ocrx_word' id='word_1_408' title='bbox 2037 2939 2093 2985; x_wconf 86' lang='lat' dir='ltr'><strong><em>et</em></strong></span> <span class='ocrx_word' id='word_1_409' title='bbox 2192 2941 2431 2993; x_wconf 89' lang='lat' dir='ltr'><strong><em>sanctus,</em></strong></span> <span class='ocrx_word' id='word_1_410' title='bbox 2468 2931 2581 2984; x_wconf 87' lang='lat' dir='ltr'><strong><em>sola</em></strong></span> <span class='ocrx_word' id='word_1_411' title='bbox 2617 2946 2721 2984; x_wconf 92' lang='lat' dir='ltr'><strong><em>non</em></strong></span> <span class='ocrx_word' id='word_1_412' title='bbox 2762 2940 2941 2984; x_wconf 85' lang='lat' dir='ltr'><strong><em>creata</em></strong></span> <span class='ocrx_word' id='word_1_413' title='bbox 2978 2942 3165 2985; x_wconf 88' lang='lat' dir='ltr'><strong><em>natura</em></strong></span> <span class='ocrx_word' id='word_1_414' title='bbox 3210 2941 3299 2986; x_wconf 90' lang='lat' dir='ltr'><strong><em>est</em></strong></span> <span class='ocrx_word' id='word_1_415' title='bbox 3325 2974 3338 2998; x_wconf 92' lang='lat'><strong><em>,</em></strong></span> <span class='ocrx_word' id='word_1_416' title='bbox 3384 2941 3437 2987; x_wconf 91' lang='lat' dir='ltr'><strong><em>et</em></strong></span> <span class='ocrx_word' id='word_1_417' title='bbox 3481 2947 3589 2985; x_wconf 89' lang='lat' dir='ltr'><strong><em>cum</em></strong></span> <span class='ocrx_word' id='word_1_418' title='bbox 3619 2930 3728 2983; x_wconf 89' lang='lat' dir='ltr'><strong><em>dici-</em></strong></span> 
     </span>
    </p>
   </div>
   <div class='ocr_carea' id='block_1_46' title="bbox 513 3018 3729 3086">
    <p class='ocr_par' dir='ltr' id='par_1_46' title="bbox 513 3018 3729 3086">
     <span class='ocr_line' id='line_1_46' title="bbox 513 3018 3729 3086; baseline 0 -14"><span class='ocrx_word' id='word_1_419' title='bbox 513 3018 654 3075; x_wconf 88' lang='lat' dir='ltr'><strong><em>ilber</em></strong></span> <span class='ocrx_word' id='word_1_420' title='bbox 674 3019 739 3074; x_wconf 89' lang='lat' dir='ltr'><strong><em>ad</em></strong></span> <span class='ocrx_word' id='word_1_421' title='bbox 776 3021 980 3075; x_wconf 88' lang='lat' dir='ltr'><strong><em>radium</em></strong></span> <span class='ocrx_word' id='word_1_422' title='bbox 1002 3022 1241 3076; x_wconf 85' lang='lat' dir='ltr'><strong><em>divinum</em></strong></span> <span class='ocrx_word' id='word_1_423' title='bbox 1267 3020 2094 3086; x_wconf 68' lang='lat' dir='ltr'><strong><em>divinaeobscuritatis,0tnnibus</em></strong></span> <span class='ocrx_word' id='word_1_424' title='bbox 2195 3035 2317 3074; x_wconf 89' lang='lat' dir='ltr'><strong><em>mus</em></strong></span> <span class='ocrx_word' id='word_1_425' title='bbox 2363 3037 2376 3074; x_wconf 94' lang='lat'>:</span> <span class='ocrx_word' id='word_1_426' title='bbox 2427 3018 2472 3076; x_wconf 91' lang='grc' dir='ltr'>Ο</span> <span class='ocrx_word' id='word_1_427' title='bbox 2519 3031 2711 3074; x_wconf 85' lang='lat' dir='ltr'><strong><em>natura</em></strong></span> <span class='ocrx_word' id='word_1_428' title='bbox 2754 3036 2858 3074; x_wconf 91' lang='lat' dir='ltr'><strong><em>non</em></strong></span> <span class='ocrx_word' id='word_1_429' title='bbox 2890 3028 3075 3075; x_wconf 87' lang='lat' dir='ltr'><strong><em>creata</em></strong></span> <span class='ocrx_word' id='word_1_430' title='bbox 3100 3062 3115 3084; x_wconf 96' lang='lat'><strong><em>,</em></strong></span> <span class='ocrx_word' id='word_1_431' title='bbox 3149 3031 3351 3075; x_wconf 87' lang='lat' dir='ltr'><strong><em>auctor</em></strong></span> <span class='ocrx_word' id='word_1_432' title='bbox 3379 3023 3628 3080; x_wconf 86' lang='lat' dir='ltr'><strong><em>omnium.</em></strong></span> <span class='ocrx_word' id='word_1_433' title='bbox 3659 3019 3729 3072; x_wconf 77' lang='lat' dir='ltr'><strong><em>vel</em></strong></span> 
     </span>
    </p>
   </div>
   <div class='ocr_carea' id='block_1_47' title="bbox 514 3111 3729 3184">
    <p class='ocr_par' dir='ltr' id='par_1_47' title="bbox 514 3111 3729 3184">
     <span class='ocr_line' id='line_1_47' title="bbox 514 3111 3729 3184; baseline -0.001 -19"><span class='ocrx_word' id='word_1_434' title='bbox 514 3112 733 3178; x_wconf 88' lang='lat' dir='ltr'><strong><em>ablatis,</em></strong></span> <span class='ocrx_word' id='word_1_435' title='bbox 769 3122 827 3167; x_wconf 88' lang='lat' dir='ltr'><strong><em>et</em></strong></span> <span class='ocrx_word' id='word_1_436' title='bbox 873 3112 942 3166; x_wconf 90' lang='lat' dir='ltr'><strong><em>ab</em></strong></span> <span class='ocrx_word' id='word_1_437' title='bbox 979 3114 1229 3170; x_wconf 89' lang='lat' dir='ltr'><strong><em>omnibus</em></strong></span> <span class='ocrx_word' id='word_1_438' title='bbox 1278 3113 1564 3184; x_wconf 86' lang='lat' dir='ltr'><strong><em>expeditus</em></strong></span> <span class='ocrx_word' id='word_1_439' title='bbox 1610 3112 1923 3167; x_wconf 79' lang='lat' dir='ltr'><strong><em>adduccri’s.</em></strong></span> <span class='ocrx_word' id='word_1_440' title='bbox 1962 3111 2093 3169; x_wconf 83' lang='lat' dir='ltr'><strong><em>Vide</em></strong></span> <span class='ocrx_word' id='word_1_441' title='bbox 2197 3121 2393 3181; x_wconf 64' lang='lat' dir='ltr'><strong><em>praeter</em></strong></span> <span class='ocrx_word' id='word_1_442' title='bbox 2430 3112 2669 3167; x_wconf 83' lang='lat' dir='ltr'><strong><em>divinam</em></strong></span> <span class='ocrx_word' id='word_1_443' title='bbox 2719 3121 2969 3167; x_wconf 87' lang='lat' dir='ltr'><strong><em>naturam</em></strong></span> <span class='ocrx_word' id='word_1_444' title='bbox 3029 3111 3162 3166; x_wconf 90' lang='lat' dir='ltr'><strong><em>nihil</em></strong></span> <span class='ocrx_word' id='word_1_445' title='bbox 3213 3123 3303 3167; x_wconf 86' lang='lat' dir='ltr'><strong><em>est</em></strong></span> <span class='ocrx_word' id='word_1_446' title='bbox 3348 3130 3452 3169; x_wconf 93' lang='lat' dir='ltr'><strong><em>non</em></strong></span> <span class='ocrx_word' id='word_1_447' title='bbox 3487 3125 3729 3174; x_wconf 86' lang='lat' dir='ltr'><strong><em>creatum,</em></strong></span> 
     </span>
    </p>
   </div>
   <div class='ocr_carea' id='block_1_48' title="bbox 516 3203 3731 3274">
    <p class='ocr_par' dir='ltr' id='par_1_48' title="bbox 516 3203 3731 3274">
     <span class='ocr_line' id='line_1_48' title="bbox 516 3203 3731 3274; baseline 0.001 -19"><span class='ocrx_word' id='word_1_448' title='bbox 516 3212 722 3268; x_wconf 79' lang='lat' dir='ltr'><strong><em>autem,</em></strong></span> <span class='ocrx_word' id='word_1_449' title='bbox 757 3213 815 3257; x_wconf 92' lang='lat' dir='ltr'><strong><em>ut</em></strong></span> <span class='ocrx_word' id='word_1_450' title='bbox 844 3218 1002 3259; x_wconf 90' lang='lat' dir='ltr'><strong><em>nemo</em></strong></span> <span class='ocrx_word' id='word_1_451' title='bbox 1028 3205 1144 3261; x_wconf 75' lang='lat' dir='ltr'><strong><em>lucc</em></strong></span> <span class='ocrx_word' id='word_1_452' title='bbox 1173 3206 1357 3259; x_wconf 83' lang='lat' dir='ltr'><strong><em>audiat</em></strong></span> <span class='ocrx_word' id='word_1_453' title='bbox 1389 3219 1454 3259; x_wconf 89' lang='lat' dir='ltr'><strong><em>ex</em></strong></span> <span class='ocrx_word' id='word_1_454' title='bbox 1483 3204 1548 3259; x_wconf 86' lang='lat' dir='ltr'><strong><em>iis</em></strong></span> <span class='ocrx_word' id='word_1_455' title='bbox 1586 3205 1677 3273; x_wconf 91' lang='lat' dir='ltr'><strong><em>qui</em></strong></span> <span class='ocrx_word' id='word_1_456' title='bbox 1710 3221 1812 3260; x_wconf 91' lang='lat' dir='ltr'><strong><em>non</em></strong></span> <span class='ocrx_word' id='word_1_457' title='bbox 1852 3218 1975 3260; x_wconf 89' lang='lat' dir='ltr'><strong><em>sunt</em></strong></span> <span class='ocrx_word' id='word_1_458' title='bbox 2009 3206 2094 3259; x_wconf 83' lang='lat' dir='ltr'><strong><em>in-</em></strong></span> <span class='ocrx_word' id='word_1_459' title='bbox 2199 3204 2469 3271; x_wconf 88' lang='lat' dir='ltr'><strong><em>implicate</em></strong></span> <span class='ocrx_word' id='word_1_460' title='bbox 2499 3204 2730 3260; x_wconf 87' lang='lat' dir='ltr'><strong><em>dicimus</em></strong></span> <span class='ocrx_word' id='word_1_461' title='bbox 2768 3204 3005 3269; x_wconf 64' lang='lat' dir='ltr'><strong><em>Patrem,</em></strong></span> <span class='ocrx_word' id='word_1_462' title='bbox 3043 3213 3097 3258; x_wconf 89' lang='lat' dir='ltr'><strong><em>et</em></strong></span> <span class='ocrx_word' id='word_1_463' title='bbox 3145 3203 3375 3269; x_wconf 71' lang='lat' dir='ltr'><strong><em>Filium,</em></strong></span> <span class='ocrx_word' id='word_1_464' title='bbox 3420 3217 3469 3259; x_wconf 91' lang='lat' dir='ltr'><strong><em>et</em></strong></span> <span class='ocrx_word' id='word_1_465' title='bbox 3506 3205 3731 3274; x_wconf 72' lang='lat' dir='ltr'><strong><em>Spiritum</em></strong></span> 
     </span>
    </p>
   </div>
   <div class='ocr_carea' id='block_1_49' title="bbox 517 3294 3733 3375">
    <p class='ocr_par' dir='ltr' id='par_1_49' title="bbox 517 3294 3733 3375">
     <span class='ocr_line' id='line_1_49' title="bbox 517 3294 3733 3375; baseline -0.001 -26"><span class='ocrx_word' id='word_1_466' title='bbox 517 3295 746 3361; x_wconf 87' lang='lat' dir='ltr'><strong><em>structi;</em></strong></span> <span class='ocrx_word' id='word_1_467' title='bbox 790 3295 890 3352; x_wconf 85' lang='lat' dir='ltr'><strong><em>hos</em></strong></span> <span class='ocrx_word' id='word_1_468' title='bbox 918 3295 1065 3365; x_wconf 88' lang='lat' dir='ltr'><strong><em>dico,</em></strong></span> <span class='ocrx_word' id='word_1_469' title='bbox 1095 3296 1187 3367; x_wconf 92' lang='lat' dir='ltr'><strong><em>qui</em></strong></span> <span class='ocrx_word' id='word_1_470' title='bbox 1218 3296 1378 3351; x_wconf 88' lang='lat' dir='ltr'><strong><em>rebus</em></strong></span> <span class='ocrx_word' id='word_1_471' title='bbox 1418 3296 1653 3352; x_wconf 86' lang='lat' dir='ltr'><strong><em>terrenis</em></strong></span> <span class='ocrx_word' id='word_1_472' title='bbox 1688 3296 2089 3361; x_wconf 73' lang='lat' dir='ltr'><strong><em>adluerescunt,</em></strong></span> <span class='ocrx_word' id='word_1_473' title='bbox 2120 3312 2167 3375; x_wconf 70' lang='grc' dir='ltr'>ο</span> <span class='ocrx_word' id='word_1_474' title='bbox 2198 3304 2483 3362; x_wconf 89' lang='lat' dir='ltr'><strong><em>sanctum;</em></strong></span> <span class='ocrx_word' id='word_1_475' title='bbox 2520 3303 2574 3349; x_wconf 89' lang='lat' dir='ltr'><strong><em>et</em></strong></span> <span class='ocrx_word' id='word_1_476' title='bbox 2606 3309 2726 3349; x_wconf 90' lang='lat' dir='ltr'><strong><em>cum</em></strong></span> <span class='ocrx_word' id='word_1_477' title='bbox 2760 3309 2948 3350; x_wconf 90' lang='lat' dir='ltr'><strong><em>rursus</em></strong></span> <span class='ocrx_word' id='word_1_478' title='bbox 2995 3294 3227 3350; x_wconf 84' lang='lat' dir='ltr'><strong><em>dicimus</em></strong></span> <span class='ocrx_word' id='word_1_479' title='bbox 3270 3311 3291 3351; x_wconf 88' lang='lat'><strong>:</strong></span> <span class='ocrx_word' id='word_1_480' title='bbox 3335 3295 3490 3351; x_wconf 86' lang='lat' dir='ltr'><strong><em>Pater</em></strong></span> <span class='ocrx_word' id='word_1_481' title='bbox 3521 3296 3733 3364; x_wconf 56' lang='lat' dir='ltr'><strong><em>omnipo»</em></strong></span> 
     </span>
    </p>
   </div>
   <div class='ocr_carea' id='block_1_50' title="bbox 1975 3407 2252 3501">
    <p class='ocr_par' dir='ltr' id='par_1_50' title="bbox 1975 3407 2252 3501">
     <span class='ocr_line' id='line_1_50' title="bbox 1975 3407 2252 3501; baseline 0.007 -4"><span class='ocrx_word' id='word_1_482' title='bbox 1975 3407 2252 3501; x_wconf 68' lang='lat' dir='ltr'><strong><em>Scholia.</em></strong></span> 
     </span>
    </p>
   </div>
   <div class='ocr_carea' id='block_1_51' title="bbox 585 3583 2083 3657">
    <p class='ocr_par' dir='ltr' id='par_1_51' title="bbox 585 3583 2083 3657">
     <span class='ocr_line' id='line_1_51' title="bbox 585 3583 2083 3657; baseline -0.001 -18"><span class='ocrx_word' id='word_1_483' title='bbox 585 3585 661 3656; x_wconf 78' lang='lat' dir='ltr'><strong><em>(l)</em></strong></span> <span class='ocrx_word' id='word_1_484' title='bbox 688 3583 1017 3657; x_wconf 76' lang='lat' dir='ltr'><strong><em>Supraquom</em></strong></span> <span class='ocrx_word' id='word_1_485' title='bbox 1055 3588 1308 3656; x_wconf 82' lang='lat' dir='ltr'><strong><em>ignotum.</em></strong></span> <span class='ocrx_word' id='word_1_486' title='bbox 1350 3587 1483 3652; x_wconf 85' lang='lat' dir='ltr'><strong><em>Quia</em></strong></span> <span class='ocrx_word' id='word_1_487' title='bbox 1524 3587 1650 3654; x_wconf 88' lang='lat' dir='ltr'><strong><em>quid</em></strong></span> <span class='ocrx_word' id='word_1_488' title='bbox 1684 3586 1754 3640; x_wconf 86' lang='lat' dir='ltr'><strong><em>sit</em></strong></span> <span class='ocrx_word' id='word_1_489' title='bbox 1788 3585 1947 3651; x_wconf 69' lang='lat' dir='ltr'><strong><em>Deus,</em></strong></span> <span class='ocrx_word' id='word_1_490' title='bbox 1992 3585 2083 3653; x_wconf 88' lang='lat' dir='ltr'><strong><em>qui</em></strong></span> 
     </span>
    </p>
   </div>
   <div class='ocr_carea' id='block_1_52' title="bbox 2186 3568 3733 3653">
    <p class='ocr_par' dir='ltr' id='par_1_52' title="bbox 2186 3568 3733 3653">
     <span class='ocr_line' id='line_1_52' title="bbox 2186 3568 3733 3653; baseline -0.004 -17"><span class='ocrx_word' id='word_1_491' title='bbox 2186 3594 2368 3652; x_wconf 86' lang='lat' dir='ltr'><strong><em>potest</em></strong></span> <span class='ocrx_word' id='word_1_492' title='bbox 2398 3584 2595 3653; x_wconf 77' lang='lat' dir='ltr'><strong><em>caligo,</em></strong></span> <span class='ocrx_word' id='word_1_493' title='bbox 2624 3568 2797 3650; x_wconf 83' lang='lat' dir='ltr'><strong><em>neque</em></strong></span> <span class='ocrx_word' id='word_1_494' title='bbox 2826 3599 2948 3652; x_wconf 74' lang='lat' dir='ltr'><strong><em>qua:</em></strong></span> <span class='ocrx_word' id='word_1_495' title='bbox 2974 3583 3199 3652; x_wconf 75' lang='lat' dir='ltr'><strong><em>caligine</em></strong></span> <span class='ocrx_word' id='word_1_496' title='bbox 3223 3582 3441 3637; x_wconf 82' lang='lat' dir='ltr'><strong><em>obtecta</em></strong></span> <span class='ocrx_word' id='word_1_497' title='bbox 3463 3580 3596 3653; x_wconf 83' lang='lat' dir='ltr'><strong><em>sunt)</em></strong></span> <span class='ocrx_word' id='word_1_498' title='bbox 3619 3578 3733 3653; x_wconf 72' lang='lat' dir='ltr'><strong><em>vidit</em></strong></span> 
     </span>
    </p>
   </div>
   <div class='ocr_carea' id='block_1_53' title="bbox 516 3656 2087 3725">
    <p class='ocr_par' dir='ltr' id='par_1_53' title="bbox 516 3656 2087 3725">
     <span class='ocr_line' id='line_1_53' title="bbox 516 3656 2087 3725; baseline -0.003 -14"><span class='ocrx_word' id='word_1_499' title='bbox 516 3666 602 3711; x_wconf 85' lang='lat' dir='ltr'><strong><em>est</em></strong></span> <span class='ocrx_word' id='word_1_500' title='bbox 627 3667 811 3709; x_wconf 83' lang='lat' dir='ltr'><strong><em>sancta</em></strong></span> <span class='ocrx_word' id='word_1_501' title='bbox 843 3656 1102 3721; x_wconf 87' lang='lat' dir='ltr'><strong><em>Trinitas,</em></strong></span> <span class='ocrx_word' id='word_1_502' title='bbox 1133 3672 1237 3711; x_wconf 89' lang='lat' dir='ltr'><strong><em>non</em></strong></span> <span class='ocrx_word' id='word_1_503' title='bbox 1268 3658 1440 3709; x_wconf 91' lang='lat' dir='ltr'><strong><em>solum</em></strong></span> <span class='ocrx_word' id='word_1_504' title='bbox 1483 3667 1566 3711; x_wconf 90' lang='lat' dir='ltr'><strong><em>est</em></strong></span> <span class='ocrx_word' id='word_1_505' title='bbox 1595 3657 1833 3725; x_wconf 83' lang='lat' dir='ltr'><strong><em>ignotum</em></strong></span> <span class='ocrx_word' id='word_1_506' title='bbox 1853 3693 1867 3715; x_wconf 87' lang='lat'><strong><em>,</em></strong></span> <span class='ocrx_word' id='word_1_507' title='bbox 1900 3664 1957 3709; x_wconf 93' lang='lat' dir='ltr'><strong><em>ut</em></strong></span> <span class='ocrx_word' id='word_1_508' title='bbox 1988 3669 2087 3707; x_wconf 89' lang='lat' dir='ltr'><strong><em>nos</em></strong></span> 
     </span>
    </p>
   </div>
   <div class='ocr_carea' id='block_1_54' title="bbox 2187 3647 3733 3715">
    <p class='ocr_par' dir='ltr' id='par_1_54' title="bbox 2187 3647 3733 3715">
     <span class='ocr_line' id='line_1_54' title="bbox 2187 3647 3733 3715; baseline -0.005 -8"><span class='ocrx_word' id='word_1_509' title='bbox 2187 3647 2412 3713; x_wconf 74' lang='lat' dir='ltr'><strong><em>Paulus.</em></strong></span> <span class='ocrx_word' id='word_1_510' title='bbox 2443 3647 2781 3715; x_wconf 38' lang='lat' dir='ltr'><strong><em>et‘cognovit</em></strong></span> <span class='ocrx_word' id='word_1_511' title='bbox 2814 3647 2865 3706; x_wconf 83' lang='lat' dir='ltr'><strong><em>in</em></strong></span> <span class='ocrx_word' id='word_1_512' title='bbox 2920 3655 3039 3708; x_wconf 90' lang='lat' dir='ltr'><strong><em>luce</em></strong></span> <span class='ocrx_word' id='word_1_513' title='bbox 3079 3647 3399 3708; x_wconf 72' lang='lat' dir='ltr'><strong><em>clarissimae</em></strong></span> <span class='ocrx_word' id='word_1_514' title='bbox 3428 3647 3733 3704; x_wconf 83' lang='lat' dir='ltr'><strong><em>revelationis</em></strong></span> 
     </span>
    </p>
   </div>
   <div class='ocr_carea' id='block_1_55' title="bbox 518 3725 2082 3794">
    <p class='ocr_par' dir='ltr' id='par_1_55' title="bbox 518 3725 2082 3794">
     <span class='ocr_line' id='line_1_55' title="bbox 518 3725 2082 3794; baseline 0 -16"><span class='ocrx_word' id='word_1_515' title='bbox 518 3725 818 3793; x_wconf 77' lang='lat' dir='ltr'><strong><em>intelligere</em></strong></span> <span class='ocrx_word' id='word_1_516' title='bbox 851 3740 1136 3792; x_wconf 70' lang='lat' dir='ltr'><strong><em>possumus</em></strong></span> <span class='ocrx_word' id='word_1_517' title='bbox 1167 3726 1219 3779; x_wconf 90' lang='lat' dir='ltr'><strong><em>in</em></strong></span> <span class='ocrx_word' id='word_1_518' title='bbox 1247 3726 1513 3779; x_wconf 88' lang='lat' dir='ltr'><strong><em>creaturis</em></strong></span> <span class='ocrx_word' id='word_1_519' title='bbox 1552 3725 1754 3793; x_wconf 88' lang='lat' dir='ltr'><strong><em>aliquid</em></strong></span> <span class='ocrx_word' id='word_1_520' title='bbox 1784 3739 1904 3779; x_wconf 89' lang='lat' dir='ltr'><strong><em>esse</em></strong></span> <span class='ocrx_word' id='word_1_521' title='bbox 1928 3726 2082 3794; x_wconf 77' lang='lat' dir='ltr'><strong><em>igno-</em></strong></span> 
     </span>
    </p>
   </div>
   <div class='ocr_carea' id='block_1_56' title="bbox 520 3795 1538 3862">
    <p class='ocr_par' dir='ltr' id='par_1_56' title="bbox 520 3795 1538 3862">
     <span class='ocr_line' id='line_1_56' title="bbox 520 3795 1538 3862; baseline 0.002 -16"><span class='ocrx_word' id='word_1_522' title='bbox 520 3804 655 3852; x_wconf 85' lang='lat' dir='ltr'><strong><em>tum,</em></strong></span> <span class='ocrx_word' id='word_1_523' title='bbox 690 3796 779 3845; x_wconf 77' lang='lat' dir='ltr'><strong><em>seti</em></strong></span> <span class='ocrx_word' id='word_1_524' title='bbox 809 3803 889 3845; x_wconf 85' lang='lat' dir='ltr'><strong><em>est</em></strong></span> <span class='ocrx_word' id='word_1_525' title='bbox 914 3809 1240 3862; x_wconf 84' lang='lat' dir='ltr'><strong><em>supraquum</em></strong></span> <span class='ocrx_word' id='word_1_526' title='bbox 1276 3795 1538 3855; x_wconf 72' lang='lat' dir='ltr'><strong><em>ignotum.</em></strong></span> 
     </span>
    </p>
   </div>
   <div class='ocr_carea' id='block_1_57' title="bbox 590 3862 2082 3934">
    <p class='ocr_par' dir='ltr' id='par_1_57' title="bbox 590 3862 2082 3934">
     <span class='ocr_line' id='line_1_57' title="bbox 590 3862 2082 3934; baseline 0.002 -21"><span class='ocrx_word' id='word_1_527' title='bbox 590 3862 665 3929; x_wconf 69' lang='lat'><strong><em>(‘2)</em></strong></span> <span class='ocrx_word' id='word_1_528' title='bbox 705 3862 1262 3934; x_wconf 20' lang='lat' dir='ltr'><strong><em>Supraquamilucetts.</em></strong></span> <span class='ocrx_word' id='word_1_529' title='bbox 1293 3863 1424 3934; x_wconf 84' lang='lat' dir='ltr'><strong><em>Quia</em></strong></span> <span class='ocrx_word' id='word_1_530' title='bbox 1460 3863 1695 3934; x_wconf 87' lang='lat' dir='ltr'><strong><em>cognitio</em></strong></span> <span class='ocrx_word' id='word_1_531' title='bbox 1723 3872 1804 3917; x_wconf 87' lang='lat' dir='ltr'><strong><em>est</em></strong></span> <span class='ocrx_word' id='word_1_532' title='bbox 1837 3863 2082 3929; x_wconf 73' lang='lat' dir='ltr'><strong><em>quaedam</em></strong></span> 
     </span>
    </p>
   </div>
   <div class='ocr_carea' id='block_1_58' title="bbox 521 3930 2081 4001">
    <p class='ocr_par' dir='ltr' id='par_1_58' title="bbox 521 3930 2081 4001">
     <span class='ocr_line' id='line_1_58' title="bbox 521 3930 2081 4001; baseline 0.002 -20"><span class='ocrx_word' id='word_1_533' title='bbox 521 3930 605 4001; x_wconf 74' lang='lat' dir='ltr'><strong><em>lux</em></strong></span> <span class='ocrx_word' id='word_1_534' title='bbox 644 3932 856 4001; x_wconf 82' lang='lat' dir='ltr'><strong><em>mentis,</em></strong></span> <span class='ocrx_word' id='word_1_535' title='bbox 885 3933 1149 4000; x_wconf 76' lang='lat' dir='ltr'><strong><em>significat</em></strong></span> <span class='ocrx_word' id='word_1_536' title='bbox 1184 3931 1485 4001; x_wconf 86' lang='lat' dir='ltr'><strong><em>Dionysius,</em></strong></span> <span class='ocrx_word' id='word_1_537' title='bbox 1519 3930 1624 3985; x_wconf 79' lang='lat' dir='ltr'><strong><em>non</em></strong></span> <span class='ocrx_word' id='word_1_538' title='bbox 1655 3948 1775 3986; x_wconf 82' lang='lat' dir='ltr'><strong><em>esse</em></strong></span> <span class='ocrx_word' id='word_1_539' title='bbox 1807 3934 2081 3999; x_wconf 87' lang='lat' dir='ltr'><strong><em>proprium</em></strong></span> 
     </span>
    </p>
   </div>
   <div class='ocr_carea' id='block_1_59' title="bbox 523 3999 2082 4069">
    <p class='ocr_par' dir='ltr' id='par_1_59' title="bbox 523 3999 2082 4069">
     <span class='ocr_line' id='line_1_59' title="bbox 523 3999 2082 4069; baseline 0.001 -19"><span class='ocrx_word' id='word_1_540' title='bbox 523 3999 613 4069; x_wconf 71' lang='lat' dir='ltr'><strong><em>Dei</em></strong></span> <span class='ocrx_word' id='word_1_541' title='bbox 653 4000 731 4052; x_wconf 90' lang='lat' dir='ltr'><strong><em>sic</em></strong></span> <span class='ocrx_word' id='word_1_542' title='bbox 765 3999 1016 4065; x_wconf 74' lang='lat' dir='ltr'><strong><em>cognosci</em></strong></span> <span class='ocrx_word' id='word_1_543' title='bbox 1064 4001 1205 4069; x_wconf 89' lang='lat' dir='ltr'><strong><em>quod</em></strong></span> <span class='ocrx_word' id='word_1_544' title='bbox 1240 3999 1332 4062; x_wconf 79' lang='lat' dir='ltr'><strong><em>sit,</em></strong></span> <span class='ocrx_word' id='word_1_545' title='bbox 1364 4009 1417 4054; x_wconf 86' lang='lat' dir='ltr'><strong><em>et</em></strong></span> <span class='ocrx_word' id='word_1_546' title='bbox 1450 4003 1622 4055; x_wconf 85' lang='lat' dir='ltr'><strong><em>bomts</em></strong></span> <span class='ocrx_word' id='word_1_547' title='bbox 1666 4003 1757 4065; x_wconf 88' lang='lat' dir='ltr'><strong><em>sit,</em></strong></span> <span class='ocrx_word' id='word_1_548' title='bbox 1790 4010 1841 4054; x_wconf 92' lang='lat' dir='ltr'><strong><em>et</em></strong></span> <span class='ocrx_word' id='word_1_549' title='bbox 1876 4002 2082 4068; x_wconf 85' lang='lat' dir='ltr'><strong><em>reliqua</em></strong></span> 
     </span>
    </p>
   </div>
   <div class='ocr_carea' id='block_1_60' title="bbox 521 4068 2087 4138">
    <p class='ocr_par' dir='ltr' id='par_1_60' title="bbox 521 4068 2087 4138">
     <span class='ocr_line' id='line_1_60' title="bbox 521 4068 2087 4138; baseline 0.003 -19"><span class='ocrx_word' id='word_1_550' title='bbox 521 4068 786 4138; x_wconf 83' lang='lat' dir='ltr'><strong><em>ejusmodi</em></strong></span> <span class='ocrx_word' id='word_1_551' title='bbox 824 4069 912 4120; x_wconf 91' lang='lat' dir='ltr'><strong><em>Dei</em></strong></span> <span class='ocrx_word' id='word_1_552' title='bbox 950 4070 1183 4137; x_wconf 89' lang='lat' dir='ltr'><strong><em>propria,</em></strong></span> <span class='ocrx_word' id='word_1_553' title='bbox 1212 4072 1351 4123; x_wconf 91' lang='lat' dir='ltr'><strong><em>sicut</em></strong></span> <span class='ocrx_word' id='word_1_554' title='bbox 1388 4085 1489 4124; x_wconf 88' lang='lat' dir='ltr'><strong><em>nos</em></strong></span> <span class='ocrx_word' id='word_1_555' title='bbox 1517 4071 1885 4138; x_wconf 79' lang='lat' dir='ltr'><strong><em>intelligimus.</em></strong></span> <span class='ocrx_word' id='word_1_556' title='bbox 1916 4080 1968 4122; x_wconf 90' lang='lat' dir='ltr'><strong><em>et</em></strong></span> <span class='ocrx_word' id='word_1_557' title='bbox 1997 4088 2087 4124; x_wconf 81' lang='lat' dir='ltr'><strong><em>co-</em></strong></span> 
     </span>
    </p>
   </div>
   <div class='ocr_carea' id='block_1_61' title="bbox 520 4137 2121 4203">
    <p class='ocr_par' dir='ltr' id='par_1_61' title="bbox 520 4137 2121 4203">
     <span class='ocr_line' id='line_1_61' title="bbox 520 4137 2121 4203; baseline 0.005 -20"><span class='ocrx_word' id='word_1_558' title='bbox 520 4137 826 4203; x_wconf 76' lang='lat' dir='ltr'><strong><em>gnoscimus</em></strong></span> <span class='ocrx_word' id='word_1_559' title='bbox 865 4138 916 4190; x_wconf 90' lang='lat' dir='ltr'><strong><em>in</em></strong></span> <span class='ocrx_word' id='word_1_560' title='bbox 958 4140 1237 4203; x_wconf 86' lang='lat' dir='ltr'><strong><em>creaturis,</em></strong></span> <span class='ocrx_word' id='word_1_561' title='bbox 1265 4154 1405 4202; x_wconf 82' lang='lat' dir='ltr'><strong><em>esse,</em></strong></span> <span class='ocrx_word' id='word_1_562' title='bbox 1446 4149 1497 4193; x_wconf 89' lang='lat' dir='ltr'><strong><em>et</em></strong></span> <span class='ocrx_word' id='word_1_563' title='bbox 1540 4142 1672 4194; x_wconf 88' lang='lat' dir='ltr'><strong><em>tales</em></strong></span> <span class='ocrx_word' id='word_1_564' title='bbox 1697 4137 1849 4201; x_wconf 82' lang='lat' dir='ltr'><strong><em>esse,</em></strong></span> <span class='ocrx_word' id='word_1_565' title='bbox 1877 4140 1968 4191; x_wconf 86' lang='lat' dir='ltr'><strong><em>sed</em></strong></span> <span class='ocrx_word' id='word_1_566' title='bbox 2004 4146 2121 4193; x_wconf 82' lang='lat' dir='ltr'><strong><em>est&#39;</em></strong></span> 
     </span>
    </p>
   </div>
   <div class='ocr_carea' id='block_1_62' title="bbox 521 4205 2085 4276">
    <p class='ocr_par' dir='ltr' id='par_1_62' title="bbox 521 4205 2085 4276">
     <span class='ocr_line' id='line_1_62' title="bbox 521 4205 2085 4276; baseline 0.004 -21"><span class='ocrx_word' id='word_1_567' title='bbox 521 4205 761 4271; x_wconf 80' lang='lat' dir='ltr'><strong><em>cognitio</em></strong></span> <span class='ocrx_word' id='word_1_568' title='bbox 806 4205 921 4272; x_wconf 84' lang='lat' dir='ltr'><strong><em>ejus</em></strong></span> <span class='ocrx_word' id='word_1_569' title='bbox 987 4208 1201 4273; x_wconf 88' lang='lat' dir='ltr'><strong><em>propria</em></strong></span> <span class='ocrx_word' id='word_1_570' title='bbox 1250 4223 1408 4276; x_wconf 88' lang='lat' dir='ltr'><strong><em>supra</em></strong></span> <span class='ocrx_word' id='word_1_571' title='bbox 1458 4225 1668 4262; x_wconf 90' lang='lat' dir='ltr'><strong><em>omnem</em></strong></span> <span class='ocrx_word' id='word_1_572' title='bbox 1723 4209 2085 4275; x_wconf 75' lang='lat' dir='ltr'><strong><em>cognitionem</em></strong></span> 
     </span>
    </p>
   </div>
   <div class='ocr_carea' id='block_1_63' title="bbox 520 4276 2086 4345">
    <p class='ocr_par' dir='ltr' id='par_1_63' title="bbox 520 4276 2086 4345">
     <span class='ocr_line' id='line_1_63' title="bbox 520 4276 2086 4345; baseline 0.004 -20"><span class='ocrx_word' id='word_1_573' title='bbox 520 4282 755 4325; x_wconf 89' lang='lat' dir='ltr'><strong><em>creatam</em></strong></span> <span class='ocrx_word' id='word_1_574' title='bbox 830 4290 857 4326; x_wconf 90' lang='lat' dir='ltr'><strong><em>a</em></strong></span> <span class='ocrx_word' id='word_1_575' title='bbox 887 4290 946 4329; x_wconf 92' lang='lat' dir='ltr'><strong><em>se</em></strong></span> <span class='ocrx_word' id='word_1_576' title='bbox 995 4276 1140 4329; x_wconf 90' lang='lat' dir='ltr'><strong><em>enim</em></strong></span> <span class='ocrx_word' id='word_1_577' title='bbox 1176 4276 1370 4339; x_wconf 85' lang='lat' dir='ltr'><strong><em>solum,</em></strong></span> <span class='ocrx_word' id='word_1_578' title='bbox 1404 4286 1462 4331; x_wconf 94' lang='lat' dir='ltr'><strong><em>ut</em></strong></span> <span class='ocrx_word' id='word_1_579' title='bbox 1487 4279 1639 4333; x_wconf 88' lang='lat' dir='ltr'><strong><em>decet</em></strong></span> <span class='ocrx_word' id='word_1_580' title='bbox 1684 4279 1734 4333; x_wconf 85' lang='lat' dir='ltr'><strong><em>id</em></strong></span> <span class='ocrx_word' id='word_1_581' title='bbox 1773 4287 1877 4341; x_wconf 89' lang='lat' dir='ltr'><strong><em>est,</em></strong></span> <span class='ocrx_word' id='word_1_582' title='bbox 1910 4278 2086 4345; x_wconf 82' lang='lat' dir='ltr'><strong><em>perle-</em></strong></span> 
     </span>
    </p>
   </div>
   <div class='ocr_carea' id='block_1_64' title="bbox 521 4348 1178 4408">
    <p class='ocr_par' dir='ltr' id='par_1_64' title="bbox 521 4348 1178 4408">
     <span class='ocr_line' id='line_1_64' title="bbox 521 4348 1178 4408; baseline 0.009 -14"><span class='ocrx_word' id='word_1_583' title='bbox 521 4348 627 4408; x_wconf 72' lang='grc' dir='ltr'><strong><em>εισι,</em></strong></span> <span class='ocrx_word' id='word_1_584' title='bbox 664 4358 893 4405; x_wconf 66' lang='lat' dir='ltr'><strong><em>cognosc</em></strong></span> <span class='ocrx_word' id='word_1_585' title='bbox 917 4352 1005 4397; x_wconf 85' lang='lat' dir='ltr'><strong><em>tur</em></strong></span> <span class='ocrx_word' id='word_1_586' title='bbox 1040 4360 1178 4400; x_wconf 81' lang='lat' dir='ltr'><strong><em>esse.</em></strong></span> 
     </span>
    </p>
   </div>
   <div class='ocr_carea' id='block_1_65' title="bbox 594 4410 2088 4484">
    <p class='ocr_par' dir='ltr' id='par_1_65' title="bbox 594 4410 2088 4484">
     <span class='ocr_line' id='line_1_65' title="bbox 594 4410 2088 4484; baseline 0.003 -21"><span class='ocrx_word' id='word_1_587' title='bbox 594 4413 669 4484; x_wconf 70' lang='grc'><strong>(5)</strong></span> <span class='ocrx_word' id='word_1_588' title='bbox 700 4410 972 4479; x_wconf 79' lang='lat' dir='ltr'><strong><em>Simplicia</em></strong></span> <span class='ocrx_word' id='word_1_589' title='bbox 1008 4424 1055 4468; x_wconf 82' lang='lat' dir='ltr'><strong><em>et</em></strong></span> <span class='ocrx_word' id='word_1_590' title='bbox 1088 4415 1346 4471; x_wconf 81' lang='lat' dir='ltr'><strong><em>absoluta.</em></strong></span> <span class='ocrx_word' id='word_1_591' title='bbox 1372 4415 1465 4470; x_wconf 86' lang='lat' dir='ltr'><strong><em>Illa</em></strong></span> <span class='ocrx_word' id='word_1_592' title='bbox 1501 4418 1649 4475; x_wconf 83' lang='lat' dir='ltr'><strong><em>dicit,</em></strong></span> <span class='ocrx_word' id='word_1_593' title='bbox 1685 4432 1802 4484; x_wconf 77' lang='lat' dir='ltr'><strong><em>qu.&#39;e</em></strong></span> <span class='ocrx_word' id='word_1_594' title='bbox 1832 4416 1970 4469; x_wconf 87' lang='lat' dir='ltr'><strong><em>unde</em></strong></span> <span class='ocrx_word' id='word_1_595' title='bbox 2001 4431 2088 4471; x_wconf 87' lang='lat' dir='ltr'><strong><em>se-</em></strong></span> 
     </span>
    </p>
   </div>
   <div class='ocr_carea' id='block_1_66' title="bbox 521 4482 2086 4554">
    <p class='ocr_par' dir='ltr' id='par_1_66' title="bbox 521 4482 2086 4554">
     <span class='ocr_line' id='line_1_66' title="bbox 521 4482 2086 4554; baseline 0.003 -19"><span class='ocrx_word' id='word_1_596' title='bbox 521 4482 627 4535; x_wconf 91' lang='lat' dir='ltr'><strong><em>cuti</em></strong></span> <span class='ocrx_word' id='word_1_597' title='bbox 656 4490 805 4554; x_wconf 72' lang='lat' dir='ltr'><strong><em>sunt,</em></strong></span> <span class='ocrx_word' id='word_1_598' title='bbox 840 4484 959 4554; x_wconf 81' lang='lat' dir='ltr'><strong><em>sine</em></strong></span> <span class='ocrx_word' id='word_1_599' title='bbox 991 4486 1375 4554; x_wconf 72' lang='lat' dir='ltr'><strong><em>integumentis</em></strong></span> <span class='ocrx_word' id='word_1_600' title='bbox 1414 4482 1745 4554; x_wconf 82' lang='lat' dir='ltr'><strong><em>syntbolicis,</em></strong></span> <span class='ocrx_word' id='word_1_601' title='bbox 1770 4497 1823 4539; x_wconf 85' lang='lat' dir='ltr'><strong><em>et</em></strong></span> <span class='ocrx_word' id='word_1_602' title='bbox 1846 4487 1962 4539; x_wconf 89' lang='lat' dir='ltr'><strong><em>sine</em></strong></span> <span class='ocrx_word' id='word_1_603' title='bbox 1993 4502 2086 4553; x_wconf 88' lang='lat' dir='ltr'><strong><em>pa-</em></strong></span> 
     </span>
    </p>
   </div>
   <div class='ocr_carea' id='block_1_67' title="bbox 520 4551 2084 4624">
    <p class='ocr_par' dir='ltr' id='par_1_67' title="bbox 520 4551 2084 4624">
     <span class='ocr_line' id='line_1_67' title="bbox 520 4551 2084 4624; baseline 0.001 -19"><span class='ocrx_word' id='word_1_604' title='bbox 520 4551 739 4624; x_wconf 79' lang='lat' dir='ltr'><strong><em>rabolis,</em></strong></span> <span class='ocrx_word' id='word_1_605' title='bbox 772 4566 833 4603; x_wconf 89' lang='lat' dir='ltr'><strong><em>ac</em></strong></span> <span class='ocrx_word' id='word_1_606' title='bbox 860 4551 976 4606; x_wconf 78' lang='lat' dir='ltr'><strong><em>sine</em></strong></span> <span class='ocrx_word' id='word_1_607' title='bbox 1002 4553 1181 4608; x_wconf 87' lang='lat' dir='ltr'><strong><em>verbis</em></strong></span> <span class='ocrx_word' id='word_1_608' title='bbox 1206 4594 1220 4615; x_wconf 90' lang='lat'><strong><em>,</em></strong></span> <span class='ocrx_word' id='word_1_609' title='bbox 1252 4571 1371 4624; x_wconf 66' lang='lat' dir='ltr'><strong><em>quae</em></strong></span> <span class='ocrx_word' id='word_1_610' title='bbox 1399 4551 1756 4622; x_wconf 69' lang='lat' dir='ltr'><strong><em>eiplicatione</em></strong></span> <span class='ocrx_word' id='word_1_611' title='bbox 1806 4551 2043 4623; x_wconf 82' lang='lat' dir='ltr'><strong><em>indigent</em></strong></span> <span class='ocrx_word' id='word_1_612' title='bbox 2068 4595 2084 4621; x_wconf 91' lang='lat'><strong><em>,</em></strong></span> 
     </span>
    </p>
   </div>
   <div class='ocr_carea' id='block_1_68' title="bbox 522 4620 2080 4693">
    <p class='ocr_par' dir='ltr' id='par_1_68' title="bbox 522 4620 2080 4693">
     <span class='ocr_line' id='line_1_68' title="bbox 522 4620 2080 4693; baseline 0.003 -20"><span class='ocrx_word' id='word_1_613' title='bbox 522 4620 890 4693; x_wconf 86' lang='lat' dir='ltr'><strong><em>intelliguntur</em></strong></span> <span class='ocrx_word' id='word_1_614' title='bbox 930 4632 983 4676; x_wconf 91' lang='lat' dir='ltr'><strong><em>et</em></strong></span> <span class='ocrx_word' id='word_1_615' title='bbox 1013 4620 1283 4683; x_wconf 61' lang='lat' dir='ltr'><strong><em>videntur;</em></strong></span> <span class='ocrx_word' id='word_1_616' title='bbox 1330 4623 1438 4678; x_wconf 86' lang='lat' dir='ltr'><strong><em>Deo</em></strong></span> <span class='ocrx_word' id='word_1_617' title='bbox 1473 4620 1747 4691; x_wconf 78' lang='lat' dir='ltr'><strong><em>aperiente</em></strong></span> <span class='ocrx_word' id='word_1_618' title='bbox 1786 4620 2080 4693; x_wconf 66' lang='lat' dir='ltr'><strong><em>mysteria:</em></strong></span> 
     </span>
    </p>
   </div>
   <div class='ocr_carea' id='block_1_69' title="bbox 2185 3720 3719 3791">
    <p class='ocr_par' dir='ltr' id='par_1_69' title="bbox 2185 3720 3719 3791">
     <span class='ocr_line' id='line_1_69' title="bbox 2185 3720 3719 3791; baseline -0.007 -14"><span class='ocrx_word' id='word_1_619' title='bbox 2185 3724 2303 3777; x_wconf 90' lang='lat' dir='ltr'><strong><em>sine</em></strong></span> <span class='ocrx_word' id='word_1_620' title='bbox 2348 3724 2468 3776; x_wconf 91' lang='lat' dir='ltr'><strong><em>ullis</em></strong></span> <span class='ocrx_word' id='word_1_621' title='bbox 2504 3723 2780 3791; x_wconf 87' lang='lat' dir='ltr'><strong><em>symbolis.</em></strong></span> <span class='ocrx_word' id='word_1_622' title='bbox 2825 3721 2959 3776; x_wconf 86' lang='lat' dir='ltr'><strong><em>illud</em></strong></span> <span class='ocrx_word' id='word_1_623' title='bbox 3007 3736 3186 3775; x_wconf 88' lang='lat' dir='ltr'><strong><em>autem</em></strong></span> <span class='ocrx_word' id='word_1_624' title='bbox 3215 3720 3607 3791; x_wconf 76' lang='lat' dir='ltr'><strong><em>observantium</em></strong></span> <span class='ocrx_word' id='word_1_625' title='bbox 3637 3730 3719 3776; x_wconf 70' lang='lat' dir='ltr'><strong><em>eSt,</em></strong></span> 
     </span>
    </p>
   </div>
   <div class='ocr_carea' id='block_1_70' title="bbox 2189 3789 3735 3857">
    <p class='ocr_par' dir='ltr' id='par_1_70' title="bbox 2189 3789 3735 3857">
     <span class='ocr_line' id='line_1_70' title="bbox 2189 3789 3735 3857; baseline -0.008 -11"><span class='ocrx_word' id='word_1_626' title='bbox 2189 3808 2255 3846; x_wconf 89' lang='lat' dir='ltr'><strong><em>ne</em></strong></span> <span class='ocrx_word' id='word_1_627' title='bbox 2307 3794 2428 3857; x_wconf 85' lang='lat' dir='ltr'><strong><em>quis</em></strong></span> <span class='ocrx_word' id='word_1_628' title='bbox 2460 3789 2809 3857; x_wconf 80' lang='lat' dir='ltr'><strong><em>interpretem</em></strong></span> <span class='ocrx_word' id='word_1_629' title='bbox 2837 3800 3040 3845; x_wconf 87' lang='lat' dir='ltr'><strong><em>temere</em></strong></span> <span class='ocrx_word' id='word_1_630' title='bbox 3072 3789 3608 3857; x_wconf 66' lang='lat' dir='ltr'><strong><em>reprehendat,quod</em></strong></span> <span class='ocrx_word' id='word_1_631' title='bbox 3639 3799 3735 3838; x_wconf 39' lang='lat' dir='ltr'><strong><em>ver?</em></strong></span> 
     </span>
    </p>
   </div>
   <div class='ocr_carea' id='block_1_71' title="bbox 2188 3860 3733 3931">
    <p class='ocr_par' dir='ltr' id='par_1_71' title="bbox 2188 3860 3733 3931">
     <span class='ocr_line' id='line_1_71' title="bbox 2188 3860 3733 3931; baseline -0.006 -17"><span class='ocrx_word' id='word_1_632' title='bbox 2188 3861 2349 3931; x_wconf 86' lang='lat' dir='ltr'><strong><em>timus</em></strong></span> <span class='ocrx_word' id='word_1_633' title='bbox 2382 3877 2397 3914; x_wconf 90' lang='lat'><strong>:</strong></span> <span class='ocrx_word' id='word_1_634' title='bbox 2429 3861 2755 3931; x_wconf 62' lang='lat' dir='ltr'><strong><em>Aprriuntur</em></strong></span> <span class='ocrx_word' id='word_1_635' title='bbox 2789 3861 2840 3931; x_wconf 78' lang='lat' dir='ltr'><strong><em>in</em></strong></span> <span class='ocrx_word' id='word_1_636' title='bbox 2874 3861 3334 3931; x_wconf 30' lang='lat' dir='ltr'><strong><em>caligine),Antaie</em></strong></span> <span class='ocrx_word' id='word_1_637' title='bbox 3374 3860 3471 3924; x_wconf 79' lang='lat' dir='ltr'><strong><em>legi</em></strong></span> <span class='ocrx_word' id='word_1_638' title='bbox 3505 3860 3552 3912; x_wconf 91' lang='lat' dir='ltr'><strong><em>itt</em></strong></span> <span class='ocrx_word' id='word_1_639' title='bbox 3576 3869 3733 3931; x_wconf 77' lang='lat' dir='ltr'><strong><em>exent-</em></strong></span> 
     </span>
    </p>
   </div>
   <div class='ocr_carea' id='block_1_72' title="bbox 2192 3925 3734 3998">
    <p class='ocr_par' dir='ltr' id='par_1_72' title="bbox 2192 3925 3734 3998">
     <span class='ocr_line' id='line_1_72' title="bbox 2192 3925 3734 3998; baseline -0.006 -18"><span class='ocrx_word' id='word_1_640' title='bbox 2192 3930 2430 3997; x_wconf 85' lang='lat' dir='ltr'><strong><em>plarihns</em></strong></span> <span class='ocrx_word' id='word_1_641' title='bbox 2467 3929 2670 3983; x_wconf 77' lang='lat' dir='ltr'><strong><em>Grtccis</em></strong></span> <span class='ocrx_word' id='word_1_642' title='bbox 2700 3931 2753 3983; x_wconf 94' lang='lat' dir='ltr'><strong><em>in</em></strong></span> <span class='ocrx_word' id='word_1_643' title='bbox 2788 3929 2935 3983; x_wconf 83' lang='lat' dir='ltr'><strong><em>Italia</em></strong></span> <span class='ocrx_word' id='word_1_644' title='bbox 2974 3925 3027 3983; x_wconf 78' lang='lat' dir='ltr'><strong><em>et</em></strong></span> <span class='ocrx_word' id='word_1_645' title='bbox 3062 3925 3113 3983; x_wconf 85' lang='lat' dir='ltr'><strong><em>in</em></strong></span> <span class='ocrx_word' id='word_1_646' title='bbox 3149 3929 3329 3983; x_wconf 82' lang='lat' dir='ltr'><strong><em>Gallia</em></strong></span> <span class='ocrx_word' id='word_1_647' title='bbox 3366 3930 3608 3981; x_wconf 82' lang='lat' dir='ltr'><strong><em>hactenus</em></strong></span> <span class='ocrx_word' id='word_1_648' title='bbox 3637 3925 3734 3998; x_wconf 41' lang='lat' dir='ltr'><strong><em>edi:</em></strong></span> 
     </span>
    </p>
   </div>
   <div class='ocr_carea' id='block_1_73' title="bbox 2195 3997 3734 4068">
    <p class='ocr_par' dir='ltr' id='par_1_73' title="bbox 2195 3997 3734 4068">
     <span class='ocr_line' id='line_1_73' title="bbox 2195 3997 3734 4068; baseline -0.01 -13"><span class='ocrx_word' id='word_1_649' title='bbox 2195 4001 2282 4064; x_wconf 86' lang='lat' dir='ltr'><strong><em>tis,</em></strong></span> <span class='ocrx_word' id='word_1_650' title='bbox 2326 3998 2754 4064; x_wconf 59' lang='grc' dir='ltr'><strong><em>ἐγκαλύπτεται,</em></strong></span> <span class='ocrx_word' id='word_1_651' title='bbox 2800 4000 2850 4052; x_wconf 84' lang='lat' dir='ltr'><strong><em>id</em></strong></span> <span class='ocrx_word' id='word_1_652' title='bbox 2894 4009 3000 4059; x_wconf 83' lang='lat' dir='ltr'><strong><em>est,</em></strong></span> <span class='ocrx_word' id='word_1_653' title='bbox 3046 4009 3328 4068; x_wconf 79' lang='lat' dir='ltr'><strong><em>teguntur;</em></strong></span> <span class='ocrx_word' id='word_1_654' title='bbox 3385 3997 3561 4068; x_wconf 76' lang='lat' dir='ltr'><strong><em>melius</em></strong></span> <span class='ocrx_word' id='word_1_655' title='bbox 3588 3997 3734 4068; x_wconf 73' lang='lat' dir='ltr'><strong><em>reperi</em></strong></span> 
     </span>
    </p>
   </div>
   <div class='ocr_carea' id='block_1_74' title="bbox 2194 4060 3739 4138">
    <p class='ocr_par' dir='ltr' id='par_1_74' title="bbox 2194 4060 3739 4138">
     <span class='ocr_line' id='line_1_74' title="bbox 2194 4060 3739 4138; baseline -0.006 -17"><span class='ocrx_word' id='word_1_656' title='bbox 2194 4069 2245 4121; x_wconf 92' lang='lat' dir='ltr'><strong><em>in</em></strong></span> <span class='ocrx_word' id='word_1_657' title='bbox 2272 4060 2278 4064; x_wconf 67' lang='grc'><em>’</em></span> <span class='ocrx_word' id='word_1_658' title='bbox 2305 4060 2599 4133; x_wconf 67' lang='lat' dir='ltr'><strong><em>exemplari</em></strong></span> <span class='ocrx_word' id='word_1_659' title='bbox 2651 4070 3042 4136; x_wconf 83' lang='lat' dir='ltr'><strong><em>manuscripto,</em></strong></span> <span class='ocrx_word' id='word_1_660' title='bbox 3100 4060 3247 4135; x_wconf 66' lang='lat' dir='ltr'><strong><em>quod</em></strong></span> <span class='ocrx_word' id='word_1_661' title='bbox 3271 4067 3628 4138; x_wconf 77' lang='lat' dir='ltr'><strong><em>Cyparissiota</em></strong></span> <span class='ocrx_word' id='word_1_662' title='bbox 3656 4060 3739 4114; x_wconf 80' lang='lat' dir='ltr'><strong><em>ba-</em></strong></span> 
     </span>
    </p>
   </div>
   <div class='ocr_carea' id='block_1_75' title="bbox 2193 4138 3380 4205">
    <p class='ocr_par' dir='ltr' id='par_1_75' title="bbox 2193 4138 3380 4205">
     <span class='ocr_line' id='line_1_75' title="bbox 2193 4138 3380 4205; baseline -0.002 -14"><span class='ocrx_word' id='word_1_663' title='bbox 2193 4138 2327 4200; x_wconf 89' lang='lat' dir='ltr'><strong><em>buit,</em></strong></span> <span class='ocrx_word' id='word_1_664' title='bbox 2364 4138 2782 4199; x_wconf 70' lang='grc' dir='ltr'>ὲκκαλύπτεται,</span> <span class='ocrx_word' id='word_1_665' title='bbox 2814 4139 2863 4190; x_wconf 92' lang='lat' dir='ltr'><strong><em>id</em></strong></span> <span class='ocrx_word' id='word_1_666' title='bbox 2904 4149 3004 4196; x_wconf 85' lang='lat' dir='ltr'><strong><em>est.</em></strong></span> <span class='ocrx_word' id='word_1_667' title='bbox 3033 4141 3380 4205; x_wconf 80' lang='lat' dir='ltr'><strong><em>tletcguntur.</em></strong></span> 
     </span>
    </p>
   </div>
   <div class='ocr_carea' id='block_1_76' title="bbox 2266 4204 3734 4277">
    <p class='ocr_par' dir='ltr' id='par_1_76' title="bbox 2266 4204 3734 4277">
     <span class='ocr_line' id='line_1_76' title="bbox 2266 4204 3734 4277; baseline -0.006 -14"><span class='ocrx_word' id='word_1_668' title='bbox 2266 4208 2342 4277; x_wconf 70' lang='lat' dir='ltr'><strong><em>(l)</em></strong></span> <span class='ocrx_word' id='word_1_669' title='bbox 2388 4205 2585 4259; x_wconf 73' lang='lat' dir='ltr'><strong><em>Montes</em></strong></span> <span class='ocrx_word' id='word_1_670' title='bbox 2626 4208 2900 4275; x_wconf 82' lang='lat' dir='ltr'><strong><em>angelicas</em></strong></span> <span class='ocrx_word' id='word_1_671' title='bbox 2944 4207 3114 4261; x_wconf 79' lang='lat' dir='ltr'><strong><em>oculis</em></strong></span> <span class='ocrx_word' id='word_1_672' title='bbox 3160 4204 3348 4272; x_wconf 85' lang='lat' dir='ltr'><strong><em>captas</em></strong></span> <span class='ocrx_word' id='word_1_673' title='bbox 3380 4206 3506 4258; x_wconf 83' lang='lat' dir='ltr'><strong><em>dicit</em></strong></span> <span class='ocrx_word' id='word_1_674' title='bbox 3541 4217 3635 4277; x_wconf 65' lang='lat' dir='ltr'><strong><em>pra}</em></strong></span> <span class='ocrx_word' id='word_1_675' title='bbox 3666 4204 3734 4277; x_wconf 50' lang='lat' dir='ltr'><strong><em>in:</em></strong></span> 
     </span>
    </p>
   </div>
   <div class='ocr_carea' id='block_1_77' title="bbox 2196 4272 3734 4343">
    <p class='ocr_par' dir='ltr' id='par_1_77' title="bbox 2196 4272 3734 4343">
     <span class='ocr_line' id='line_1_77' title="bbox 2196 4272 3734 4343; baseline -0.005 -12"><span class='ocrx_word' id='word_1_676' title='bbox 2196 4272 2343 4331; x_wconf 68' lang='lat' dir='ltr'><strong><em>ﬁnita</em></strong></span> <span class='ocrx_word' id='word_1_677' title='bbox 2400 4272 2725 4329; x_wconf 71' lang='lat' dir='ltr'><strong><em>excellentia</em></strong></span> <span class='ocrx_word' id='word_1_678' title='bbox 2774 4277 2940 4330; x_wconf 87' lang='lat' dir='ltr'><strong><em>divini</em></strong></span> <span class='ocrx_word' id='word_1_679' title='bbox 2994 4276 3345 4343; x_wconf 81' lang='lat' dir='ltr'><strong><em>Splendoris;</em></strong></span> <span class='ocrx_word' id='word_1_680' title='bbox 3386 4285 3508 4327; x_wconf 90' lang='lat' dir='ltr'><strong><em>sunt</em></strong></span> <span class='ocrx_word' id='word_1_681' title='bbox 3565 4272 3734 4337; x_wconf 73' lang='lat' dir='ltr'><strong><em>alioqui</em></strong></span> 
     </span>
    </p>
   </div>
   <div class='ocr_carea' id='block_1_78' title="bbox 2199 4344 3730 4413">
    <p class='ocr_par' dir='ltr' id='par_1_78' title="bbox 2199 4344 3730 4413">
     <span class='ocr_line' id='line_1_78' title="bbox 2199 4344 3730 4413; baseline -0.008 -14"><span class='ocrx_word' id='word_1_682' title='bbox 2199 4348 2383 4400; x_wconf 87' lang='lat' dir='ltr'><strong><em>tnultis</em></strong></span> <span class='ocrx_word' id='word_1_683' title='bbox 2411 4346 2582 4399; x_wconf 71' lang='lat' dir='ltr'><strong><em>octtlis</em></strong></span> <span class='ocrx_word' id='word_1_684' title='bbox 2622 4346 2859 4412; x_wconf 71' lang='lat' dir='ltr'><strong><em>praeditae</em></strong></span> <span class='ocrx_word' id='word_1_685' title='bbox 2886 4357 3105 4413; x_wconf 85' lang='lat' dir='ltr'><strong><em>propter</em></strong></span> <span class='ocrx_word' id='word_1_686' title='bbox 3149 4346 3372 4397; x_wconf 86' lang='lat' dir='ltr'><strong><em>multam</em></strong></span> <span class='ocrx_word' id='word_1_687' title='bbox 3407 4344 3730 4413; x_wconf 67' lang='lat' dir='ltr'><strong><em>cognitionem</em></strong></span> 
     </span>
    </p>
   </div>
   <div class='ocr_carea' id='block_1_79' title="bbox 2198 4411 3734 4482">
    <p class='ocr_par' dir='ltr' id='par_1_79' title="bbox 2198 4411 3734 4482">
     <span class='ocr_line' id='line_1_79' title="bbox 2198 4411 3734 4482; baseline -0.003 -17"><span class='ocrx_word' id='word_1_688' title='bbox 2198 4417 2426 4482; x_wconf 54' lang='lat' dir='ltr'><strong><em>propria)</em></strong></span> <span class='ocrx_word' id='word_1_689' title='bbox 2462 4411 2750 4466; x_wconf 70' lang='lat' dir='ltr'><strong><em>facultatis.</em></strong></span> <span class='ocrx_word' id='word_1_690' title='bbox 2782 4411 2934 4467; x_wconf 83' lang='lat' dir='ltr'><strong><em>Sicut</em></strong></span> <span class='ocrx_word' id='word_1_691' title='bbox 2967 4411 3110 4468; x_wconf 75' lang='lat' dir='ltr'><strong><em>enim</em></strong></span> <span class='ocrx_word' id='word_1_692' title='bbox 3149 4413 3293 4466; x_wconf 87' lang='lat' dir='ltr'><strong><em>Dens</em></strong></span> <span class='ocrx_word' id='word_1_693' title='bbox 3342 4411 3530 4465; x_wconf 89' lang='lat' dir='ltr'><strong><em>dicitur</em></strong></span> <span class='ocrx_word' id='word_1_694' title='bbox 3577 4411 3734 4462; x_wconf 78' lang='lat' dir='ltr'><strong><em>invisi-</em></strong></span> 
     </span>
    </p>
   </div>
   <div class='ocr_carea' id='block_1_80' title="bbox 2197 4483 3670 4553">
    <p class='ocr_par' dir='ltr' id='par_1_80' title="bbox 2197 4483 3670 4553">
     <span class='ocr_line' id='line_1_80' title="bbox 2197 4483 3670 4553; baseline -0.005 -14"><span class='ocrx_word' id='word_1_695' title='bbox 2197 4485 2346 4549; x_wconf 87' lang='lat' dir='ltr'><strong><em>bilis,</em></strong></span> <span class='ocrx_word' id='word_1_696' title='bbox 2377 4485 2455 4553; x_wconf 57' lang='lat' dir='ltr'><strong><em>sic,</em></strong></span> <span class='ocrx_word' id='word_1_697' title='bbox 2486 4483 2736 4537; x_wconf 88' lang='lat' dir='ltr'><strong><em>dicuntur</em></strong></span> <span class='ocrx_word' id='word_1_698' title='bbox 2769 4486 3022 4553; x_wconf 72' lang='lat' dir='ltr'><strong><em>angelica:</em></strong></span> <span class='ocrx_word' id='word_1_699' title='bbox 3058 4493 3266 4535; x_wconf 86' lang='lat' dir='ltr'><strong><em>mentes</em></strong></span> <span class='ocrx_word' id='word_1_700' title='bbox 3296 4484 3462 4553; x_wconf 82' lang='lat' dir='ltr'><strong><em>oeulis</em></strong></span> <span class='ocrx_word' id='word_1_701' title='bbox 3492 4490 3670 4547; x_wconf 66' lang='lat' dir='ltr'><strong><em>captae.</em></strong></span> 
     </span>
    </p>
   </div>
   <div class='ocr_carea' id='block_1_81' title="bbox 2265 4549 3736 4622">
    <p class='ocr_par' dir='ltr' id='par_1_81' title="bbox 2265 4549 3736 4622">
     <span class='ocr_line' id='line_1_81' title="bbox 2265 4549 3736 4622; baseline -0.004 -17"><span class='ocrx_word' id='word_1_702' title='bbox 2265 4554 2340 4622; x_wconf 82' lang='lat'><strong><em>(5)</em></strong></span> <span class='ocrx_word' id='word_1_703' title='bbox 2382 4551 2634 4609; x_wconf 85' lang='lat' dir='ltr'><strong><em>Universa</em></strong></span> <span class='ocrx_word' id='word_1_704' title='bbox 2666 4568 2779 4620; x_wconf 68' lang='lat' dir='ltr'><strong><em>qua:</em></strong></span> <span class='ocrx_word' id='word_1_705' title='bbox 2812 4549 2956 4617; x_wconf 75' lang='lat' dir='ltr'><strong><em>sunt,</em></strong></span> <span class='ocrx_word' id='word_1_706' title='bbox 2988 4562 3035 4605; x_wconf 87' lang='lat' dir='ltr'><strong><em>et</em></strong></span> <span class='ocrx_word' id='word_1_707' title='bbox 3079 4568 3182 4604; x_wconf 88' lang='lat' dir='ltr'><strong><em>non</em></strong></span> <span class='ocrx_word' id='word_1_708' title='bbox 3216 4562 3364 4604; x_wconf 80' lang='lat' dir='ltr'><strong><em>sunt.</em></strong></span> <span class='ocrx_word' id='word_1_709' title='bbox 3403 4549 3454 4603; x_wconf 87' lang='lat' dir='ltr'><strong><em>id</em></strong></span> <span class='ocrx_word' id='word_1_710' title='bbox 3485 4562 3599 4611; x_wconf 81' lang='lat' dir='ltr'><strong><em>est,</em></strong></span> <span class='ocrx_word' id='word_1_711' title='bbox 3635 4563 3736 4601; x_wconf 84' lang='lat' dir='ltr'><strong><em>out-</em></strong></span> 
     </span>
    </p>
   </div>
   <div class='ocr_carea' id='block_1_82' title="bbox 2192 4622 3737 4687">
    <p class='ocr_par' dir='ltr' id='par_1_82' title="bbox 2192 4622 3737 4687">
     <span class='ocr_line' id='line_1_82' title="bbox 2192 4622 3737 4687; baseline -0.005 -11"><span class='ocrx_word' id='word_1_712' title='bbox 2192 4624 2281 4677; x_wconf 91' lang='lat' dir='ltr'><strong><em>nia</em></strong></span> <span class='ocrx_word' id='word_1_713' title='bbox 2323 4622 2653 4677; x_wconf 87' lang='lat' dir='ltr'><strong><em>intellectilia</em></strong></span> <span class='ocrx_word' id='word_1_714' title='bbox 2691 4631 2742 4677; x_wconf 89' lang='lat' dir='ltr'><strong><em>et</em></strong></span> <span class='ocrx_word' id='word_1_715' title='bbox 2791 4623 3044 4687; x_wconf 81' lang='lat' dir='ltr'><strong><em>Sensilia;</em></strong></span> <span class='ocrx_word' id='word_1_716' title='bbox 3084 4622 3195 4673; x_wconf 75' lang='lat' dir='ltr'><strong><em>hzec</em></strong></span> <span class='ocrx_word' id='word_1_717' title='bbox 3225 4623 3368 4674; x_wconf 89' lang='lat' dir='ltr'><strong><em>enim</em></strong></span> <span class='ocrx_word' id='word_1_718' title='bbox 3402 4626 3603 4686; x_wconf 87' lang='lat' dir='ltr'><strong><em>pr0pter</em></strong></span> <span class='ocrx_word' id='word_1_719' title='bbox 3628 4632 3737 4673; x_wconf 59' lang='lat' dir='ltr'><strong><em>conv</em></strong></span> 
     </span>
    </p>
   </div>
   <div class='ocr_carea' id='block_1_83' title="bbox 520 4690 3735 4761">
    <p class='ocr_par' dir='ltr' id='par_1_83' title="bbox 520 4690 3735 4761">
     <span class='ocr_line' id='line_1_83' title="bbox 520 4690 3735 4761; baseline -0 -22"><span class='ocrx_word' id='word_1_720' title='bbox 520 4705 638 4755; x_wconf 84' lang='lat' dir='ltr'><strong><em>quae</em></strong></span> <span class='ocrx_word' id='word_1_721' title='bbox 678 4690 759 4742; x_wconf 88' lang='lat' dir='ltr'><strong><em>sic</em></strong></span> <span class='ocrx_word' id='word_1_722' title='bbox 786 4702 997 4744; x_wconf 83' lang='lat' dir='ltr'><strong><em>ostensa</em></strong></span> <span class='ocrx_word' id='word_1_723' title='bbox 1041 4702 1095 4745; x_wconf 87' lang='lat' dir='ltr'><strong><em>et</em></strong></span> <span class='ocrx_word' id='word_1_724' title='bbox 1156 4694 1387 4746; x_wconf 88' lang='lat' dir='ltr'><strong><em>revelata</em></strong></span> <span class='ocrx_word' id='word_1_725' title='bbox 1413 4732 1429 4757; x_wconf 89' lang='lat'><strong><em>,</em></strong></span> <span class='ocrx_word' id='word_1_726' title='bbox 1477 4690 1580 4746; x_wconf 86' lang='lat' dir='ltr'><strong><em>non</em></strong></span> <span class='ocrx_word' id='word_1_727' title='bbox 1621 4690 1858 4761; x_wconf 76' lang='lat' dir='ltr'><strong><em>possant</em></strong></span> <span class='ocrx_word' id='word_1_728' title='bbox 1897 4704 2079 4761; x_wconf 82' lang='lat' dir='ltr'><strong><em>postea</em></strong></span> <span class='ocrx_word' id='word_1_729' title='bbox 2113 4692 2158 4750; x_wconf 90' lang='lat' dir='ltr'><strong><em>D</em></strong></span> <span class='ocrx_word' id='word_1_730' title='bbox 2185 4693 2387 4745; x_wconf 87' lang='lat' dir='ltr'><strong><em>tinuatn</em></strong></span> <span class='ocrx_word' id='word_1_731' title='bbox 2431 4692 2783 4744; x_wconf 80' lang='lat' dir='ltr'><strong><em>mutationem</em></strong></span> <span class='ocrx_word' id='word_1_732' title='bbox 2837 4693 3159 4748; x_wconf 82' lang='lat' dir='ltr'><strong><em>dicebautur</em></strong></span> <span class='ocrx_word' id='word_1_733' title='bbox 3211 4704 3241 4743; x_wconf 87' lang='lat' dir='ltr'><strong><em>a</em></strong></span> <span class='ocrx_word' id='word_1_734' title='bbox 3285 4690 3606 4760; x_wconf 81' lang='lat' dir='ltr'><strong><em>pbiIOSOpbis</em></strong></span> <span class='ocrx_word' id='word_1_735' title='bbox 3648 4701 3735 4740; x_wconf 91' lang='lat' dir='ltr'><strong><em>non</em></strong></span> 
     </span>
    </p>
   </div>
   <div class='ocr_carea' id='block_1_84' title="bbox 521 4761 2082 4828">
    <p class='ocr_par' dir='ltr' id='par_1_84' title="bbox 521 4761 2082 4828">
     <span class='ocr_line' id='line_1_84' title="bbox 521 4761 2082 4828; baseline 0.001 -16"><span class='ocrx_word' id='word_1_736' title='bbox 521 4771 775 4812; x_wconf 70' lang='lat' dir='ltr'><strong><em>srrtnone</em></strong></span> <span class='ocrx_word' id='word_1_737' title='bbox 824 4761 1066 4828; x_wconf 79' lang='lat' dir='ltr'><strong><em>expromi</em></strong></span> <span class='ocrx_word' id='word_1_738' title='bbox 1094 4800 1109 4822; x_wconf 92' lang='lat'><strong><em>,</em></strong></span> <span class='ocrx_word' id='word_1_739' title='bbox 1161 4761 1301 4815; x_wconf 87' lang='lat' dir='ltr'><strong><em>sicut</em></strong></span> <span class='ocrx_word' id='word_1_740' title='bbox 1335 4762 1529 4815; x_wconf 82' lang='lat' dir='ltr'><strong><em>Paulus</em></strong></span> <span class='ocrx_word' id='word_1_741' title='bbox 1561 4765 1625 4815; x_wconf 89' lang='lat' dir='ltr'><strong><em>de</em></strong></span> <span class='ocrx_word' id='word_1_742' title='bbox 1660 4762 1964 4827; x_wconf 75' lang='lat' dir='ltr'><strong><em>huiusmodi</em></strong></span> <span class='ocrx_word' id='word_1_743' title='bbox 2000 4766 2082 4813; x_wconf 84' lang='lat' dir='ltr'><strong><em>vi-</em></strong></span> 
     </span>
    </p>
   </div>
   <div class='ocr_carea' id='block_1_85' title="bbox 520 4828 2088 4899">
    <p class='ocr_par' dir='ltr' id='par_1_85' title="bbox 520 4828 2088 4899">
     <span class='ocr_line' id='line_1_85' title="bbox 520 4828 2088 4899; baseline -0.001 -16"><span class='ocrx_word' id='word_1_744' title='bbox 520 4828 765 4899; x_wconf 61' lang='lat' dir='ltr'><strong><em>sionert</em></strong></span> <span class='ocrx_word' id='word_1_745' title='bbox 803 4830 1126 4883; x_wconf 84' lang='lat' dir='ltr'><strong><em>revelatione</em></strong></span> <span class='ocrx_word' id='word_1_746' title='bbox 1159 4832 1536 4899; x_wconf 78' lang='lat' dir='ltr'><strong><em>tnystt-riornm</em></strong></span> <span class='ocrx_word' id='word_1_747' title='bbox 1573 4832 1799 4898; x_wconf 86' lang='lat' dir='ltr'><strong><em>simplici</em></strong></span> <span class='ocrx_word' id='word_1_748' title='bbox 1831 4840 1884 4884; x_wconf 90' lang='lat' dir='ltr'><strong><em>et</em></strong></span> <span class='ocrx_word' id='word_1_749' title='bbox 1928 4830 2088 4886; x_wconf 74' lang='lat' dir='ltr'><strong><em>abso-</em></strong></span> 
     </span>
    </p>
   </div>
   <div class='ocr_carea' id='block_1_86' title="bbox 519 4897 2089 4969">
    <p class='ocr_par' dir='ltr' id='par_1_86' title="bbox 519 4897 2089 4969">
     <span class='ocr_line' id='line_1_86' title="bbox 519 4897 2089 4969; baseline 0.003 -18"><span class='ocrx_word' id='word_1_750' title='bbox 519 4897 738 4969; x_wconf 73' lang='lat' dir='ltr'><strong><em>lutu,id</em></strong></span> <span class='ocrx_word' id='word_1_751' title='bbox 780 4909 883 4969; x_wconf 85' lang='lat' dir='ltr'><strong><em>est,</em></strong></span> <span class='ocrx_word' id='word_1_752' title='bbox 914 4901 1052 4969; x_wconf 82' lang='lat' dir='ltr'><strong><em>nuda</em></strong></span> <span class='ocrx_word' id='word_1_753' title='bbox 1102 4912 1152 4951; x_wconf 91' lang='lat' dir='ltr'><strong><em>et</em></strong></span> <span class='ocrx_word' id='word_1_754' title='bbox 1203 4897 1386 4966; x_wconf 70' lang='lat' dir='ltr'><strong><em>aperta</em></strong></span> <span class='ocrx_word' id='word_1_755' title='bbox 1438 4897 1984 4969; x_wconf 23' lang='lat' dir='ltr'><strong><em>rentotis’symboiis,</em></strong></span> <span class='ocrx_word' id='word_1_756' title='bbox 2035 4912 2089 4955; x_wconf 87' lang='lat' dir='ltr'><strong><em>et</em></strong></span> 
     </span>
    </p>
   </div>
   <div class='ocr_carea' id='block_1_87' title="bbox 521 4966 2086 5037">
    <p class='ocr_par' dir='ltr' id='par_1_87' title="bbox 521 4966 2086 5037">
     <span class='ocr_line' id='line_1_87' title="bbox 521 4966 2086 5037; baseline -0.001 -19"><span class='ocrx_word' id='word_1_757' title='bbox 521 4966 700 5019; x_wconf 76' lang='lat' dir='ltr'><strong><em>verbis</em></strong></span> <span class='ocrx_word' id='word_1_758' title='bbox 747 4967 1103 5037; x_wconf 77' lang='lat' dir='ltr'><strong><em>explicatione</em></strong></span> <span class='ocrx_word' id='word_1_759' title='bbox 1138 4970 1523 5031; x_wconf 76' lang='lat' dir='ltr'><strong><em>indigentibus,</em></strong></span> <span class='ocrx_word' id='word_1_760' title='bbox 1574 4972 1625 5022; x_wconf 90' lang='lat' dir='ltr'><strong><em>in</em></strong></span> <span class='ocrx_word' id='word_1_761' title='bbox 1672 4966 1825 5037; x_wconf 85' lang='lat' dir='ltr'><strong><em>raptu</em></strong></span> <span class='ocrx_word' id='word_1_762' title='bbox 1861 4971 1947 5021; x_wconf 90' lang='lat' dir='ltr'><strong><em>illo</em></strong></span> <span class='ocrx_word' id='word_1_763' title='bbox 1989 4986 2086 5024; x_wconf 73' lang='lat' dir='ltr'><strong><em>suo</em></strong></span> 
     </span>
    </p>
   </div>
   <div class='ocr_carea' id='block_1_88' title="bbox 521 5035 2087 5109">
    <p class='ocr_par' dir='ltr' id='par_1_88' title="bbox 521 5035 2087 5109">
     <span class='ocr_line' id='line_1_88' title="bbox 521 5035 2087 5109; baseline 0.003 -21"><span class='ocrx_word' id='word_1_764' title='bbox 521 5036 778 5109; x_wconf 85' lang='lat' dir='ltr'><strong><em>scripsit:</em></strong></span> <span class='ocrx_word' id='word_1_765' title='bbox 805 5035 934 5109; x_wconf 66' lang='lat' dir='ltr'><strong><em>Qua:</em></strong></span> <span class='ocrx_word' id='word_1_766' title='bbox 960 5055 1061 5089; x_wconf 88' lang='lat' dir='ltr'><strong><em>non</em></strong></span> <span class='ocrx_word' id='word_1_767' title='bbox 1090 5041 1233 5101; x_wconf 87' lang='lat' dir='ltr'><strong><em>licet,</em></strong></span> <span class='ocrx_word' id='word_1_768' title='bbox 1260 5038 1453 5104; x_wconf 79' lang='lat' dir='ltr'><strong><em>inquit,</em></strong></span> <span class='ocrx_word' id='word_1_769' title='bbox 1477 5040 1677 5109; x_wconf 83' lang='lat' dir='ltr'><strong><em>homini</em></strong></span> <span class='ocrx_word' id='word_1_770' title='bbox 1702 5035 1845 5108; x_wconf 83' lang='lat' dir='ltr'><strong><em>loqui</em></strong></span> <span class='ocrx_word' id='word_1_771' title='bbox 1872 5037 2087 5109; x_wconf 87' lang='lat' dir='ltr'><strong><em>(llCor.</em></strong></span> 
     </span>
    </p>
   </div>
   <div class='ocr_carea' id='block_1_89' title="bbox 526 5106 2091 5178">
    <p class='ocr_par' dir='ltr' id='par_1_89' title="bbox 526 5106 2091 5178">
     <span class='ocr_line' id='line_1_89' title="bbox 526 5106 2091 5178; baseline 0.004 -21"><span class='ocrx_word' id='word_1_772' title='bbox 526 5121 621 5164; x_wconf 51' lang='grc' dir='ltr'><strong><em>λιι»</em></strong></span> <span class='ocrx_word' id='word_1_773' title='bbox 655 5106 749 5175; x_wconf 77' lang='grc'><strong>4);</strong></span> <span class='ocrx_word' id='word_1_774' title='bbox 788 5106 1002 5178; x_wconf 33' lang='grc' dir='ltr'><strong><em>ωΙῌΙιυιε</em></strong></span> <span class='ocrx_word' id='word_1_775' title='bbox 1041 5110 1196 5178; x_wconf 68' lang='lat' dir='ltr'><strong><em>enim</em></strong></span> <span class='ocrx_word' id='word_1_776' title='bbox 1249 5111 1460 5161; x_wconf 83' lang='lat' dir='ltr'><strong><em>videtur</em></strong></span> <span class='ocrx_word' id='word_1_777' title='bbox 1512 5106 1798 5178; x_wconf 84' lang='lat' dir='ltr'><strong><em>Dionysius</em></strong></span> <span class='ocrx_word' id='word_1_778' title='bbox 1847 5106 2091 5163; x_wconf 77' lang='lat' dir='ltr'><strong><em>retulisse</em></strong></span> 
     </span>
    </p>
   </div>
   <div class='ocr_carea' id='block_1_90' title="bbox 524 5175 2091 5247">
    <p class='ocr_par' dir='ltr' id='par_1_90' title="bbox 524 5175 2091 5247">
     <span class='ocr_line' id='line_1_90' title="bbox 524 5175 2091 5247; baseline 0.005 -25"><span class='ocrx_word' id='word_1_779' title='bbox 524 5178 669 5247; x_wconf 72' lang='lat' dir='ltr'><strong><em>quod</em></strong></span> <span class='ocrx_word' id='word_1_780' title='bbox 720 5178 803 5228; x_wconf 88' lang='lat' dir='ltr'><strong><em>hic</em></strong></span> <span class='ocrx_word' id='word_1_781' title='bbox 850 5175 1005 5228; x_wconf 76' lang='lat' dir='ltr'><strong><em>dixit.</em></strong></span> <span class='ocrx_word' id='word_1_782' title='bbox 1040 5176 1092 5228; x_wconf 88' lang='lat' dir='ltr'><strong><em>In</em></strong></span> <span class='ocrx_word' id='word_1_783' title='bbox 1130 5178 1356 5242; x_wconf 76' lang='lat' dir='ltr'><strong><em>caligine</em></strong></span> <span class='ocrx_word' id='word_1_784' title='bbox 1389 5175 1715 5247; x_wconf 48' lang='lat' dir='ltr'><strong><em>supruqua&#39;m</em></strong></span> <span class='ocrx_word' id='word_1_785' title='bbox 1764 5178 1975 5230; x_wconf 81' lang='lat' dir='ltr'><strong><em>lucente</em></strong></span> <span class='ocrx_word' id='word_1_786' title='bbox 2013 5180 2091 5232; x_wconf 57' lang='lat' dir='ltr'><strong><em>sic</em></strong></span> 
     </span>
    </p>
   </div>
   <div class='ocr_carea' id='block_1_91' title="bbox 525 5243 2087 5312">
    <p class='ocr_par' dir='ltr' id='par_1_91' title="bbox 525 5243 2087 5312">
     <span class='ocr_line' id='line_1_91' title="bbox 525 5243 2087 5312; baseline 0.004 -17"><span class='ocrx_word' id='word_1_787' title='bbox 525 5243 671 5312; x_wconf 88' lang='lat' dir='ltr'><strong><em>lcntii</em></strong></span> <span class='ocrx_word' id='word_1_788' title='bbox 707 5260 916 5298; x_wconf 65' lang='lat' dir='ltr'><strong><em>arcanae</em></strong></span> <span class='ocrx_word' id='word_1_789' title='bbox 938 5246 1216 5310; x_wconf 63' lang='lat' dir='ltr'><strong><em>doctrinae,</em></strong></span> <span class='ocrx_word' id='word_1_790' title='bbox 1244 5243 1524 5312; x_wconf 79' lang='lat' dir='ltr'><strong><em>caliginem</em></strong></span> <span class='ocrx_word' id='word_1_791' title='bbox 1548 5248 1780 5312; x_wconf 88' lang='lat' dir='ltr'><strong><em>vocavit,</em></strong></span> <span class='ocrx_word' id='word_1_792' title='bbox 1811 5262 1927 5309; x_wconf 69' lang='lat' dir='ltr'><strong><em>Quae</em></strong></span> <span class='ocrx_word' id='word_1_793' title='bbox 1956 5248 2087 5301; x_wconf 78' lang='lat' dir='ltr'><strong><em>Pau-</em></strong></span> 
     </span>
    </p>
   </div>
   <div class='ocr_carea' id='block_1_92' title="bbox 527 5311 2093 5382">
    <p class='ocr_par' dir='ltr' id='par_1_92' title="bbox 527 5311 2093 5382">
     <span class='ocr_line' id='line_1_92' title="bbox 527 5311 2093 5382; baseline 0.003 -20"><span class='ocrx_word' id='word_1_794' title='bbox 527 5311 612 5364; x_wconf 86' lang='lat' dir='ltr'><strong><em>lus</em></strong></span> <span class='ocrx_word' id='word_1_795' title='bbox 640 5312 878 5382; x_wconf 77' lang='grc' dir='ltr'><strong><em>ᾶρῤητα,</em></strong></span> <span class='ocrx_word' id='word_1_796' title='bbox 906 5317 951 5366; x_wconf 86' lang='lat' dir='ltr'><strong><em>id</em></strong></span> <span class='ocrx_word' id='word_1_797' title='bbox 982 5324 1084 5379; x_wconf 86' lang='lat' dir='ltr'><strong><em>est,</em></strong></span> <span class='ocrx_word' id='word_1_798' title='bbox 1114 5331 1333 5381; x_wconf 82' lang='lat' dir='ltr'><strong><em>arcana;</em></strong></span> <span class='ocrx_word' id='word_1_799' title='bbox 1356 5311 1480 5371; x_wconf 67' lang='lat' dir='ltr'><strong><em>haec</em></strong></span> <span class='ocrx_word' id='word_1_800' title='bbox 1510 5317 1653 5369; x_wconf 86' lang='lat' dir='ltr'><strong><em>cuitu</em></strong></span> <span class='ocrx_word' id='word_1_801' title='bbox 1683 5316 2093 5379; x_wconf 67' lang='lat' dir='ltr'><strong><em>obscurissima,</em></strong></span> 
     </span>
    </p>
   </div>
   <div class='ocr_carea' id='block_1_93' title="bbox 525 5384 2088 5457">
    <p class='ocr_par' dir='ltr' id='par_1_93' title="bbox 525 5384 2088 5457">
     <span class='ocr_line' id='line_1_93' title="bbox 525 5384 2088 5457; baseline 0.004 -26"><span class='ocrx_word' id='word_1_802' title='bbox 525 5392 581 5431; x_wconf 88' lang='lat' dir='ltr'><strong><em>et</em></strong></span> <span class='ocrx_word' id='word_1_803' title='bbox 624 5398 742 5448; x_wconf 77' lang='lat' dir='ltr'><strong><em>qua:</em></strong></span> <span class='ocrx_word' id='word_1_804' title='bbox 777 5384 1032 5451; x_wconf 80' lang='lat' dir='ltr'><strong><em>explicari</em></strong></span> <span class='ocrx_word' id='word_1_805' title='bbox 1071 5401 1175 5439; x_wconf 87' lang='lat' dir='ltr'><strong><em>non</em></strong></span> <span class='ocrx_word' id='word_1_806' title='bbox 1218 5396 1444 5457; x_wconf 85' lang='lat' dir='ltr'><strong><em>possunt</em></strong></span> <span class='ocrx_word' id='word_1_807' title='bbox 1475 5386 1644 5456; x_wconf 87' lang='lat' dir='ltr'><strong><em>(sicut</em></strong></span> <span class='ocrx_word' id='word_1_808' title='bbox 1696 5402 1867 5455; x_wconf 84' lang='lat' dir='ltr'><strong><em>neque</em></strong></span> <span class='ocrx_word' id='word_1_809' title='bbox 1923 5387 2088 5440; x_wconf 85' lang='lat' dir='ltr'><strong><em>videri</em></strong></span> 
     </span>
    </p>
   </div>
   <div class='ocr_carea' id='block_1_94' title="bbox 600 5539 2087 5618">
    <p class='ocr_par' dir='ltr' id='par_1_94' title="bbox 600 5539 2087 5618">
     <span class='ocr_line' id='line_1_94' title="bbox 600 5539 2087 5618; baseline 0.007 -30"><span class='ocrx_word' id='word_1_810' title='bbox 600 5539 676 5618; x_wconf 81' lang='grc' dir='ltr'><strong>(α)</strong></span> <span class='ocrx_word' id='word_1_811' title='bbox 706 5539 929 5618; x_wconf 83' lang='lat' dir='ltr'><strong><em>Tactum</em></strong></span> <span class='ocrx_word' id='word_1_812' title='bbox 954 5584 966 5605; x_wconf 93' lang='lat'><strong><em>,</em></strong></span> <span class='ocrx_word' id='word_1_813' title='bbox 1016 5556 1069 5598; x_wconf 85' lang='lat' dir='ltr'><strong><em>ct</em></strong></span> <span class='ocrx_word' id='word_1_814' title='bbox 1117 5556 1388 5613; x_wconf 80' lang='lat' dir='ltr'><strong><em>aspectum</em></strong></span> <span class='ocrx_word' id='word_1_815' title='bbox 1438 5547 1772 5603; x_wconf 78' lang='lat' dir='ltr'><strong><em>ittlciicctiles</em></strong></span> <span class='ocrx_word' id='word_1_816' title='bbox 1806 5548 1968 5611; x_wconf 80' lang='lat' dir='ltr'><strong><em>dicit;</em></strong></span> <span class='ocrx_word' id='word_1_817' title='bbox 2003 5557 2087 5599; x_wconf 77' lang='lat' dir='ltr'><strong><em>cst</em></strong></span> 
     </span>
    </p>
   </div>
   <div class='ocr_carea' id='block_1_95' title="bbox 531 5612 2079 5685">
    <p class='ocr_par' dir='ltr' id='par_1_95' title="bbox 531 5612 2079 5685">
     <span class='ocr_line' id='line_1_95' title="bbox 531 5612 2079 5685; baseline 0.005 -24"><span class='ocrx_word' id='word_1_818' title='bbox 531 5612 677 5662; x_wconf 76' lang='lat' dir='ltr'><strong><em>cnim</em></strong></span> <span class='ocrx_word' id='word_1_819' title='bbox 705 5612 938 5681; x_wconf 73' lang='lat' dir='ltr'><strong><em>cognitio</em></strong></span> <span class='ocrx_word' id='word_1_820' title='bbox 979 5612 1218 5685; x_wconf 63' lang='lat' dir='ltr'><strong><em>quasdam</em></strong></span> <span class='ocrx_word' id='word_1_821' title='bbox 1262 5619 1425 5672; x_wconf 78' lang='lat' dir='ltr'><strong><em>tactio</em></strong></span> <span class='ocrx_word' id='word_1_822' title='bbox 1486 5630 1538 5673; x_wconf 86' lang='lat' dir='ltr'><strong><em>ct</em></strong></span> <span class='ocrx_word' id='word_1_823' title='bbox 1592 5620 1725 5674; x_wconf 82' lang='lat' dir='ltr'><strong><em>visio</em></strong></span> <span class='ocrx_word' id='word_1_824' title='bbox 1760 5618 2079 5673; x_wconf 81' lang='lat' dir='ltr'><strong><em>intellectus.</em></strong></span> 
     </span>
    </p>
   </div>
   <div class='ocr_carea' id='block_1_96' title="bbox 2188 4776 2332 4817">
    <p class='ocr_par' dir='ltr' id='par_1_96' title="bbox 2188 4776 2332 4817">
     <span class='ocr_line' id='line_1_96' title="bbox 2188 4776 2332 4817; baseline -0.014 0"><span class='ocrx_word' id='word_1_825' title='bbox 2188 4776 2332 4817; x_wconf 85' lang='lat' dir='ltr'><strong><em>esse.</em></strong></span> 
     </span>
    </p>
   </div>
   <div class='ocr_carea' id='block_1_97' title="bbox 2261 4825 3739 4903">
    <p class='ocr_par' dir='ltr' id='par_1_97' title="bbox 2261 4825 3739 4903">
     <span class='ocr_line' id='line_1_97' title="bbox 2261 4825 3739 4903; baseline -0.002 -19"><span class='ocrx_word' id='word_1_826' title='bbox 2261 4831 2338 4903; x_wconf 89' lang='lat'><strong><em>(6)</em></strong></span> <span class='ocrx_word' id='word_1_827' title='bbox 2374 4829 2580 4900; x_wconf 73' lang='lat' dir='ltr'><strong><em>Ignoto.</em></strong></span> <span class='ocrx_word' id='word_1_828' title='bbox 2608 4830 2903 4903; x_wconf 64' lang='lat' dir='ltr'><strong><em>Significat</em></strong></span> <span class='ocrx_word' id='word_1_829' title='bbox 2936 4846 3042 4884; x_wconf 91' lang='lat' dir='ltr'><strong><em>non</em></strong></span> <span class='ocrx_word' id='word_1_830' title='bbox 3079 4845 3208 4903; x_wconf 79' lang='lat' dir='ltr'><strong><em>esse</em></strong></span> <span class='ocrx_word' id='word_1_831' title='bbox 3240 4831 3453 4883; x_wconf 83' lang='lat' dir='ltr'><strong><em>curiose</em></strong></span> <span class='ocrx_word' id='word_1_832' title='bbox 3486 4825 3739 4903; x_wconf 65' lang='lat' dir='ltr'><strong><em>imputet}-</em></strong></span> 
     </span>
    </p>
   </div>
   <div class='ocr_carea' id='block_1_98' title="bbox 2192 4899 3740 4973">
    <p class='ocr_par' dir='ltr' id='par_1_98' title="bbox 2192 4899 3740 4973">
     <span class='ocr_line' id='line_1_98' title="bbox 2192 4899 3740 4973; baseline -0.008 -18"><span class='ocrx_word' id='word_1_833' title='bbox 2192 4899 2340 4967; x_wconf 80' lang='lat' dir='ltr'><strong><em>duin,</em></strong></span> <span class='ocrx_word' id='word_1_834' title='bbox 2386 4899 2656 4973; x_wconf 83' lang='lat' dir='ltr'><strong><em>quomodo</em></strong></span> <span class='ocrx_word' id='word_1_835' title='bbox 2683 4901 2773 4952; x_wconf 83' lang='lat' dir='ltr'><strong><em>iiut</em></strong></span> <span class='ocrx_word' id='word_1_836' title='bbox 2805 4899 3174 4973; x_wconf 80' lang='lat' dir='ltr'><strong><em>ista_cognitio</em></strong></span> <span class='ocrx_word' id='word_1_837' title='bbox 3203 4902 3445 4973; x_wconf 67' lang='lat' dir='ltr'><strong><em>mysticae</em></strong></span> <span class='ocrx_word' id='word_1_838' title='bbox 3489 4899 3740 4973; x_wconf 53' lang='lat' dir='ltr'><strong><em>theologia</em></strong></span> 
     </span>
    </p>
   </div>
   <div class='ocr_carea' id='block_1_99' title="bbox 2193 4967 3737 5041">
    <p class='ocr_par' dir='ltr' id='par_1_99' title="bbox 2193 4967 3737 5041">
     <span class='ocr_line' id='line_1_99' title="bbox 2193 4967 3737 5041; baseline -0.006 -20"><span class='ocrx_word' id='word_1_839' title='bbox 2193 4985 2288 5039; x_wconf 85' lang='lat' dir='ltr'><strong><em>per</em></strong></span> <span class='ocrx_word' id='word_1_840' title='bbox 2319 4971 2710 5041; x_wconf 88' lang='lat' dir='ltr'><strong><em>copulationeut</em></strong></span> <span class='ocrx_word' id='word_1_841' title='bbox 2747 4967 3028 5041; x_wconf 80' lang='lat' dir='ltr'><strong><em>cunt_Deo,</em></strong></span> <span class='ocrx_word' id='word_1_842' title='bbox 3064 4967 3737 5041; x_wconf 45' lang='lat' dir='ltr'><strong><em>reiicta’omni_alia__cogni-</em></strong></span> 
     </span>
    </p>
   </div>
   <div class='ocr_carea' id='block_1_100' title="bbox 2196 5034 3731 5108">
    <p class='ocr_par' dir='ltr' id='par_1_100' title="bbox 2196 5034 3731 5108">
     <span class='ocr_line' id='line_1_100' title="bbox 2196 5034 3731 5108; baseline -0.007 -16"><span class='ocrx_word' id='word_1_843' title='bbox 2196 5034 2341 5092; x_wconf 78' lang='lat' dir='ltr'><strong><em>tione</em></strong></span> <span class='ocrx_word' id='word_1_844' title='bbox 2376 5054 2589 5101; x_wconf 87' lang='lat' dir='ltr'><strong><em>rerum;</em></strong></span> <span class='ocrx_word' id='word_1_845' title='bbox 2626 5040 2675 5091; x_wconf 92' lang='lat' dir='ltr'><strong><em>id</em></strong></span> <span class='ocrx_word' id='word_1_846' title='bbox 2708 5047 2851 5108; x_wconf 87' lang='lat' dir='ltr'><strong><em>quod</em></strong></span> <span class='ocrx_word' id='word_1_847' title='bbox 2879 5039 3074 5091; x_wconf 82' lang='lat' dir='ltr'><strong><em>Paulus</em></strong></span> <span class='ocrx_word' id='word_1_848' title='bbox 3104 5039 3376 5107; x_wconf 90' lang='lat' dir='ltr'><strong><em>apostolus</em></strong></span> <span class='ocrx_word' id='word_1_849' title='bbox 3414 5034 3731 5108; x_wconf 75' lang='lat' dir='ltr'><strong><em>signiﬁcavit,</em></strong></span> 
     </span>
    </p>
   </div>
   <div class='ocr_carea' id='block_1_101' title="bbox 2197 5105 3740 5174">
    <p class='ocr_par' dir='ltr' id='par_1_101' title="bbox 2197 5105 3740 5174">
     <span class='ocr_line' id='line_1_101' title="bbox 2197 5105 3740 5174; baseline -0.006 -12"><span class='ocrx_word' id='word_1_850' title='bbox 2197 5123 2318 5162; x_wconf 91' lang='lat' dir='ltr'><strong><em>cum</em></strong></span> <span class='ocrx_word' id='word_1_851' title='bbox 2351 5110 2488 5162; x_wconf 86' lang='lat' dir='ltr'><strong><em>dixit</em></strong></span> <span class='ocrx_word' id='word_1_852' title='bbox 2527 5110 2594 5162; x_wconf 90' lang='lat' dir='ltr'><strong><em>de</em></strong></span> <span class='ocrx_word' id='word_1_853' title='bbox 2628 5105 2843 5161; x_wconf 36' lang='lat' dir='ltr'><strong><em>illa—sua</em></strong></span> <span class='ocrx_word' id='word_1_854' title='bbox 2893 5124 3013 5163; x_wconf 86' lang='lat' dir='ltr'><strong><em>cum</em></strong></span> <span class='ocrx_word' id='word_1_855' title='bbox 3050 5105 3158 5160; x_wconf 85' lang='lat' dir='ltr'><strong><em>Deo</em></strong></span> <span class='ocrx_word' id='word_1_856' title='bbox 3184 5108 3538 5174; x_wconf 87' lang='lat' dir='ltr'><strong><em>copulatione,</em></strong></span> <span class='ocrx_word' id='word_1_857' title='bbox 3576 5105 3621 5154; x_wconf 87' lang='lat' dir='ltr'><strong><em>itt</em></strong></span> <span class='ocrx_word' id='word_1_858' title='bbox 3652 5115 3740 5168; x_wconf 77' lang='lat' dir='ltr'><strong><em>qua</em></strong></span> 
     </span>
    </p>
   </div>
   <div class='ocr_carea' id='block_1_102' title="bbox 2201 5174 3742 5250">
    <p class='ocr_par' dir='ltr' id='par_1_102' title="bbox 2201 5174 3742 5250">
     <span class='ocr_line' id='line_1_102' title="bbox 2201 5174 3742 5250; baseline -0.006 -21"><span class='ocrx_word' id='word_1_859' title='bbox 2201 5188 2453 5247; x_wconf 87' lang='lat' dir='ltr'><strong><em>utysterta</em></strong></span> <span class='ocrx_word' id='word_1_860' title='bbox 2492 5178 2577 5231; x_wconf 86' lang='lat' dir='ltr'><strong><em>illa</em></strong></span> <span class='ocrx_word' id='word_1_861' title='bbox 2612 5192 2807 5250; x_wconf 81' lang='lat' dir='ltr'><strong><em>arcana</em></strong></span> <span class='ocrx_word' id='word_1_862' title='bbox 2840 5178 2969 5250; x_wconf 72' lang='lat' dir='ltr'><strong><em>vidit</em></strong></span> <span class='ocrx_word' id='word_1_863' title='bbox 3014 5192 3028 5228; x_wconf 88' lang='lat'><strong>:</strong></span> <span class='ocrx_word' id='word_1_864' title='bbox 3070 5176 3195 5250; x_wconf 78' lang='lat' dir='ltr'><strong><em>Sive</em></strong></span> <span class='ocrx_word' id='word_1_865' title='bbox 3241 5178 3596 5250; x_wconf 42' lang='lat' dir='ltr'><strong><em>incorpore,</em></strong></span> <span class='ocrx_word' id='word_1_866' title='bbox 3645 5174 3742 5250; x_wconf 79' lang='lat' dir='ltr'><strong><em>sive</em></strong></span> 
     </span>
    </p>
   </div>
   <div class='ocr_carea' id='block_1_103' title="bbox 2201 5243 3741 5315">
    <p class='ocr_par' dir='ltr' id='par_1_103' title="bbox 2201 5243 3741 5315">
     <span class='ocr_line' id='line_1_103' title="bbox 2201 5243 3741 5315; baseline -0.003 -17"><span class='ocrx_word' id='word_1_867' title='bbox 2201 5243 2353 5300; x_wconf 75' lang='lat' dir='ltr'><strong><em>extra</em></strong></span> <span class='ocrx_word' id='word_1_868' title='bbox 2404 5262 2623 5315; x_wconf 84' lang='lat' dir='ltr'><strong><em>corpus,</em></strong></span> <span class='ocrx_word' id='word_1_869' title='bbox 2658 5248 2863 5311; x_wconf 79' lang='lat' dir='ltr'><strong><em>nescio,</em></strong></span> <span class='ocrx_word' id='word_1_870' title='bbox 2902 5245 3040 5299; x_wconf 89' lang='lat' dir='ltr'><strong><em>Deus</em></strong></span> <span class='ocrx_word' id='word_1_871' title='bbox 3073 5247 3175 5299; x_wconf 88' lang='lat' dir='ltr'><strong><em>scit</em></strong></span> <span class='ocrx_word' id='word_1_872' title='bbox 3213 5246 3412 5315; x_wconf 86' lang='lat' dir='ltr'><strong><em>(ibid.).</em></strong></span> <span class='ocrx_word' id='word_1_873' title='bbox 3441 5243 3644 5315; x_wconf 79' lang='lat' dir='ltr'><strong><em>Nescio,</em></strong></span> <span class='ocrx_word' id='word_1_874' title='bbox 3672 5243 3741 5315; x_wconf 75' lang='lat' dir='ltr'><strong><em>iu-</em></strong></span> 
     </span>
    </p>
   </div>
   <div class='ocr_carea' id='block_1_104' title="bbox 2202 5313 3739 5386">
    <p class='ocr_par' dir='ltr' id='par_1_104' title="bbox 2202 5313 3739 5386">
     <span class='ocr_line' id='line_1_104' title="bbox 2202 5313 3739 5386; baseline -0.005 -20"><span class='ocrx_word' id='word_1_875' title='bbox 2202 5318 2336 5382; x_wconf 87' lang='lat' dir='ltr'><strong><em>qttit,</em></strong></span> <span class='ocrx_word' id='word_1_876' title='bbox 2371 5316 2421 5369; x_wconf 88' lang='lat' dir='ltr'><strong><em>id</em></strong></span> <span class='ocrx_word' id='word_1_877' title='bbox 2455 5313 2570 5381; x_wconf 84' lang='lat' dir='ltr'><strong><em>cst,</em></strong></span> <span class='ocrx_word' id='word_1_878' title='bbox 2607 5333 2710 5370; x_wconf 90' lang='lat' dir='ltr'><strong><em>non</em></strong></span> <span class='ocrx_word' id='word_1_879' title='bbox 2745 5322 2957 5369; x_wconf 84' lang='lat' dir='ltr'><strong><em>curiose</em></strong></span> <span class='ocrx_word' id='word_1_880' title='bbox 2988 5313 3228 5386; x_wconf 70' lang='lat' dir='ltr'><strong><em>inquiro,</em></strong></span> <span class='ocrx_word' id='word_1_881' title='bbox 3260 5315 3391 5369; x_wconf 78' lang='lat' dir='ltr'><strong><em>satis</em></strong></span> <span class='ocrx_word' id='word_1_882' title='bbox 3420 5313 3543 5366; x_wconf 87' lang='lat' dir='ltr'><strong><em>tttilti</em></strong></span> <span class='ocrx_word' id='word_1_883' title='bbox 3575 5328 3647 5369; x_wconf 67' lang='grc' dir='ltr'><strong><em>νει</em></strong></span> <span class='ocrx_word' id='word_1_884' title='bbox 3675 5313 3739 5359; x_wconf 78' lang='lat' dir='ltr'><strong><em>vi-</em></strong></span> 
     </span>
    </p>
   </div>
   <div class='ocr_carea' id='block_1_105' title="bbox 2201 5386 3201 5450">
    <p class='ocr_par' dir='ltr' id='par_1_105' title="bbox 2201 5386 3201 5450">
     <span class='ocr_line' id='line_1_105' title="bbox 2201 5386 3201 5450; baseline 0.001 -12"><span class='ocrx_word' id='word_1_885' title='bbox 2201 5386 2345 5439; x_wconf 81' lang='lat' dir='ltr'><strong><em>disse</em></strong></span> <span class='ocrx_word' id='word_1_886' title='bbox 2378 5396 2430 5440; x_wconf 89' lang='lat' dir='ltr'><strong><em>ct</em></strong></span> <span class='ocrx_word' id='word_1_887' title='bbox 2471 5388 2687 5442; x_wconf 80' lang='lat' dir='ltr'><strong><em>audisse</em></strong></span> <span class='ocrx_word' id='word_1_888' title='bbox 2719 5401 2915 5439; x_wconf 78' lang='lat' dir='ltr'><strong><em>arcana</em></strong></span> <span class='ocrx_word' id='word_1_889' title='bbox 2944 5387 3055 5450; x_wconf 86' lang='lat' dir='ltr'><strong><em>illa,</em></strong></span> <span class='ocrx_word' id='word_1_890' title='bbox 3097 5394 3201 5440; x_wconf 87' lang='lat' dir='ltr'><strong><em>etc.</em></strong></span> 
     </span>
    </p>
   </div>
   <div class='ocr_carea' id='block_1_106' title="bbox 2262 5542 3731 5616">
    <p class='ocr_par' dir='ltr' id='par_1_106' title="bbox 2262 5542 3731 5616">
     <span class='ocr_line' id='line_1_106' title="bbox 2262 5542 3731 5616; baseline -0.004 -17"><span class='ocrx_word' id='word_1_891' title='bbox 2262 5546 2336 5616; x_wconf 75' lang='grc' dir='ltr'><strong>(ὁ)</strong></span> <span class='ocrx_word' id='word_1_892' title='bbox 2372 5548 2625 5603; x_wconf 71' lang='lat' dir='ltr'><strong><em>Extrema</em></strong></span> <span class='ocrx_word' id='word_1_893' title='bbox 2662 5550 2713 5603; x_wconf 88' lang='lat' dir='ltr'><strong><em>itt</em></strong></span> <span class='ocrx_word' id='word_1_894' title='bbox 2752 5551 2911 5606; x_wconf 85' lang='lat' dir='ltr'><strong><em>rebus</em></strong></span> <span class='ocrx_word' id='word_1_895' title='bbox 2958 5563 3116 5605; x_wconf 67' lang='lat' dir='ltr'><strong><em>tocat</em></strong></span> <span class='ocrx_word' id='word_1_896' title='bbox 3172 5551 3444 5605; x_wconf 83' lang='lat' dir='ltr'><strong><em>materiam</em></strong></span> <span class='ocrx_word' id='word_1_897' title='bbox 3496 5542 3731 5600; x_wconf 59' lang='lat' dir='ltr'><strong><em>inanitur</em></strong></span> 
     </span>
    </p>
   </div>
   <div class='ocr_carea' id='block_1_107' title="bbox 2193 5634 2321 5679">
    <p class='ocr_par' dir='ltr' id='par_1_107' title="bbox 2193 5634 2321 5679">
     <span class='ocr_line' id='line_1_107' title="bbox 2193 5634 2321 5679; baseline -0.008 -7"><span class='ocrx_word' id='word_1_898' title='bbox 2193 5634 2321 5679; x_wconf 70' lang='grc' dir='ltr'>ιίιιιι.</span> 
     </span>
    </p>
   </div>
  </div>
