3980 6208
212 336 316 397 925

1064 345 1306 409 DECAS
1354 340 1456 409 ΙΧο
1490 375 1559 385 -
1597 351 1695 410 DE
1732 351 2181 419 INFINITATE
2222 359 2303 419 IN
2338 356 2513 418 DEO.

3358 350 3472 416 9'28

207 459 345 514 ιθυδ,
376 447 498 511 Fili.
533 459 588 504 θῑ
614 449 849 520 δρῖτίίυε
877 463 1081 517 “Dele.
1114 457 1380 525 εκριῑείιιο
1410 474 1569 512 “Nam
1597 471 1651 512 cl
1684 478 1785 513 ηοη
1815 464 1863 522 Α
1890 474 1973 518 cta
2012 467 2280 523 Trinitate
2310 485 2469 523 unam
2501 466 2832 521 divinitatem
2862 505 2877 527 ,
2907 473 2959 519 et
2995 479 3161 520 unum
3230 482 3478 534 regnum,

206 551 447 593 creatam
494 554 745 596 naturam
782 545 1145 614 incovamus;
1200 550 1333 602 nihil
1382 562 1787 607 commoventes

208 630 261 684 in
298 631 427 693 fide,
459 650 579 701 qua:
628 645 774 689 tenet
822 638 1087 694 unitatem
1137 657 1260 698 esse
1307 643 1358 698 in
1396 642 1683 710 Trinitate,
1730 656 1786 700 et

202 720 525 782 Trinitatem
561 726 615 781 in
647 728 872 785 unitate.

829 864 1057 921 CAPUT
1104 866 1168 924 ll.

206 975 449 1053 Quodjn
477 974 616 1053 Deo,_
629 977 718 1043 qui
744 986 1005 1053 estsupra
1032 979 1410 1053 substantiam,
1444 998 1544 1034 non
1570 996 1646 1053 est
1676 984 1785 1037 alia

273 1044 527 1098 divinitas
566 1045 700 1107 eius,
738 1048 841 1099 nisi
893 1046 1072 1110 Pater,
1117 1060 1162 1100 et
1206 1044 1404 1115 Filius,
1454 1061 1502 1104 et
1554 1050 1783 1112 Spiritus

274 1124 514 1176 sanctus,
546 1131 651 1166 una
692 1128 737 1168 et
781 1116 890 1167 sola
934 1116 1036 1167 non
1084 1129 1259 1170 creata
1292 1129 1483 1172 natura
1498 1118 1521 1183 ξ
1555 1138 1646 1173 nec
1673 1123 1784 1173 alia

277 1194 540 1255 potestas,
570 1186 675 1236 sive
704 1186 893 1243 virtus,
939 1195 988 1237 et
1018 1190 1257 1255 Operatio
1292 1191 1343 1240 in
1383 1190 1529 1255 ipso,
1562 1190 1668 1243 nisi
1705 1191 1787 1245 hat

278 1262 384 1304 tres
419 1253 611 1306 divinae
636 1268 898 1317 personae.

278 1361 544 1418 Dominus
571 1365 622 1417 in
649 1366 939 1433 Evangelio
961 1367 1036 1421 ait
1062 1384 1074 1421 :
1100 1369 1297 1423 Amodo
1320 1371 1559 1425 uidebitis
1585 1372 1784 1427 Filium

206 1455 434 1507 hominis
460 1456 718 1509 sedentem
744 1474 775 1508 a
800 1456 999 1511 dextris
1026 1460 1237 1513 virtutis
1269 1461 1384 1525 Dei,
1422 1473 1469 1516 et
1500 1465 1781 1519 venientem

205 1546 263 1599 in
311 1547 536 1600 nubibus
567 1547 683 1601 caeli
716 1547 782 1602 ”.
814 1548 875 1600 Et
907 1565 1098 1605 rursus
1139 1568 1153 1605 :
1200 1551 1263 1607 Si
1296 1567 1468 1607 autem
1510 1556 1562 1607 in
1593 1558 1787 1610 virtute

206 1634 301 1688 Dei
327 1637 485 1700 eiicio
514 1638 775 1693 dwmonia
801 1639 869 1693 “.
909 1640 971 1693 Et
1002 1643 1175 1696 adhuc
1210 1660 1222 1695 :
1264 1643 1363 1697 l'os
1395 1658 1565 1701 autem
1610 1644 1814 1702 sedete-

203 1726 259 1778 in
302 1729 515 1781 ciuitate
544 1729 863 1787 Jerusalem.
895 1732 1056 1786 donec
1089 1735 1389 1790 induamini
1412 1739 1672 1792 'ttirtutem
1719 1756 1785 1793 ea:

1897 569 1953 610 et
1987 574 2152 611 unum
2189 560 2548 621 dominatmn,
2582 558 2893 611 anathema.
2935 556 3222 612 Confessio
3269 570 3474 615 sanctae

1893 663 1949 707 et
1983 653 2333 707 ccumenicae
2382 661 2549 706 sextae
2577 650 2768 721 synodi
2804 665 2819 703 :
2862 651 2971 704 Nos
3000 664 3174 719 neque
3203 659 3314 706 tres
3346 651 3480 706 deos

1894 745 2115 806 scimus,
2148 758 2320 808 neque
2355 753 2494 797 totos
2529 744 2725 797 multos
2775 743 2925 803 deos.
2981 743 3064 796 vel
3114 752 3354 808 naturas,
3392 745 3473 797 vel

1896 835 2251 899 substantias,
2289 835 2370 889 vel
2398 833 2710 889 divinitatea
2759 834 3030 898 novimus,
3071 846 3163 886 aut
3203 836 3482 900 cognosci-

1900 940 2051 990 mus;
2087 934 2174 978 aut
2203 925 2294 993 qui
2323 931 2737 991 cognoscerent,
2768 924 3019 977 novimus
3053 941 3066 976 :
3105 923 3210 976 imo
3238 937 3359 976 eum
3384 920 3477 991 qui

1899 1015 2081 1080 habet,
2110 1015 2190 1067 vel
2224 1014 2405 1077 sentit,
2431 1012 2512 1067 vel
2540 1013 2838 1082 cognoscit,
2858 1011 3327 1066 anatbetnatismis
3353 1012 3480 1065 sub.

1892 1104 2134 1173 jicimus.
2162 1103 2453 1174 Gregorius
2474 1100 2752 1169 Nyssenus
2776 1102 2828 1154 in
2857 1102 2995 1155 libro
3029 1101 3310 1168 inscripto,
3347 1101 3477 1165 Quae

1892 1197 1963 1249 sit
1998 1194 2293 1249 Christiani
2325 1192 2626 1261 professio:
2660 1191 2761 1256 Qui
2793 1191 2961 1252 enim,
2996 1191 3193 1257 inquit,
3227 1204 3319 1242 eos
3342 1203 3476 1242 con-

1895 1288 2119 1342 demnat
2157 1285 2247 1354 qui
2291 1285 2477 1338 dicunt
2534 1299 2693 1336 unam
2753 1282 3112 1344 divinitatem,
3168 1280 3478 1334 necessario

1897 1379 1991 1449 vel,
2012 1377 2205 1430 multas
2235 1375 2458 1440 dicenti,
2483 1374 2563 1427 vel
2598 1373 2821 1437 nullam,
2844 1371 3175 1435 asSentitur;
3203 1384 3307 1423 non
3335 1368 3477 1423 enim

1897 1467 2191 1537 quidquam
2225 1465 2370 1519 aliud
2406 1472 2601 1533 praeter
2632 1463 2745 1516 lucc
2811 1462 2948 1516 dicta
2989 1461 3211 1531 cogitari
3264 1468 3479 1528 potest,

1899 1561 2026 1627 quin
2077 1559 2186 1611 imo
2222 1570 2398 1624 neque
2444 1555 2691 1609 doctrina
2738 1552 3035 1622 Scriptura;
3072 1552 3275 1607 multas
3305 1551 3476 1616 dicit,

1898 1661 2017 1713 qua:
2044 1646 2240 1699 alicubi
2269 1643 2513 1697 meminit
2543 1643 2892 1712 singulariter
2913 1642 3230 1703 divinitatis,
3267 1649 3321 1693 ut
3355 1656 3477 1695 cum

1899 1738 1975 1791 ait
2012 1756 2024 1791 :
2063 1735 2125 1789 In
2162 1737 2272 1805 ipso
2303 1736 2505 1789 habitat
2537 1736 2707 1788 omnis
2736 1733 3005 1802 plenitudo
3038 1734 3332 1786 divinitatis
3364 1748 3481 1784 eor-
3540 1782 3543 1785 λ

204 1818 314 1870 alto
337 1819 405 1871 ³³.
432 1816 498 1870 Et
520 1820 737 1873 divinus
768 1823 1089 1886 Apostolus:
1114 1823 1350 1879 Christus
1377 1825 1472 1879 Dei
1498 1829 1785 1896 sapientia,
1823 1835 1860 1887 Β
1892 1829 2149 1897 paraliter
2186 1827 2259 1880 ".
2295 1826 2350 1878 Si
2380 1827 2543 1893 igitur
2569 1824 2862 1877 extendere
2906 1838 3189 1875 nume-rum
3223 1820 3479 1873 divinita-

200 1917 253 1962 ει
293 1908 386 1961 Dei
417 1910 581 1964 virtus
595 1910 661 1963 “.
683 1910 978 1979 Gregorius
1000 1913 1271 1982 Nysseuus
1301 1934 1313 1966 :
1351 1917 1414 1969 Ἣ
1447 1908 1695 1986 δύναμις,
1738 1920 1789 1971 id

202 2010 311 2065 est,
340 2003 534 2065 virtus,
576 2007 692 2056 sive
726 2012 990 2072 potestas,
1031 2023 1159 2061 cum
1205 2010 1269 2061 ad
1319 2009 1483 2063 Deum
1535 2012 1786 2073 refertur,

203 2092 561 2158 singulariter
592 2093 846 2161 effertur;
882 2110 1003 2150 cum
1058 2113 1187 2152 vero
1234 2098 1299 2151 ad
1355 2110 1657 2161 creaturas,
1694 2119 1793 2155 utt-

203 2195 358 2234 mero
410 2182 786 2239 multitudinis.
842 2185 1136 2256 Gregorius
1187 2187 1496 2259 Theologus
1544 2207 1557 2243 :
1610 2192 1789 2248 Unum

206 2273 332 2334 tria,
366 2284 422 2326 et
452 2277 550 2327 tria
581 2292 743 2330 unum
774 2319 787 2340 ,
825 2279 875 2332 in
907 2274 1115 2347 quibus~
1138 2293 1220 2337 est
1253 2285 1539 2352 divinitas;
1580 2285 1660 2337 vel
1696 2300 1791 2352 po-

204 2363 315 2417 tius
343 2366 540 2430 dicam,
567 2383 684 2433 qua:
713 2381 839 2425 Sttlll.
873 2372 1146 2427 divinitas.
1172 2375 1233 2428 Et
1275 2392 1462 2431 rursus
1490 2348 1628 2432 idem
1659 2397 1672 2433 :
1702 2380 1791 2434 Dei

205 2468 339 2508 vero
373 2469 497 2507 cum
546 2457 689 2521 dico,
728 2461 866 2537 dico
921 2464 1118 2526 Patris,
1166 2476 1217 2517 et
1271 2467 1413 2534 Filii,
1461 2479 1516 2523 et
1559 2471 1796 2540 Spiritus

201 2549 402 2614 sancti;
444 2564 621 2619 neque
647 2551 931 2608 divinitate
963 2557 1101 2609 ultra
1140 2558 1252 2611 hrec
1287 2558 1425 2625 fusa,
1452 2577 1518 2615 ne
1541 2564 1795 2631 populum

203 2642 435 2694 deorum
475 2643 903 2708 introducamus,
937 2662 1038 2702 nec
1063 2648 1347 2706 divinitate
1372 2652 1511 2705 intra
1544 2653 1656 2707 haec
1687 2664 1799 2707 ter-

204 2733 435 2798 minata,
477 2750 546 2790 ne
580 2738 645 2791 de
695 2740 945 2807 angustia
1000 2740 1303 2795 divinitatis
1356 2742 1697 2797 damnemur.
1733 2744 1797 2799 Et

203 2821 408 2878 iterum
442 2839 457 2877 :
496 2824 664 2882 Unius
696 2829 1016 2895 divinitatis,
1057 2845 1090 2883 ο
1140 2831 1263 2885 boni
1291 2871 1306 2897 ,
1350 2831 1670 2887 Trinitatem
1706 2836 1801 2890 ho-

204 2924 425 2970 norate.
474 2918 542 2972 Et
586 2935 773 2974 rursus
808 2938 823 2975 :
856 2921 1002 2975 Satis
1038 2932 1141 2986 est,
1196 2931 1421 2978 eatenus
1469 2938 1797 2992 cognoscere

205 3009 480 3063 unitatem
519 3012 570 3064 in
614 3012 902 3076 Trinitate,
935 3022 991 3067 et
1024 3012 1348 3068 Trinitatem
1383 3016 1432 3068 in
1464 3016 1670 3071 unitate
1697 3016 1799 3069 mi-

204 3099 435 3154 rabilem
471 3102 523 3153 in
575 3118 740 3154 unum
817 3102 1217 3171 copulationem
1286 3113 1339 3159 et
1392 3103 1794 3158 distinctionem

203 3192 526 3245 habentem.
556 3190 617 3245 Et
651 3194 825 3247 adhuc
849 3190 1035 3248 idem:
1070 3194 1235 3248 Nobis
1265 3206 1442 3250 autem
1471 3210 1609 3248 unus
1633 3194 1791 3257 Detts,

203 3282 338 3350 quia
370 3291 425 3335 et
462 3299 567 3336 una
605 3284 880 3340 divinitas.
916 3285 983 3339 Et
1018 3301 1248 3355 magnus
1276 3287 1609 3340 Athanasius
1642 3301 1659 3341 :
1690 3284 1798 3338 Ter

202 3380 436 3428 sanctus
467 3384 686 3440 pr0pter
716 3384 827 3428 tres
850 3389 1134 3444 personas,
1169 3375 1336 3430 semel
1377 3374 1632 3427 Dominus
1663 3387 1790 3441 pro-

200 3480 331 3535 iter
367 3483 533 3521 unam
568 3468 912 3523 divinitatem
940 3508 955 3533 ,
1010 3470 1145 3532 satis
1180 3470 1295 3523 lucc
1340 3480 1463 3521 sunt
1499 3466 1747 3520 fidelibus
1778 3476 1792 3517 :

122 3628 133 3637 V
204 3565 492 3626 hucusque
520 3559 757 3627 cognitio
792 3558 843 3610 iu
883 3558 1190 3611 hominibus
1217 3557 1484 3626 procedit,
1513 3556 1796 3620 hucusque

201 3651 504 3708 Cherubiui
551 3650 650 3703 alis
696 3665 755 3704 se
810 3649 1030 3712 velant;
1076 3648 1166 3715 qui
1220 3656 1399 3699 autem
1446 3647 1676 3712 amplius
1713 3649 1794 3702 his

204 3743 441 3799 scrutari
480 3742 626 3803 vult,
664 3740 807 3795 audit
852 3741 1119 3794 dicentem
1152 3758 1166 3794 τ
1204 3739 1285 3793 Ne
1320 3739 1391 3792 sis
1431 3740 1652 3791 nimium
1703 3756 1793 3792 sa-

205 3840 381 3905 piens,
416 3852 479 3889 ne
523 3832 844 3900 obstupeﬁas
877 3831 950 3887 ⁸⁸.
1001 3833 1064 3884 Ει
1114 3847 1340 3900 magnus
1378 3829 1606 3883 Basilius
1648 3847 1662 3884 :
1696 3830 1795 3881 Ba-

205 3931 406 3996 ptisma
449 3938 690 3979 uostrmn
722 3934 823 3988 est,
846 3924 1141 3978 secundum
1176 3922 1526 3977 traditionem
1558 3921 1792 3985 Domini,

206 4025 262 4075 in
319 4021 541 4075 nomine
584 4018 796 4080 Patris,
853 4029 907 4072 et
956 4017 1099 4076 Filii.
1146 4028 1197 4071 et
1244 4018 1476 4084 Spiritus
1521 4018 1692 4072 sancti
1723 4017 1792 4081 ⁸⁸,

211 4114 359 4167 nulla
395 4122 667 4173 creatura,
705 4126 878 4179 neque
923 4126 1078 4164 servo
1109 4112 1176 4163 ad
1223 4110 1464 4164 ordinent
1512 4110 1687 4164 Patris
1740 4121 1795 4165 et

215 4205 337 4259 Filii
372 4203 655 4272 adjuncto,
689 4213 874 4271 utpote
904 4203 1189 4256 divinitate
1220 4202 1273 4256 in
1305 4202 1477 4256 tribus
1504 4204 1790 4271 completa;

217 4296 357 4361 quod
383 4304 537 4349 extra
572 4295 683 4348 hate
715 4301 820 4356 est,
853 4293 905 4347 id
935 4308 1093 4348 omne
1116 4308 1434 4348 censervum
1474 4303 1577 4359 est,
1600 4308 1795 4363 quam-

216 4389 295 4443 vis
329 4385 699 4455 magnitudine
739 4385 1062 4453 dignitatum
1112 4385 1213 4439 alia
1250 4386 1372 4439 aliis
1400 4395 1694 4454 pmstent,
1742 4394 1798 4439 et

1895 1929 2006 1973 tum
2043 1917 2551 1978 iutuultitndinem,
2593 1929 2782 1968 eorum
2823 1922 3028 1966 tantum
3063 1910 3143 1966 est
3174 1913 3264 1979 qui
3296 1926 3358 1964 ex
3393 1921 3481 1965 er"

1897 2023 2017 2062 rore
2055 2007 2255 2060 multos
2285 2008 2411 2059 deos
2438 2004 2673 2071 ponendi
2702 2012 2983 2073 mgrotant,
3012 2017 3205 2070 negare
3226 2010 3401 2054 autem
3424 2001 3475 2052 in

1895 2101 2210 2153 universum
2247 2096 2610 2158 divinitatem,
2641 2110 2826 2148 eorum
2862 2094 3021 2146 fuerit
3047 2080 3134 2161 qui
3171 2094 3338 2147 Deum
3376 2092 3473 2145 tol-

1892 2185 2029 2252 lunt,
2062 2204 2183 2256 qum
2216 2188 2354 2239 ratio
2382 2196 2464 2239 est
2498 2184 2790 2237 accusandi
2827 2197 2926 2236 nos
2962 2181 3049 2249 qui
3091 2196 3252 2235 unam
3286 2180 3473 2233 divini-

1898 2288 2059 2333 tatem
2095 2276 2459 2330 coufitemur?
2485 2277 2549 2329 Et
2575 2274 2636 2328 S.
2668 2273 3009 2340 Sophronius
3042 2272 3482 2341 Hierosolymita-

1899 2384 1998 2422 nus
2032 2385 2045 2420 :
2075 2367 2244 2430 Sicut,
2274 2367 2468 2435 inquit,
2501 2365 2818 2429 didicimus,
2846 2378 3008 2420 unum
3036 2362 3200 2416 Deum
3237 2376 3378 2425 esse,
3403 2361 3482 2415 sic

1900 2476 2061 2514 unam
2092 2461 2425 2513 divinitatem
2454 2456 2820 2512 confitendam
2864 2471 2986 2510 esse
3029 2454 3357 2521 accepimus.
3410 2452 3479 2506 Et

1899 2551 2194 2620 Gregorius
2222 2550 2556 2618 Theologus,
2597 2549 2648 2601 in
2688 2548 2934 2601 oratione
2964 2546 3030 2599 de
3080 2542 3480 2599 constituendis

1900 2643 2167 2712 episcOpis
2200 2657 2214 2693 :
2247 2640 2303 2694 Si
2335 2640 2594 2707 consequi
2643 2652 2883 2707 possem,
2930 2647 2992 2691 ut
3042 2636 3135 2690 hic
3182 2632 3477 2703 perfectam

1902 2735 2279 2789 universorum
2328 2733 2614 2786 scientiam
2660 2732 2913 2784 haberem
2943 2767 2958 2790 ,
3004 2727 3133 2794 quid
3184 2724 3315 2779 mihi
3360 2724 3485 2778 reli‘

1901 2840 2065 2894 quum
2116 2824 2301 2878 esset?
2350 2823 2477 2889 quid
2556 2819 2870 2888 sperarem?
2918 2816 3161 2888 Regnum
3223 2816 3483 2870 cwlorum

1902 2920 2084 2989 plane,
2121 2918 2365 2972 dicturus
2394 2931 2475 2971 es.
2528 2914 2778 2969 Arbitror
2812 2920 2990 2969 autem
3020 2912 3159 2966 nihil
3182 2910 3327 2989 aliud
3360 2925 3484 2964 esse

1902 3013 2025 3076 hoc,
2054 3025 2217 3079 quam
2247 3007 2470 3075 adipisci
2506 3006 2646 3072 quod
2685 3005 3034 3074 purissimum
3065 3011 3121 3058 et
3148 3003 3480 3071 perfectissi-

1904 3117 2051 3155 mum
2079 3108 2182 3163 est,
2227 3097 2521 3165 perfectius
2549 3104 2729 3147 autem
2762 3108 2825 3148 es
2875 3093 3133 3147 omnibus
3178 3106 3298 3160 qua!
3333 3100 3482 3152 sunt,

1905 3192 2140 3258 cognitio
2168 3190 2257 3244 Dei
2284 3196 2388 3252 est,
2430 3187 2522 3241 sed
2548 3187 2688 3239 hanc
2709 3185 2928 3252 quidem
2955 3184 3146 3250 partim
3173 3194 3485 3247 teneamus,

1904 3284 2100 3355 partim
2136 3295 2267 3334 vero
2300 3291 2613 3347 pergamus,
2645 3284 2705 3329 ut
2734 3274 3277 3342 comprehendamus,
3311 3287 3486 3339 quan-

1903 3377 1995 3429 diu
2027 3388 2191 3442 super
2230 3380 2430 3424 terram
2464 3381 2687 3429 sumus;
2719 3365 2914 3433 partim
2942 3364 2993 3417 in
3024 3362 3259 3416 futurum
3292 3376 3474 3416 reser-

1901 3483 2111 3528 ventus,
2138 3472 2196 3519 ut
2231 3463 2385 3517 illinc
2435 3460 2578 3513 hunc
2626 3458 2856 3511 fructum
2906 3455 3111 3510 laboris
3161 3454 3482 3517 habeamus,

1903 3557 2244 3626 splendorem
2279 3552 2486 3607 scilicet
2517 3550 2683 3604 totius
2706 3557 2907 3602 sancta:
2927 3546 3228 3609 Trinitatis,
3257 3546 3486 3614 quicun-

1903 3666 2007 3719 que
2036 3658 2138 3713 est,
2167 3656 2220 3701 et
2248 3644 2443 3715 qualis,
2475 3658 2537 3696 ac
2565 3650 2823 3711 quantus,
2850 3640 2893 3693 si
2932 3639 3012 3693 tas
3039 3646 3122 3692 est
3150 3637 3347 3691 dicere.
3373 3634 3483 3688 Ad-

1904 3744 2009 3796 huc
2053 3743 2193 3794 idem
2243 3740 2295 3793 in
2339 3738 2526 3792 eadem
2559 3735 2812 3789 oratione
2841 3746 2858 3784 :
2892 3729 3039 3784 Satis
3070 3727 3243 3782 ha'ueo
3270 3725 3480 3789 audire,

1902 3836 2043 3907 quod
2077 3832 2266 3897 Filius,
2305 3840 2358 3887 et
2391 3829 2532 3900 quod
2559 3844 2623 3881 ex
2661 3828 2843 3888 Patre,
2885 3833 2940 3877 et
2970 3821 3111 3892 quod
3145 3821 3235 3873 hic
3260 3818 3481 3887 quidem

1902 3938 1985 3982 est
2019 3926 2200 3991 Pater,
2232 3926 2320 3979 hic
2354 3939 2482 3977 vero
2526 3920 2714 3982 Filius,
2747 3926 2801 3971 et
2846 3916 2977 3969 nihil
3027 3921 3221 3982 praeter
3254 3914 3355 3966 hoc
3386 3924 3482 3964 cu-

1904 4019 2048 4071 riose
2081 4016 2333 4084 inquiro;
2382 4026 2452 4065 ne
2485 4009 2613 4063 mihi
2647 4005 2865 4060 eveniat
2904 4001 3047 4073 quod
3082 3999 3329 4060 vocibus,
3361 4009 3483 4063 quae

1903 4110 2131 4163 nimium
2174 4105 2352 4167 elate,
2402 4115 2621 4171 prorsus
2653 4097 2946 4156 decidunt;
2982 4100 3075 4145 aut
3119 4087 3363 4157 aspectui
3402 4086 3483 4138 in-

1902 4210 2052 4256 tento
2087 4201 2140 4252 in
2178 4198 2385 4251 radium
2412 4194 2574 4259 solis;
2603 4206 2709 4259 quo
2739 4189 2882 4243 enim
2909 4188 3048 4257 plus,
3076 4192 3130 4238 et
3162 4182 3373 4236 acutius
3400 4178 3479 4231 vi-

1902 4297 2030 4348 dere
2060 4294 2183 4361 quis
2216 4290 2384 4358 cupit,
2420 4302 2486 4341 eo
2533 4284 2704 4353 magis
2752 4296 2950 4337 sensus
2987 4286 3107 4346 ejus
3140 4275 3371 4329 lu-ditur.
3410 4269 3484 4322 Ex

1901 4383 1988 4437 his
2020 4381 2228 4452 patefit,
2263 4378 2406 4447 quod
2438 4376 2490 4428 in
2523 4375 2651 4436 Deo,
2678 4372 2765 4440 qui
2799 4384 2960 4437 supra
2996 4365 3353 4421 substantiam
3376 4368 3483 4425 est,

212 4477 562 4532 antecellunt.
611 4476 677 4529 Et
722 4490 913 4529 rursus
958 4476 1098 4527 idem
1134 4492 1147 4527 :
1180 4475 1382 4530 Catena
1432 4475 1676 4544 quaedam
1706 4484 1791 4531 est
1824 4463 1869 4519 ο
1900 4490 2005 4528 non
2038 4478 2122 4526 est
2154 4470 2259 4524 alia
2293 4466 2549 4528 divinitas
2587 4465 2702 4533 ejus
2731 4502 2746 4526 ,
2785 4461 2887 4515 nisi
2944 4459 3123 4520 Pater,
3184 4456 3377 4517 Filius,
3428 4461 3484 4506 et

208 4576 399 4621 sancta
432 4576 486 4621 et
519 4565 820 4621 veneranda
856 4564 1114 4629 Trinitas,
1144 4581 1306 4619 unam
1341 4575 1396 4620 et
1424 4566 1673 4619 eamdem
1706 4567 1787 4621 di-

208 4656 500 4709 vinitatem
535 4654 588 4706 in
620 4668 723 4706 una
757 4662 811 4706 et
850 4663 1105 4722 perpetua
1138 4653 1309 4723 gloria
1343 4654 1540 4722 ubique
1563 4655 1799 4709 circum.

208 4747 419 4802 ferens.
464 4745 648 4799 Adhuc
680 4745 821 4799 idem
860 4767 870 4800 :
905 4747 1055 4799 Dicta
1093 4755 1218 4801 sunt
1249 4749 1384 4817 haec,
1425 4757 1480 4801 et
1509 4749 1645 4803 bene
1670 4749 1798 4813 erit,

211 4849 269 4888 ut
301 4847 389 4889 cst
423 4836 492 4888 iis
523 4836 611 4904 qui
645 4836 765 4890 sine
794 4836 1111 4890 curiositate
1142 4840 1368 4892 credunt
1396 4840 1447 4892 in
1479 4839 1646 4892 Deum
1675 4840 1805 4893 Ver-

207 4928 341 4981 bum
374 4934 429 4979 et
467 4925 750 4994 Spiritum,
777 4941 939 4980 uuam
967 4928 1329 4981 substantiam
1359 4938 1411 4980 et
1442 4928 1804 4982 divinitatem:

210 5036 337 5087 quae
372 5029 425 5071 et
462 5020 571 5072 Sola
612 5028 694 5073 est
727 5023 1069 5089 Veneranda;
1094 5030 1147 5074 et
1188 5022 1333 5075 nullo
1366 5022 1524 5076 modo
1555 5022 1810 5088 subrepat

215 5112 539 5165 multitudo.
576 5109 643 5165 Et
685 5114 1055 5181 disputatione
1092 5125 1279 5168 contra
1332 5113 1656 5168 thdonem
1689 5114 1809 5183 phi-

212 5202 531 5269 losophum,
564 5218 683 5271 quae
721 5217 800 5257 est
834 5205 884 5257 iu
920 5206 1088 5272 prima
1121 5209 1326 5275 synodo
1360 5190 1584 5271 :Fides,
1611 5205 1809 5273 inquit,

216 5294 497 5347 catholica
551 5291 712 5349 unam
759 5297 930 5349 solam
973 5296 1311 5350 divinitatem
1365 5299 1535 5357 novit.
1572 5309 1626 5350 et
1672 5299 1813 5350 hanc

217 5388 379 5453 colit,
422 5384 621 5445 Patris,
652 5386 793 5461 Filii,
837 5396 885 5439 et
937 5387 1177 5457 Spiritus
1211 5392 1406 5455 sancti,
1441 5398 1635 5460 praeter
1670 5389 1809 5444 hanc

216 5495 329 5531 non
376 5477 719 5545 reputabitur
753 5478 945 5533 altera.
1004 5480 1183 5533 Editio
1219 5492 1420 5535 sancta:
1472 5491 1528 5536 et
1573 5498 1810 5537 (BClltIte'

216 5571 367 5623 nica:
392 5567 568 5622 tertia:
599 5570 793 5638 synodi
825 5588 839 5625 :
900 5571 956 5624 Si
985 5572 1104 5640 quis
1144 5589 1246 5626 non
1278 5573 1568 5630 confitetur
1600 5575 1652 5629 iu
1689 5590 1810 5634 san-.-

292 5688 337 5717 ³¹
372 5687 563 5759 Matth.
592 5704 738 5744 xxvt.
770 5690 856 5743 6i.
933 5692 979 5723 ⁸’
1017 5692 1203 5748 Matth.
1241 5709 1339 5759 Xlt,
1371 5693 1461 5750 28.

222 5772 425 5829 ξξςιιι,
482 5758 566 5813 19.
646 5761 687 5791 ⁸⁷
723 5760 926 5818 Coluss.
984 5767 1128 5835 11,9.

1541 5696 1585 5747 β’
1622 5694 1751 5751 Luc.
1792 5709 1938 5759 XXIV,
1966 5692 2053 5746 49.

1904 4566 2140 4636 Spiritus
2172 4572 2418 4624 sanctus,
2458 4560 2565 4612 into
2612 4557 2727 4625 ipsa
2763 4554 2866 4608 tria
2918 4559 3046 4605 sunt
3083 4548 3376 4610 divinitas;
3429 4552 3486 4598 et

1906 4675 2009 4713 nec
2042 4657 2183 4711 ultra
2224 4657 2349 4719 iata,
2388 4652 2531 4710 haec:
2568 4664 2669 4703 nec
2697 4648 2783 4700 his
2813 4646 2987 4699 tribus
3028 4640 3230 4697 aliuuid
3268 4638 3479 4701 deﬁcit.

1909 4751 2107 4821 quippe
2150 4763 2274 4803 eum
2327 4744 2581 4799 divinitas
2617 4742 2669 4797 lu
2728 4742 2815 4796 his
2868 4740 3039 4795 tribus
3086 4739 3351 4805 completa
3388 4734 3481 4795 sit,

1911 4841 2053 4908 quod
2084 4847 2264 4893 autem
2308 4844 2460 4891 extra
2503 4836 2616 4887 haec
2651 4844 2755 4893 est,
2792 4848 2966 4900 neque
2991 4834 3150 4887 Pater
3180 4839 3283 4895 est,
3314 4840 3490 4895 neque

1913 4931 2104 4993 Filius,
2140 4943 2317 4997 neque
2350 4924 2585 4996 Spiritus
2616 4933 2874 4985 sanctus,
2904 4924 2996 4978 sed
3029 4936 3351 4978 conservum
3395 4932 3493 4970 uo-

1917 5025 2124 5077 biscum
2157 5027 2240 5074 cst
2271 5016 2746 5072 uuiversum.Tota
2776 5014 2922 5068 enim
2958 5026 3145 5066 natura
3178 5028 3279 5064 non
3307 5017 3488 5063 creata

1919 5118 1972 5169 in
2016 5116 2099 5168 his
2128 5113 2306 5166 tribus
2344 5110 2606 5174 cernitur,
2635 5118 2690 5162 et
2719 5107 2982 5174 completa
3015 5114 3117 5168 est,
3145 5112 3196 5157 et
3227 5106 3365 5158 sient
3389 5118 3489 5155 una

1923 5215 2009 5261 est
2042 5220 2145 5257 non
2182 5210 2363 5257 creata
2404 5210 2594 5254 natura
2623 5198 2929 5255 Trinitatis.
2958 5198 3039 5250 sic
3067 5195 3228 5248 etiam
3267 5208 3370 5246 una
3409 5200 3493 5244 t-st

1925 5299 2097 5368 ipsius
2146 5295 2424 5356 divinitas,
2462 5301 2515 5345 et
2560 5299 2820 5359 potestas,
2863 5296 2918 5342 et
2963 5286 3227 5353 operatio,
3258 5294 3313 5339 et
3352 5284 3493 5337 sicut

1919 5406 2021 5444 non
2058 5397 2139 5442 est
2168 5386 2272 5438 alia
2301 5383 2483 5439 divina
2514 5391 2701 5435 natura
2734 5390 2927 5448 praeter
2952 5379 3272 5431 Trinitatem
3303 5390 3494 5443 supra-

1916 5496 2076 5554 quam
2119 5478 2350 5532 divinam
2381 5513 2395 5537 ,
2430 5473 2508 5528 sic
2539 5487 2644 5525 non
2675 5481 2757 5525 est
2788 5471 2891 5523 alia
2924 5480 3119 5539 praeter
3150 5470 3316 5536 ipsam
3349 5464 3491 5519 divi-

1918 5564 2081 5637 nitas,
2119 5570 2200 5624 vel
2254 5572 2517 5635 potestas,
2568 5562 2680 5617 sive
2719 5561 2911 5627 virtus,
2944 5569 2999 5615 et
3051 5559 3293 5630 operatio
3329 5575 3343 5610 :
3392 5557 3487 5612 sed

2133 5688 2178 5718 ⁸³
2214 5685 2227 5738 l
2256 5685 2381 5739 Cor.
2412 5699 2452 5752 ι,
2476 5682 2566 5736 21.
2646 5682 2690 5713 ⁸⁵
2722 5680 2901 5736 Eccic.
2935 5681 3135 5746 “1,17.
3212 5681 3258 5713 ⁸⁸
3287 5677 3475 5734 Matth-
