3980 6208
562 255 671 318 927

1712 257 1902 317 IOAN
1915 258 1960 316 N
1970 258 2040 317 IS
2080 257 2655 319 CYPARISSIOTE

3661 263 3749 325 928

564 368 707 430 quod
735 346 814 418 ost
855 378 1065 425 natura,
1103 367 1203 420 hoc
1235 365 1506 429 Trinitas;
1534 369 1676 435 quod
1716 368 1995 433 divini-tas,
2028 370 2129 424 hoc
2160 376 2203 431 Α
2233 371 2580 441 prehensum,
2612 380 2666 426 et
2693 370 2887 438 majus,
2924 384 3083 438 quam
3118 379 3177 424 ut
3200 370 3416 438 cogitari
3454 382 3617 440 queat,
3641 391 3753 441 quo-

566 464 824 521 poti-stas,
855 466 908 507 et
936 457 1176 521 operatio
1203 474 1217 521 ;
1260 472 1426 525 quare
1466 457 1607 523 quod
1640 467 1881 525 potestas
1912 468 1967 513 et
1998 473 2132 526 ope-

565 545 729 609 ratio,
775 546 874 598 hoc
916 554 1105 599 natura
1148 561 1309 612 supra
1354 548 1747 601 substantiam:
1784 558 1839 602 et
1870 550 1996 617 quia
2039 564 2134 603 na-

567 646 712 697 tura,
757 646 811 689 et
856 636 1178 702 subSIantia,
1212 649 1263 691 et
1300 647 1561 705 potestas,
1594 648 1648 693 et
1678 641 1917 708 operatio
1952 641 2087 695 idem
2119 680 2134 703 ,

568 722 770 774 idcirco
809 737 947 776 unus
985 726 1143 777 nobis
1198 723 1335 779 Deus
1376 727 1486 792 ipsa
1524 729 1703 781 unitas
1739 728 1903 782 trium
1952 745 2138 797 perso-

566 827 783 869 narum.
815 813 981 867 Simul
1015 827 1190 870 tamen
1227 823 1281 870 et
1316 818 1415 870 hoc
1445 818 1648 885 pateﬁt,
1683 835 1895 873 omnem
1931 820 2139 875 theolo-

569 902 713 968 giam
751 904 801 954 in
856 904 1031 957 tribus
1077 905 1275 958 divinis
1323 909 1571 975 personis
1607 909 1914 962 conclusam
1964 924 2082 965 esse
2121 926 2135 962 :

569 993 667 1059 qui
714 1004 901 1047 autem,
927 994 1077 1061 plura
1111 997 1195 1052 his
1241 999 1452 1051 curiose
1503 999 1762 1069 indagare
1813 1002 1945 1057 vult.
1981 1002 2048 1055 ab
2075 1016 2136 1056 ea

567 1098 685 1152 quae
719 1100 843 1138 vere
872 1088 1068 1140 veritas
1096 1099 1197 1152 est,
1233 1091 1453 1144 excidit.

1179 1225 1407 1280 CAPUT
1452 1229 1542 1283 lli.

573 1335 725 1399 Quod
753 1335 805 1388 in
841 1337 945 1389 Deo
977 1339 1066 1405 qui
1092 1347 1167 1390 est
1203 1338 1360 1399 supra
1388 1343 1765 1403 substantiam,
1797 1362 1898 1398 mm
1926 1358 2001 1401 est
2029 1349 2140 1401 alia

641 1406 842 1480 unitas,
873 1416 927 1480 et
958 1408 1065 1459 alia
1109 1408 1344 1480 Trinitas
1374 1425 1393 1480 τ’
1423 1428 1512 1463 nec
1563 1426 1635 1466 est
1669 1415 1720 1465 iu
1762 1431 1988 1480 superna
2023 1417 2140 1470 Tri-

644 1475 810 1526 nitate
838 1476 1121 1545 quidquam
1154 1478 1452 1542 imquale‘,
1487 1490 1534 1533 et
1574 1483 1745 1545 maius
1770 1523 1784 1544 ,
1823 1475 1884 1537 ac
1916 1488 2087 1539 minus
2120 1504 2167 1542 ει

641 1557 731 1596 nec
761 1544 907 1624 aiiud
950 1547 1077 1611 quid
1111 1548 1164 1599 in
1212 1563 1273 1600 ea
1304 1549 1540 1616 privans,
1571 1553 1857 1624 secundum
1904 1572 1959 1608 se
2007 1556 2133 1611 sub-

644 1622 851 1665 stantiw
876 1629 1077 1680 expers,
1109 1623 1158 1669 et
1192 1632 1293 1670 non
1332 1634 1423 1683 per
1450 1634 1503 1671 se
1528 1622 1801 1675 exsistam.

643 1725 870 1795 Magnus
889 1727 1243 1793 Athanasius,
1277 1731 1331 1785 in
1366 1734 1704 1801 expositione
1739 1737 1860 1791 fidei
1890 1737 1942 1791 in
1968 1739 2141 1806 prima

574 1816 779 1884 synodo
814 1816 889 1870 ait
925 1835 938 1870 :
972 1816 1257 1886 Principio.
1279 1820 1393 1874 haec
1420 1832 1507 1875 est
1540 1822 1676 1877 fides
1700 1825 2007 1881 orthodoxa
2032 1866 2048 1890 ,
2084 1837 2144 1882 ut

575 1922 738 1960 unum
778 1909 948 1963 Deum
981 1910 1035 1964 in
1066 1910 1356 1976 Trinitate,
1383 1920 1439 1967 et
1463 1911 1787 1969 Trinitatem
1836 1916 1888 1970 in
1940 1918 2145 1975 unitate

578 2015 930 2068 veneremur;
985 2017 1161 2071 neque
1205 2004 1599 2061 confundentes
1643 2023 1926 2076 personas,
1972 2025 2146 2080 neque

578 2092 937 2147 substantiam
980 2106 1324 2163 separantes.
1360 2097 1418 2149 Et
1452 2097 1614 2166 paulo
1651 2108 1772 2167 post
1806 2117 1821 2155 :
1863 2100 2146 2156 Increatus

580 2184 762 2245 Pater,
802 2184 1072 2240 increatus
1100 2184 1291 2249 Filius,
1327 2187 1599 2242 increatus
1633 2189 1871 2258 Spiritus
1898 2202 2142 2259 sanctus;

529 2330 532 2331 ν
579 2284 631 2326 et
665 2289 766 2327 non
802 2284 909 2328 tres
948 2274 1198 2337 increati,
1227 2278 1321 2332 sed
1364 2294 1506 2333 unus
1538 2279 1813 2335 increatus
1852 2283 2147 2351 :omnipov

582 2374 700 2420 teus
729 2365 910 2429 Pater,
941 2368 1284 2437 omnipotens
1314 2368 1506 2437 Filius,
1533 2372 1876 2439 omnipotens
1911 2372 2147 2440 Spiritus

576 2469 831 2522 sanctus;
863 2468 917 2512 et
950 2475 1054 2513 non
1098 2470 1205 2515 tres
1237 2462 1653 2529 omnipotentes.
1684 2464 1944 2518 Λείας-ηυξ
1965 2465 2146 2533 Pater,

579 2556 812 2600 aeternus
845 2546 1011 2601 Filius
1035 2589 1050 2611 ,
1095 2559 1331 2604 aeternus
1364 2551 1602 2619 Spiritus
1649 2562 1908 2617 sanctus;
1955 2564 2010 2607 et
2042 2570 2146 2608 non

582 2647 691 2690 tres
725 2639 927 2691 aeterni.
963 2640 1029 2692 Et
1081 2657 1182 2693 non
1234 2642 1404 2694 multo
1442 2652 1562 2709 post
1594 2659 1609 2695 :
1652 2643 1715 2696 Et
1747 2645 1800 2698 in
1834 2646 1934 2699 hac
1967 2644 2150 2700 Trini-

581 2733 689 2777 tate
713 2726 894 2781 nullus
944 2729 1170 2794 primus,
1204 2737 1258 2783 et
1307 2732 1487 2787 nullus
1522 2733 1780 2799 ultimus;
1830 2751 1990 2790 nemo
2036 2752 2151 2791 ma-

580 2830 739 2883 guns,
768 2823 821 2869 et
848 2832 1006 2870 nemo
1031 2834 1247 2884 parvus,
1280 2824 1372 2875 sed
1407 2822 1491 2876 hae
1524 2830 1638 2877 tres
1667 2839 1910 2891 personze
1933 2836 2149 2882 asternze

2236 464 2397 515 modo
2438 463 2524 517 hic
2553 464 2701 534 quod
2731 462 2962 517 excellat
2983 501 2999 525 ,
3042 464 3118 516 vel
3145 463 3473 532 intelligitur,
3500 466 3578 518 vel
3606 470 3752 519 trade-

2239 554 2359 617 turi;
2394 553 2662 619 quomodo
2687 569 2819 607 vero
2846 554 2987 623 quod
3022 553 3297 607 infinitum
3322 562 3423 616 est,
3452 553 3614 607 metiri
3654 570 3752 624 pos-

2237 653 2426 692 sumus
2463 657 2477 693 :
2512 652 2569 693 ut
2597 643 2739 707 quod
2772 653 2859 696 est
2887 656 3070 695 eorum
3115 656 3236 711 quae
3270 644 3629 708 terminantur,
3654 659 3752 699 eve-

2238 736 2354 787 niat
2399 736 2687 799 divinitati,
2713 752 2874 806 quam
2901 738 3157 805 gradibus
3198 739 3555 804 superioribus
3608 750 3654 793 et
3688 741 3752 794 in-

2238 826 2528 882 ferioribus
2569 829 2897 881 metiamur?
2957 830 3019 883 Et
3068 844 3258 883 rursus
3297 830 3435 883 idem
3482 846 3496 882 :
3540 831 3642 884 Non
3688 843 3752 885 est

2234 920 2474 976 Trinitas
2525 920 2902 973 adnumeratio
2954 920 3335 993 inaequalium,
3401 920 3583 987 alioqui
3651 923 3753 991 quid

2239 1012 2491 1079 prohibet
2521 1011 2649 1079 quin
2680 1012 2750 1064 sit
2782 1011 2896 1063 haec
2924 1011 3105 1072 decus,
3144 1021 3200 1061 et
3232 1010 3562 1069 hecatontas,
3592 1019 3638 1062 et
3668 1026 3755 1079 my-

2241 1100 2389 1153 rias?
2420 1101 2483 1152 Et
2518 1115 2710 1154 rursus
2741 1116 2754 1152 :
2790 1099 2963 1153 Unam
2995 1099 3351 1160 divinitatem,
3375 1108 3428 1151 et
3452 1108 3752 1166 potestatem,

2240 1204 2360 1257 qua:
2407 1190 2461 1241 in
2514 1188 2690 1243 tribus
2738 1188 3029 1253 reperitur,
3065 1198 3117 1242 et
3141 1189 3243 1241 tria
3293 1187 3646 1249 complectitur
3672 1190 3757 1242 (lis-

2240 1289 2405 1345 crete,
2468 1294 2642 1349 neque
2671 1278 2925 1334 difllerens
2954 1278 3299 1340 substantiis,
3322 1279 3432 1330 sive
3457 1278 3661 1341 naturis,
3681 1292 3756 1332 nec

2241 1380 2400 1424 aucta
2460 1370 2901 1437 exsuperantiia,
2968 1378 3022 1423 et
3078 1368 3511 1428 remissionibus,
3563 1370 3759 1437 undique

2240 1461 2488 1530 aequalis,
2520 1461 2760 1528 undique
2788 1461 2999 1514 eadem.
3034 1458 3096 1511 Et
3129 1460 3324 1513 iterum
3368 1458 3500 1512 idem
3546 1458 3592 1511 in
3621 1458 3759 1525 prima

2243 1552 2489 1606 oratione
2520 1552 2587 1605 de
2615 1565 2749 1618 pace
2776 1568 2790 1604 :
2828 1550 3049 1613 Unitas,
3080 1550 3278 1618 inquit,
3311 1564 3431 1618 qum
3463 1550 3513 1602 in
3542 1548 3758 1602 Trinitate

2246 1644 2461 1704 colitur.
2492 1651 2547 1698 et
2578 1642 2821 1696 Trinitas
2849 1658 2967 1711 quae
3003 1642 3055 1696 in
3083 1641 3345 1696 unitatem
3370 1642 3626 1711 redigitur,
3651 1640 3760 1708 ejus-

2244 1731 2375 1785 dem
2403 1730 2605 1792 throni,
2647 1731 2886 1799 ejusdem
2918 1731 3124 1800 gloriae,
3151 1746 3259 1784 non
3289 1738 3487 1793 creata,
3516 1733 3762 1799 inaspecta-

2245 1823 2394 1889 bilis,
2432 1838 2542 1878 non
2579 1824 2781 1877 cadens
2806 1823 2909 1878 sub
2937 1830 3164 1886 tactum,
3199 1823 3649 1891 incompreheusa,
3671 1838 3763 1892 qua

2244 1914 2358 1969 sola
2392 1915 2669 1984 cognoscit
2690 1929 2852 1983 quem
2881 1913 3022 1981 apud
3064 1927 3125 1967 se
3152 1914 3397 1968 ordinem
3431 1912 3643 1977 habeat,
3668 1928 3763 1979 qua

2245 2021 2461 2062 omnem
2486 2015 2798 2061 creaturam
2825 2014 2980 2059 extra
3009 2004 3145 2061 sinit
3166 2006 3361 2072 partim
3396 2004 3579 2073 primo.
3602 2005 3761 2070 partim

2246 2098 2489 2153 secundo
2513 2098 2635 2152 velo
2675 2097 2998 2166 diremptam
3028 2097 3242 2165 :primo
3276 2096 3486 2164 quidem
3513 2104 3761 2147 creaturam

2247 2188 2525 2245 caelestem
2560 2198 2614 2243 et
2651 2188 2950 2256 angelicam
2980 2203 3008 2241 a
3036 2188 3322 2241 divinitate
3349 2187 3674 2251 diremptam,
3696 2199 3762 2237 se-

2248 2280 2425 2333 cundo
2455 2293 2586 2333 vero
2636 2288 2877 2332 nostram
2921 2293 2950 2331 a
3000 2286 3258 2331 creatura
3290 2275 3543 2345 angelica.
3578 2272 3762 2327 Sanctus

2247 2368 2543 2438 Gregorius
2569 2366 2864 2437 Nyssenus,
2898 2367 3036 2420 libro
3066 2367 3244 2435 primo
3263 2366 3457 2420 Contra
3480 2364 3763 2417 Eunomia:

2249 2461 2402 2527 Quod
2432 2466 2634 2525 autem,
2662 2461 2861 2529 inqut,
2908 2475 3014 2513 non
3048 2459 3300 2530 congruit
3328 2474 3447 2513 cum
3473 2459 3686 2527 dogmate
3714 2455 3767 2506 ab

2249 2554 2383 2622 ipsis
2412 2552 2695 2614 fabricato,
2719 2552 2929 2619 opinari
2962 2550 3270 2618 simplicem
3297 2563 3414 2605 esse
3443 2547 3761 2610 substantiam,

2248 2661 2371 2714 quae
2397 2659 2559 2715 supra
2588 2645 2767 2698 omnia
2797 2654 2898 2708 est,
2931 2644 3188 2711 quamvis
3214 2642 3268 2697 id
3299 2643 3457 2697 verbo
3494 2641 3641 2707 gratis
3680 2638 3764 2690 lar-

2250 2736 2485 2803 giantur,
2541 2736 2889 2790 manifestum
2948 2733 3007 2787 fit
3058 2733 3223 2788 etiam
3258 2747 3443 2800 parum
3493 2728 3762 2784 advertenti.

2250 2828 2385 2894 Quis
2412 2827 2559 2882 enim
2587 2828 2798 2896 ignorat
2830 2824 2973 2895 quod
2999 2825 3304 2878 secundum
3353 2823 3601 2892 prepriam
3637 2817 3767 2871 ratio-

582 2916 841 2971 sunt,et
873 2910 1109 2976 mqttalt's
1151 2912 1202 2964 in
1240 2914 1509 2967 erunibus.
1560 2915 1830 2970 Unitatem
1883 2917 2048 2986 igitur
2092 2920 2147 2973 in
2174 2924 2219 2983 ο
2250 2935 2376 2975 nem
2404 2918 2721 2987 simplicitas
2749 2917 2804 2971 in
2857 2926 3047 2972 sancta
3090 2915 3367 2970 Trinitate
3399 2914 3510 2981 plus
3549 2920 3596 2967 et
3627 2910 3767 2963 minus

583 2994 868 3060 Trinitate,
900 3007 954 3051 et
982 2996 1381 3055 Trinitatemin
1413 3002 1619 3058 unitate
1659 3005 1835 3058 omnis
1874 3006 2142 3061 Christia-

584 3101 685 3139 nus
729 3088 906 3141 colat.
941 3088 1009 3141 Et
1056 3091 1605 3157 sanctusmMaximus,
1658 3095 1711 3147 in
1768 3097 2147 3163 explanatione

582 3177 764 3230 subtili
800 3180 1146 3247 precationis,
1173 3181 1332 3238 Pater
1359 3194 1532 3239 noster
1556 3202 1574 3240 :
1596 3183 1737 3248 Non,
1768 3190 1960 3256 inquit,
1981 3190 2144 3244 aliam

583 3269 843 3327 unitatem
870 3310 882 3332 .
916 3282 973 3326 et
996 3274 1154 3328 aliam
1187 3275 1507 3331 Trinitatem
1540 3292 1663 3332 esse
1706 3279 1992 3335 didicimus
2018 3282 2145 3350 (non

585 3361 725 3414 enim
758 3362 959 3428 unitas,
994 3380 1110 3431 qum
1141 3367 1364 3433 simplex
1396 3377 1451 3421 et
1487 3384 1593 3423 una
1620 3380 1811 3424 natura
1840 3380 1948 3436 est,
1982 3373 2148 3427 dissi-

588 3453 886 3507 militudine
931 3464 1136 3511 naturae
1172 3473 1199 3509 a
1235 3456 1504 3514 Trinitate
1555 3460 1779 3530 differt),
1833 3478 1935 3517 nec
1984 3464 2146 3517 aliam

581 3544 735 3611 juxta
780 3545 945 3607 aliam,
990 3554 1119 3615 (non
1173 3546 1315 3600 enim
1366 3549 1682 3603 remissione
1734 3555 2017 3617 poteStatis
2041 3556 2151 3609 dis-

586 3649 731 3690 creta
762 3646 843 3690 est
870 3640 935 3692 ab
964 3640 1168 3694 unitate
1190 3640 1447 3707 Trinitas,
1475 3643 1554 3696 vel
1583 3658 1611 3694 a
1636 3642 1903 3699 Trinitate
1922 3646 2147 3715 unitas),

588 3741 759 3794 neque
792 3727 933 3781 sicut
958 3728 1159 3799 aliquid
1194 3745 1479 3785 commune
1504 3739 1557 3784 et
1582 3733 1850 3797 generale,
1893 3735 2033 3802 quod
2058 3750 2150 3789 co-

586 3819 845 3886 gitatiooe
876 3820 1045 3873 solum
1078 3823 1311 3889 spectari
1343 3834 1538 3892 potest,
1572 3840 1600 3877 a
1628 3826 1875 3892 partibus
1911 3828 2026 3881 suis
2055 3842 2149 3881 var

589 3911 782 3973 riatur,
833 3910 913 3964 sic
949 3928 975 3964 a
1025 3910 1288 3967 Trinitate
1318 3917 1521 3968 variata
1560 3926 1643 3970 est
1679 3921 1881 3982 unitas,
1915 3934 2034 3989 qua:
2063 3930 2148 3975 est

588 4003 886 4055 subatantia
922 4004 1133 4071 proprie
1162 4020 1254 4073 per
1281 4021 1340 4059 se
1362 4009 1649 4072 essistens,
1680 4018 1732 4061 et
1757 4020 1997 4077 potestas
2023 4026 2151 4066 vere

591 4109 686 4157 per
710 4109 768 4147 se
792 4096 1013 4156 valens;
1050 4111 1146 4149 nec
1179 4106 1432 4164 tanquam
1466 4099 1566 4151 alia
1611 4116 1675 4153 ex
1704 4101 1805 4154 alia
1844 4102 1972 4171 (non
2002 4102 2147 4156 enim

594 4185 831 4240 Trinitas
857 4203 924 4242 ex
958 4189 1160 4241 unitate
1196 4190 1430 4253 exsistit,
1463 4206 1563 4245 nec
1592 4192 1771 4247 unitas
1797 4209 1861 4248 cx
1886 4194 2151 4250 Trinitate

593 4279 891 4332 secundum
935 4279 1366 4347 productionem,
1402 4282 1481 4335 vel
1509 4286 2024 4354 antegressionem),
2061 4287 2155 4342 sed

592 4372 834 4426 eamdem
867 4388 992 4426 vere
1021 4376 1310 4441 unitatem,
1345 4385 1398 4430 et
1419 4376 1739 4430 Trinitatem
1776 4379 1880 4432 dici
1908 4379 2160 4433 dicimus:

592 4464 853 4518 unitatem
913 4468 1130 4534 quidem
1189 4470 1786 4534 ratione-substantiae,
1837 4469 2162 4526 Trinitatem

590 4568 720 4607 vero
772 4555 931 4609 modo
981 4557 1318 4623 exsistendi;
1378 4568 1544 4612 tutam
1599 4561 1863 4613 unitatem
1916 4561 2164 4617 eatndem

592 4643 761 4709 ipsam
793 4661 897 4700 non
942 4648 1172 4702 divisam
1219 4651 1496 4717 personis;
1541 4659 1597 4705 et
1642 4659 1810 4705 totam
1847 4652 2168 4707 Trinitatem

590 4735 831 4789 eamdem
868 4737 1038 4804 ipsam
1069 4755 1175 4795 non
1213 4741 1489 4795 confusam
1535 4744 1746 4797 unitate
1796 4759 1811 4795 :
1857 4757 1923 4797 ne
1960 4744 2159 4799 divisio

595 4828 999 4884 multitudinem
1031 4831 1256 4887 deorum
1304 4832 1641 4897 introducat,
1695 4850 1873 4903 neque
1921 4835 2173 4891 confusio

592 4921 686 4974 Dei
716 4923 1090 4990 negationem.
1120 4923 1415 4993 Gregorius
1446 4924 1753 4995 Theologus
1782 4928 1835 4980 in
1872 4928 2028 4981 tertia
2057 4942 2175 4986 ora,

595 5015 741 5070 tione
780 5014 848 5068 de
897 5030 1028 5083 pace
1060 5032 1073 5068 :
1104 5013 1219 5069 Non
1255 5031 1418 5069 unum
1461 5018 1681 5084 pietatis
1724 5004 2017 5072 terminum
2060 5019 2177 5073 esi-

595 5108 895 5173 stimemus,
929 5108 1178 5161 venerari
1209 5107 1449 5171 Patrem,
1480 5118 1535 5163 et
1564 5107 1761 5163 Filium
1784 5153 1798 5171 ,
1824 5121 1877 5163 et
1913 5110 2175 5178 Spiritum

594 5206 863 5263 sanctum,
898 5196 1061 5252 uuam
1112 5199 1165 5252 in
1218 5198 1391 5255 tribus
1433 5204 1679 5267 personis
1702 5202 2046 5281 divinitatem
2079 5251 2094 5275 ,
2125 5209 2180 5254 et

598 5297 947 5353 potestatem,
979 5289 1115 5343 nihil
1143 5305 1326 5359 supra,
1371 5307 1469 5346 nec
1508 5292 1649 5345 infra
1695 5292 1979 5357 colentes;
2038 5292 2173 5345 illud

594 5377 737 5431 enim
767 5380 880 5432 fieri
935 5397 1040 5435 non
1078 5392 1277 5450 potest,
1326 5386 1429 5438 hoc
1467 5392 1649 5438 autem
1699 5384 1921 5454 impium
1965 5392 2067 5437 est.
2110 5384 2177 5437 Et

596 5468 775 5523 adhuc
804 5471 947 5525 idem
992 5491 1005 5526 :
1049 5473 1143 5529 Ubi
1181 5476 1325 5530 enim
1374 5484 1457 5531 est
1503 5475 1925 5547 unumquodque
1973 5477 2178 5531 incaut—

660 5620 703 5647 ""
741 5628 893 5682 Joau.
931 5647 984 5695 x,
1021 5632 1106 5684 50.

2248 3026 2357 3066 non
2392 3010 2627 3078 recipit?
2655 3009 2722 3064 Et
2754 3008 2930 3063 adhuc
2967 3008 3270 3074 Gregorius
3301 3006 3581 3074 Theologus
3606 3003 3648 3055 in
3672 3014 3767 3053 ora-

2250 3100 2395 3156 tione
2424 3100 2489 3153 de
2516 3098 2841 3169 baptismate
2869 3114 2881 3150 :
2910 3096 3045 3153 Volo
3078 3097 3296 3151 Patrem
3328 3095 3574 3165 majorem
3602 3092 3764 3153 dicere;

2248 3207 2314 3249 ex
2353 3208 2461 3261 quo
2499 3182 2765 3260 provenit,
2800 3191 2971 3259 utqui
2995 3199 3123 3244 sunt
3150 3189 3405 3258 :equales,
3429 3185 3641 3255 tequales
3666 3183 3764 3243 sint,

2248 3295 2303 3338 et
2337 3285 2623 3350 exsistant;
2647 3285 2749 3338 hoc
2773 3283 2919 3336 enim
2962 3282 3033 3336 ab
3059 3282 3320 3335 omnibus
3355 3291 3647 3334 concessum
3672 3281 3764 3333 est;

2249 3383 2305 3427 et
2331 3381 2512 3427 metuo
2546 3387 2614 3427 ne
2659 3372 2985 3441 principium
3036 3369 3234 3423 faciam
3276 3369 3587 3438 principium
3632 3362 3765 3414 tnino~

2252 3478 2369 3518 rum
2396 3483 2410 3529 ;
2443 3472 2496 3516 et
2531 3462 2859 3518 contumelia
2890 3462 3115 3515 adiciam
3155 3457 3507 3530 praafcreudo;
3543 3470 3636 3509 non
3655 3452 3763 3505 enim

2251 3554 2321 3617 ei,
2362 3568 2425 3607 ex
2458 3567 2583 3622 quo.
2610 3552 2774 3622 gloria
2802 3560 2885 3605 est
2914 3550 3210 3605 submissio
3255 3563 3436 3602 eorum
3464 3546 3545 3612 qui
3575 3558 3632 3597 ex
3656 3542 3764 3606 ipso-

2253 3645 2317 3699 Et
2352 3660 2538 3698 rursus
2560 3643 2855 3712 Gregorius
2877 3641 3256 3711 Nyssenus,.in
3288 3640 3423 3694 libro
3447 3638 3513 3691 De
3536 3635 3769 3687 Abraham:

2251 3740 2313 3791 ln
2340 3749 2571 3805 utroque
2598 3737 2762 3805 igitur
2786 3749 2969 3789 verum
2996 3733 3127 3787 dicit
3154 3732 3458 3803 Scriptura,
3485 3743 3591 3799 qua:
3611 3720 3769 3790 mqualc

2251 3829 2561 3891 confitetur,
2596 3837 2651 3881 et
2703 3825 2878 3892 majus
2918 3840 3027 3880 non
3073 3833 3263 3892 negat.
3315 3822 3445 3877 Cum
3482 3819 3610 3874 enim
3652 3811 3769 3865 Scri-

2253 3930 2409 3989 ptura
2464 3918 2529 3972 ad
2563 3916 2953 3970 humanitatem
3002 3916 3274 3982 respicit,
3325 3913 3493 3982 majus
3537 3909 3774 4002 conﬁtetur

2252 4011 2395 4081 quod
2430 4023 2532 4062 non
2566 4008 2798 4070 videtur,
2833 4020 2992 4075 quam
3033 4005 3085 4058 id
3118 4006 3266 4071 quod
3305 4017 3400 4072 per
3425 4012 3619 4054 carnem
3659 3991 3776 4045 vide»

2255 4116 2376 4169 tur;
2419 4102 2635 4169 quando
2668 4114 2796 4153 vero
2829 4108 3067 4151 mentem
3102 4095 3327 4149 deducit
3359 4093 3423 4147 ad
3453 4087 3777 4181 divinitatea”

2258 4206 2417 4252 vacat
2461 4197 2574 4249 lucc
2618 4190 2959 4261 comparatio
2993 4186 3219 4256 majoris
3250 4197 3301 4242 et
3351 4181 3579 4242 minoris.
3608 4182 3773 4230 01““

2265 4290 2458 4343 horum
2494 4285 2673 4338 unitas
2712 4283 3075 4351 praedicatur:
3112 4278 3227 4348 Ego
3262 4288 3306 4331 et
3341 4275 3498 4329 Pam
3528 4282 3670 4323 unum
3704 4276 3777 4361 stt-

2266 4395 2383 4433 mus
2408 4376 2476 4443 8";
2510 4392 2628 4444 qum
2666 4375 2811 4429 enim
2839 4372 3047 4427 variata
3076 4380 3207 4424 sunt
3234 4366 3517 4423 secundum
3547 4351 3779 4424 inaequali-

2272 4479 2457 4532 tatem,
2490 4481 2654 4520 unum
2687 4479 2807 4519 esse
2830 4479 2935 4517 non
2966 4469 3213 4531 possunt.
3247 4459 3311 4512 Et
3343 4468 3558 4520 magnus
3584 4449 3779 4543 Athana-

2270 4559 2407 4622 sius,
2442 4558 2495 4615 in
2533 4557 2672 4611 libro
2702 4555 2779 4609 De
2808 4554 3175 4607 incarnatione
3206 4549 3403 4606 Christi
3429 4565 3446 4602 :
3476 4544 3601 4604 Ubi,
3626 4539 3778 4604 inquit.

2273 4652 2504 4718 dignitas
2538 4660 2621 4704 est
2646 4649 2887 4718 ejusdem
2925 4645 3170 4707 honoris,
3197 4642 3438 4710 ejusdem
3479 4644 3672 4706 quoque
3702 4626 3780 4678 ho-

2274 4742 2426 4797 noris
2453 4751 2537 4795 est
2567 4738 2869 4803 veneratio;
2900 4737 2951 4791 in
2979 4735 3242 4803 dignitate
3269 4729 3457 4801 aequali
3486 4740 3583 4781 non
3611 4727 3681 4774 est
3708 4728 3781 4784 pu-

2275 4845 2400 4899 gna,
2434 4826 2697 4896 inaequale
2729 4825 2956 4881 suscitat
2990 4837 3265 4895 pugnam;
3306 4817 3569 4889 aequalitas
3596 4809 3781 4901 honorat

2279 4893 2484 4991 pacem.
2605 4920 2744 4972 idem
2778 4931 2966 4971 rursus
3044 4914 3244 4969 Contra
3296 4907 3661 4982 Apollinarium
3694 4893 3780 4995 {_5i

2280 5022 2470 5065 natura
2519 5022 2625 5063 non
2655 5016 2738 5061 est
2768 5004 2931 5058 Pater
2957 5004 3129 5073 major
3178 5001 3336 5064 Filio,
3372 5010 3535 5067 neque
3560 4992 3783 5058 magnitu-

2280 5103 2404 5156 dine
2433 5098 2838 5171 (magnitudinis
2862 5095 3005 5149 enim
3034 5109 3224 5163 expers
3240 5096 3363 5160 est),
3386 5100 3547 5157 neque
3570 5085 3781 5171 εεωβοξέν

2282 5198 2405 5267 quia
2442 5166 2570 5255 'sine
2593 5204 2832 5261 tempore
2860 5200 2962 5253 est,
3000 5202 3172 5255 neque
3201 5185 3476 5254 qualitate,
3502 5166 3783 5267 quia_qua|i-

2285 5263 2393 5343 tate
2420 5295 2569 5341 caret
2601 5300 2615 5337 :
2649 5283 2797 5337 nulla
2832 5282 2995 5351 igitur
3024 5278 3126 5331 alia
3160 5291 3217 5331 re
3253 5274 3506 5343 majorem
3536 5282 3590 5323 se
3613 5263 3780 5315 Palmm

2286 5379 2437 5443 dicit,
2480 5376 2583 5431 nisi
2616 5384 2881 5442 quatenus
2907 5369 3094 5432 Filius,
3129 5378 3183 5422 et
3226 5365 3433 5418 Patrem
3468 5370 3614 5414 suum
3646 5354 3780 5443 Ιιίξηο·

2288 5438 2435 5527 rans:
2465 5468 2527 5523 Et
2559 5438 2782 5533 magnus
2810 5460 3060 5527 Basilius,
3087 5459 3221 5513 libro
3244 5463 3430 5527 quarto
3458 5460 3655 5505 suarum
3677 5438 3781 5492 Cou-
