3980 6208
80 308 93 329 ’
160 322 260 402 te)

1007 322 1239 400 DECAS
1263 340 1361 401 Ix.
1393 364 1461 374 —
1507 318 1602 397 DE
1644 319 2089 395 INFINITATE
2128 333 2212 393 ΙΝ
2254 292 2421 393 ΠΕΟ.

3306 335 3413 402 9ἷο

157 453 481 523 {stationum
512 463 528 502 :
569 447 759 519 Majas,
818 449 1034 519 inquit,
1078 451 1163 505 vel
1212 449 1605 519 magnitudine,
1654 445 1737 498 vel
1768 450 1815 504 Α
1846 441 2039 497 ﬁcante
2066 457 2320 511 persona,
2353 452 2409 496 et
2445 440 2589 494 aliud
2633 440 2961 504 substantia,
2997 441 3139 497 sicut
3185 458 3413 513 granum

156 542 544 604 crassitudine,
585 541 668 597 vel
716 551 981 611 tempore,
1014 543 1099 598 vel
1150 542 1435 613 dignitate,
1474 548 1568 593 aut
1623 548 1745 591 tan-

154 649 321 705 quam
371 648 557 697 causa,
600 632 779 702 majus,
825 643 943 699 est;
987 643 1043 689 at
1087 631 1462 702 magnitudine
1506 646 1614 686 non
1661 636 1745 683 est

157 725 333 796 major
356 725 514 779 Pater
532 723 695 792 Filio;
721 738 916 793 expers
931 727 1074 779 enim
1102 732 1183 779 est
1214 721 1625 792 magnitudinis,
1653 734 1748 774 ne-

156 831 263 884 que
286 814 682 873 crassitudine.
709 815 835 883 quia
863 815 1252 882 incorporeus;
1279 813 1373 867 sed
1402 824 1579 879 neque
1608 819 1747 863 tem-

155 923 312 978 pnre,
348 905 529 971 Filius
563 906 709 961 enim
754 914 839 961 est
872 905 1135 975 temporis
1179 911 1405 969 auctor;
1437 915 1615 972 neque
1662 901 1746 957 di-

156 1001 383 1068 gnitate,
422 1006 524 1052 nec
548 1004 693 1057 enim
726 994 905 1054 factus
931 1007 1014 1054 est
1060 995 1256 1062 Filius,
1296 996 1388 1065 qui
1439 994 1736 1064 aliquando

158 1106 265 1145 non
299 1100 467 1155 esset;
489 1105 586 1144 nec
618 1099 672 1144 ut
698 1099 913 1157 auctor,
937 1089 1192 1159 quoniam
1219 1102 1373 1156 teque
1398 1087 1504 1140 erit
1529 1097 1581 1140 et
1602 1086 1745 1155 ipso,

158 1192 213 1237 et
242 1183 406 1236 nobis
447 1174 640 1250 major,
674 1181 720 1236 si
769 1182 941 1250 ipsius
984 1182 1039 1234 et
1095 1181 1267 1236 nostri
1302 1188 1495 1233 auctor
1524 1185 1628 1234 est.
1681 1177 1747 1232 Et

161 1274 358 1331 iterum
386 1274 683 1341 Gregorius
711 1272 1046 1343 Theologus,
1072 1273 1210 1329 libro
1242 1274 1481 1329 sectmdo
1506 1269 1581 1327 De
1602 1272 1747 1327 theo-

160 1367 300 1437 logia
336 1369 415 1419 ait
457 1381 473 1418 :
510 1364 617 1421 Sed
647 1366 695 1421 si
741 1364 887 1423 Deus
921 1374 1005 1422 est
1044 1366 1399 1435 incorporeus
1423 1405 1439 1430 ,
1494 1380 1593 1419 nec
1638 1364 1746 1420 hoc

163 1459 508 1516 demonstrat
535 1457 897 1513 substantiam
921 1495 941 1522 ,
990 1455 1130 1511 sicut
1176 1469 1278 1510 nec
1312 1442 1610 1525 inghnitnm
1638 1494 1654 1519 ,
1687 1464 1744 1509 et

159 1548 433 1619 principio
466 1562 678 1615 carens,
724 1558 780 1602 et
827 1546 1184 1613 immutabile,
1224 1558 1284 1602 et
1332 1546 1659 1610 immortale,
1688 1554 1745 1600 et

159 1654 503 1708 quaecunque
533 1638 600 1692 de
631 1638 761 1704 Deo,
796 1637 879 1693 vel
914 1638 1059 1691 circa
1113 1638 1280 1691 Deum
1332 1637 1586 1692 dicuntur
1638 1637 1740 1708 (a).

1846 534 2103 591 irumenti
2139 536 2334 590 dicitur
2379 544 2432 588 et
2484 542 2800 595 est‘semen,
2831 545 2885 586 et
2918 534 3167 593 fructus:
3213 550 3317 591 non
3355 544 3417 594 ιιι
3504 608 3507 613 _

1848 640 1938 681 res
1987 626 2113 691 alia,
2166 636 2221 678 et
2250 620 2391 690 alia;
2438 626 2536 680 sed
2565 625 2707 679 aliud
2737 624 2865 693 quid
2901 626 3170 695 signiﬁcat
3202 642 3412 693 settieu,

1848 714 1994 770 aliud
2024 714 2256 770 fructus.
2297 712 2362 768 Et
2407 730 2638 783 magnus
2684 712 2940 778 Basilius,
2977 716 3029 769 in
3069 715 3296 783 epistola
3347 722 3413 774 ad

1850 802 2159 858 Terentium
2190 806 2482 859 comitem:
2519 803 2573 857 Si
2605 816 2813 866 autem.
2840 805 3038 875 inquit,
3069 818 3283 874 Oportet
3316 825 3416 865 nos
3469 800 3474 807 ’

1848 895 2033 965 paucis
2077 896 2260 951 dicere
2312 896 2453 964 quod
2501 896 2736 965 videtur,
2776 896 2904 952 illud
2959 884 3220 964 dicemus,
3268 900 3416 969 quod

1849 1000 2009 1053 quam
2042 988 2305 1040 rationem
2339 987 2501 1040 habet
2532 1000 2819 1045 commune
2848 988 2913 1041 ad
2942 989 3243 1057 proprium,
3276 989 3417 1045 hanc

1849 1073 2015 1127 habet
2048 1074 2348 1127 substantia
2381 1075 2446 1127 ad
2478 1088 2792 1142 personam.
2834 1073 3224 1146 Unusquisque
3261 1078 3409 1131 enim

1847 1174 2096 1219 nostrum
2150 1165 2431 1220 communi
2493 1166 2704 1220 ratione
2751 1167 3072 1221 substantiae
3128 1168 3416 1237 participat

1848 1272 2007 1323 esse;
2038 1265 2095 1310 et
2135 1258 2556 1326 proprietatibus
2583 1274 2702 1328 qua:
2736 1259 2880 1313 circa
2909 1274 2968 1313 se
2999 1267 3146 1325 sunt,
3187 1269 3268 1312 est
3305 1260 3418 1326 ille,

1847 1357 1942 1400 aut
1983 1345 2093 1411 ille,
2148 1348 2214 1400 ad
2256 1347 2507 1401 eumdem
2556 1349 2773 1404 modum
2815 1349 2944 1415 illic,
2999 1349 3141 1402 ratio
3193 1349 3439 1419 quidem.

1846 1440 2166 1494 substantia:
2193 1441 2496 1493 communis
2526 1450 2629 1507 est,
2658 1449 2715 1493 ut
2745 1441 2976 1504 bonitas,
3013 1448 3107 1496 aut
3142 1438 3419 1509 ditinitas,

1846 1535 1941 1582 aut
1969 1529 2012 1583 si
2047 1530 2174 1597 quid
2202 1530 2345 1583 aliud
2378 1531 2711 1601 intelligatur
2739 1549 2751 1583 :
2788 1546 3021 1598 persisna
3050 1545 3178 1585 vero
3211 1532 3264 1585 in
3294 1540 3419 1597 pro—

1844 1619 2080 1690 prietate
2126 1636 2234 1689 qua
2286 1620 2447 1677 Pater
2489 1631 2594 1684 est.
2647 1632 2740 1675 aut
2786 1638 2888 1690 qua
2914 1622 3105 1691 Filius,
3154 1623 3420 1677 cernitur.

161 1730 239 1788 ει
270 1731 480 1802 quibus
511 1728 742 1786 ematur
784 1731 1159 1797 manifestum,
1189 1730 1334 1799 quod
1381 1730 1435 1786 iu
1485 1730 1614 1797 Duo,
1649 1731 1743 1800 qui
1774 1732 1817 1788 Β
1852 1709 2085 1767 Sanctus
2128 1712 2367 1767 Joattnes
2404 1714 2788 1775 Damascenus.
2825 1729 2948 1783 cap.
2996 1714 3088 1777 53,
3130 1713 3287 1779 cujus
3331 1709 3420 1766 in-

161 1834 247 1879 est
291 1838 466 1892 supra
515 1822 906 1885 substantiam,
938 1838 1045 1876 non
1076 1831 1160 1877 est
1194 1822 1301 1877 alia
1346 1821 1526 1877 unitas
1575 1836 1742 1892 supra

162 1915 430 1980 divinam,
461 1923 515 1969 et
557 1914 660 1968 alia
691 1912 932 1970 Trinitas
982 1930 1148 1983 supra
1199 1914 1561 1970 substantiam
1589 1954 1602 1977 ,
1648 1913 1744 1968 sed

159 2006 411 2060 eamdem
458 2020 588 2063 vere
634 2004 894 2063 unitatem
940 2011 996 2061 et
1039 2004 1358 2060 Trinitatem
1417 2003 1742 2060 credimus:

160 2104 259 2148 nec
304 2104 397 2151 est
444 2093 499 2148 in
546 2093 818 2151 Trinitate
856 2109 1188 2164 supraquam
1224 2094 1405 2148 divina
1444 2093 1743 2162 quidquam

164 2184 455 2253 inaequale,
489 2194 541 2237 et
569 2183 762 2252 partim
794 2183 910 2253 ejus
941 2183 1139 2252 majus,
1164 2184 1358 2253 partim
1388 2196 1517 2238 vero
1542 2183 1744 2249 minus,

162 2276 253 2331 sed
294 2278 479 2345 petius
512 2292 615 2331 una
640 2275 924 2344 aequalitas
959 2278 1131 2330 tribus
1165 2289 1324 2343 pura,
1357 2285 1408 2330 et
1434 2268 1747 2330 immutabi-

164 2364 265 2434 lis;
291 2382 395 2421 nec
432 2367 638 2433 aliquid
669 2380 858 2421 eorum
884 2365 1047 2422 trium
1082 2364 1187 2419 ulla
1220 2379 1284 2420 ex
1317 2374 1471 2434 parte
1504 2365 1625 2433 plus
1654 2379 1747 2420 σου

152 2455 350 2519 limus,
378 2465 438 2512 et
468 2455 677 2525 aliquid
720 2456 938 2522 minus;
980 2469 1082 2509 nec
1126 2465 1207 2510 est
1258 2453 1313 2509 in
1348 2470 1413 2509 eo
1446 2454 1744 2523 quidquam

164 2546 411 2615 privaus,
439 2555 500 2603 et
525 2545 830 2611 secundum
860 2561 920 2601 se
949 2558 1145 2616 espers
1178 2546 1522 2611 substantiae,
1549 2555 1603 2601 et
1634 2561 1743 2603 non

164 2650 264 2706 per
293 2652 355 2691 se
382 2639 649 2693 essistens
677 2653 693 2691 :
725 2637 1037 2707 imperi-"ecta
1080 2638 1227 2693 enim
1272 2638 1596 2695 iutroductio
1636 2639 1747 2709 pri-

160 2729 353 2783 vantia
390 2730 784 2785 contumeliosa
830 2739 915 2787 est
969 2730 1025 2785 in
1076 2730 1127 2783 id
1175 2731 1319 2798 quod
1354 2730 1748 2800 perfectissimo

159 2817 406 2882 exsistit;
439 2820 636 2873 etenim
662 2834 769 2875 non
797 2835 918 2875 esse
941 2820 1321 2883 substantiam,
1347 2831 1402 2873 et
1433 2836 1527 2888 per
1551 2836 1744 2877 senon

159 2909 449 2973 essistere,
478 2908 836 2963 defectionem
880 2910 1292 2980 perfectissima:
1322 2911 1662 2978 substantiw,
1691 2921 1748 2966 et

160 3012 258 3068 per
285 3013 349 3054 se
373 2998 690 3055 exsistentis
717 3001 1074 3055 demonstrat.

760 3126 994 3191 CAPUT
1045 3133 1139 3192 IV.

160 3234 336 3310 Quod.
366 3246 423 3298 in
455 3243 732 3311 Trinitate,
766 3262 884 3315 qua:
919 3263 1083 3316 supra
1123 3247 1474 3303 substantiam
1509 3262 1609 3313 est,
1642 3269 1735 3306 ne-

225 3330 334 3383 que
389 3316 664 3389 personata
722 3317 1070 3385 distinguitur
1112 3333 1149 3389 ιι
1193 3319 1515 3389 substantia,
1573 3337 1735 3389 neque

228 3396 341 3458 tres
370 3386 563 3458 divinat
588 3401 825 3450 personw
853 3387 1155 3458 substantia
1188 3386 1612 3458 distinguuntur.
1645 3386 1737 3444 nec

230 3455 345 3526 alia
375 3455 622 3526 quapiam
666 3456 989 3521 appositione
1019 3455 1441 3526 distinguuntur,
1483 3460 1588 3513 nisi
1637 3460 1737 3514 hac

229 3523 350 3575 sola
380 3524 668 3576 secundum
702 3526 1033 3579 relationem.
1188 3523 1204 3526 ⁷
1448 3594 1459 3599 _

230 3630 464 3703 Magnus
490 3636 845 3702 Athanasius,
878 3638 931 3692 in
955 3638 1168 3709 dialogo
1190 3640 1478 3707 orthodoxi
1513 3650 1569 3695 et
1597 3643 1742 3696 Ano-

156 3726 279 3790 mii,
318 3727 434 3783 ait:
480 3728 635 3780 Aliud
678 3737 761 3783 est
794 3729 1128 3795 substantia,
1180 3741 1234 3784 et
1287 3718 1434 3786 aliud
1482 3748 1736 3802 persona,

156 3819 310 3871 aliud
347 3827 402 3873 et
429 3818 575 3872 aliud
605 3819 705 3890 (l),
736 3821 1056 3889 compositio
1090 3822 1281 3889 igitur.
1317 3822 1476 3877 Aliud
1509 3835 1564 3878 et
1587 3825 1737 3881 aliud

160 3909 297 3973 disi,
324 3925 436 3965 non
465 3920 521 3966 ut
552 3925 664 3966 rem
691 3910 855 3966 aliam
885 3922 941 3968 et
965 3912 1152 3977 aliam,
1176 3912 1276 3969 sed
1309 3921 1367 3967 ut
1393 3913 1540 3969 aliud
1571 3915 1746 3985 signi-

1842 1803 2070 1872 scriptio
2098 1814 2215 1858 est:
2271 1803 2422 1868 Quod
2467 1804 2638 1859 omnis
2679 1815 2875 1858 natura
2908 1805 3089 1859 divina
3133 1804 3190 1858 in
3217 1822 3323 1860 una
3358 1821 3421 1861 es

1843 1892 2079 1963 personis
2116 1895 2230 1963 ejus
2279 1897 2430 1950 unita
2486 1907 2563 1950 est
2616 1911 2733 1949 cum
2767 1905 2877 1949 tota
2907 1898 3142 1950 humana
3196 1907 3417 1963 natura,

1844 1996 1894 2042 et
1925 2003 2030 2042 non
2056 2003 2181 2059 pars
2214 2003 2331 2042 cum
2352 1997 2502 2059 parte
2522 2004 2542 2044 :
2574 1989 2918 2054 Cmnmunia,
2979 1989 3174 2056 inquit,
3204 1999 3258 2043 et
3288 1993 3419 2044 uni-

1848 2094 1999 2135 versa
2030 2080 2395 2149 praedicantur
2422 2082 2488 2134 de
2517 2081 2632 2137 suis
2672 2080 2931 2150 subjectis
2963 2080 3040 2149 (2)
3077 2082 3422 2150 particulati-

1845 2172 1990 2227 bns:
2032 2186 2322 2227 commune
2371 2173 2538 2239 igitur
2570 2183 2652 2227 est
2700 2173 3026 2239 substantia,
3076 2184 3135 2227 ut
3167 2175 3419 2246 species;

1845 2263 2171 2333 particulare
2212 2272 2394 2319 autem
2441 2250 2799 2334 hypostasis‘;
2834 2266 3164 2335 particulare
3212 2277 3420 2332 autem,

1847 2372 1953 2411 non
1990 2357 2114 2428 quia
2145 2366 2352 2425 partem
2385 2365 2594 2413 natura:
2621 2358 2804 2422 habet,
2836 2370 3046 2428 partem
3089 2374 3198 2412 non
3232 2360 3420 2423 habet,

1846 2448 1941 2507 sed
1991 2449 2316 2518 particulare
2369 2464 2614 2513 numero,
2667 2457 2726 2503 ut
2781 2450 3158 2516 individuum;
3191 2464 3420 2505 numero

1846 2537 2014 2604 enim,
2061 2548 2116 2594 et
2148 2554 2254 2593 non
2288 2549 2483 2594 natura
2531 2539 2852 2610 bypustases
2879 2531 3133 2595 dicuntur
3158 2536 3417 2604 diﬁerre;
3456 2584 3462 2590 .
3492 2578 3499 2589 ι

1848 2630 2172 2701 praedicatur
2198 2641 2377 2684 autem
2411 2631 2717 2685 substantia
2757 2632 2823 2685 de
2856 2632 3161 2702 hypostasi,
3198 2629 3326 2699 quia
3362 2630 3417 2683 in

1816 2720 1821 2731 ‘
1848 2720 2074 2790 singulis
2099 2735 2221 2788 qua:
2248 2730 2370 2775 sunt
2408 2721 2731 2792 hypostases
2768 2722 3011 2790 ejusdem
3040 2722 3269 2791 speciei,
3297 2734 3424 2788 per-

1850 2811 1987 2866 fecta
2025 2814 2327 2867 substantia
2356 2824 2464 2878 est;
2493 2815 2749 2883 quocirca
2780 2829 2956 2883 neque
2982 2815 3304 2884 hypostases
3326 2810 3425 2865 dii-

1846 2901 2027 2956 ferunt
2055 2904 2194 2957 inter
2220 2920 2280 2959 se
2299 2905 2625 2967 subStantia,
2656 2907 2746 2959 sed
2772 2906 3066 2960 secundum
3094 2905 3421 2969 accidentia,

1847 3004 1968 3064 qum
2007 3004 2133 3048 sunt
2179 2997 2541 3064 proprietates
2572 2996 2925 3065 designant‘es
2964 2997 3325 3067 hypostasinn,
3364 3004 3421 3047 ct

1766 3083 1810 3140 C
1843 3099 1952 3138 non
1985 3095 2234 3138 naturam
2265 3104 2278 3140 :
2312 3086 2578 3154 siquidem
2615 3088 2946 3156 hypostasim
2984 3088 3244 3140 deﬁniunt
3286 3085 3419 3139 sub-

1842 3177 2097 3230 stantiam
2128 3193 2249 3231 cum
2272 3180 2578 3242 accidente,
2605 3181 2960 3245 quamobrem
2991 3180 3294 3248 hypostasis
3322 3178 3418 3229 ha-

1842 3269 1934 3325 bet
1958 3284 2247 3324 commune
2267 3284 2390 3324 cum
2417 3270 2669 3349 propri_o;
2694 3271 2998 3324 substantia
3025 3280 3204 3324 autem
3228 3284 3421 3324 secun-

1839 3362 1966 3415 dum
1997 3377 2057 3416 se
2087 3376 2190 3414 non
2221 3362 2457 3423 exsistit,
2493 3362 2587 3414 sed
2612 3362 2665 3415 in
2704 3361 3088 3431 hypostasibus
3120 3369 3416 3429 spectatur.

1840 3452 1985 3508 Idem
2029 3455 2094 3506 de
2127 3463 2312 3507 sancta
2358 3451 2660 3507 Trinitate:
2703 3451 2954 3522 Oportet,
3005 3442 3204 3521 inquit,
3241 3450 3411 3514 scire,

1842 3542 1986 3616 quod
2032 3542 2174 3596 aliud
2220 3551 2306 3596 est
2335 3542 2669 3597 considerari
2703 3557 2780 3607 re,
2830 3552 2883 3596 et
2918 3542 3065 3596 aliud
3115 3542 3325 3597 ratione
3365 3553 3420 3595 rt

1844 3634 2194 3702 cogitatione.
2233 3630 2289 3686 In
2328 3635 2580 3705 omnibus
2612 3634 2777 3702 igitur
2819 3635 3090 3688 creaturis
3140 3636 3419 3689 distinctio

1848 3724 2210 3795 hypostasemt
2293 3738 2349 3778 re
2400 3727 2802 3793 consideratur,
2852 3739 2910 3779 re
2952 3724 3096 3779 enim
3147 3724 3338 3779 Petrus
3386 3742 3415 3777 a

1845 3813 2014 3868 Paulo
2046 3817 2312 3870 discretus
2337 3816 2736 3883 consideratur,
2770 3817 3140 3873 communitas
3178 3833 3326 3883 vero,
3357 3830 3411 3872 et

1851 3907 2147 3976 copulatio,
2187 3919 2242 3963 et
2277 3922 2466 3973 unum,
2495 3916 2549 3962 et
2578 3908 2814 3975 ratione,
2841 3916 2898 3963 et
2926 3909 3259 3979 cogitatione
3288 3925 3413 3979 spe-

1635 4025 1908 4088 Scholia.

230 4144 313 4214 H)
347 4146 507 4200 Aliud
533 4148 732 4203 dicitur
762 4150 1071 4213 signiﬁcare
1099 4151 1150 4202 in
1186 4149 1384 4203 divinis
1413 4148 1738 4212 substantia,

165 4228 218 4272 et
237 4219 642 4283 alindpersona.
659 4221 780 4284 quia
807 4220 932 4272 licet
957 4236 1117 4272 unam
1134 4230 1187 4273 et
1210 4222 1450 4272 eamdem
1482 4236 1592 4272 rem
1612 4221 1741 4272 sub-

154 4288 365 4351 ,stantia
385 4298 437 4339 et
457 4303 687 4356 persona
709 4290 1033 4356 signiﬁcent,
1060 4291 1413 4342 alitertamcn
1432 4305 1550 4343 eam.
1569 4290 1739 4353 signi-

173 4356 285 4409 ﬁcat
312 4358 641 4419 substantia,
672 4368 724 4411 et
759 4361 918 4411 aliter
956 4373 1228 4424 persona:
1264 4370 1319 4411 et
1354 4369 1498 4412 recte
1539 4359 1738 4411 dicitur

170 4424 348 4479 Graio:
376 4427 504 4478 ἄλλο
536 4430 627 4478 καὶ
652 4428 800 4491 ἄλλο,
839 4428 891 4481 id
922 4420 1026 4490 est,
1058 4428 1203 4482 aliud
1237 4437 1290 4483 et
1321 4428 1493 4493 aliud,
1525 4427 1612 4481 ubi
1651 4420 1816 4495 εο-’ῃ

165 4495 272 4548 lum
300 4507 385 4548 est
417 4495 560 4549 alius
581 4507 635 4549 et
667 4498 806 4551 alius
839 4499 1031 4551 modus
1062 4496 1404 4565 signiﬁcandi
1431 4513 1445 4550 :
1477 4500 1617 4551 sicut
1650 4510 1736 4550 se-

162 4581 283 4619 men
318 4575 377 4635 et
404 4565 618 4619 fructus
648 4582 807 4620 unam
844 4583 956 4621 rem
1003 4566 1333 4635 signiﬁcant,
1367 4582 1592 4635 granum
1627 4566 1736 4619 sci-

155 4634 284 4688 licet
323 4633 590 4687 frmnenti
636 4634 751 4704 (b):
791 4636 937 4691 aliud
977 4633 1151 4689 tamen
1192 4648 1244 4691 et
1285 4633 1430 4689 aliud
1484 4636 1738 4689 dicuntur

152 4704 505 4775 signiﬁcare,
542 4719 646 4757 non
688 4714 946 4775 tanquam
984 4706 1145 4758 aliam
1188 4715 1243 4759 et
1270 4709 1430 4758 aliain
1479 4721 1615 4767 rem,
1642 4704 1735 4758 sed

152 4777 287 4832 quia
322 4773 490 4824 aliter
536 4773 813 4840 signiﬁciit‘
849 4777 995 4829 illam
1047 4790 1209 4828 unam
1239 4779 1373 4827 'rem
1421 4790 1627 4836 semen,
1681 4782 1734 4827 et

150 4842 321 4913 aliter
354 4841 624 4913 fructus:
663 4859 848 4898 semen
894 4846 1038 4898 enim
1083 4843 1154 4897 ita
1206 4846 1474 4913 signiﬁcat
1508 4859 1734 4913 granum

150 4912 535 4981 fruntenti,rut
558 4912 918 4981 intelligamus
945 4913 1210 4967 contineri
1238 4912 1290 4967 in
1321 4929 1386 4965 eo
1407 4912 1741 4965 senmialiter

148 4982 314 5031 aliud
340 4980 543 5034 simile.
584 4980 784 5037 Semen
818 4985 960 5037 enim
995 4993 1097 5044 est,
1130 4984 1179 5035 in
1210 4998 1316 5051 quo
1344 4991 1427 5037 est
1460 4982 1630 5034 virtus
1658 4996 1744 5034 se-

148 5050 385 5101 minalis
420 5051 486 5102 ad
520 5054 925 5119 producendum
961 5052 1105 5105 aliud
1149 5050 1366 5106 simile:
1402 5052 1613 5104 fruetus
1643 5067 1741 5103 au-

146 5129 266 5190 tem
297 5136 405 5170 non
441 5121 519 5171 sic
560 5120 830 5189 signiﬁcat
871 5137 1101 5190 granum
1153 5120 1433 5184 frumenti,
1489 5121 1581 5173 sed
1614 5135 1740 5173 esse

145 5189 402 5240 fructum
424 5190 675 5261 alterius,
704 5192 817 5243 sive
850 5189 1165 5261 productum
1200 5193 1266 5243 ab
1296 5192 1401 5243 alio
1427 5209 1443 5256 ;
1469 5190 1549 5245 sic
1573 5194 1736 5244 etiam

141 5259 470 5313 SttbSlalllia
520 5267 574 5310 et
609 5259 971 5327 personanna
1025 5276 1111 5312 res
1148 5273 1294 5323 sunt,
1338 5270 1394 5313 et
1425 5273 1583 5312 Itllalll
1619 5273 1735 5312 rent

142 5330 511 5398 signiﬁcant:
547 5335 641 5382 sed
673 5332 835 5383 aliter
869 5344 984 5381 eam
1025 5330 1199 5397 signiﬁ
1238 5339 1292 5381 at
1325 5343 1577 5398 persona,
1626 5330 1735 5382 sci-

138 5397 291 5451 licet
353 5398 730 5465 singulariter,
801 5400 1100 5452 substantia
1160 5415 1288 5450 vero
1316 5397 1733 5454 communiter:

134 5479 324 5535 quam
360 5467 504 5518 enim
534 5471 801 5533 rationem
834 5470 995 5521 habet
1020 5482 1307 5520 commune
1340 5470 1402 5522 ad
1430 5468 1729 5535 pmprium,

136 5537 227 5587 ait
267 5533 531 5599 Basilius,
580 5536 719 5592 banc
768 5539 930 5592 habet
959 5538 1266 5592 substantia
1304 5539 1369 5589 ad
1416 5533 1727 5607 (iurantium.

1841 4147 1936 4205 Hic
1974 4151 2136 4219 igitur
2175 4149 2363 4204 modus
2409 4152 2654 4204 diversus
2689 4150 3034 4220 signiﬁcandi
3082 4166 3245 4206 unam
3282 4150 3417 4206 alio-

1835 4222 1926 4288 qui
1956 4232 2008 4275 et
2036 4222 2279 4273 eamdem
2316 4235 2450 4277 rem.
2499 4232 2721 4274 vocatur
2749 4223 2817 4276 ab
2847 4222 3149 4275 Athanasio
3169 4223 3315 4276 aliud
3358 4234 3414 4276 et

1838 4289 2019 4356 aliud;
2078 4305 2181 4344 nou
2213 4292 2340 4359 quia
2380 4291 2486 4343 alia
2514 4297 2569 4344 et
2602 4291 2703 4344 alia
2742 4307 2828 4345 res
2876 4294 2983 4351 sit,
3020 4291 3110 4345 sed
3149 4294 3274 4359 quia
3312 4309 3414 4345 una

1834 4370 1887 4411 et
1913 4362 2104 4430 eadem
2130 4375 2217 4413 res
2252 4360 2359 4430 alio
2386 4367 2440 4413 et
2465 4360 2573 4413 alio
2599 4362 2761 4415 modo
2774 4361 3110 4428 signiﬁcatur
3136 4380 3150 4425 ;
3183 4372 3419 4430 possant

1845 4429 1987 4499 enim
2028 4443 2147 4483 esse
2178 4429 2337 4484 unius
2363 4430 2438 4483 rei
2467 4431 2622 4499 plura
2651 4432 2896 4495 nomina,
2936 4440 2994 4483 ut
3022 4429 3193 4483 unum
3217 4447 3413 4484 nomen

1847 4497 1933 4566 plu
1943 4497 2078 4566 rium
2125 4510 2327 4553 rerum.

1913 4567 1991 4635 (ἢ)
2042 4565 2362 4620 Communia
2404 4576 2454 4622 et
2502 4574 2746 4620 universa
2795 4568 3156 4631 praedicantur
3208 4568 3274 4620 de
3298 4569 3413 4621 suis

1843 4638 2110 4708 subjectis.
2147 4635 2449 4708 Cotiunnne
2491 4637 2663 4708 igitur
2694 4647 2776 4690 est
2801 4639 3153 4708 .substantia,
3206 4648 3257 4688 nt
3295 4656 3419 4705 spe-

1844 4710 1978 4761 cics.
2013 4706 2131 4769 Non
2170 4707 2269 4758 hoc
2311 4707 2439 4760 dicit
2488 4704 2853 4760 Datnascenus
2898 4709 2963 4759 de
3010 4704 3415 4761 substantiam

1846 4777 2045 4830 dividis
2091 4776 2353 4841 personis,
2402 4774 2549 4845 quod
2602 4777 2895 4829 secundum
2946 4788 3057 4827 rem
3107 4778 3417 4832 communis

1846 4847 1937 4909 sit,
1963 4846 2102 4899 sicut
2132 4846 2182 4897 in
2214 4849 2473 4899 creaturis
2500 4845 2711 4912 species
2738 4860 2858 4912 qua:
2885 4845 3142 4898 dividitur
3168 4861 3264 4914 per
3293 4863 3414 4915 pro-

1844 4918 2103 4982 prietates
2125 4915 2622 4977 characteristicas,
2649 4930 2786 4983 quas
2818 4924 3007 4968 vocant
3033 4915 3412 4978 itttlivitlttales,

1843 4987 1914 5054 ita
1957 4995 2034 5048 nl,
2064 4990 2205 5039 sicut
2236 4983 2395 5052 paulo
2423 4994 2544 5054 post
2576 4983 2663 5037 hic
2693 4984 2821 5038 dicit
2853 4984 2988 5054 idem
3020 4985 3414 5049 D.unascenus,

1839 5051 2035 5109 Petrus
2064 5071 2093 5107 ιι
2144 5051 2310 5107 Paulo
2347 5072 2402 5122 re
2424 5051 2819 5122 distinguatur,
2855 5052 2981 5121 quia
3037 5069 3141 5106 non
3187 5067 3269 5109 est
3311 5054 3399 5107 Pe-

1849 5134 1968 5178 trus
2004 5127 2056 5179 in
2108 5123 2318 5188 Paulo;
2353 5121 2542 5177 Petrus
2571 5121 2720 5177 enim
2755 5136 2807 5177 et
2843 5122 3042 5177 Paulus
3079 5140 3246 5176 unum
3284 5135 3418 5176 Stt|t|

1849 5208 1951 5264 non
1996 5211 2074 5259 re,
2108 5198 2198 5248 sed
2241 5196 2472 5256 ratione,
2518 5204 2570 5246 et
2617 5194 2993 5264 intelligentia.
3033 5194 3232 5246 Contra
3284 5211 3419 5246 vero

1847 5263 1898 5315 in
1930 5264 2128 5317 divinis
2160 5265 2406 5332 personis
2440 5280 2548 5316 non
2579 5263 2876 5317 secundum
2913 5279 3046 5327 rem,
3083 5267 3175 5317 sed
3217 5279 3420 5317 secun-v

1843 5333 1969 5385 dum
2000 5336 2215 5386 modum
2243 5333 2586 5402 signiﬁcandi
2619 5332 2893 5386 invenitur
2921 5333 3099 5400 aliqua
3147 5334 3415 5387 similitnn

1842 5402 1909 5455 do
1941 5403 2248 5457 communis
2279 5414 2333 5457 et
2358 5403 2850 5471 particulariscum
2881 5403 3167 5458 creaturis.
3200 5404 3405 5461 Obser-

1841 5474 1986 5526 vavit
2019 5474 2122 5527 hoc
2148 5475 2202 5527 in
2231 5470 2567 5529 Damasceno
2599 5470 2656 5528 S.
2694 5470 2953 5528 Thomas.

218 5651 314 5727 (ᾳ)
352 5651 428 5727 pe
455 5655 519 5727 iis
553 5653 791 5722 loquitur
816 5672 936 5725 quae
973 5657 1226 5711 similiter
1253 5659 1320 5711 de
1346 5658 1456 5710 Deo
1480 5659 1757 5727 dicuntur,
1790 5666 1848 5715 ut
1880 5656 2192 5727 ingenitam,
2219 5656 2622 5727 incorporeum,
2646 5665 2701 5712 ct
2729 5655 2955 5712 similia;

218 5720 311 5789 (ὁ)
351 5722 577 5778 Basilius
595 5720 1018 5797 epistula'prinia
1049 5732 1113 5782 ad
1138 5730 1475 5782 Cledutuum.
1570 5736 1587 5779 ι
