4016 6204
260 248 367 312 9Ἷ3

1112 252 1351 314 DECAS
1384 256 1485 318 IX.
1518 281 1582 294 -
1610 256 1709 317 DE
1740 208 2201 323 INFINITATE.
2221 265 2311 325 IN.
2336 266 2504 327 DEO.

3395 271 3508 335 934

259 376 311 416 et
361 376 699 432 quascunque
740 360 866 417 sunt
911 360 1205 419 ahlationis
1257 368 1554 423 secundum
1589 381 1826 436 exsupe-
1852 370 1896 429 Α
1928 385 2058 425 sona
2085 383 2138 426 et
2169 374 2473 428 substantia
2516 388 2620 428 non
2650 383 2775 430 sunt
2802 374 2942 431 idem
2977 377 3184 433 ratione
3211 385 3267 435 et
3293 384 3501 452 cogita-

258 458 494 508 rantiam
530 458 630 525 (l),
656 470 776 509 cum
808 458 1006 525 quibus
1038 466 1388 510 numerantur
1412 459 1589 512 omnia
1616 474 1733 527 quae
1762 460 1827 513 ad

253 548 523 602 rationein
556 562 731 602 causae
762 549 1057 617 pertinent,
1097 550 1299 602 bonum
1360 551 1650 617 pulchrum
1685 552 1827 605 exsi-

252 648 432 701 stens,
462 638 756 701 viviﬁcum,
779 639 1020 707 sapiens,
1051 648 1104 693 et
1130 654 1465 709 quaecunque
1488 650 1613 694 sunt
1638 655 1702 695 ex
1730 643 1827 696 do-

250 732 339 785 nis
370 730 511 799 ejus,
536 739 656 798 quae
693 729 983 784 bonitatem
1011 730 1131 798 ejus
1168 732 1379 793 decent,
1410 746 1438 784 a
1475 732 1673 800 quibus
1704 748 1825 787 om-

250 821 401 875 nium
436 822 705 875 bonorum
746 835 907 875 causa
933 822 1266 885 nominatur,
1290 821 1522 875 discreta
1550 837 1677 876 vero
1704 832 1827 876 sunt

249 909 432 965 Patris
460 925 656 965 nomen
694 908 796 977 (2),
824 920 878 963 et
908 923 1015 974 res,
1053 918 1104 963 et
1133 908 1253 964 Filii
1280 922 1329 965 et
1362 908 1597 981 Spiritus
1626 913 1826 974 sancti.

248 1004 398 1056 nulla
438 1003 493 1056 in
526 1003 611 1056 his
644 1002 784 1055 facta
815 1001 1264 1071 reciprocatione,
1298 1012 1389 1056 aut
1430 1019 1655 1072 prorsus
1681 996 1847 1058 com?

246 1093 523 1147 munitate
554 1092 896 1157 introducta;
934 1101 1015 1147 est
1046 1101 1306 1162 praeterea
1342 1094 1577 1148 discreta
1623 1110 1686 1149 ac
1714 1096 1827 1150 dis-

248 1187 444 1249 tincta,
472 1182 710 1251 perfecta
757 1185 899 1239 sicut
958 1184 1010 1237 iu
1058 1185 1215 1239 nobis
1247 1180 1346 1254 (ὅ).
1374 1194 1431 1239 et
1474 1183 1825 1242 immutabilis

246 1272 377 1328 Iesu
404 1275 664 1336 essentia,
694 1280 747 1329 et
769 1289 1106 1344 quaecunque
1133 1283 1258 1327 sunt
1288 1275 1538 1343 mysteria
1566 1274 1821 1331 substan-

248 1365 398 1419 tialia
430 1366 786 1420 humanitatis
821 1366 936 1435 ejus
969 1366 1072 1435 (4).
1108 1366 1182 1420 Ex
1226 1366 1309 1421 his
1347 1366 1687 1421 manifestum
1733 1370 1815 1431 tit,

241 1458 393 1527 quod
428 1460 482 1514 in
514 1458 803 1523 Trinitate,
826 1474 950 1529 qum
969 1470 1051 1513 est
1080 1474 1243 1529 supra
1275 1460 1657 1523 substantiam,
1687 1475 1810 1530 per-

1934 463 2081 517 tione
2107 480 2123 527 ;
2156 475 2281 518 sunt
2308 474 2485 521 tamen
2510 481 2566 520 re
2588 477 2643 521 et
2670 466 2991 533 substantia,
3019 470 3274 525 similiter
3297 482 3408 527 tres
3431 475 3505 526 di-

1928 556 2067 611 vinae
2094 544 2524 625 personae'inter
2553 574 2610 614 se
2644 574 2748 613 non
2780 560 3165 615 discernuntur
3193 576 3248 617 re
3282 574 3337 617 et
3372 568 3505 619 sub-

1925 649 2145 713 stantia,
2178 650 2271 703 sed
2305 652 2513 704 ratione
2554 659 2760 704 tantum
2793 659 2847 704 et
2875 652 3202 715 cogitatione
3235 653 3313 723 (5)
3347 668 3362 721 ;
3409 671 3497 709 es-

1924 739 2099 791 sentia
2122 742 2267 793 enim
2297 756 2483 795 earum
2521 756 2624 794 una
2655 751 2760 806 est,
2795 738 2888 796 sed
2934 758 3040 796 non
3079 756 3157 799 est
3190 760 3375 800 earnm
3411 747 3497 801 in-

1928 835 2012 878 ter
2040 841 2099 881 se
2150 829 2548 895 reciprocatio;
2601 830 2806 885 idcirco
2841 845 2944 884 non
2994 842 3173 899 potest
3216 837 3411 887 cadere
3445 838 3499 889 in

1928 932 2023 971 eas
2054 918 2156 971 alia
2183 921 2472 988 oppositio,
2509 922 2609 975 nisi
2638 932 2825 977 eorum
2855 939 2974 992 quae
3004 932 3126 979 sunt
3152 926 3217 979 ad
3251 925 3452 994 aliquid
3486 946 3500 981 :

1926 1009 2046 1063 alia:
2078 1011 2219 1065 enim
2254 1013 2618 1080 oppositiones
2653 1029 2760 1067 non
2793 1026 3147 1070 assumuntur
3184 1020 3303 1072 sine
3332 1030 3507 1073 maie-

1929 1098 2046 1163 ria,
2084 1103 2453 1169 oppositiones
2492 1118 2622 1156 vero
2669 1104 2721 1158 in
2761 1104 2825 1158 iis
2855 1120 2975 1175 quae
3006 1116 3131 1160 sunt
3162 1108 3227 1160 ad
3276 1108 3499 1176 aliquid,

1931 1193 2165 1257 quodam
2211 1193 2367 1246 modo
2408 1194 2714 1247 consistunt
2744 1208 2905 1262 supra
2939 1196 3248 1262 materiam,
3280 1199 3407 1267 quia
3449 1202 3499 1252 in

1932 1287 2035 1340 hac
2060 1285 2405 1355 oppositione
2433 1299 2537 1337 non
2582 1285 2857 1337 dirimitur
2890 1282 3185 1354 copulatio,
3216 1284 3341 1356 quia
3382 1304 3503 1344 esse

1930 1394 2119 1434 eorum
2153 1388 2237 1433 est
2270 1374 2502 1447 quodam
2541 1378 2699 1430 modo
2743 1391 2803 1432 se
2838 1378 3036 1432 habere
3068 1379 3134 1431 ad
3166 1379 3391 1448 aliquid.

1709 1602 1985 1665 Scholia.

310 1731 390 1799 (ll
428 1731 783 1803 οιιιεειέηᾳίιε⁸
820 1738 938 1803 sunt
985 1728 1269 1803 oblationis
1320 1735 1606 1785 "eundum
1656 1701 1893 1791 exse-“ﬁ
1926 1741 2179 1803 tanquam
2237 1742 2387 1787 actus
2454 1726 2743 1803 nationalis
2786 1732 3134 1803 Δειμι-ἰιιιιῑιιιιυ
3188 1730 3371 1799 Patri,
3439 1753 3497 1799 at

234 1798 557 1867 percutiam.
587 1798 737 1870 Sunt
770 1798 1082 1870 huiusmodi
1132 1803 1346 1854 nomina
1400 1817 1557 1870 supra
1593 1807 1812 1867 bonum,

235 1886 402 1933 Supra
457 1869 765 1937 pulchrum,
820 1884 959 1937 qua}
994 1868 1185 1921 tollunt
1238 1870 1291 1923 in
1347 1868 1476 1925 Deoﬁ
1520 1872 1812 1925 bonitatem

234 1936 506 1998 ereatani,
541 1948 595 1990 et
643 1936 1093 2005 pulchritudinem
1151 1948 1413 2002 creatam,
1462 1948 1517 1995 et
1569 1943 1813 1995 tribuunt

237 2016 678 2076 exsuperantem,
729 2005 1164 2077 etsuperlatam
1227 2008 1547 2072 bonitatem,
1602 2012 1813 2065 scilicet

240 2079 575 2147 increatam,
608 2092 728 2146 quae.
766 2076 933 2130 vincit
977 2089 1191 2130 omnem
1247 2079 1609 2147 cognitionem
1641 2092 1694 2134 et
1732 2079 1814 2134 in-

235 2146 616 2209 telligentiam.

315 2216 395 2288 (ἱ)
452 2215 692 2268 Discreta
723 2223 846 2288 sunt
894 2229 1079 2288 nomen
1107 2214 1312 2288 _Patris
1361 2231 1520 2285 supra
1557 2218 1809 2275 subStan-

240 2282 387 2339 iam
442 2293 499 2339 et
550 2298 660 2338 res.
722 2284 928 2339 Nomen
972 2282 1152 2339 Patris
1212 2300 1371 2350 supra
1428 2282 1807 2343 substantiam

243 2355 400 2424 dicit,
434 2354 559 2424 quia
719 2354 917 2424 divinis
956 2370 1061 2409 non
1091 2353 1356 2423 signiﬁcat
1401 2356 1559 2409 nobis
1614 2373 1808 2412 nomen

243 2417 576 2487 Patris,'aut
619 2417 764 2494 Filii.
815 2424 954 2491 qaod
1010 2426 1075 2494 in,
1115 2417 1382 2478 c'reaturis
1432 2424 1803 2494 intelligimus,

244 2508 512 2561 personas
566 2491 775 2545 scilicet
817 2507 874 2545 re
902 2502 956 2545 et
994 2493 1296 2547 substantia
1348 2491 1648 2559 separatas.
1675 2494 1805 2549 Rom

248 2560 381 2615 vero
423 2560 598 2615 Patris
626 2570 779 2615 vocat
811 2574 915 2615 non
944 2560 1112 2628 ipsam
1147 2562 1529 2630 substantiam,
1561 2579 1680 2630 qua;
1708 2581 1812 2619 una

249 2641 306 2683 et
339 2631 525 2683 eadem
557 2631 608 2682 iu
642 2630 839 2690 tribus,
873 2627 975 2683 sed
995 2646 1104 2683 rem
1134 2627 1339 2691 Patris,
1364 2643 1418 2688 et
1453 2647 1563 2685 rem
1582 2627 1731 2697 Filii,
1760 2645 1815 2688 et

250 2714 365 2771 rem
409 2698 686 2771 Spiritus
716 2699 887 2771 sancti
946 2709 1101 2771 vocat
1132 2700 1533 2771 proprietates,
1587 2715 1705 2771 qua:
1761 2706 1811 2757 in

248 2769 451 2821 divinis
476 2768 718 2836 personis
738 2768 982 2822 ordinem
1010 2768 1233 2835 originis
1260 2769 1371 2823 sive
1392 2768 1642 2837 principii
1672 2772 1814 2826 inter

243 2853 345 2892 eas
384 2838 687 2905 designant,
725 2838 867 2891 unde
916 2838 1214 2892 notioiiales
1269 2840 1646 2906 proprietates,
1698 2843 1813 2895 sive

247 2916 403 2961 actus
457 2908 746 2971 dicuntur;
787 2908 908 2974 quia
962 2916 1087 2961 sunt
1131 2909 1343 2974 proprie
1388 2908 1656 2974 notiones,
1696 2913 1813 2965 sive

247 2976 651 3045 designationes
692 2970 1041 3042 personarum
1068 2991 1083 3039 ;
1118 2970 1174 3028 ut
1202 2970 1475 3045 proprium
1521 2970 1698 3031 Patris
1729 2990 1811 3033 est

243 3059 509 3165 generare
564 3044 794 3109 Filium;
847 3046 1060 3113 propria
1121 3055 1205 3098 est
1263 3046 1511 3100 nativitas
1568 3046 1687 3101 Filii
1741 3047 1879 3110 exC

289 3125 443 3165 utre:
484 3124 537 3165 et
569 3116 781 3165 nronria
819 3114 1053 3165 Sniritus
1093 3114 1262 3165 sancti
1298 3117 1571 3165 processio
1603 3132 1664 3165 ex
1698 3133 1808 3165 uno

289 3125 443 3177 utre;
484 3124 537 3167 et
569 3116 781 3179 propria
819 3114 1053 3181 Spiritus
1093 3114 1262 3168 sancti
1297 3117 1571 3181 processio
1603 3132 1665 3171 ex
1698 3133 1808 3171 uno

245 3176 536 3250 principio,
562 3176 806 3255 Patreet
828 3176 1000 3255 Filio,
1038 3184 1153 3235 hate
1184 3176 1433 3255 dicuntur
1462 3185 1647 3239 Grzece
1677 3188 1809 3255 χρή·

246 3268 392 3318 ματα
423 3252 785 3321 γνωριστικὰ,
827 3253 876 3305 id
906 3262 1007 3309 est.
1045 3267 1129 3306 res
1156 3253 1267 3321 sive
1292 3263 1445 3307 actus
1475 3252 1804 3318 notionali-s;

241 3335 330 3373 res
356 3326 502 3372 enim
544 3320 812 3389 quatenus
846 3322 1080 3389 pertinet
1106 3320 1172 3373 ad
1209 3322 1542 3377 relationem.
1582 3339 1808 3379 numero

242 3391 478 3463 plurium
506 3391 835 3463 praedicatur
863 3391 940 3463 in
983 3390 1183 3463 divinis
1214 3406 1231 3453 ;
1271 3389 1329 3443 S.
1375 3390 1567 3463 Thom.
1613 3408 1627 3444 l
1665 3411 1714 3460 p.
1749 3410 1804 3463 q.

241 3461 327 3520 59,
365 3470 471 3511 art.
502 3462 555 3522 3,
580 3460 644 3512 ad
674 3459 708 3512 5
733 3475 747 3512 :
780 3459 836 3511 lu
863 3459 948 3513 his
982 3460 1143 3529 igitur
1180 3474 1281 3529 non
1311 3468 1399 3529 est
1428 3459 1804 3529 reciprocatio,

242 3544 414 3592 neque
456 3529 836 3589 communitas,
870 3544 969 3582 nec
1002 3525 1053 3581 in
1104 3528 1233 3596 ipsis
1264 3525 1569 3583 nominibus
1606 3525 1803 3593 Patris,

239 3611 289 3651 ct
322 3596 470 3662 Filii,
499 3608 552 3650 ct
592 3599 823 3667 Spiritus
862 3598 1052 3659 sancti,
1081 3611 1179 3650 nec
1211 3598 1267 3667 in
1298 3610 1484 3649 eorum
1521 3602 1682 3653 rebus
1704 3639 1718 3663 ,
1754 3600 1805 3655 id

239 3680 340 3729 est,
378 3671 430 3717 iii
478 3666 662 3721 eorum
710 3668 944 3726 actibus,
979 3669 1094 3718 sive
1124 3666 1331 3727 usibus,
1360 3667 1501 3721 unde
1548 3681 1802 3725 manant:

240 3753 337 3790 nec
372 3738 518 3789 cnim
553 3752 747 3789 nomen
784 3736 956 3788 Patris
983 3736 1230 3788 convenit
1266 3733 1431 3796 Filio;
1464 3752 1639 3804 neque
1685 3739 1803 3793 Filii

242 3819 435 3859 nomen
474 3809 723 3859 convenit
758 3803 945 3861 Patri:
983 3807 1105 3872 quia
1156 3818 1330 3871 neque
1360 3803 1639 3872 ‘geiierare
1686 3805 1802 3862 Filii

237 3890 340 3936 εει,
401 3890 576 3940 neque
624 3875 867 3944 generari
910 3873 1119 3936 Patris,
1174 3873 1426 3945 similiter
1475 3876 1527 3927 in
1598 3874 1801 3945 Spiritu

238 3960 427 4001 sancto
477 3946 567 4012 qui
625 3947 693 3998 ab
739 3956 967 4011 utroque
998 3945 1259 4012 procedit.
1294 3944 1383 3996 Est
1409 3944 1663 4010 praeterea
1705 3949 1803 3999 ob-

237 4010 547 4069 servatione
568 4016 793 4083 dignum
828 4010 967 4081 quod
1005 4012 1092 4083 hic
1116 4012 1190 4083 ait
1224 4010 1544 4083 D.ouysius,
1572 4016 1802 4071 discreta

235 4100 356 4138 esse
414 4094 466 4138 iii
523 4080 720 4137 divinis
748 4080 970 4151 “nomen
1031 4080 1223 4142 Patris,
1258 4089 1311 4133 et
1361 4082 1567 4149 χρῆμα,
1611 4088 1660 4137 id
1695 4096 1800 4151 est,

238 4171 386 4219 rem;
418 4165 475 4207 et
505 4167 696 4206 nemen
738 4150 880 4214 Filii,
907 4162 957 4203 et
992 4165 1137 4215 rem;
1176 4153 1303 4202 item
1345 4166 1535 4204 nomen
1570 4150 1802 4220 Spiritus

237 4228 431 4287 sancti,
490 4233 543 4277 et
590 4237 733 4285 rem;
793 4236 914 4273 cuin
971 4222 1112 4271 enim
1170 4222 1317 4287 prius
1375 4222 1553 4286 posuit
1608 4239 1799 4278 nomen

241 4294 433 4356 Patris,
454 4301 512 4345 et
548 4307 738 4343 nomen
764 4289 906 4351 Filii,
942 4301 995 4342 et
1039 4303 1230 4341 nomen
1264 4288 1498 4355 Spiritus
1524 4294 1715 4355 sancti,
1748 4302 1801 4347 et

274 4374 417 4415 estea
473 4364 711 4415 secundo
772 4360 889 4411 loco
958 4360 1134 4427 posuit
1178 4358 1387 4427 χρῆμα,
1420 4358 1470 4409 id
1523 4369 1625 4423 est,
1685 4377 1795 4415 rem
1830 4369 1873 4424 1)

236 4379 434 4481 gains.
482 4446 602 4481 nua:
642 4440 722 4481 est
774 4442 1053 4481 generare.
1087 4438 1140 4480 et
1195 4442 1304 4479 rein
1362 4424 1505 4481 Filii.
1553 4442 1673 4481 uuae
1716 4442 1799 4481 est

276 4436 434 4495 atris,
482 4446 602 4499 qua:
642 4440 722 4482 est
758 4424 1053 4499 generare,
1087 4438 1140 4480 et
1195 4424 1304 4479 rem
1362 4424 1505 4489 Filii,
1553 4442 1673 4494 quae
1716 4442 1799 4485 est

233 4498 505 4570 generari,
536 4511 591 4553 et
611 4514 724 4551 rem
753 4498 985 4570 Spiritus
988 4499 1205 4570 _sancti,
1230 4511 1348 4570 quae
1372 4505 1456 4549 est
1486 4502 1794 4570 procedere,
1844 4550 1849 4553 _

230 4564 391 4637 [itane
430 4572 615 4623 docuit
646 4571 698 4620 id
727 4564 869 4636 quod
899 4567 955 4619 ὃ.
988 4564 1180 4619 Thom.
1217 4567 1608 4637 etianitradit,
1646 4564 1797 4636 prius

229 4636 281 4692 et
309 4640 660 4707 piiiicipalius
686 4637 980 4691 secontioni
1008 4641 1226 4688 modum
1258 4636 1582 4707 intelligendi
1603 4641 1797 4691 distin-

228 4704 324 4779 goii
376 4704 692 4776 bypostases
743 4708 954 4759 divinas
1008 4720 1102 4773 per
1136 4704 1441 4779 relationes,
1497 4720 1657 4779 quam
1702 4723 1797 4776 per

227 4777 507 4847 origines,
560 4792 673 4831 Sive
712 4785 864 4829 actus
921 4777 1253 4847 iiutionales,
1300 4789 1438 4839 quos
1506 4778 1796 4845 Dionysius

128 4855 145 4861 '
227 4842 560 4916 signiﬁcavit
594 4848 809 4899 nomine
840 4846 1139 4916 χρήματος.
1176 4842 1447 4916 liiterpres
1480 4842 1797 4916 vetus'Dio-

229 4914 400 4987 iifsii,
431 4932 593 4987 queui
640 4922 858 4969 sanctus
888 4914 1119 4966 ’l‘tiomas
1160 4915 1363 4987 habuit,
1397 4915 1557 4966 vertit
1592 4916 1796 4987 (χρῆμα

228 4983 419 5051 stium,-
446 4983 504 5043 Β.
534 4984 725 5039 Thoni.
747 5000 897 5037 usum
919 4986 1143 5035 mutavit
1163 4983 1214 5034 iii
1250 4992 1425 5049 actum
1444 4995 1494 5036 et
1520 4983 1793 5051 originem,

226 5058 661 5126 distinguuntur,
698 5057 937 5121 inquam,
990 5054 1173 5119 prius,
1206 5063 1261 5126 et
1320 5054 1665 5120 pi‘iiicipalius
1704 5073 1797 5122 per

228 5123 557 5189 relationes,
611 5142 771 5194 quam
826 5139 920 5191 per
988 5123 1290 5176 tiotionales
1346 5128 1618 5190 origines;
1669 5142 1793 5183 quia

228 5197 525 5252 relationes
573 5206 903 5249 constituunt
973 5207 1253 5256 personas,
1306 5206 1425 5247 cuin
1497 5194 1607 5244 sint
1674 5210 1798 5261 ipsze

230 5270 534 5322 relationes
570 5281 812 5333 persona:
845 5263 1198 5315 subsistentes
1237 5278 1251 5313 :
1288 5277 1441 5314 aeius
1475 5277 1601 5315 vero
1628 5278 1799 5317 notio-

229 5342 407 5399 nales,
442 5339 570 5390 licet
617 5339 723 5389 sitit
779 5334 917 5385 idem
952 5346 1008 5383 re
1034 5347 1151 5384 enm
1213 5334 1584 5394 relationibus,
1620 5347 1796 5385 tamen

229 5410 533 5467 secundum
592 5406 808 5458 modum
860 5401 1196 5470 signiﬁcandi
1234 5412 1286 5455 et
1323 5402 1656 5468 intelligendi
1693 5418 1797 5455 noti

228 5482 571 5535 constituunt
617 5489 916 5545 personas,
952 5488 1087 5545 cuni
1133 5473 1242 5523 sint
1294 5488 1530 5540 origines
1575 5489 1797 5534 earum,

226 5568 344 5605 sne
402 5551 556 5617 origo
604 5541 932 5615 significetur
987 5541 1194 5605 active,
1246 5550 1302 5595 ut
1351 5546 1629 5609 generatio
1680 5559 1799 5610 qua:

1921 1796 2146 1878 spiratio
2164 1819 2287 1878 qute
2317 1803 2625 1878 attribuitur
2656 1796 2798 1878 Patri
2828 1813 2886 1878 ct
2909 1804 3079 1878 Filiol;
3123 1803 3237 1878 sive
3259 1796 3492 1878 passiva;

1922 1882 1979 1925 nt
2008 1869 2264 1926 nativitas
2296 1882 2448 1925 aetiis
2478 1872 2769 1924 notioualis
2795 1874 2886 1941 qui
2915 1870 3228 1925 attribuitur
3260 1869 3413 1941 Filio,
3441 1869 3496 1935 (ιὶ

1919 1944 2195 2010 processio
2231 1941 2453 2007 Spiritui
2487 1949 2712 2001 sancto;
2744 1940 2979 2006 origines
3013 1942 3155 1992 enim
3191 1940 3490 2003 secundum

1920 2013 2179 2065 rationem
2238 2010 2567 2077 intelligendi
2625 2020 2776 2063 etitra
2816 2025 2877 2063 ca
2918 2022 3060 2079 sunt,
3095 2024 3324 2075 quorum
3363 2031 3492 2072 sunt

1917 2081 2187 2151 origines:
2219 2082 2436 2151 cum’sit
2459 2079 2633 2141 origo,
2664 2079 2890 2131 sicutait
2916 2080 2969 2131 S.
2998 2078 3212 2151 Thom.,
3235 2082 3315 2135 via
3344 2101 3493 2151 quau

1918 2148 2039 2201 datu
2074 2167 2099 2198 :i
2134 2165 2213 2209 re,
2247 2158 2339 2201 aut
2369 2150 2431 2200 ad
2462 2162 2594 2205 rem.
2638 2158 2695 2201 ut
2740 2151 3019 2216 generatio
3053 2148 3400 2217 signiﬁcatur
3428 2168 3491 2211 ut

1920 2220 2005 2270 via
2040 2222 2304 2285 quaedam
2351 2220 2416 2271 ad
2461 2218 2694 2285 genitum
2762 2219 3055 2284 procedens
3097 2236 3124 2272 a
3172 2235 3487 2285 generante.

1920 2283 2119 2360 Itaque
2140 2283 2429 2360 resAPatris
2454 2283 2539 2342 est
2551 2283 2828 2360 generare
2861 2288 3071 2357 (χρῆμα
3091 2283 3258 2352 enim.
3278 2301 3335 2345 ut
3359 2294 3489 2360 dixi,

1919 2352 2032 2431 re»;
2078 2356 2393 2431 signiﬁcat),
2432 2370 2527 2431 res
2549 2352 3045 2431 Filii_e_st'gciiiiui'rr
3066 2373 3218 2431 esse;
3252 2375 3337 2413 res
3371 2352 3490 2431 Spi;
3550 2388 3553 2397 ι

1921 2426 2056 2478 ritus
2105 2426 2277 2479 sancti
2333 2426 2645 2489 procedere.
2683 2424 2773 2477 Sic
2805 2423 3115 2489 Gregorius
3157 2429 3207 2478 in
3240 2423 3489 2486 oratione

1916 2495 2097 2573 prima
2129 2496 2193 2546 de
2242 2494 2375 2573 Filio
2410 2511 2425 2547 :
2471 2493 2542 2546 Ex
2580 2510 2684 2573 noti
2732 2493 2990 2573 habente,
3016 2495 3207 2573 inquit,
3242 2512 3485 2573 causam,

1918 2562 1969 2613 id
2022 2571 2123 2626 est,
2153 2579 2215 2615 ex
2276 2562 2433 2617 Patre
2482 2563 2691 2615 accedit
2740 2575 2827 2614 res
2880 2565 3197 2626 nativitatis,
3231 2566 3297 2619 de
3352 2566 3489 2623 Filio

1917 2629 2172 2706 loquitur,
2228 2635 2486 2706 ιπρςιγμᾳΔ
2503 2629 2804 2706 γεννήισεως
2834 2634 3062 2706 vo‘cavit,
3092 2635 3231 2700 quod
3287 2630 3487 2706 Diony-

1916 2700 2029 2752 sius
2059 2698 2281 2768 χρῆμα(
2302 2698 2579 2767 Signiﬁcat
2603 2700 2778 2768 etiam
2798 2698 3031 2768 πρᾶγμα
3056 2698 3237 2753 actum
3264 2718 3293 2754 a
3326 2698 3489 2757 verbo

1915 2766 2343 2836 «germanae
2370 2766 2523 2823 recte
2553 2766 2785 2833 theologi
2824 2766 2999 2820 Latini
3048 2779 3227 2822 actum
3270 2784 3483 2835 vocant,

1914 2840 2056 2904 quod
2079 2837 2254 2891 Graeci
2275 2838 2576 2908 rem,_idetii
2606 2836 2746 2908 enim
2777 2844 2996 2908 Verbum
3017 2840 3249 2908 πρᾶγμα
3281 2850 3489 2894 utrum-

1915 2903 2018 2973 que
2065 2908 2352 2974 signiﬁcat.
2390 2903 2499 2958 lloc
2556 2904 2729 2958 notavi
2754 2944 2768 2966 ,
2806 2906 2929 2971 quia
2961 2903 3073 2959 non
3102 2903 3291 2975 parum
3324 2910 3488 2965 refert

1917 2976 2176 3045 vocabula
2212 2978 2425 3045 propria
2457 2976 2685 3041 alianns
2713 2975 2951 3045 scientia:
2987 2976 3202 3029 callere.

1984 3045 2058 3113 (3)
2093 3042 2330 3113 Perfecta
2383 3047 2519 3098 sicut
2562 3046 2615 3096 in
2663 3042 2832 3103 nobis,
2879 3053 2929 3096 et
2972 3046 3318 3100 immutabilis
3350 3047 3475 3101 Iesu

1910 3115 2159 3167 essentia.
2207 3115 2506 3169 Perfectain
2536 3115 2665 3166 dicit
2695 3120 2883 3182 t'oittra
2916 3115 3323 3179 Apollinarium,
3356 3121 3481 3182 quia

1910 3182 2098 3235 habuit
2134 3199 2328 3250 corpus
2376 3185 2656 3250 praeditum
2693 3195 2719 3231 a
2766 3179 2872 3232 ima
2905 3183 3146 3234 rationali
3192 3196 3245 3237 et
3286 3179 3485 3239 intelli-

1910 3262 2087 3320 gente,
2134 3253 2273 3305 sicut
2322 3267 2418 3305 nos
2488 3253 2783 3311 habemus;
2839 3250 3228 3304 immutabilem
3291 3265 3479 3307 eontra

1908 3321 2045 3373 alios
2081 3321 2382 3381 litareticos,
2437 3321 2525 3386 qui
2577 3322 2830 3370 dixerunt
2884 3328 3131 3372 naturain
3182 3323 3476 3374 humanam

1907 3391 1975 3441 ab
2008 3390 2121 3455 ipso
2154 3390 2420 3456 principio
2470 3389 2683 3441 titiiouis
2714 3387 2909 3439 victam
2966 3404 3085 3442 esse
3114 3405 3143 3443 a
3185 3391 3387 3453 divina,
3426 3402 3481 3445 et.

1908 3457 2104 3511 factam
2143 3457 2628 3525 incarruptibilein,
2652 3456 2792 3525 quod
2816 3468 2931 3508 erat
2958 3474 3157 3524 negare
3189 3460 3469 3514 veritatem

1909 3527 2158 3595 humana:
2197 3526 2430 3595 nstin-ie.
2483 3528 2727 3592 negando
2777 3528 3161 3592 preprietatem
3194 3529 3355 3595 ejus;
3390 3532 3476 3585 hic

1906 3594 2002 3648 fuit
2035 3593 2277 3647 Julianus
2310 3594 2770 3648 Halicarnasseus.

1979 3666 2057 3735 (4)
2093 3664 2346 3735 Mysteria
2374 3664 2757 3716 substantia/ia
2786 3666 3134 3719 [inmanitatis
3164 3666 3297 3734 ejus.
3335 3668 3479 3719 Stili-

1908 3734 2177 3787 stantialia
2209 3736 2357 3804 dicit,
2385 3736 2714 3804 quiasitire,
2751 3736 2980 3797 esurire,
3018 3736 3327 3804 tlel'atigari,
3362 3737 3479 3790 vul-

1914 3805 2115 3865 nerari,
2148 3813 2199 3854 et
2250 3803 2451 3871 reliqua
2486 3802 2749 3869 ejusmodi
2788 3819 2909 3859 vere
2959 3820 3147 3871 passus
3183 3802 3265 3857 est
3311 3804 3471 3859 Chri-

1905 3884 2047 3935 ειυς,
2099 3884 2153 3924 et
2233 3889 2338 3925 non
2394 3872 2734 3938 phantastice
2789 3875 3080 3927 secundum
3163 3876 3471 3940 hmreticos,

1905 3944 2152 4008 quamvis
2203 3941 2284 3993 ha:
2334 3944 2613 4009 passiones
2644 3954 2890 3995 naturain
2922 3942 3161 3994 divinam
3199 3960 3305 3997 non
3340 3947 3470 3997 atti-

1905 4022 2119 4078 gerunt,
2147 4026 2293 4079 cuni
2323 4022 2465 4065 esset
2505 4012 2704 4077 alioqui
2762 4014 2813 4064 in
2869 4013 3056 4064 eadem
3116 4013 3416 4079 hypostasi,
3444 4028 3473 4066 a

1903 4096 2007 4146 qua
2058 4097 2161 4133 non
2197 4078 2477 4134 dill‘crebat
2526 4084 2625 4134 nisi
2678 4083 2885 4134 ratione
2944 4078 3165 4133 tantum
3190 4078 3242 4135 et
3273 4085 3478 4150 cogita-

1907 4153 2088 4213 tione;
2112 4150 2417 4217 Iitijtismodi
2445 4152 2603 4203 etiam
2631 4162 2751 4206 sunt
2780 4151 3056 4203 ambulare
3078 4166 3244 4219 super
3280 4155 3472 4212 undas,

1904 4219 2112 4286 ingredi
2163 4234 2257 4286 per
2300 4219 2518 4287 januam
2574 4221 2811 4273 clausam
2866 4222 2930 4272 ad
2980 4221 3305 4287 discipulos;
3362 4222 3474 4274 haec

1904 4294 2047 4341 enim
2104 4294 2357 4343 miracula
2411 4306 2505 4356 per
2554 4306 2770 4344 carnem
2814 4301 3071 4357 operatus
3098 4302 3182 4343 est
3211 4291 3469 4344 Christus

1902 4371 1998 4410 sua
2027 4359 2331 4411 divinitate.

1958 4426 2033 4495 (5)
2076 4427 2327 4481 Similiter
2350 4437 2451 4480 tres
2488 4426 2680 4480 divina:
2710 4443 2942 4495 persona:
2959 4429 3157 4480 interse
3173 4443 3271 4479 non
3288 4428 3473 4483 distin-

1899 4506 2133 4564 guuntur
2156 4512 2229 4559 re,
2249 4507 2296 4549 et
2324 4498 2641 4562 substantia,
2667 4500 2755 4549 sed
2776 4502 2980 4550 ratione
3002 4506 3226 4555 tantum,
3257 4506 3304 4547 et
3332 4498 3475 4563 cogi-

1900 4569 2113 4618 tatione.
2141 4568 2420 4630 Quatenus
2450 4567 2653 4619 scilicet
2687 4581 2795 4619 tres
2824 4569 3015 4619 divitia:
3052 4578 3294 4634 persona:
3332 4565 3469 4616 idem

1900 4650 1959 4687 re
1989 4644 2042 4688 et
2079 4635 2380 4689 substantia
2422 4644 2567 4697 sunt,
2616 4638 2693 4688 sic
2729 4639 2870 4687 enini
2921 4651 3024 4687 non
3059 4633 3472 4702 diSIiiiguuiitur

1900 4704 2041 4757 inter
2069 4718 2128 4758 se
2160 4706 2259 4757 nisi
2298 4706 2505 4756 ratione
2554 4716 2780 4765 tantum,
2827 4716 2877 4756 et
2912 4704 3271 4771 cngitatiOne;
3330 4703 3470 4755 idem

1897 4775 2133 4826 altirmat
2191 4774 2248 4827 ὃ.
2295 4775 2483 4827 'l'honi.
2543 4790 2580 4837 i,
2630 4790 2759 4842 p.q.
2798 4773 2888 4836 59,
2933 4790 3034 4825 art.
3071 4790 3109 4837 t,
3155 4772 3245 4826 ad.
3285 4786 3470 4842 I,t:nni

1898 4846 2032 4897 dicit
2066 4862 2080 4897 :
2108 4844 2414 4897 Relationes
2445 4844 2574 4911 ipsa:
2598 4841 2699 4895 non
2728 4841 3130 4912 distinguuntur
3155 4848 3220 4894 ad
3240 4841 3470 4912 invicem

1899 4918 2197 4968 secundum
2230 4917 2369 4982 quod
2402 4924 2530 4965 sunt
2564 4915 2703 4965 idem
2764 4911 2986 4965 realiier
3045 4928 3166 4964 cuni
3215 4911 3471 4982 essentia,

1901 4986 2190 5037 relationes
2225 4979 2402 5035 autem
2444 4985 2581 5034 idem
2610 4994 2728 5035 sunt
2774 4989 2855 5035 re'
2883 5000 3003 5034 cum
3037 4984 3302 5049 personis.
3330 4979 3474 5043 Qua-

1903 5063 2057 5106 tenus
2122 5070 2247 5107 vero
2302 5056 2610 5111 relationes,
2644 5067 2764 5119 quae
2815 5053 2865 5103 in
2912 5055 3109 5105 divinis
3135 5062 3258 5103 sunt
3291 5066 3385 5117 per
3415 5062 3474 5100 se

1900 5126 2291 5185 Subsistentes,
2341 5126 2730 5190 oppositionem
2798 5122 2997 5175 habent
3070 5125 3132 5172 ad
3203 5124 3472 5180 invicem,

1902 5195 2173 5245 distincta:
2210 5195 2424 5245 t'ealtter
2472 5203 2617 5255 sunt,
2658 5203 2711 5243 et
2745 5207 3003 5259 personas
3035 5191 3248 5242 realiter
3279 5192 3470 5242 distin-

1903 5273 2092 5328 guunt,
2121 5274 2174 5315 et
2221 5282 2324 5313 una
2377 5278 2603 5329 persona
2646 5278 2748 5313 non
2786 5271 2867 5313 est
2905 5262 3043 5319 alia;
3085 5264 3183 5329 line
3211 5262 3355 5311 enim
3384 5267 3465 5310 est

1902 5342 2044 5397 quod
2095 5334 2171 5384 ait
2220 5336 2303 5384 hic
2354 5328 2543 5384 auctor
2576 5346 2695 5383 cuni
2730 5331 2974 5382 doctrina
3007 5330 3064 5381 S.
3099 5328 3316 5381 Thomas
3343 5342 3474 5381 con-

1903 5413 2179 5463 sentiens,
2215 5406 2307 5454 sed
2357 5417 2542 5453 carum
2592 5402 2798 5453 scilicet
2849 5416 3199 5468 personarum
3246 5416 3350 5452 non
3393 5404 3478 5449 est

1903 5473 2046 5525 inter
2081 5488 2139 5525 se
2181 5473 2555 5539 reciprocatio,
2582 5480 2847 5539 quatenus
2883 5471 3093 5524 sciliCct
3126 5470 3175 5522 in
3208 5484 3299 5524 cas
3330 5468 3478 5523 cadit

1903 5545 2170 5611 oppositio
2198 5543 2540 5597 relatioiiuin.
