4016 6204
573 406 576 409 ’
1057 414 1061 418 '
1191 386 1420 452 CAPUT
1472 386 1533 449 ν.

594 530 745 596 Quod
787 530 838 581 in
895 528 1152 581 Trinitate
1195 529 1477 595 ingenitum
1526 547 1688 599 neque
1729 533 2025 588 substantia
2055 544 2153 598 est,

661 599 1155 672 ιιειιιιεΔιπςηινὶριιαεΔ
1177 613 1410 672 persona:
1445 600 1535 652 Dei
1563 601 1777 672 Patris;
1810 619 1898 654 nec
1953 607 2004 657 in
2041 605 2156 672 ipsa

659 678 734 718 est
792 665 937 718 aliud
990 668 1301 732 principium
1347 669 1462 734 fons
1499 671 1655 722 tutius
1709 673 2019 734 divinitatis,
2056 665 2158 727 nisi

659 736 804 812 satus
844 735 1006 812 Pater
1039 751 1057 787 :
1091 752 1179 812 net:
1226 737 1337 812 ulla
1365 739 1475 812 alia
1522 740 1800 798 naturalis.
1843 752 1893 794 et
1945 746 2158 812 propria

657 805 1234 879 substantiwnotestas.
1258 809 1365 879 sive
1395 810 1584 879 uirtus,
1604 821 1652 861 et
1686 805 1972 872 divinitas,
2003 805 2159 879 atque

657 874 888 940 euergia,
943 877 1046 942 sive
1087 875 1320 940 operatio
1357 893 1422 930 ea:
1468 877 1674 943 inﬁnita
1711 897 1773 933 ac
1809 880 1988 934 diuina
2041 874 2162 936 sub-

657 944 854 994 stantia
901 943 1184 1010 prodiens,
1239 944 1342 998 nisi
1393 945 1534 999 solus
1568 945 1774 1014 Filius,
1824 960 1876 1004 et
1931 943 2160 1018 Spiritus

656 1023 892 1064 sanctus.

657 1118 883 1186 Magnus
918 1114 1169 1183 Basilius,
1205 1121 1256 1176 in
1287 1125 1528 1178 Secundo
1556 1125 1755 1182 Contra
1788 1119 2107 1184 Eunomium
2142 1135 2161 1185 ':

586 1209 1008 1276 interrogemus,
1043 1213 1215 1280 inquit
1241 1253 1255 1279 ,
1293 1214 1634 1278 Eonoutitnn,
1679 1233 1877 1289 quanta
1911 1235 2162 1279 mensura

587 1297 885 1364 ingenitum
935 1318 960 1354 a
1008 1304 1188 1370 genito
1217 1308 1508 1361 discretum
1552 1319 1656 1373 est,
1690 1313 1948 1381 numquid
1999 1324 2163 1383 parva

591 1393 831 1459 quadam
881 1399 934 1446 et
991 1403 1158 1454 tanta,
1203 1405 1261 1448 ut
1291 1399 1501 1464 possint
1533 1400 1823 1474 aliquando
1849 1405 1900 1456 in
1931 1405 2164 1474 idipsum

589 1481 730 1534 inter
761 1497 818 1534 se
849 1477 1160 1538 coliaerere?
1189 1485 1384 1539 an'boc
1419 1486 1661 1542 l‘nnditus
1690 1489 1803 1544 ﬁeri
1834 1507 1940 1546 non
1969 1503 2165 1562 potest,

588 1581 644 1625 et
703 1574 871 1628 multo
929 1577 1133 1638 minus,
1169 1591 1329 1642 quam
1381 1582 1628 1632 eumdem
1685 1583 1844 1635 simul
1873 1585 2073 1650 vivere,
2111 1594 2169 1640 et

589 1673 855 1715 mortuum
905 1678 1044 1724 esse,
1078 1675 1130 1717 et
1158 1665 1405 1720 eumdem
1455 1669 1613 1721 simul
1669 1670 1722 1723 in
1783 1675 1970 1726 eadem
2014 1685 2167 1743 parte

588 1769 779 1807 Sanum
812 1768 952 1813 esse,
989 1764 1040 1807 et
1069 1763 1353 1824 aegrotare,
1385 1768 1440 1811 et
1472 1761 1696 1829 vigilare
1731 1763 1918 1830 simul,
1960 1776 2013 1820 et
2040 1765 2167 1821 dor-

535 1863 544 1868 -
591 1844 944 1899 mire?’Ta|ia
975 1849 1122 1901 enim
1157 1861 1307 1911 sunt,
1339 1863 1696 1920 quaecumque
1749 1867 1960 1910 summa
1993 1873 2166 1926 oppo«

588 1938 786 1990 sitione
828 1939 926 1991 sibi
965 1939 1104 1991 inter
1131 1955 1190 1992 se
1222 1942 1466 2010 opposita
1493 1952 1640 2009 sunt,
1676 1954 1730 1998 ut
1763 1946 1992 2000 alterum
2043 1963 2166 2003 cum

588 2028 754 2089 adsit,
793 2041 1011 2081 necesse
1046 2029 1114 2080 sil
1148 2030 1372 2082 alterum
1413 2031 1625 2098 abesse,
1655 2049 1777 2108 quae
1809 2046 1998 2090 natura
2038 2051 2171 2100 sunt

589 2121 812 2173 omnino
848 2123 1222 2187 repugnantia,
1248 2132 1302 2176 et
1336 2123 1741 2179 incohat-cutis.
1776 2126 1840 2179 Et
1881 2127 1932 2180 in
1977 2139 2172 2197 quarto

590 2210 730 2263 libro
805 2223 992 2264 centra
1049 2213 1296 2266 etm'idem
1353 2231 1366 2266 :
1430 2214 1756 2282 lngenitum,
1822 2218 2028 2286 inquit,
2088 2223 2168 2272 vel

587 2303 892 2357 substantia
960 2315 1078 2363 est.
1144 2304 1227 2356 vel
1281 2305 1573 2370 accidens;
1632 2307 1764 2360 nihil
1821 2313 1966 2362 enim
2024 2311 2168 2364 aliud

590 2401 754 2445 restat
789 2401 985 2461 pra'ter
1019 2395 1170 2460 hac;
1207 2396 1294 2460 qui
1331 2396 1492 2464 igitur
1529 2398 1582 2450 in
1614 2409 1846 2467 utroque
1877 2403 2168 2454 absurdum

591 2485 988 2538 demonstravit
1019 2485 1072 2538 in
1111 2486 1175 2539 iis
1193 2503 1312 2555 qum
1334 2488 1588 2557 deinceps
1623 2502 1945 2558 sequuntur,
1975 2507 2167 2545 rursus

589 2572 643 2626 in
671 2574 911 2628 secundo
943 2575 1097 2640 dixit,
1130 2591 1350 2643 prorsus
1383 2578 1596 2632 reticerl
1629 2581 1678 2632 in
1714 2573 1985 2634 Trinitate
2017 2585 2170 2651 inge-

587 2664 760 2718 nitmn
791 2675 1010 2732 propter
1033 2666 1359 2720 Arianorum
1388 2669 1738 2735 imperitiam.
1765 2675 1898 2725 Cum
1922 2665 2007 2726 bis
2031 2689 2164 2727 con-

588 2763 789 2807 sonant
844 2771 962 2820 quae
1019 2753 1317 2824 Gregorius
1364 2758 1640 2828 N‘yssenns
1691 2761 2172 2830 dixit.Gregoiius

589 2842 918 2913 Tbeologns,
966 2845 1105 2898 libro
1145 2847 1318 2914 primo
1370 2847 1444 2900 De
1500 2847 1640 2903 Filio
1676 2866 1694 2903 :
1729 2852 2009 2916 Quomodo
2047 2856 2172 2909 sub-

590 2937 845 2988 stantiam
904 2934 993 2987 Dei
1045 2934 1182 2987 dtcis
1225 2949 1330 2987 non
1377 2937 1698 3003 positionem
1735 2937 1854 3003 ejus
1890 2940 2031 3008 quod
2062 2949 2170 3005 est,

593 3024 686 3078 sed
729 3024 1060 3078 ablutionem
1113 3025 1229 3092 ejus
1265 3029 1406 3094 quod
1444 3041 1546 3077 non
1590 3028 1713 3081 est?
1748 3026 1982 3081 Verbum
2022 3031 2165 3083 enim

593 3115 832 3167 declarat
857 3131 961 3168 non
986 3132 1107 3168 esse
1131 3117 1176 3168 ei
1208 3118 1608 3181 génerationcm
1635 3133 1648 3180 ;
1682 3133 1784 3170 non
1819 3129 1996 3172 autem
2027 3123 2171 3187 quod

594 3205 888 3258 secundum
953 3215 1199 3257 naturam
1252 3215 1356 3268 est,
1406 3206 1764 3271 tlcmonstrat,
1801 3225 1975 3280 neque
2027 3213 2172 3281 quod

592 3304 695 3359 est,
723 3311 825 3348 non
852 3297 1055 3350 habens
1098 3296 1528 3361 generationem.
1561 3298 1690 3362 Qua:
1725 3300 1887 3368 igitur
1918 3303 2172 3358 substan-

593 3387 666 3438 tia
713 3386 845 3438 Dei?
883 3387 1148 3439 Amcntia;
1189 3397 1292 3440 tute
1328 3397 1414 3441 est
1466 3388 1567 3440 hoc
1601 3389 1801 3455 dicere,
1835 3395 1926 3460 qui
1957 3396 2170 3448 curiose

593 3476 753 3528 etiam
788 3475 1018 3543 inquiris
1047 3477 1474 3545 generationem,
1513 3479 1666 3532 nobis
1723 3495 1854 3535 vltro
1913 3498 2166 3550 maguum

592 3577 696 3644 est,
746 3567 789 3620 si
852 3568 1069 3634 quando
1127 3569 1344 3621 tandem
1400 3580 1455 3620 et
1498 3571 1548 3621 in
1582 3582 1857 3638 posterum
1901 3576 2169 3630 discamus

595 3656 855 3709 dissoluta
914 3656 1145 3725 caligine
1188 3665 1243 3711 et
1286 3658 1680 3726 crassitudine,
1730 3666 1870 3716 sicut
1921 3667 2170 3733 promisit

594 3748 685 3815 qui
723 3747 939 3802 mentiri
971 3765 1073 3802 non
1127 3756 1325 3817 potest.
1369 3749 1484 3805 l‘loc
1524 3751 1689 3820 igitur
1741 3753 2072 3823 intelligatur
2114 3767 2169 3810 et

592 3847 842 3907 speretur
875 3842 941 3893 ab
992 3839 1059 3895 iis
1090 3841 1180 3908 qui
1215 3841 1278 3895 ad
1313 3841 1414 3894 boc
1438 3851 1599 3896 erunt
1636 3845 1842 3912 purgati
1878 3861 2015 3900 :uos
2041 3860 2167 3902 vero

597 3933 699 3985 hoc
738 3946 926 3999 parum
961 3931 1142 3984 dicere
1169 3935 1486 3997 audeamus,
1523 3937 1666 4001 quod
1696 3933 1743 3989 si
1779 3949 1966 4002 magna
1998 3936 2166 4006 gloria

596 4034 679 4077 est
713 4023 856 4078 Patri
882 4038 946 4075 ex
978 4023 1124 4076 nullo
1157 4023 1394 4090 prodire,
1429 4039 1532 4077 non
1564 4025 1740 4078 minor
1765 4038 1847 4081 est
1875 4027 2008 4082 Filio
2038 4045 2166 4098 pro-

597 4113 764 4166 ticisci
796 4127 862 4165 ex
901 4112 990 4165 tali
1024 4110 1224 4176 Patre;
1252 4112 1477 4180 gloriam
1506 4114 1648 4168 enim
1678 4115 1794 4184 ejus
1817 4116 1906 4184 qui
1943 4133 2164 4174 causam

595 4217 705 4256 non
757 4202 944 4259 habet,
997 4201 1427 4269 participaverit,
1478 4203 1603 4268 quia
1657 4218 1721 4257 ex
1775 4218 1882 4258 non
1938 4205 2165 4260 habente

596 4307 817 4346 causam
869 4291 1011 4344 inest
1055 4291 1103 4344 ei
1157 4292 1270 4360 ipsa
1315 4305 1405 4344 res
1433 4292 1730 4348 nativitatis
1763 4303 1933 4361 tanta,
1964 4305 2020 4350 et
2055 4306 2162 4351 tam

1751 279 2079 349 IOANNIS
2123 285 2206 348 ev
2222 267 2686 349 mmemori:
3571 241 3578 250 ’
3675 269 3763 349 iis

2185 402 2229 456 Α
2259 399 2378 452 dem
2413 399 2551 452 idem
2582 413 2639 450 es
2669 411 2790 450 eum
2837 395 2929 449 illo
2981 396 3270 445 secundum
3320 395 3636 448 substantiam
3676 397 3770 467 (at)?

2259 489 2339 542 An
2370 489 2544 554 potius
2572 488 2760 555 liquet,
2787 479 2930 555 quod
2964 483 3213 537 manente
3235 479 3538 550 proprietate
3562 487 3769 548 immota,

2259 593 2562 645 quaeremus
2629 577 2989 634 substantiam
3049 575 3162 638 Dei,
3193 581 3310 643 quin
3365 575 3560 628 tandem
3601 587 3689 641 est,
3728 579 3763 631 si

2262 680 2438 724 tamen
2473 683 2797 739 quaeremus,
2835 658 2976 736 quod
3009 671 3138 718 Vero
3165 669 3269 718 'non
3305 666 3407 719 sint
3439 666 3567 717 idem
3601 664 3769 734 ingeni-

2262 772 2450 816 tumet
2481 760 2639 826 Dens,
2664 763 2740 813 sic.
2765 763 2960 814 disces.
2993 753 3048 811 Si
3093 754 3230 812 idem
3257 767 3411 815 esset.
3442 758 3706 825 oportebat,
3730 761 3774 810 ut

2271 851 2399 918 quia
2452 855 2592 906 Deus
2628 851 2934 918 aliquorum
2996 844 3135 903 Deus
3183 860 3297 912 eat,
3335 849 3610 912 ingenitum
3639 849 3767 902 etiam

2262 944 2566 1011 aliquorum
2619 951 2766 996 esset
2822 939 3152 1010 ingenitum;
3189 942 3280 991 aut
3335 939 3451 1006 quia
3509 936 3680 992 nullius
3715 947 3778 993 est

2266 1035 2586 1102 ingenitum,
2646 1037 2820 1102 neque
2881 1025 3045 1084 Deum
3106 1045 3226 1084 esse
3278 1030 3562 1097 aliquorum
3618 1028 3778 1081 Deum:

2265 1141 2384 1194 quae
2413 1129 2552 1179 enim
2585 1127 2805 1176 omnino
2835 1132 2960 1177 sunt
2998 1124 3207 1183 eadem,
3242 1124 3425 1174 eodem
3470 1119 3619 1172 etiam
3653 1119 3781 1172 nitido

2266 1215 2596 1279 dlicrttntur;
2651 1214 2799 1282 atqui
2870 1223 2975 1265 non
3051 1221 3134 1266 est
3196 1212 3487 1277 aliquorum
3535 1210 3779 1280 ingenitum

2269 1307 2522 1375 (quorum
2568 1304 2712 1358 enim
2756 1313 2837 1357 est
2855 1291 2921 1371 ?),
2952 1300 3094 1355 Deus
3150 1313 3279 1354 vero
3338 1293 3625 1368 aliquorum
3673 1298 3782 1352 Deus

2269 1409 2388 1458 est,
2426 1405 2507 1449 est
2551 1395 2695 1448 enim
2735 1395 3004 1456 omnium,
3040 1389 3308 1460 quomodo
3345 1378 3510 1460 igitur
3542 1390 3633 1443 erit
3672 1389 3780 1443 idem

2271 1487 2432 1552 Deus,
2468 1493 2521 1538 et
2553 1482 2894 1552 ingenitum?
2923 1482 2990 1536 Et
3025 1494 3238 1547 rttrsus,
3269 1481 3425 1548 Quia,
3456 1482 3638 1550 inquit,
3665 1481 3783 1548 inge-

2270 1583 2462 1642 nitum,
2496 1589 2546 1630 et
2583 1578 2822 1648 genitum
2864 1575 3140 1629 contraria
3170 1584 3297 1629 sunt
3324 1575 3459 1628 inter
3484 1587 3558 1637 se,
3591 1584 3642 1626 ut
3666 1572 3783 1624 babio

2274 1681 2376 1733 tus,
2411 1681 2464 1723 et
2494 1669 2573 1736 pri
2588 1669 2844 1730 rationes,
2877 1681 3103 1720 necesse
3128 1675 3210 1720 est
3245 1677 3301 1718 ut
3332 1666 3625 1720 substantia:
3652 1665 3784 1718 intro-

2274 1761 2542 1816 ducantur
2593 1760 2733 1812 inter
2785 1773 2845 1813 se
2897 1757 3225 1822 contrariae,
3283 1756 3423 1826 quod
3475 1756 3783 1824 quidemtum

2275 1839 2592 1904 conceditur
2624 1865 2639 1911 ;
2681 1861 2774 1904 aut
2815 1849 2938 1917 quia
2970 1865 3183 1907 rursus.
3209 1849 3415 1916 priores
3445 1857 3557 1902 sunt
3594 1845 3783 1908 habitus.

2274 1955 2434 2010 quam
2486 1940 2846 2010 privationes,
2893 1950 2946 1994 et
2987 1939 3207 1993 habitus
3240 1939 3431 1992 tollunt
3479 1939 3595 2005 ipsa:
3643 1937 3785 2003 prin

2282 2033 2476 2095 tiones,
2528 2045 2636 2083 non
2701 2029 2870 2083 solum
2937 2027 3300 2096 antiquiorem
3367 2033 3484 2081 esSe
3541 2023 3786 2078 subStantil

2277 2125 2453 2178 Patris
2489 2123 2847 2176 subStantiam
2896 2117 3062 2186 Filii,
3095 2115 3188 2174 sed
3250 2116 3415 2175 etiam
3462 2132 3490 2171 a
3545 2112 3786 2172 substantia

2276 2214 2456 2272 Patris
2516 2218 2628 2270 tolli
2683 2231 2903 2271 necesse
2943 2219 3046 2280 est,
3073 2225 3338 2285 quantum
3377 2231 3442 2269 ex
3483 2213 3547 2267 iis
3573 2219 3676 2282 qua:
3699 2221 3722 2262 θ
3751 2219 3787 2261 te

2278 2308 2453 2377 posita
2518 2318 2683 2373 sunt,
2720 2308 3052 2364 concludere
3104 2308 3249 2362 licet.
3278 2307 3344 2362 Et
3387 2308 3571 2361 iteruin
3599 2304 3717 2358 idem
3746 2301 3788 2356 lii

2277 2400 2525 2454 Oratione
2552 2400 2617 2454 de
2655 2401 3046 2454 constitutione
3081 2401 3459 2470 episcoporum
3486 2415 3501 2452 :
3534 2396 3648 2451 Sine
3678 2391 3790 2460 prin-

2277 2491 2440 2558 cipio,
2476 2491 2673 2559 inquit,
2722 2501 2839 2544 erat
2874 2492 3074 2554 Pater,
3113 2506 3220 2544 neu
3258 2491 3402 2544 enim
3432 2488 3628 2541 aliunde
3660 2485 3789 2537 liabe-

2279 2580 2370 2634 bat
2418 2591 2476 2634 ut
2533 2590 2700 2647 esset,
2738 2595 2836 2635 nec
2866 2596 2894 2633 a
2925 2595 2985 2636 se
3019 2581 3154 2650 ipso,
3203 2579 3378 2635 Filius
3402 2593 3522 2632 vero
3550 2575 3786 2647 (siquidem

2279 2667 2496 2723 Patrem
2530 2668 2606 2738 (Ἰ)
2639 2675 2694 2723 ut
2745 2685 2967 2724 causam
3007 2671 3235 2739 accipis)
3289 2687 3390 2724 non
3428 2676 3507 2724 est
3537 2667 3640 2720 sine
3673 2653 3795 2732 prino'

2279 2761 2454 2830 cipio;
2489 2759 2812 2829 principium
2844 2760 3044 2829 quippe
3071 2759 3192 2814 Filii
3228 2760 3388 2817 Pater
3435 2770 3513 2815 est
3550 2767 3786 2819 utcausa;

2280 2851 2366 2904 sin
2401 2857 2582 2902 autem
2617 2850 2948 2918 principium
2989 2851 3270 2920 intelligas
3317 2861 3383 2907 ex
3417 2861 3668 2917 tempore,
3702 2848 3791 2899 sine

2281 2941 2550 3009 principio
2616 2952 2738 3005 est;
2808 2955 2916 2994 non
3003 2942 3148 2995 enim
3206 2941 3396 3012 incipit
3453 2942 3545 2996 sub
3597 2945 3792 3005 tempore

2201 3063 2243 3120 ε
2283 3031 2539 3085 Dom-inus
2588 3042 2912 3100 temporum.
2961 3033 3024 3086 Et
3081 3035 3261 3089 adhuc
3317 3036 3372 3089 in
3425 3035 3601 3088 eodem
3647 3031 3790 3083 libro:

2281 3121 2614 3176 Observctnr
2661 3135 2879 3189 autem,
2923 3135 2980 3178 ut
3039 3141 3155 3179 mea
3215 3127 3478 3181 sententia
3527 3133 3633 3186 est,
3688 3120 3794 3172 unus

2285 3211 2446 3276 Deus,
2497 3214 2562 3266 ad
2614 3226 2777 3266 unam
2838 3228 3057 3268 Causam
3113 3211 3255 3270 Filio
3306 3229 3358 3268 et
3403 3215 3594 3284 Spiritu
3643 3218 3794 3263 sancto

2281 3303 2483 3379 relatis,
2516 3318 2620 3356 non
2651 3305 2992 3370 compositis,
3027 3306 3109 3359 vel
3158 3306 3538 3377 agglutinatis,
3561 3312 3610 3356 et
3634 3315 3790 3356 secuti.

2277 3391 2401 3442 dum
2444 3407 2610 3443 unum
2644 3402 2701 3444 et
2727 3394 3013 3458 eumdem,
3052 3403 3108 3448 ut
3158 3396 3234 3448 ita
3290 3396 3483 3458 dicam,
3531 3401 3708 3447 motum
3753 3396 3792 3439 ει

2279 3475 2637 3546 voluntatem,
2680 3493 2734 3536 et
2768 3493 2931 3536 unam
2983 3495 3035 3539 et
3087 3487 3340 3540 eamdem
3383 3480 3793 3541 substantiam.‘Et

2278 3585 2465 3625 rursus
2497 3573 2548 3624 in
2581 3572 2764 3627 eodem
2797 3592 2810 3626 :
2845 3575 3164 3638 i‘ravorum,
3205 3576 3402 3644 inquit,
3430 3587 3483 3630 et
3507 3574 3789 3644 indignorum

2275 3677 2432 3720 esset
2459 3669 2781 3735 principium
2821 3668 3001 3729 Pater,
3037 3671 3080 3722 si
3111 3684 3218 3722 non
3242 3679 3390 3725 esset
3423 3685 3574 3725 causa
3608 3678 3656 3720 ut
3684 3663 3790 3719 ditia

2275 3755 2414 3808 nitas
2443 3765 2586 3809 esset
2634 3757 2687 3809 in
2721 3755 2858 3810 Filio
2888 3767 2942 3810 et
2975 3756 3179 3826 Spiritu
3223 3772 3435 3814 sancto.
3477 3758 3678 3827 Magnus
3700 3752 3794 3808 Dio-

2274 3846 2486 3914 nysius,
2519 3845 2570 3898 in
2611 3847 2846 3901 secundo
2883 3847 2952 3900 De
2987 3849 3188 3926 divini;
3231 3851 3560 3905 nominibus:
3593 3845 3675 3900 Est
3719 3857 3792 3894 au-

2275 3946 2407 3999 tem,
2459 3939 2655 4006 inquit,-
2707 3939 2989 3994 distinctio
3018 3940 3070 3993 in
3116 3941 3344 4007 divinis,
3375 3955 3489 4008 qua:
3516 3947 3632 3994 sunt
3667 3944 3793 4001 supra

2274 4029 2655 4092 substantiam,
2701 4043 2807 4080 non
2856 4028 2944 4082 illa
2988 4029 3160 4082 solum
3202 4045 3371 4099 quam
3417 4029 3543 4090 disi,
3577 4018 3700 4094 quod
3725 4035 3794 4076 see

2274 4120 2508 4173 Cundutu
2553 4119 2723 4186 ipsam
2748 4119 3145 4188 capulatiOuem
3188 4133 3540 4189 personarum
3568 4118 3793 4170 inlinunt.

2272 4209 2391 4264 sine
2421 4209 2673 4264 tnistione
2697 4219 2752 4264 et
2782 4209 3100 4265 confusione
3126 4226 3464 4281 unaquaeque
3495 4225 3559 4265 ex
3585 4200 3794 4276 personis

2283 4315 2401 4368 qua:
2457 4310 2582 4355 sunt
2637 4302 2936 4370 ὲναρχικαὶ,
2987 4301 3038 4354 id
3077 4311 3179 4366 est,
3210 4317 3380 4356 unum
3421 4310 3475 4354 et
3521 4295 3798 4368 principium

589 4383 902 4438 veneranda
951 4383 1017 4438 iis
1054 4384 1144 4453 qui
1196 4400 1300 4437 non
1342 4385 1539 4439 habent
1571 4395 1803 4440 mentem
1843 4402 2163 4457 magnopere
2193 4391 2530 4461 Domitium,
2570 4391 2831 4446 collocata
2882 4400 2965 4446 est
3016 4391 3068 4444 in
3109 4393 3238 4458 alia,
3279 4392 3374 4446 sed
3420 4390 3556 4458 quod
3602 4387 3680 4438 illa
3705 4394 3801 4449 (ιυιε

596 4477 748 4531 bumi
769 4486 1062 4544 rcpentem,
1091 4487 1145 4529 et
1175 4465 1405 4531 terrenis
1426 4479 1584 4538 rebus
1606 4477 1938 4532 immersam.
1960 4478 2064 4532 Sed
2099 4479 2166 4544 si,

598 4569 795 4636 inquit,
824 4569 962 4622 idem
998 4568 1303 4622 Substantia
1339 4579 1420 4621 est
1455 4566 1622 4620 Filius
1655 4583 1774 4620 cum
1805 4568 1985 4630 l'atre,
2023 4571 2174 4638 inge-

599 4660 744 4727 nitus
801 4673 928 4709 vero
979 4667 1059 4708 cst
1119 4655 1299 4719 l’atcr,
1334 4657 1439 4708 erit
1499 4657 1662 4722 igitur
1723 4654 1820 4706 hoc
1877 4665 1928 4709 et
1981 4654 2168 4708 Filius.

599 4747 782 4812 lict-te,
814 4750 854 4799 si
895 4749 1187 4814 ingenitum
1216 4759 1358 4801 esset
1389 4747 1689 4798 substantia
1729 4743 1818 4798 Dei
1843 4764 1856 4811 ;
1882 4746 1962 4798 sin
1992 4760 2170 4800 autem

596 4838 900 4890 ditfert-ntia
949 4849 1032 4889 est
1073 4839 1218 4890 circa
1272 4839 1667 4897 substantiam,
1704 4837 1832 4903 quid
1889 4839 1991 4889 hoc
2037 4835 2174 4889 dicis

596 4942 848 4998 tanquam
906 4929 1106 4996 aliquid
1141 4927 1356 4980 valeat?
1390 4929 1469 4978 An
1508 4937 1559 4979 tu
1588 4927 1749 4980 etiam
1785 4941 1840 4979 es
1865 4927 2021 4979 l‘atcr
2063 4925 2166 4978 Pa-

596 5023 715 5087 tris,
747 5037 813 5076 ttc
848 5020 1146 5088 quiddesit
1190 5019 1329 5087 quod
1366 5017 1529 5072 Pater
1565 5017 1782 5080 habent,
1819 5017 2161 5086 quandoqui-

2269 4491 2397 4537 sunt
2423 4481 2773 4537 fecunditatis
2808 4481 2926 4546 Dei,
2947 4498 3052 4536 non
3085 4492 3396 4538 commeant
3421 4491 3556 4535 retro
3577 4476 3799 4535 vicissim,

2268 4572 2414 4626 solus
2447 4582 2624 4626 autem
2657 4571 2780 4626 fons
2816 4572 3115 4626 divinitatis
3150 4571 3316 4626 Pater
3355 4581 3459 4637 est,
3490 4572 3559 4624 ita
3591 4576 3642 4620 ut
3669 4564 3803 4617 Pater

2270 4668 2374 4713 non
2424 4661 2495 4714 sit
2546 4659 2732 4725 Filius,
2764 4676 2938 4728 neque
2988 4659 3155 4715 Filius
3187 4656 3375 4728 Pater,
3399 4658 3616 4714 servatis
3655 4654 3732 4724 pie
3756 4650 3800 4702 in

2272 4750 2488 4821 hymnis
2515 4762 2568 4804 et
2599 4752 2849 4806 laudibus
2889 4752 3088 4805 divinis
3120 4752 3183 4805 iis
3220 4767 3344 4820 qua:
3370 4753 3560 4818 cuique
3595 4755 3801 4815 personal

2271 4842 2468 4895 divina:
2526 4843 2742 4910 proprie
2789 4845 3142 4896 conveniunt.
3207 4841 3432 4910 Magnus
3481 4834 3797 4893 Athanasius,

2278 4931 2421 4984 libro
2472 4932 2648 5001 primo
2707 4941 2895 4984 contra
2947 4931 3169 4984 Arianos
3211 4947 3232 4984 :
3275 4930 3341 4983 Si
3382 4943 3486 4982 non
3533 4933 3611 4980 est
3644 4921 3798 4978 Filius.

2272 5021 2472 5092 inquit,
2502 5023 2772 5094 quomodo
2799 5024 2963 5094 igitur
3005 5025 3172 5077 Deum
3203 5023 3387 5077 dicitis
3416 5012 3729 5075 creaturetu?
3753 5007 3796 5060 Si

1971 5176 1992 5188 λ
2055 5156 2332 5221 SchoNa.

2264 5301 2384 5340 nem
2417 5304 2765 5356 personarum
2789 5300 3008 5345 sanctos
3039 5289 3230 5343 Patres
3246 5285 3551 5355 signiﬁcare
3573 5272 3793 5356 velitis”;

2250 5353 2573 5431 it:t_qtte_t-ttni
2603 5363 2672 5413 ait
2695 5361 2986 5428 Gregorius
3005 5360 3226 5424 Nazian’,
3253 5353 3790 5431 :_Pritteipiuttt‘f]|tl_ill_’f

2255 5418 2374 5497 filii
2429 5427 2591 5482 Pater
2636 5440 2718 5483 est
2775 5418 2833 5484 ιιῖ
2868 5441 3067 5492 eausa,
3107 5418 3330 5497 perinde
3375 5435 3455 5480 est
3477 5418 3548 5475 ἰιι
3590 5418 3790 5472 dicenti:

2255 5492 2585 5568 Principium
2610 5497 2732 5556 Filii
2767 5511 2850 5556 cst
2889 5497 3049 5554 Pater
3070 5492 3127 5553 ut
3152 5500 3323 5566 origo.

665 5288 802 5355 (l)Si
831 5287 1043 5355 quidem
1075 5284 1288 5339 Patrem
1322 5295 1377 5335 ιιι
1412 5300 1626 5355 causam
1665 5280 2022 5350 accipis(l“ilii
2044 5284 2154 5336 sci-

557 5394 560 5400 -
593 5352 763 5426 lici-tj,
797 5352 897 5410 non
921 5357 1138 5428 estsine
1158 5355 1424 5428 principio
1447 5352 1639 5421 (Filius
1671 5355 1922 5428 setlicct),
1952 5355 2152 5420 princi-

599 5423 738 5497 pinu}
775 5442 968 5496 quippe
1155 5426 1312 5478 l’ater
1344 5437 1427 5477 est
1460 5434 1515 5497 ut
1553 5439 1734 5475 causa.
1776 5423 2026 5497 Notatqu
2047 5432 2144 5497 est

596 5492 753 5566 paulo
769 5492 927 5565 supra
953 5516 979 5547 ιι
1009 5495 1065 5548 S.
1093 5495 1316 5556 'l‘boma,
1344 5496 1559 5546 nomine
1591 5507 1765 5546 Causae
1789 5492 1956 5546 solam
1980 5492 2142 5562 origi-

665 5659 740 5721 (ηῖι
771 5656 1144 5712 Substantiatn
1181 5655 1331 5722 dicit,
1365 5656 1417 5711 id
1452 5667 1536 5712 est
1569 5667 1840 5711 naturam.
