4016 6204
243 284 344 361 9η

1182 296 1419 357 DECAS
1458 293 1556 357 IX.
1588 321 1657 331 -
1692 296 1789 355 DE
1824 292 2271 354 ΙΧΡΙΝΙΤΑΤΕ
2315 293 2396 353 IN
2450 284 2614 354 ΒΕΘ.

3399 290 3508 355 938

242 405 384 459 enim
441 414 539 472 per
583 399 842 465 Verbum,
883 407 937 454 et
987 400 1036 453 in
1103 399 1379 471 Sapientia
1430 402 1610 456 omnia
1676 402 1820 456 facta
1853 409 1892 462 Α
1923 401 2216 466 exsistcns,
2252 402 2472 470 apponit
2496 407 2761 455 creatura:
2792 398 3180 467 perfectionem
3210 417 3304 472 per
3331 402 3508 471 ips-ius

156 524 173 537 κ
242 500 389 551 sunt,
417 498 473 541 et
518 490 638 543 sine
691 489 796 543 ltoc
854 490 987 542 nihil
1059 489 1176 544 ﬁeri
1224 501 1424 559 potest,
1483 507 1590 545 non
1656 492 1819 546 habet

244 577 408 633 Pater
454 582 710 648 Opinione
743 590 948 642 vestra,
983 582 1035 634 in
1056 596 1166 650 quo
1199 592 1255 635 ct
1301 598 1396 649 per
1444 599 1605 651 quem
1636 585 1818 637 omnia

244 672 396 729 facit.
430 671 487 725 Si
538 673 655 726 lucc
705 673 888 727 divina
947 673 1254 729 Substautia
1302 668 1529 729 nonest
1567 674 1818 734 iucunda,

243 766 338 821 sed
383 766 590 819 sterilis
652 766 916 833 opinione
987 768 1248 834 ipsorum,
1295 769 1438 820 sicut
1492 767 1674 820 lumen
1711 782 1818 820 non

244 857 581 921 illuminans,
636 868 692 911 et
738 859 861 912 fons
923 858 1124 919 siccus,
1166 860 1436 925 quomodo
1496 874 1600 910 non
1659 860 1822 926 pudet

245 965 341 1005 vos
392 945 574 1004 dicere
627 952 828 1003 habere
888 964 1010 1002 eum
1067 953 1170 1001 vim
1230 949 1495 1002 creandi?
1528 950 1595 1003 Et
1648 950 1824 1003 adhuc

246 1045 390 1099 idem
424 1059 438 1095 :
483 1041 901 1110 Participantes,
933 1042 1127 1109 inquit,
1160 1040 1371 1103 Filium,
1414 1043 1624 1095 Patrem
1657 1043 1822 1110 parti-

242 1139 515 1204 cipatuus,
563 1136 688 1201 quia
728 1135 1003 1202 propriunt
1061 1130 1237 1186 Patris
1266 1148 1342 1187 cst
1387 1134 1645 1198 Verbum,
1680 1133 1860 1188 undc'

232 1229 289 1281 .si
327 1236 477 1280 esset
532 1227 649 1294 ipse
701 1225 863 1278 Pater
894 1241 957 1277 ex
1007 1228 1446 1295 participatione,
1496 1235 1548 1279 et
1596 1242 1701 1279 non
1759 1242 1826 1279 ex

245 1315 369 1382 ipso
418 1313 680 1366 divinitas
731 1313 1028 1366 secundum
1088 1315 1487 1374 substantiam,
1532 1330 1825 1380 ntnnqnam

244 1410 379 1461 deos
410 1405 633 1460 iaceret.
656 1405 877 1480 Divinos
893 1405 1143 1473 Cyrillus,
1166 1406 1219 1457 in
1247 1406 1549 1471 'I'licsauris,
1571 1421 1690 1471 cap.
1713 1409 1783 1458 :35
1812 1424 1826 1459 :

248 1500 505 1568 Ejusdem
546 1499 709 1567 igitur
739 1509 946 1551 naturae
982 1514 1104 1551 cum
1135 1498 1292 1549 Patre
1312 1497 1478 1551 Filius
1506 1515 1565 1551 ex
1589 1499 1828 1567 ingenito

246 1605 353 1643 tum
391 1590 590 1654 (aetas,
627 1598 811 1657 utpote
867 1589 1078 1643 babcns
1123 1592 1367 1643 eamdem
1424 1602 1746 1657 potestatem
1776 1602 1829 1643 ct

247 1679 507 1731 virtutem
537 1693 552 1741 ;
584 1679 694 1729 into
744 1677 947 1746 potius
973 1679 1086 1743 ipse
1117 1689 1198 1731 cst
1236 1680 1441 1739 virens.
1476 1687 1528 1730 et
1571 1670 1829 1731 substan-

1937 493 2446 551 sanctiticationein,
2498 501 2554 545 et
2604 491 3099 562 participationem.
3158 492 3224 547 Et
3272 496 3506 548 adhuc:

1936 582 2069 636 Cum
2103 583 2266 649 igitur
2313 584 2453 651 quod
2495 581 2639 636 Deus
2675 584 2925 651 promisit
2955 598 3013 637 se
3050 582 3319 639 faetnrum
3341 624 3355 650 ,
3386 600 3511 639 cum

1939 684 2206 741 potestate
2285 675 2508 742 impleat
2594 675 2854 742 Spiritus,
2901 684 2954 728 et
3022 685 3269 743 pastores
3307 677 3513 730 exciti-t

1940 765 2245 818 so-cnudum
2295 767 2712 833 promissionem
2751 769 2801 820 in
2855 769 3132 837 prophetis
3163 767 3389 832 factam,
3422 784 3511 822 sc-

1942 858 2130 924 quitur
2170 874 2274 910 non
2303 874 2423 909 esse
2446 858 2694 913 alienum
2728 874 2757 910 a
2788 858 2966 911 divina
2997 857 3323 923 substantia,
3345 868 3397 914 et
3418 872 3516 926 per

1941 964 2000 1002 se
2030 950 2300 1001 exsistens
2334 964 2396 1003 ex
2428 950 2541 1018 ipsa
2573 952 2877 1003 substantia
2921 951 3192 1018 prodiens,
3232 961 3286 1004 et
3315 953 3369 1005 in
3399 954 3514 1020 ipsa

1942 1054 2185 1101 manens,
2217 1041 2397 1091 oniiiia
2426 1055 2546 1107 qua:
2579 1040 2668 1091 Dei
2699 1049 2843 1101 sunt,
2874 1048 3149 1103 operatur.
3193 1038 3256 1091 Et
3287 1039 3461 1091 adhuc
3496 1048 3511 1091 ι

1944 1131 2231 1197 Oportebat
2264 1144 2358 1183 eos
2388 1130 2572 1183 dueeri
2618 1133 2685 1183 de
2728 1131 2963 1198 Spiritus
3007 1132 3180 1184 sancti
3231 1130 3510 1199 mysterio,

1942 1235 1994 1275 ct
2046 1220 2348 1289 intelligere
2398 1236 2525 1275 esse
2574 1220 2840 1287 Spiritum
2888 1233 3140 1276 sanctum
3194 1222 3340 1275 velut
3396 1222 3515 1273 frti-

1947 1324 2093 1365 ctum
2122 1314 2202 1379 (5)
2238 1313 2523 1378 queindam
2567 1312 2761 1366 divinae
2807 1313 3142 1377 substantiis,
3186 1312 3276 1379 qui
3308 1315 3359 1365 in
3399 1313 3514 1380 ipsa

1945 1406 2181 1468 exsistit,
2221 1414 2273 1457 et
2307 1419 2369 1456 ex
2406 1404 2517 1470 ipsa
2551 1403 2988 1473 inseparabiliter
3023 1416 3073 1456 et
3109 1403 3516 1470 impartibiliter

1949 1497 2210 1565 procedit,
2245 1506 2300 1550 ct
2331 1499 2625 1549 secundum
2670 1498 2916 1550 eamdem
2952 1505 3201 1549 naturam
3246 1498 3299 1548 in
3348 1510 3513 1548 unum

1948 1591 2233 1655 copulatus
2269 1598 2371 1643 est.
2407 1590 2468 1643 Et
2502 1591 2678 1642 adhuc
2708 1589 2760 1641 in
2797 1589 2999 1644 eisdem
3030 1605 3042 1641 t
3075 1588 3128 1642 Si
3154 1603 3183 1642 a
3220 1589 3329 1642 Deo
3357 1587 3521 1642 Patro

1950 1686 2195 1749 procedit
2257 1683 2491 1750 Spiritus
2545 1692 2786 1743 sanctus,
2845 1691 3040 1749 eStque
3101 1683 3263 1734 veluti
3308 1683 3519 1737 l'ruttut

251 1768 394 1821 tialis
447 1768 716 1834 operatio,
763 1778 818 1820 et
865 1768 1059 1828 virtus,
1109 1779 1163 1820 et
1220 1769 1486 1836 sapientia
1541 1770 1737 1822 Patris.
1769 1768 1831 1821 Et
1869 1757 1908 1809 Β
1934 1772 2184 1840 quidam,
2225 1774 2307 1824 νιτΙ
2337 1774 2569 1842 qualitas
2605 1773 2922 1829 substantiae
2963 1773 3155 1842 ipsius,
3195 1771 3350 1826 Pater
3390 1788 3520 1826 Vero

251 1871 441 1911 rursus
466 1858 642 1909 adhuc
682 1858 822 1910 idem
859 1874 871 1909 :
910 1856 1011 1921 Qui
1049 1866 1133 1911 est
1170 1858 1335 1926 igitur
1374 1863 1554 1912 omnis
1582 1861 1831 1926 operatio

248 1960 305 2003 et
335 1951 510 2002 virtus
558 1948 761 2012 Patris,
805 1964 902 2016 per
951 1963 1114 2015 quam
1152 1951 1338 2005 omnia
1387 1961 1672 2017 operatur,
1706 1967 1840 2018 quo.

194 2042 201 2049 ’
253 2041 418 2095 modo
451 2050 597 2094 esset
630 2050 839 2093 natura
867 2039 1071 2094 factm?
1106 2041 1171 2093 Et
1220 2043 1438 2103 iterum,
1490 2042 1542 2093 in
1577 2042 1841 2108 capitibus

252 2134 330 2187 De
397 2132 604 2202 Spiritu
657 2144 843 2186 sancto
909 2147 930 2186 :
998 2133 1111 2187 Non
1175 2146 1291 2195 eat,
1353 2135 1549 2201 inquit,
1604 2136 1841 2201 Spiritus

253 2233 483 2277 sanctus
535 2232 776 2287 creatus,
831 2231 928 2276 aut
983 2223 1199 2285 factus,
1251 2224 1343 2276 sed
1391 2238 1460 2275 ex
1516 2223 1838 2282 substantia.

255 2330 377 2383 qua:
435 2313 612 2382 major
656 2322 741 2366 est
771 2329 931 2379 quam
958 2321 1016 2367 ut
1065 2314 1293 2382 cogitari
1329 2314 1521 2382 possit,
1552 2323 1606 2366 et
1637 2314 1839 2379 divina,

260 2415 452 2475 utpote
477 2406 656 2458 virtus
692 2406 885 2473 ipsius,
913 2416 969 2459 et
994 2406 1259 2458 naturalis
1286 2406 1525 2472 euergia.
1560 2406 1621 2459 Et
1656 2420 1845 2459 rursus

257 2499 314 2550 in
358 2498 565 2549 eisdem
617 2512 632 2547 :
672 2493 786 2546 Non
832 2494 978 2546 enim
1033 2496 1241 2548 audebo
1298 2496 1518 2554 dicere,
1558 2511 1679 2563 qua:
1735 2510 1843 2547 non

257 2601 524 2657 operatus
567 2597 652 2640 est
693 2587 947 2640 Christus
980 2601 1076 2655 per
1116 2602 1200 2640 me
1230 2589 1281 2639 in
1313 2589 1678 2640 obedientiam
1712 2603 1844 2655 gen-

261 2681 400 2733 tium
441 2692 693 2732 sermone
744 2688 799 2731 et
852 2691 1017 2745 opere
1069 2677 1121 2730 in
1160 2686 1425 2745 potestate
1469 2678 1745 2746 signorum
1786 2688 1842 2732 et

258 2773 633 2843 prodigiorum
681 2772 736 2825 iu
796 2774 996 2825 virtute
1052 2773 1287 2842 Spiritus
1340 2775 1538 2828 sancti.
1590 2775 1755 2843 Signa
1791 2784 1846 2828 et

258 2868 512 2937 prodigia
550 2878 808 2939 operatur
860 2868 1112 2923 Christus
1156 2884 1251 2937 per
1305 2867 1531 2922 Paulum
1563 2871 1614 2923 iii
1650 2871 1848 2924 virtute

262 2957 512 3027 Spiritus
542 2961 714 3013 sancti
749 2972 763 3024 ;
797 2969 881 3012 est
922 2960 1086 3028 igitur
1149 2962 1388 3030 Spiritus
1436 2970 1658 3016 Sanetus
1684 2978 1845 3017 ener-

262 3052 354 3122 εἰει
384 3051 467 3120 (1)
493 3053 737 3120 quaedam
767 3053 1049 3112 naturalis,
1070 3058 1123 3105 et
1155 3055 1360 3118 vivens,
1384 3065 1436 3108 et
1465 3064 1523 3107 ut
1550 3055 1621 3109 ita
1646 3056 1844 3121 dicam,

262 3147 507 3210 qualitas
550 3145 629 3213 (2)
676 3144 973 3198 divinitatis
1002 3144 1120 3199 Filii
1161 3146 1273 3201 Dei.
1314 3146 1375 3198 Et
1407 3147 1601 3201 iterum
1647 3148 1698 3202 in
1730 3150 1840 3202 eis-

261 3239 393 3293 dem
441 3236 728 3291 :Sanctus
770 3236 913 3289 enim
961 3238 1271 3291 nominatur
1317 3237 1551 3306 Spiritus
1580 3252 1839 3305 sanctus;

262 3330 314 3382 si
364 3329 534 3396 igitur
563 3334 646 3380 est
678 3336 869 3379 natura
902 3336 1149 3391 sanctus,
1188 3342 1293 3380 non
1319 3326 1481 3380 habet
1512 3327 1666 3390 roris,
1701 3330 1841 3383 unde

264 3419 393 3473 talis
441 3417 555 3482 sit;
607 3417 855 3482 quinitno
887 3433 1006 3469 cum
1054 3420 1125 3470 sit
1156 3419 1271 3485 ipse
1302 3416 1497 3469 divinae
1529 3406 1844 3470 substantia:

265 3512 515 3579 mergis,
561 3512 679 3563 sive
718 3520 871 3564 actus
925 3510 1181 3564 naturalis
1212 3518 1265 3564 et
1296 3509 1499 3571 vivens,
1531 3523 1594 3563 ac
1646 3522 1739 3578 per
1784 3523 1843 3564 se

347 3651 429 3705 "l
462 3654 589 3709 Cor.
621 3668 718 3717 xu,
743 3653 798 3708 5.

1944 1880 2118 1927 neque
2150 1870 2346 1927 Illt'lllS,
2378 1877 2553 1940 usque
2583 1873 2822 1925 creatus,
2857 1863 3130 1929 quomodo
3158 1877 3299 1917 esset
3341 1865 3520 1919 factus

1934 1956 2204 2023 ,Spiritns',
2242 1958 2329 2023 qui
2368 1958 2433 2008 ab
2471 1957 2586 2023 ipso
2638 1957 2927 2024 procedit?
2964 1956 3024 2008 lit
3075 1957 3315 2010 iterum:
3352 1953 3520 2015 Nemo

1942 2060 2105 2115 potest
2138 2048 2337 2110 dicere,
2384 2047 2638 2101 Dominus
2675 2045 2833 2101 Iesus
2863 2048 3131 2111 Christus,
3163 2048 3268 2102 nisi
3299 2051 3351 2101 in
3392 2047 3519 2117 δρία

1944 2143 2049 2194 ritu
2076 2153 2255 2194 sancto
2278 2142 2324 2173 ’°
2360 2141 2457 2210 (ιι).
2494 2142 2684 2209 Liquet
2726 2141 2913 2210 igitur,
2941 2142 3087 2210 quod
3128 2142 3218 2210 qui
3247 2141 3517 2210 Spiritum

1946 2241 2195 2288 sanctum
2236 2236 2548 2304 participat,
2601 2236 2752 2289 novit
2790 2235 3096 2288 Dominum
3152 2233 3335 2288 Jesum
3371 2252 3387 2290 :
3426 2237 3519 2304 qui

1945 2336 2122 2377 autem
2168 2340 2275 2380 nun
2309 2327 2617 2395 participat,
2662 2327 2896 2395 ignorat.
2924 2326 3205 2392 Quomodo
3236 2326 3401 2396 igitur
3428 2323 3521 2395 qui

1948 2418 2214 2485 particeps
2246 2419 2481 2487 Spiritus
2528 2424 2701 2473 Sancti
2743 2431 2848 2483 est,
2895 2424 3044 2473 novit
3077 2421 3219 2488 quod
3256 2417 3520 2474 Dominus

1944 2508 2137 2563 Jcsus?
2169 2510 2319 2563 Sient
2348 2512 2438 2580 qui
2469 2510 2572 2564 mel
2604 2498 2979 2580 degustarunt,
3003 2512 3067 2564 ex
3107 2511 3367 2580 qualitate
3402 2512 3523 2579 ejus

1948 2606 2315 2669 cognoverunt
2341 2603 2443 2655 mel
2468 2617 2588 2656 esse
2627 2602 2806 2666 dulce,
2848 2602 2926 2656 sic
2954 2603 3042 2669 qui
3076 2603 3352 2673 particeps
3396 2602 3527 2670 Spi-

1949 2692 2084 2744 ritus
2115 2691 2290 2744 sancti
2323 2698 2429 2745 est.
2470 2689 2642 2761 igitur
2681 2690 2919 2761 Spiritus
2949 2702 3172 2746 sanctus
3213 2693 3302 2762 qui
3332 2702 3414 2747 est
3459 2708 3525 2746 ex

1950 2784 2249 2837 substantia
2306 2781 2453 2849 Filii,
2507 2784 2762 2851 qualitas,
2814 2796 2872 2838 ut
2926 2785 2998 2837 ita
3047 2783 3262 2853 loquar,
3310 2785 3529 2841 exsistit

1952 2874 2046 2926 Dei
2074 2874 2451 2928 universorum
2500 2875 2737 2933 Domini.
2769 2875 2824 2929 Si
2861 2885 3041 2929 alitem
3077 2869 3392 2931 lioc'verum
3420 2888 3524 2940 est.

1950 2976 2032 3020 est
2071 2966 2234 3037 igitur
2282 2966 2445 3033 Deus,
2492 2979 2547 3021 et
2588 2983 2696 3021 non
2731 2966 2931 3036 aliquid
2968 2968 3194 3033 factum,
3226 2980 3319 3025 aut
3367 2986 3525 3026 crea-

1955 3068 2089 3121 tum,
2130 3067 2189 3111 ut
2238 3058 2507 3113 bzcrcticis
2553 3060 2783 3112 videtur.
2824 3060 2885 3111 Et
2921 3060 3097 3114 adhuc
3144 3078 3156 3113 :
3209 3058 3327 3115 Filii
3366 3062 3530 3131 igitur

1960 3144 2195 3212 Spiritus
2224 3156 2446 3202 sanctus
2482 3163 2543 3201 ex
2591 3149 3028 3218 participatione,
3060 3166 3157 3202 nec
3200 3166 3263 3205 ex
3298 3166 3526 3220 campo.

1956 3236 2153 3289 sitione
2195 3247 2419 3291 sanctus
2463 3248 2571 3300 est,
2618 3238 2711 3291 sed
2747 3249 2829 3291 est
2879 3231 3180 3291 substantia
3230 3247 3283 3292 et
3334 3250 3524 3293 natura

1958 3325 2334 3386 satirtilicaiis,
2362 3336 2417 3380 ct
2445 3326 2747 3380 divinitatis
2783 3324 2873 3378 Dei
2902 3324 3103 3392 Patris,
3132 3336 3189 3379 ut
3214 3316 3285 3379 ita
3321 3327 3524 3391 dicam,

1962 3417 2233 3480 qualitas;
2272 3425 2330 3467 ut
2361 3416 2587 3468 dulcedo
2618 3416 2792 3491 mellis
2823 3416 2926 3485 (4),
2964 3416 3044 3469 vel
3091 3415 3228 3469 odor
3262 3431 3325 3470 est
3369 3415 3522 3472 ilorc.

1959 3506 2024 3559 Et
2058 3521 2281 3576 magnus
2310 3506 2662 3572 Athanasius,
2691 3506 2744 3560 in
2769 3506 2998 3574 epistola
3032 3507 3102 3561 ad
3129 3506 3480 3581 Serapionem
3505 3520 3521 3563 :

1761 3741 2040 3807 SchoHa.

344 3853 426 3919 (Ι)
456 3853 594 3918 Quia
623 3854 676 3905 in
703 3850 812 3904 Deo
843 3852 1052 3919 energia
1085 3850 1299 3918 propria
1351 3866 1454 3902 non
1484 3850 1852 3919 distinguitur,

273 3942 302 3978 ει
329 3935 551 3985 natura,
574 3922 715 3975 sicut
746 3922 797 3972 in
826 3932 1070 3973 curatura
1099 3920 1701 3985 distinguitur,,idcircu
1732 3937 1855 3973 cum

274 3994 518 4063 Cyrillus
534 3988 668 4043 dicit
686 3986 1013 4057 z—Spititus
1039 3990 1257 4063 s‘anetus
1273 4000 1355 4041 est
1373 3990 1585 4063 energia
1613 3992 1855 4063 quaedam

275 4059 565 4123 naturalis,
583 4071 636 4114 et
667 4063 871 4122 vivens,
891 4070 942 4110 et
965 4070 1017 4109 ut
1040 4059 1113 4111 ita
1133 4059 1579 4125 dicam,qua|itas
1600 4060 1855 4111 divinita-

278 4137 350 4186 tis
365 4129 486 4185 Filii
506 4130 975 4191 Dei,——liocdicit:
1000 4128 1231 4196 Spiritus
1266 4136 1486 4196 sanctus
1510 4128 1599 4194 qui
1633 4138 1717 4182 est
1762 4144 1859 4181 na-

276 4211 400 4256 tura
428 4202 544 4256 sivc
592 4202 911 4258 substantia,
942 4195 1184 4267 procedit
1206 4214 1270 4251 ex
1296 4195 1579 4267 Filio.qui‘
1602 4210 1686 4267 est
1726 4198 1859 4250 sub-

278 4273 505 4335 stantia,
542 4269 656 4325 sive
683 4264 1040 4324 esscntia.'A=l
1082 4272 1222 4319 nunc
1276 4267 1493 4319 modum
1543 4264 1864 4321 S.’l‘liomas

232 4376 245 4389 .
284 4341 696 4408 interpretatur,
720 4346 775 4391 et
819 4340 972 4408 docet
1024 4336 1454 4408 interpretandas
1508 4350 1628 4389 esse
1668 4337 1862 4408 liujus-

282 4406 439 4463 modi
463 4412 791 4469 locutiones.
832 4406 886 4459 in
912 4407 1176 4474 opusculo
1198 4407 1394 4458 Contra
1422 4416 1621 4457 errores
1646 4407 1861 4461 (ἐνίσσο-

279 4495 419 4541 tum,
457 4496 512 4535 c.
543 4479 579 4533 4
622 4496 638 4534 :
678 4477 923 4532 Esseotia
982 4486 1064 4529 est
1101 4483 1168 4528 de
1195 4477 1461 4536 essentia,
1491 4477 1612 4542 quia
1665 4476 1857 4539 Filius,

272 4546 368 4617 qui
397 4561 480 4603 est
510 4551 764 4613 essentia,
797 4555 878 4599 est
910 4546 974 4600 de
1012 4545 1171 4599 Patre
1195 4585 1209 4611 ,
1240 4545 1333 4614 qui
1387 4555 1467 4598 cst
1516 4544 1701 4599 eadem
1765 4563 1855 4598 es-

269 4616 479 4674 denti!
501 4620 702 4672 divina.
1095 4616 1117 4635 ⁹
1285 4635 1288 4639 '

457 4689 595 4763 Quia
617 4685 852 4763 qualitas
873 4685 1097 4763 fortnam
1132 4684 1421 4763 signiticet,
1447 4698 1567 4763 qua:
1591 4694 1845 4763 tanquam
1881 4680 1923 4734 Ι)

267 4752 540 4812 accidens
570 4752 758 4811 iniaito
785 4756 1021 4818 exsistit,
1055 4752 1199 4822 quod
1229 4752 1295 4806 ab
1325 4770 1388 4806 ea
1420 4756 1578 4819 quale
1604 4752 1851 4808 nomina—

268 4838 390 4893 tur,
429 4828 632 4881 ideirco
663 4825 980 4879 vocabulum
1042 4824 1276 4878 correxit
1310 4822 1565 4893 Cyrinus.
1618 4839 1737 4877 cum
1772 4826 1853 4877 di-

268 4890 383 4962 xit,
422 4896 494 4951 Ut
522 4896 596 4949 ita
629 4896 805 4950 dicam
830 4912 843 4946 :
870 4905 928 4947 ut
960 4897 1276 4947 admoneret
1304 4890 1563 4951 Spiritum
1602 4903 1852 4946 sancitum

262 4982 390 5020 non
417 4965 760 5033 qualitatem,
776 4964 884 5017 Sed
904 4979 1087 5017 veram
1105 4973 1159 5017 et
1181 4963 1475 5033 perieulum
1495 4964 1855 5016 substantiam

262 5031 571 5091 esse.‘Cur
630 5045 809 5086 autem
844 5035 1157 5101 qualitatem
1210 5031 1507 5101 symbolice
1561 5045 1856 5094 vocaverit,

266 5104 516 5173 intelligi
548 5114 721 5172 potest
746 5117 812 5157 ex
839 5100 905 5155 eo
929 5105 1070 5170 quod
1090 5101 1252 5169 pauiu
1276 5109 1393 5173 post
1430 5100 1507 5153 ait
1528 5114 1564 5173 :_
1584 5101 1735 5155 Sicut
1764 5103 1857 5171 qui

264 5177 413 5251 inet,
452 5170 646 5251 inquit,
701 5174 1088 5251 tie-gustarunt,
1122 5187 1187 5223 ex
1211 5170 1483 5251 qualitate
1520 5171 1639 5251 ejus
1662 5170 1860 5251 cogno-

264 5240 481 5297 veri‘int
528 5240 641 5296 mel
669 5240 792 5295 esse
823 5243 1021 5305 dulce;
1062 5256 1160 5303 Sic,
1211 5240 1404 5307 inquit,
1454 5242 1545 5306 qui
1591 5241 1860 5308 particeps

263 5315 524 5381 Spiritus
543 5313 716 5381 sancti
740 5324 843 5376 est,
876 5321 1023 5364 norit
1046 5310 1328 5381 Dominum
1346 5309 1708 5381 Jesum,‘sicut
1726 5323 1862 5381 εαιιέ

261 5377 434 5454 ρῐυέιι
468 5395 575 5435 est:
611 5377 780 5436 Ncino
811 5390 985 5454 potest
1015 5382 1222 5441 dicere,
1258 5380 1517 5454 Dominus
1542 5377 1861 5454 Jesus,gnisi

261 5449 321 5507 in
358 5450 577 5520 Spiritu
619 5462 829 5506 sancto.
864 5450 931 5504 Ut
962 5452 1133 5521 igitur
1152 5463 1219 5501 ex
1272 5449 1865 5521 dulcedinequaiitate

260 5519 633 5579 substantia“
663 5522 834 5576 mellis
861 5519 1206 5588 cognoscitur
1233 5522 1358 5583 mel,
1390 5520 1472 5574 sic
1495 5519 1585 5587 qni
1610 5528 1867 5588 cognorit

1954 3854 2208 3905 virtutem
2250 3851 2491 3920 Spiritus
2549 3849 2721 3905 sancti
2758 3850 3046 3911 viventem.
3077 3858 3134 3903 et
3165 3865 3260 3919 per
3287 3866 3348 3907 se
3373 3857 3521 3907 exsi-

1957 3932 2211 3986 stentetn,
2273 3938 2393 3990 quae
2424 3932 2509 3977 est
2540 3923 2654 3990 ipsa
2686 3920 2865 3973 divina
2915 3921 3244 3980 substantia.
3298 3926 3446 3977 novit
3474 3936 3529 3979 et

1959 3992 2150 4044 Filium
2194 4002 2247 4046 et
2290 3989 2530 4054 Patrem,
2562 3989 2709 4058 quia
2743 3998 2872 4043 sunt
2924 4005 3111 4041 unum.
3152 3990 3307 4056 Quod
3345 4005 3525 4047 autem

1960 4060 2219 4124 Spiritum
2277 4070 2529 4115 sanctum
2564 4060 2698 4112 dicit
2741 4074 2861 4113 esse
2898 4058 3197 4112 naturalem
3228 4063 3524 4127 energiam,

1958 4133 2072 4184 sive
2098 4131 2380 4193 virtutem,
2409 4145 2516 4183 non
2542 4130 2742 4183 dicitur
2765 4130 3028 4199 naturalis
3053 4145 3082 4179 a
3104 4141 3292 4183 natura
3319 4146 3530 4199 creata,

1962 4201 2056 4253 sed
2084 4216 2112 4253 a
2144 4212 2335 4253 natura
2363 4201 2601 4254 increata
2629 4215 2644 4258 ς
2681 4208 2763 4251 est
2790 4201 2931 4251 enim
2954 4198 3193 4267 Spiritus
3225 4211 3447 4256 sanctus
3472 4223 3531 4257 lc

1964 4280 2156 4322 natura
2194 4270 2307 4338 ipsa
2359 4269 2564 4322 divina.
2621 4268 2853 4327 Rursus,
2881 4282 3002 4319 cum
3034 4269 3164 4320 dicit
3215 4285 3335 4322 esse
3369 4288 3531 4338 energ

1962 4336 2245 4404 giatn,sive
2279 4339 2534 4390 virtutem
2560 4338 2849 4399 viventem,
2880 4346 2933 4387 ct
2955 4350 3049 4402 per
3064 4350 3123 4387 se
3150 4336 3533 4404 exsistciitiiin,

1962 4408 2123 4459 veluti
2146 4410 2482 4474 qualitatem,
2511 4416 2569 4459 ut
2610 4410 2680 4459 ita
2707 4408 2904 4464 dicam,
2939 4407 3240 4459 divinitatis
3262 4407 3378 4459 Filii
3412 4409 3527 4466 Dei;

1958 4479 2030 4530 ita
2060 4479 2212 4538 dicit,
2233 4477 2358 4542 quia
2383 4487 2443 4530 ut
2464 4479 2540 4529 ait
2561 4477 2700 4529 idem
2718 4476 2969 4543 Cyrillus.
2997 4477 3092 4525 lib.
3126 4490 3215 4527 xxv
3249 4474 3527 4541 Thesauri,

1958 4560 2022 4598 ex
2052 4547 2229 4599 divina
2256 4548 2494 4598 essentia
2525 4543 2644 4597 Filii
2680 4546 2793 4612 (qui
2827 4543 3034 4596 scilicet
3068 4543 3238 4610 spirat
3269 4546 3529 4610 Spiritum

1956 4614 2225 4682 Sanctum)
2261 4626 2516 4682 tanquam
2554 4616 2727 4666 virtus
2764 4613 2882 4678 ejus
2917 4613 3233 4663 naturaliter
3263 4623 3529 4680 einanat).

2025 4684 2102 4751 (5)
2133 4681 2279 4735 Velut
2303 4681 2534 4748 fructum
2574 4684 2853 4749 quemdam
2878 4682 3069 4733 divinat
3088 4684 3423 4745 subsluutiaz,
3441 4686 3533 4752 qui

1951 4753 2006 4805 in
2039 4754 2148 4820 ipso
2177 4753 2408 4815 exsistit,
2446 4761 2510 4822 et
2533 4766 2597 4803 ea:
2620 4754 2735 4819 ipsa
2769 4752 3191 4820 inseparabiiiter
3210 4763 3257 4805 et
3289 4755 3535 4822 impartt"

1952 4823 2128 4875 biliter
2162 4822 2416 4890 procedit.
2460 4821 2599 4874 Dicit
2633 4822 2892 4890 Spiritum
2935 4830 3183 4890 sanctum
3235 4821 3531 4889 procedere

1954 4910 2017 4946 ex
2051 4888 2356 4945 subStantia
2392 4891 2596 4950 divina,
2629 4890 2756 4960 quia
2778 4888 2934 4942 Pater
2967 4900 3021 4943 et
3058 4888 3247 4956 Filius,
3277 4909 3304 4944 a
3334 4894 3529 4960 quibus

1955 4962 2220 5029 procedit.
2274 4970 2397 5013 sunt
2433 4961 2616 5013 divina
2654 4959 2976 5029 substantia,
3010 4960 3126 5013 sive
3171 4966 3403 5015 essentia
3447 4965 3532 5013 di-

1952 5028 2101 5086 Viua.
2133 5030 2246 5083 Etsi
2269 5031 2411 5084 enim
2439 5028 2910 5099 personisdivinis
2944 5030 3264 5099 attribuitur
3297 5032 3527 5099 spirare,

1959 5112 2109 5154 more
2144 5109 2322 5154 tamen
2355 5096 2667 5153 Graecorum
2698 5096 2915 5150 Patrum
2946 5096 3245 5151 substantia
3301 5096 3416 5152 sive
3442 5119 3529 5155 es-

1961 5176 2131 5224 sentia
2159 5171 2342 5223 divina
2373 5185 2468 5238 pro
2500 5169 3048 5238 personuiiicisulet,
3081 5172 3204 5236 quia
3240 5183 3364 5221 sunt
3389 5170 3527 5222 idem

1963 5256 2041 5292 re.
2077 5239 2185 5291 llnc
2213 5235 2386 5309 etiani
2411 5235 2616 5291 notavit
2646 5236 2707 5291 S.
2743 5235 2979 5309 Tiiomas
3003 5237 3053 5289 in
3086 5239 3272 5291 eodem
3307 5239 3530 5309 Cyrillu,

1964 5313 2016 5362 in
2058 5309 2317 5375 opusculo
2338 5307 2535 5361 Contra
2563 5323 2766 5360 errores
2799 5304 3125 5367 Graecorum,
3148 5321 3267 5374 cap.
3299 5309 3333 5362 4
3352 5304 3415 5362 ἰιι
3442 5310 3532 5363 li.

2035 5378 2110 5447 (4)
2149 5375 2217 5431 Ut
2249 5378 2467 5430 dulcedo
2498 5376 2687 5438 mellis,
2720 5376 2816 5443 vet,
2836 5376 2964 5428 odor
2997 5391 3059 5428 ex
3094 5379 3243 5446 ﬂore.
3279 5377 3372 5431 liis
3392 5393 3506 5446 syiu

1966 5449 2103 5501 bolis
2129 5452 2297 5501 utitur
2322 5447 2556 5515 Cyrillus
2591 5448 2658 5515 ad
2688 5450 3166 5501 demonstrandum
3192 5462 3255 5501 ex
3283 5448 3539 5503 substitit»

1968 5520 2039 5572 tia
2069 5518 2264 5583 Patris,
2297 5517 2349 5571 id
2368 5514 2477 5583 cst,
2501 5531 2567 5571 ex
2591 5514 2751 5569 Patre
2778 5518 3207 5570 Substantialitet‘
3241 5530 3539 5587 pt'ucedcte

343 5709 433 5779 (α)
468 5706 684 5768 Dicere,
707 5704 963 5759 Dominus
991 5702 1261 5767 Jews,est
1293 5718 1452 5759 nosse
1485 5700 1770 5757 Dominum
1801 5696 2023 5765 Jcsum;
2061 5713 2217 5753 nemo
2254 5697 2398 5752 enim
2442 5696 2574 5753 dicit
2607 5706 2697 5753 aut
2726 5698 2961 5769 appellat
3003 5712 3163 5766 quem
3199 5714 3304 5755 non
3353 5703 3529 5757 novit.

612 5807 887 5862 Ρηιιοι..
921 5802 1038 5863 Gtt.
1054 5800 1247 5864 ωλι.

3025 5794 3105 5854 30
