4016 6204
520 246 633 307 939

1679 242 2004 300 JOANNIS
2045 223 2610 300 crriitttssm'm

3603 229 3689 291 950

531 357 641 417 Sic,
669 358 862 421 inquit,
907 369 958 409 et
987 356 1217 423 Spiritus
1252 364 1472 410 sanctus
1496 356 1584 422 qui
1620 373 1645 406 ει
1679 355 1812 407 Filio
1846 357 2005 410 datur
2031 365 2084 409 et
2116 363 2159 415 Α
2189 357 2394 420 omnia;
2423 354 2603 408 omnia
2637 351 2780 406 enim
2816 347 3011 408 Verbo.
3049 356 3103 400 et
3133 343 3392 413 Sapientia
3415 342 3536 397 facta
3560 345 3691 398 sunt;
3740 389 3742 392 ,

533 447 786 508 mittitur,
819 453 872 496 et
910 455 991 497 cst
1027 446 1138 512 ipse
1183 459 1368 506 unum,
1406 452 1460 496 et
1507 460 1609 496 nun
1658 444 1842 503 multa,
1887 461 1980 496 nee
2024 461 2085 496 ex

531 539 712 590 multis
743 551 926 595 unum,
975 537 1066 587 sed
1102 537 1214 603 ipse
1261 536 1434 587 solum
1485 535 1739 600 Spiritus.
1781 538 1915 587 Cum
1945 539 2086 588 enim

531 639 668 676 unus
693 625 761 676 sit
787 622 974 684 Filius,
1008 624 1096 690 Qui
1127 633 1209 676 est
1237 621 1469 676 Verbum
1503 627 1705 686 vit-ens,
1733 635 1945 689 oportet
1971 639 2090 676 esse

529 729 689 767 unam
723 713 884 766 vitam
929 715 1244 781 perlectam,
1281 723 1335 765 et
1381 714 1714 781 lttiplt‘lllt'lll,
1750 718 2093 766 sanctiﬁcan-

529 819 654 868 teut,
705 817 752 856 et
794 805 1212 866 illuininautem,
1259 820 1379 871 qua:
1429 814 1511 858 est
1551 808 1767 874 eneigia
1826 808 1994 874 ipsius
2036 819 2090 859 et

527 881 750 955 donum,
779 896 920 961 quod
968 895 1180 961 quidem
1226 910 1291 945 ex
1341 893 1498 947 Patre
1529 887 1727 946 dicitur
1775 897 2086 961 procedi-ie.

530 987 589 1038 Et
621 986 794 1037 adhuc
830 1005 841 1037 :
886 985 1164 1049 Quomodo
1196 999 1302 1037 non
1335 985 1472 1036 ttltra
1501 1001 1716 1036 onlnem
1756 985 2086 1053 impietatem

526 1075 744 1140 quidam
799 1076 1119 1142 procedunt,
1183 1077 1270 1139 qui
1327 1075 1590 1142 Spiritum
1649 1086 1896 1129 Sanctum
1953 1078 2092 1128 htter

525 1175 810 1218 creaturas
868 1175 1074 1233 ponunt
1122 1183 1136 1217 :
1180 1176 1232 1218 ct
1285 1181 1387 1218 non
1433 1167 1611 1233 potius
1660 1169 1990 1220 conﬁtentur
2025 1184 2087 1221 ex

523 1258 700 1309 divina
751 1269 940 1309 natura
994 1259 1257 1310 exsistere
1303 1259 1445 1324 quod
1503 1275 1567 1310 ex
1627 1259 1736 1326 ipsa
1795 1260 2088 1313 secundum

525 1351 886 1402 substantiam
923 1350 1184 1415 procedit,
1235 1360 1286 1401 et
1327 1358 1586 1415 tanquam
1642 1350 1805 1402 Deutn
1843 1351 1894 1402 in
1935 1351 2092 1404 tr'obis

529 1440 811 1493 habitare?
834 1439 1128 1506 Gregorius
1159 1439 1432 1510 Nyssenus
1460 1442 1511 1492 in
1541 1439 1866 1492 Cateclietiro
1894 1456 1909 1492 :
1943 1442 2089 1501 lisse,

529 1533 723 1596 inquit,
759 1532 989 1583 Verbum
1030 1531 1143 1591 Dei,
1186 1541 1240 1582 et
1287 1531 1374 1583 Dei
1408 1532 1690 1598 Spiritum,
1717 1533 1966 1593 virtutes,
2004 1549 2091 1584 sc—

526 1624 758 1673 entulum
794 1623 1150 1673 substantiam
1201 1638 1295 1686 per
1331 1637 1388 1674 se
1428 1623 1758 1675 exsistcntes
1791 1621 2093 1676 ell‘ectrices

2195 458 2246 499 et
2277 446 2616 498 ordinatione
2645 443 2761 509 ejus
2779 448 2996 492 manent
3021 439 3294 490 universa.
3323 431 3382 486 Et
3407 433 3454 485 in
3477 433 3616 498 epist.
3643 437 3698 486 ad

2195 537 2573 605 Serapionem:
2611 534 2826 595 Paulus,
2858 531 3047 598 inquit,
3079 528 3267 580 scribit
3290 527 3432 579 Tito:
3469 525 3560 578 Per
3583 543 3701 594 rcge-

2194 629 2513 681 nemtionem
2548 635 2594 678 et
2644 624 3025 676 renomtiouem
3083 618 3311 686 Spiritus
3341 618 3519 681 sancti,
3577 633 3701 685 quem

2195 717 2375 782 effudit
2414 716 2464 766 iu
2509 731 2600 766 nos
2658 713 2862 762 abunde
2913 726 3003 776 per
3077 707 3258 772 Iesum
3308 705 3549 760 Christum
3580 707 3636 758 θ’.
3659 706 3702 758 Si

2194 822 2371 859 autem
2435 807 2588 859 l’ater
2623 821 2717 872 per
2750 801 2984 855 Verbum
3016 801 3065 852 iii
3113 799 3308 862 Spiritu
3360 809 3532 850 sancto
3581 807 3705 850 creat

2194 899 2370 946 omnia
2417 904 2470 944 et
2523 903 2776 955 renoVaI;
2834 905 2953 958 qum
3013 889 3322 946 similitudo.
3372 897 3457 938 aut
3513 885 3706 938 allinitas
3738 872 3758 901 ¹

2193 988 2396 1037 creanti
2431 1001 2550 1036 eum
2581 983 2886 1036 creaturis?
2919 981 3271 1048 Consequens
3292 979 3425 1031 enim
3455 989 3529 1030 est
3557 989 3606 1029 tit
3631 977 3707 1028 liu-

2189 1079 2424 1146 j-is_modi
2476 1076 2806 1142 blaslihetnia
2840 1075 2888 1127 iit
2919 1072 3112 1126 Filium
3149 1074 3310 1125 etiam
3359 1082 3544 1132 manet,
3570 1069 3706 1134 utqui

2195 1170 2379 1220 dicunt
2413 1166 2670 1234 Spiritum
2705 1178 2947 1219 sanctum
2973 1180 3096 1219 esse
3119 1174 3441 1222 creaturam,
3471 1162 3627 1214 dit-ant
3653 1160 3710 1211 si-
3750 1211 3758 1222 ,

2197 1263 2414 1321 utiliter,
2440 1257 2704 1318 Verbum,
2733 1273 2830 1324 per
2857 1258 2998 1323 quod
3030 1257 3211 1308 Omnia
3233 1265 3500 1315 creantur,
3525 1262 3707 1306 creatu-

2196 1367 2308 1404 ram
2345 1367 2486 1405 csse.
2518 1350 2581 1404 Et
2620 1364 2804 1426 rursus
2855 1350 2996 1400 idem
3039 1348 3092 1400 in
3145 1347 3502 1426 disputatione
3550 1353 3706 1396 contra

2195 1444 2383 1495 Arium
2409 1460 2419 1491 :
2460 1441 2564 1495 Fac
2598 1442 2724 1493 velis
2758 1441 3070 1505 recolligere
3094 1437 3532 1505 conquisitionem
3560 1436 3617 1488 de
3640 1433 3710 1486 Fi-

2197 1535 2287 1595 lio,
2318 1549 2433 1597 quae
2465 1547 2560 1585 nos
2593 1533 2847 1586 comitata
2871 1541 2974 1595 est,
3008 1541 3060 1583 et
3094 1529 3332 1595 reperies
3356 1540 3590 1584 intereant
3613 1525 3708 1592 Spi-

2200 1625 2331 1677 ritus
2356 1625 2527 1676 sancti
2558 1624 2812 1674 rirttttem
2843 1623 3081 1687 ejusdem
3103 1618 3414 1672 substantiir
3441 1632 3553 1667 eum
3583 1613 3715 1667 Patre

526 1732 709 1766 eorum
736 1729 854 1781 qua:
890 1714 1029 1764 facta
1063 1724 1217 1782 sunt,
1239 1725 1290 1764 et
1319 1715 1658 1766 c0ntinentes
1692 1731 1752 1765 ea
1784 1731 1901 1780 qutc
1937 1724 2082 1773 sunt,
2119 1704 2159 1756 Β
2190 1717 2383 1767 dictam
2413 1700 2532 1767 esse
2563 1729 2626 1767 ex
2661 1713 2830 1778 digito
2853 1713 2992 1778 ejus.
3029 1711 3173 1763 Sane
3196 1709 3539 1778 quidcincutn
3571 1707 3714 1757 virtu-

523 1824 584 1857 es
648 1807 840 1858 dvinis
897 1805 1196 1870 Seriptttris
1236 1805 1664 1858 demonstratur.
1731 1804 1893 1856 Verbo
1943 1809 2084 1858 enim

528 1901 736 1952 homini
769 1898 883 1950 cirli
924 1899 1120 1963 firmati
1164 1907 1302 1956 sunt,
1350 1912 1393 1948 et
1431 1897 1640 1964 Spiritu
1672 1900 1775 1950 oris
1826 1899 1939 1964 ejus
1981 1915 2088 1950 om-

528 1995 604 2043 nis
640 2003 799 2042 virtus
828 2005 1007 2041 eorum
1032 1991 1097 2039 θ’.
1137 1987 1212 2038 Ex
1263 1989 1346 2039 bis
1377 1998 1540 2052 patet,
1572 1977 1802 2056 primum
1845 1991 2086 2056 quidem,

529 2089 825 2150 iugi-nilum
863 2083 914 2133 in
945 2079 1232 2136 Triuitate.
1267 2095 1386 2146 quae
1410 2096 1568 2147 supra
1595 2081 1950 2134 substantiam
1983 2094 2084 2150 est,

529 2187 700 2238 neque
733 2173 1090 2224 sul-stantiam
1129 2188 1272 2232 esse,
1302 2187 1474 2239 neque
1503 2172 1885 2240 proprietatem
1917 2175 2088 2241 hypo-

527 2268 775 2315 staticam
814 2263 903 2313 Dei
937 2259 1149 2322 Patris;
1184 2260 1519 2326 bypostatica
1551 2258 1696 2311 enim
1735 2260 2087 2326 bypostasini,

528 2356 642 2406 sive
673 2368 954 2420 personam
998 2351 1272 2411 exhibent,
1312 2365 1595 2414 personam
1624 2359 1801 2402 autem
1828 2349 2092 2402 tlelinittnt

529 2460 813 2496 t'Ollllllllllc
857 2458 976 2495 cum
1019 2444 1253 2510 quadam
1280 2442 1614 2509 proprietate
1645 2457 1659 2494 :
1698 2441 1804 2502 vel.
1839 2443 2092 2494 substan-

532 2538 658 2586 tiam
706 2550 826 2588 cuni
875 2533 1169 2586 accidente.
1229 2531 1285 2585 Si
1335 2543 1517 2585 autem
1576 2533 1876 2597 ingenitum
1915 2546 2091 2599 neque

530 2626 830 2677 substantia
875 2633 980 2686 est,
1025 2639 1122 2676 nec
1153 2622 1421 2679 accidens.
1454 2622 1653 2675 ttullant
1688 2637 1971 2690 personam
1999 2639 2092 2676 ex-

532 2717 718 2776 hibet,
773 2713 886 2764 sive
924 2712 1178 2776 ostendit,
1229 2721 1280 2765 et
1319 2713 1518 2764 idcirco
1571 2727 1743 2779 neque
1790 2714 2092 2782 preprietas

533 2809 870 2876 hypostatiea
899 2814 978 2857 est
1013 2819 1024 2852 :
1059 2805 1208 2856 notio
1239 2813 1418 2856 tamen
1449 2814 1530 2856 est
1554 2803 1731 2858 Patris
1759 2819 1862 2856 non
1888 2805 2093 2858 haben-

536 2896 602 2947 tis
637 2911 873 2958 causam,
909 2893 1051 2961 quod
1088 2893 1201 2960 ipse
1230 2893 1377 2945 solus
1406 2904 1488 2946 est
1526 2892 1684 2948 Pater
1723 2908 1941 2947 causam
1985 2908 2090 2947 non

535 2992 756 3038 habens.
793 2984 1099 3037 Secundum
1132 2995 1216 3038 est
1248 2995 1500 3050 tanquam
1544 2999 1608 3038 ex
1651 2989 1750 3038 hoc
1785 2985 2088 3053 probatum,
2117 3028 2162 3089 Ο

534 3079 738 3129 μυιιιραι
769 3093 873 3129 non
915 3091 1034 3130 esse
1073 3077 1125 3128 itt
1161 3076 1272 3144 ipsa
1307 3076 1574 3130 Trinitate
1603 3077 1768 3130 alium
1799 3077 2088 3144 quemdam

534 3167 734 3220 l'untem
773 3167 1091 3228 divinitatis,
1118 3167 1216 3220 nisi
1253 3167 1426 3234 ipsum
1463 3169 1659 3230 solum,
1689 3171 1778 3236 qni
1819 3181 1900 3222 est
1936 3167 2094 3222 Pater

537 3262 701 3310 totius
741 3259 1062 3321 divinitatis,
1109 3274 1329 3313 causam
1379 3274 1484 3312 non
1521 3260 1724 3312 habens
1756 3276 1771 3325 ;
1806 3277 1904 3314 nec
1931 3264 2091 3313 aliam

535 3353 823 3419 quamdam
857 3352 1154 3404 naturalem
1186 3361 1240 3405 et
1275 3352 1688 3405 substantialem
1717 3354 1990 3420 energiant
2027 3367 2090 3404 ex

534 3443 716 3495 dit-ina
747 3443 1050 3495 substantia
1105 3443 1551 3511 incompreheusa
1590 3444 1960 3511 prodeuntem,
1991 3444 2091 3496 uisi

538 3535 728 3588 Filium
779 3524 938 3600 supra
991 3534 1371 3597 substantiam,
1413 3546 1467 3588 et
1523 3534 1784 3602 Spiritum
1843 3543 2090 3586 sanctum

538 3626 813 3680 naturales
848 3635 901 3679 et
946 3626 1326 3679 substantiales
1356 3627 1625 3696 energias,
1665 3626 1778 3678 sive
1813 3635 1968 3677 actus
2000 3623 2091 3677 Dei

535 3733 752 3771 causam
788 3733 891 3769 non
921 3719 1187 3781 habentis,
1215 3727 1468 3784 tanquam
1499 3716 1784 3784 qualitates
1806 3723 1860 3768 et
1887 3715 2093 3768 lrttctus

535 3799 851 3859 substantiae
884 3807 1070 3874 ipsius.
1100 3806 1276 3873 Atque
1311 3807 1376 3858 ad
1413 3807 1552 3858 hunc
1575 3807 1788 3857 modum
1813 3820 1938 3857 vere
1959 3819 2095 3857 con-

537 3896 721 3947 stituta
757 3904 808 3946 et
833 3894 1110 3947 declarata
1165 3894 1318 3946 nobis
1351 3903 1430 3947 est
1462 3895 1666 3958 divina,
1715 3903 1770 3946 et
1803 3907 1961 3960 supra
2001 3909 2094 3945 na-

541 3996 711 4037 turam
742 3984 1021 4036 beatitudo
1058 3985 1220 4035 trium
1273 3997 1622 4050 personarum
1677 3984 1819 4050 trulla
1859 3999 1915 4036 re
1952 3983 2092 4035 indi-

535 4092 688 4142 gens,
731 4083 785 4127 et
817 4089 910 4142 per
935 4088 995 4128 se
1033 4074 1364 4142 plenissima.

1127 4184 1354 4240 CAPUT
1407 4182 1493 4236 Vl.

535 4276 687 4340 Quod
719 4277 771 4328 in
814 4273 1092 4336 Triuitate,
1129 4293 1230 4330 non
1278 4289 1354 4329 est
1383 4277 1489 4328 alia
1523 4280 1775 4343 operatio,
1805 4289 1852 4330 et
1882 4297 2089 4341 uiantis,

601 4415 830 4483 Spiritus
883 4427 1136 4478 saucius;
1194 4432 1287 4470 nec
1315 4419 1421 4468 alia
1452 4418 1709 4484 sapientia
1741 4431 1786 4470 et
1821 4419 2004 4480 virtus,
2040 4432 2088 4472 et

602 4487 798 4553 gloria,
827 4497 871 4539 et
905 4487 1076 4553 imago
1106 4486 1220 4550 Dei,
1260 4488 1360 4539 nisi
1393 4484 1567 4538 Filius
1595 4497 1642 4538 et
1677 4485 1929 4554 Spiritus.

602 4623 825 4690 Magnus
853 4624 1206 4686 Athanasius,
1241 4625 1376 4678 libro
1394 4624 1583 4692 quinto
1613 4623 1810 4679 Contra
1843 4627 2089 4683 Arianae:

530 4713 703 4778 Sient,
735 4713 1088 4782 inquit,Deus
1121 4716 1282 4765 Pater
1310 4725 1588 4766 creaturas
1611 4712 1788 4767 Verbo
1811 4727 1988 4783 ‘ercat,
2013 4722 2094 4772 sic

537 4806 829 4858 secundum
867 4818 1112 4856 naturam
1157 4804 1386 4871 propria:
1435 4806 1750 4859 substantia
1780 4808 1937 4860 habet
1971 4826 2093 4876 ger-

529 4911 646 4950 men
676 4894 931 4960 Verbum,
965 4895 1105 4961 qttod
1132 4895 1425 4947 fabricatur
1452 4906 1504 4948 et
1547 4906 1713 4960 creat,
1735 4907 1788 4949 et
1815 4903 2081 4966 gubernat

2188 1819 2294 1860 tem
2322 1808 2553 1876 Spiritus
2571 1808 2740 1858 sancti
2778 1804 3245 1874 inexpugnabilem
3267 1802 3402 1870 magi
3432 1802 3480 1852 iii
3520 1798 3715 1868 Ᾰίιιςριο

2189 1897 2529 1965 contemplati
2555 1897 2876 1958 clamabant,
2897 1897 3100 1949 aientes
3121 1912 3134 1946 :
3160 1893 3365 1962 Digitus
3388 1891 3479 1944 Dei
3502 1889 3715 1950 est/ioc”;

2191 1989 2322 2042 nihil
2371 1989 2514 2041 aliud
2566 1988 2962 2041 conﬁtebantur
3048 1983 3312 2038 vocabulo
3367 1983 3530 2050 digiti,
3585 1993 3716 2047 quant

2190 2081 2464 2141 virtutem,
2497 2081 2608 2131 sive
2633 2086 2949 2145 potestatem
2967 2076 3202 2144 Spiritus
3230 2075 3400 2129 sancti
3436 2073 3717 2126 liontoutiou,

2191 2171 2264 2224 id.
2301 2181 2380 2223 est
2439 2169 2679 2236 eiusdem
2727 2169 3060 2229 substantia;
3117 2181 3282 2234 quam
3318 2166 3468 2216 habet
3497 2178 3605 2216 cum
3632 2159 3719 2213 Deo

2191 2262 2382 2326 Patre;
2438 2263 2523 2314 cui
2574 2263 2835 2315 Vocahulo
2893 2261 3045 2329 digiti
3075 2274 3179 2310 non
3215 2266 3389 2326 potest
3438 2255 3717 2314 contradici,

2192 2370 2365 2422 neque
2392 2355 2700 2422 repugnari.
2747 2353 2808 2405 Et
2831 2362 3052 2405 sanctus
3084 2350 3341 2420 Cyrillus.
3380 2349 3470 2402 lib.
3499 2361 3557 2399 xv
3610 2343 3718 2396 Tlte-

2192 2459 2510 2496 saurorum:
2545 2443 2598 2495 Si
2633 2443 2833 2504 omnia,
2889 2443 3083 2509 inquit,
3125 2442 3179 2491 in
3213 2438 3494 2506 sapientia,
3518 2447 3566 2486 et
3590 2447 3719 2485 manu

2195 2533 2283 2584 Dei
2311 2534 2448 2586 facta
2473 2542 2621 2593 sunt,
2647 2533 2945 2598 Scriptura:
2970 2545 3096 2584 vero
3121 2531 3320 2582 divina:
3349 2529 3412 2581 de
3454 2527 3553 2578 Deo
3578 2521 3719 2575 Verbo

2191 2623 2466 2675 clamant:
2506 2620 2696 2675 Omnia
2731 2637 2821 2684 per
2860 2623 3029 2688 ipsum
3058 2619 3202 2685 facta
3225 2627 3368 2681 sunt,
3406 2627 3453 2669 et
3504 2615 3604 2668 sine
3632 2614 3721 2678 ipso

2193 2713 2389 2780 factum
2423 2723 2496 2765 cst
2545 2712 2676 2764 nihil
2710 2713 2776 2775 9‘,
2835 2727 2938 2764 non
2972 2722 3145 2780 potest
3176 2726 3299 2763 esse
3324 2725 3456 2776 opus
3487 2708 3720 2774 sapientia!

2196 2803 2286 2856 Dei
2315 2802 2519 2865 Filius;
2547 2805 2638 2856 sed
2671 2805 2849 2869 potius
2877 2803 2988 2869 ipse
3025 2814 3110 2855 est
3133 2805 3425 2869 sapientia,
3469 2811 3718 2854 etinanus,

2193 2912 2296 2962 qua
2322 2904 2516 2948 cuncta
2553 2893 2691 2947 Dcits
2739 2905 3014 2960 operatur.
3060 2897 3123 2946 lit
3154 2894 3336 2948 adhuc
3355 2897 3486 2945 idem
3529 2892 3608 2942 lib.
3631 2902 3718 2945 ιη’.

2195 2988 2502 3038 cot'ttnitletn
2538 2988 2915 3039 T/iesaurmum
2945 3000 2963 3038 :
2997 2985 3152 3049 Quia,
3205 2987 3400 3054 inquit,
3431 2982 3635 3048 simplex
3657 2989 3726 3031 est

2198 3079 2358 3139 Deus,
2405 3077 2536 3130 nihil
2565 3077 2708 3129 aliud
2753 3090 2952 3145 praeter
2984 3078 3161 3144 ipsum
3206 3088 3288 3130 est
3319 3075 3583 3136 fortitudo,
3625 3087 3723 3138 qua:

2196 3173 2248 3220 in
2274 3171 2388 3236 ipso
2408 3179 2530 3233 est;
2574 3173 2668 3222 sed
2699 3171 2878 3234 potius
2934 3168 3051 3234 ipse
3082 3169 3296 3223 scilicet
3332 3177 3414 3222 est
3442 3165 3614 3226 Filius,
3649 3160 3724 3230 Qui

2199 3278 2357 3314 unam
2388 3277 2508 3313 cunt
2547 3261 2708 3314 Patre
2737 3261 3122 3323 substantiam,
3150 3272 3207 3313 et
3231 3263 3474 3313 eamdem
3511 3267 3722 3309 naturain

2197 3351 2393 3415 habet;
2431 3361 2487 3404 ut
2517 3351 2607 3416 qui
2635 3352 2707 3404 sit
2727 3366 3024 3404 unutncum
3047 3351 3226 3418 coqui
3261 3350 3463 3419 genuit,
3487 3348 3526 3400 si
3551 3346 3727 3398 ctlletts

2195 3455 2259 3494 ex
2309 3441 2436 3504 Deo,
2479 3453 2532 3494 et
2565 3443 2742 3514 lumen
2789 3456 2853 3494 ex
2893 3441 3092 3493 l’umiue
3149 3441 3447 3509 splenduit,
3499 3437 3664 3496 Filius,
3684 3441 3727 3484 et

2205 3547 2308 3584 non
2351 3531 2509 3584 Pater
2544 3533 2870 3586 intellectus.
2910 3533 3077 3600 Igitur
3111 3535 3292 3586 omnis
3331 3529 3539 3598 energia
3565 3539 3613 3582 et
3640 3526 3727 3576 vir-

2199 3634 2284 3678 tus
2339 3622 2534 3687 Patris,
2579 3639 2862 3694 perquam
2917 3628 3096 3676 omnia
3161 3637 3441 3692 operatur,
3494 3619 3725 3690 quomodo

2195 3727 2336 3767 esset
2389 3725 2589 3768 natura:
2616 3715 2846 3768 creatae?
2879 3714 3044 3777 ldein,
3080 3715 3131 3767 itt
3187 3715 3452 3783 capitibus
3474 3714 3532 3765 de
3558 3708 3727 3776 Spiritu

2196 3819 2376 3860 sancto
2407 3847 2421 3868 ,
2465 3808 2538 3860 ait
2578 3814 2627 3860 in
2663 3809 3034 3874 quodamloco
3064 3809 3321 3862 Christus
3343 3810 3611 3872 disputans
3628 3815 3724 3852 t‘tllll

2195 3899 2425 3953 ludatis:
2460 3898 2515 3953 Si
2551 3910 2729 3952 autem
2761 3901 2923 3969 digito
2969 3898 3062 3957 Dei
3090 3901 3252 3966 ejicio
3280 3895 3551 3957 dwuwnia,
3594 3892 3729 3960 igitur

2197 3991 2421 4052 pervenit
2449 3992 2502 4043 in
2537 4007 2623 4043 vos
2662 4007 2870 4056 regnum
2906 3990 2998 4044 Dei
3031 3991 3098 4049 ⁸⁵.
3138 3992 3244 4045 hoc
3276 3992 3395 4044 loco
3425 3990 3630 4057 digittnn
3654 3984 3731 4033 dc-

2206 4091 2469 4134 nionstrat
2495 4096 2618 4134 esse
2643 4082 2906 4150 Spiritum
2943 4091 3214 4142 sanctum,
3236 4083 3327 4148 qui
3359 4079 3509 4134 modo
3527 4073 3730 4146 quod-II“

2197 4191 2257 4227 ex
2296 4177 2471 4228 divina
2534 4177 2836 4228 substantia
2891 4177 3220 4229 naturaliter
3261 4178 3549 4244 productus
3575 4170 3732 4225 θείνει

2201 4267 2520 4320 naturaliter
2540 4285 2603 4322 ex
2634 4285 2696 4320 ea
2730 4268 2944 4333 pendet,
2977 4269 3114 4321 sicut
3145 4267 3354 4336 digitus
3390 4282 3450 4320 ex
3485 4255 3731 4315 IllalttllN'
3783 4310 3787 4314 .

603 4361 694 4428 l1":
735 4362 900 4426 ﬂuam
955 4349 1132 4398 ονηηία
1183 4346 1326 4399 θείω
1357 4357 1624 4428 oreretur.
1657 4349 1757 4426 {tisi
1806 4347 1996 4428 Filius,
2042 4363 2090 4403 et
2126 4356 2167 4407 Ι)
2199 4360 2393 4422 minis;
2445 4357 2638 4410 Filium
2693 4359 2837 4412 enim
2877 4360 3153 4428 appellant
3217 4359 3417 4413 divina:
3474 4354 3734 4417 Scriplllm
3773 4387 3789 4410 ε

2199 4450 2474 4502 brachium
2504 4459 2556 4501 et
2589 4451 2863 4502 dexteram
2894 4450 3008 4512 Dei,
3044 4450 3182 4503 sicut
3219 4450 3481 4518 scriptum
3509 4452 3588 4497 est
3609 4434 3732 4494 :Sal-
3774 4463 3807 4514 I.-

2192 4543 2327 4593 ruvit
2349 4557 2466 4592 eum
2491 4542 2704 4592 dextera
2734 4541 2870 4608 ejus,
2912 4551 2974 4592 ει·
2997 4541 3268 4593 brachium
3305 4552 3539 4593 sanctum
3564 4529 3733 4601 ejus":

2191 4643 2246 4687 et
2287 4633 2415 4683 illttd
2443 4649 2456 4684 :
2503 4631 2746 4690 Domine.
2777 4633 3349 4685 excelsunrbrachium
3373 4643 3536 4685 tuum.
3574 4635 3618 4679 et
3648 4635 3734 4707 trait

2191 4736 2562 4791 (agitarentur,
2613 4735 2975 4792 cognoscentes
3031 4735 3204 4776 autem
3253 4725 3638 4790 confundantur
3677 4712 3734 4764 ’⁷.

2205 4815 2364 4868 Sicut
2406 4815 2566 4880 igitur
2599 4815 2880 4866 brachium
2913 4813 3309 4866 naturaliterin
3345 4823 3510 4866 totum
3564 4818 3735 4872 corpus

2189 4914 2429 4972 aptatum
2498 4914 2600 4966 est,
2637 4905 2818 4957 omnia
2849 4918 3078 4973 apertius
3123 4921 3461 4973 quacunque
3493 4901 3645 4955 menti
3675 4897 3738 4947 vi-

593 5036 635 5065 “
670 5035 808 5115 Psal.
848 5034 1084 5098 xxxn,6.
1149 5028 1417 5094 θ’ΤιιΛιι,
1443 5031 1493 5086 6.
1559 5034 1604 5115 ’ξ
1633 5034 2033 5099 Ι·;κυι1.νιιι,ιξ).
2104 5038 2320 5093 “Juan.
2367 5056 2404 5101 t,
2437 5041 2490 5096 3.
2532 5041 2724 5094 "Luc.
2780 5041 2962 5101 “,20.
3030 5043 3513 5103 "l’sal.xcvnt,t.
3592 5036 3631 5067 "
3651 5033 3736 5088 16³·

524 5121 669 5163 nvi,
698 5110 773 5158 ll.

2012 5179 2287 5240 ScboHa.

525 5274 788 5340 Spiritum
822 5285 1088 5338 sanctum,
1122 5275 1260 5327 sicut
1291 5273 1520 5328 dulcedo
1549 5291 1612 5328 ex
1648 5275 1827 5340 melle,
1863 5286 1918 5330 et
1949 5279 2082 5330 odor

523 5360 583 5393 ex
619 5345 769 5402 llure,
808 5356 1054 5416 et_vapor
1086 5360 1146 5396 ex
1185 5357 1350 5416 aqua.
1374 5344 1490 5409 Quo
1520 5349 1765 5416 exemplo
1815 5351 1950 5398 idem
1980 5347 2086 5416 Cy-

523 5418 675 5464 rittns
703 5430 817 5478 t-ap.
855 5414 1102 5484 7rutitur;
1133 5416 1206 5463 sic
1231 5415 1372 5465 enim
1401 5415 1472 5465 ait
1499 5434 1510 5468 :
1549 5414 1890 5483 Relinquitur
1924 5414 2086 5484 igitur

523 5491 576 5527 ιιι
635 5483 942 5532 necessario
985 5485 1354 5542 euntiteudum
1411 5485 1500 5545 sit,
1531 5500 1651 5537 esse
1677 5501 1739 5537 ex
1783 5483 2086 5539 substantia

522 5547 660 5620 eius,
697 5567 812 5599 eum
837 5564 1048 5601 omnem
1076 5550 1190 5606 Fiiii
1223 5553 1310 5604 Dei
1338 5555 1590 5606 virtutem
1615 5564 1667 5606 et
1694 5556 2088 5620 operationem,

527 5615 740 5682 hab-cal,
769 5628 817 5671 ut
849 5623 895 5673 si
929 5633 1086 5688 vapor
1108 5637 1172 5674 ex
1204 5635 1340 5689 aqua
1378 5624 1651 5689 ascendat,
1685 5615 1740 5678 et
1765 5639 1859 5693 per
1889 5640 1949 5678 ea
1975 5615 2092 5690 quae

2181 5288 2455 5346 operatur.
2493 5293 2587 5333 eos
2615 5280 2754 5348 apud
2785 5295 2920 5347 quos
2945 5291 3046 5341 cst,
3085 5278 3392 5346 refrigeret,
3426 5290 3479 5332 et
3507 5287 3733 5348 naturam

2184 5364 2336 5412 aquai
2366 5350 2506 5400 unde
2558 5346 2843 5410 emittitur,
2879 5352 3167 5416 signiticet.
3203 5350 3478 5402 llactenus
3509 5346 3734 5416 Cyrilltls-

2186 5421 2272 5468 Sic
2317 5417 2500 5487 itaque
2550 5419 2759 5471 vocavit
2793 5421 2877 5470 hic
2919 5413 3180 5487 Spiritum
3217 5430 3493 5479 sanctum,
3528 5413 3734 5482 qualita-

2189 5497 2292 5556 tem
2320 5486 2622 5539 divinitatis
2665 5486 2982 5556 symbolice,
3005 5489 3246 5541 adhibita
3280 5489 3736 5556 correCtiunererj

2190 5555 2263 5614 bi,
2290 5555 2416 5631 nqsi
2452 5549 2978 5631 vocasset’vaporeui
3006 5559 3325 5612 substantia:
3358 5558 3570 5618 divinx,
3592 5549 3732 5607 simili

2189 5625 2435 5692 cacittplo
2460 5635 2511 5678 ct
2539 5628 2778 5697 symbolo
2810 5637 2982 5682 utens.
3399 5649 3401 5652 ‘

3772 4483 3796 4548 :.
