4016 6204
287 293 382 356 illi

1177 294 1408 358 DECAS
1442 297 1633 357 1X.”
1676 299 1774 357 DE
1818 297 2263 357 lNFlViTATE
2310 296 2386 356 ΙΝ
2431 298 2591 357 DEO.

3413 300 3518 361 942

288 405 548 466 ili-antur;
606 403 745 456 solet
800 419 927 455 vero
985 418 1186 473 ungere
1235 405 1405 473 digito
1441 406 1578 472 apud
1608 421 1730 458 eum
1758 405 1848 470 qui
1883 413 1923 464 Α
1957 387 2176 471 ρίιιιιιίῖι,
2207 414 2325 459 erat
2384 408 2550 475 igitur
2577 421 2806 476 tempus,
2850 407 2901 458 in
2941 422 3046 476 quo
3072 419 3189 462 erat
3228 409 3369 464 Deus
3400 413 3519 465 sine

286 493 513 546 hracbio
551 493 754 548 utitur:
784 493 864 547 sic
897 488 1128 545 Verbum
1172 494 1261 545 Dei
1297 507 1361 546 ex
1406 494 1541 560 ipso,
1569 505 1621 547 et
1651 495 1702 547 in
1736 496 1851 562 ipso

287 587 606 638 naturaliter
633 593 901 652 aptatum,
946 592 1004 637 ut
1031 583 1103 637 ita
1143 584 1341 644 diram.
1383 594 1434 639 et
1466 586 1688 639 insitum
1722 601 1852 638 con-

286 674 635 729 sideramus:
666 675 722 729 in
755 675 893 729 Filio
923 687 1100 729 autem
1133 676 1549 732 consideramus
1582 678 1850 745 Spiritum

286 765 612 818 naturaliter
638 776 691 820 et
718 767 1149 821 substantialiter
1196 782 1224 839 a
1253 767 1415 820 Patre
1450 769 1850 836 procedentem,

286 871 381 923 μιι-
406 870 563 922 quem
590 857 771 909 omnia
799 871 1012 926 ungens
1045 858 1367 910 sanctiﬁcat.
1400 858 1707 928 Nouigitur
1731 858 1856 924 Spi-

286 946 420 998 ritus
446 957 670 1000 sanctus
706 961 733 999 a
764 945 944 1000 divina
978 947 1281 999 substantia
1312 948 1521 1002 alienus
1551 958 1605 1000 et
1637 948 1855 1017 disjun-

284 1049 403 1088 rtus
437 1037 670 1101 videtur,
703 1038 831 1105 quin
866 1038 1046 1105 petitis
1078 1054 1139 1091 ex
1174 1039 1309 1105 ipsa,
1335 1038 1462 1091 etin
1493 1039 1607 1105 ipsa
1636 1048 1855 1117 natura-

283 1129 425 1181 liter.
452 1129 601 1180 Sicut
632 1130 795 1197 igitur
826 1116 1023 1196 digitus
1053 1131 1296 1197 corporis
1325 1130 1377 1182 in
1414 1144 1594 1191 manu,
1618 1116 1855 1196 ejusdem

284 1226 491 1269 natura
513 1224 702 1268 manus
726 1223 839 1276 est:
872 1218 953 1269 sic
980 1231 1172 1271 rursus
1202 1229 1256 1270 et
1293 1232 1484 1272 manus
1513 1218 1567 1270 in
1603 1231 1850 1283 corpore,

283 1320 390 1357 non
420 1317 505 1356 est
533 1305 760 1359 alterius
794 1317 1019 1368 naturae,
1051 1321 1211 1375 quam
1239 1308 1505 1377 corporis.
1541 1307 1663 1363 llaec
1692 1310 1855 1378 igitur

283 1413 404 1451 cum
429 1399 508 1451 sic
539 1400 671 1460 sint,
715 1399 967 1467 sequitur
995 1399 1160 1453 Deum
1192 1415 1314 1454 esse
1341 1400 1602 1470 Spiritum
1624 1420 1637 1455 :
1657 1412 1712 1455 et
1748 1416 1854 1455 non

285 1488 442 1540 aliter
465 1504 604 1543 esse.
661 1480 849 1543 Adhuc
879 1492 1021 1544 idem
1054 1492 1104 1544 in
1131 1492 1371 1545 eisdem;
1412 1492 1495 1545 Ait
1534 1493 1587 1544 iu
1622 1495 1854 1561 quodam

285 1580 400 1632 loco
426 1580 597 1636 Deus:
628 1580 824 1635 Caelum
854 1591 902 1635 et
944 1594 1138 1636 terram
1169 1601 1263 1652 ego
1289 1584 1477 1650 impleo
1506 1584 1575 1649 ⁸⁸,
1600 1584 1733 1637 dicit
1753 1584 1856 1636 Do-

285 1674 500 1733 minus;
531 1674 711 1742 implet
736 1676 941 1728 scilicet
971 1677 1167 1743 tibique
1189 1691 1424 1743 prmsens
1455 1691 1551 1745 per
1570 1674 1852 1743 Spiritum,

284 1767 425 1828 quod
454 1767 666 1831 qui-lem
690 1782 816 1819 eum-
834 1770 996 1821 sciret
1020 1768 1108 1836 qui
1132 1769 1376 1823 Psalmos
1398 1770 1612 1833 cecinit,
1648 1770 1846 1824 aiebat:

284 1856 400 1919 Qt-o
431 1857 514 1909 ibo
542 1874 572 1907 a
602 1859 794 1921 spiritu
825 1860 954 1911 tuo?
982 1856 1043 1912 Si
1070 1861 1352 1912 ascendere
1391 1860 1445 1912 in
1468 1861 1675 1921 calum,
1704 1869 1758 1912 tu
1782 1860 1852 1912 il-

286 1948 356 1997 ιι(
390 1961 446 1999 es
484 1960 499 1996 :
533 1949 577 1999 si
609 1948 921 2000 descendere
945 1950 997 2001 in
1027 1949 1314 2017 infernum,
1348 1950 1474 2003 ades
1497 1950 1565 2003 “.
1599 1950 1655 2003 Si
1691 1950 1855 2018 igitur

289 2053 384 2102 per
420 2035 678 2103 Spiritum
709 2041 893 2106 itnplit
923 2042 1102 2092 omnia
1137 2040 1293 2099 Deus.
1325 2042 1479 2095 adest
1509 2050 1685 2094 autem
1732 2042 1853 2095 ubi-

282 2145 426 2193 que:
469 2128 606 2182 Deus
656 2130 819 2198 igitur
840 2139 924 2185 est
977 2129 1233 2198 Spiritus.
1275 2132 1457 2184 omnia
1505 2131 1731 2200 impletis
1778 2141 1836 2184 ut

292 2219 456 2273 Dens.
488 2222 553 2273 Et
586 2222 638 2274 in
665 2223 865 2276 eisdem
896 2241 909 2275 :
936 2222 1051 2276 Non
1082 2237 1211 2291 ergo
1238 2231 1322 2276 est
1371 2221 1547 2275 factus
1595 2221 1849 2290 Spiritus,

286 2314 338 2363 iu
368 2327 482 2382 quo
511 2312 563 2364 [ι.
586 2330 669 2369 us.
706 2324 756 2368 et
786 2330 881 2382 per
901 2329 1058 2382 quem
1115 2315 1295 2367 omnia
1325 2326 1614 2380 operatur;
1650 2323 1702 2366 et
1732 2329 1853 2381 pro-

284 2411 404 2467 pter
440 2402 540 2453 hoc
602 2408 919 2456 honoratur.
975 2402 1201 2470 Magnus
1254 2400 1608 2467 Athanasius,
1657 2403 1755 2456 lib.
1809 2417 1847 2455 ιι

283 2496 480 2545 Contra
505 2493 734 2547 Arianos
764 2513 783 2549 :
818 2495 1125 2562 Apostolus,
1159 2497 1353 2561 inquit.
1389 2496 1618 2562 gentiles
1666 2496 1731 2545 ad
1761 2509 1847 2546 re-

283 2581 576 2633 verentiam
638 2599 763 2648 erga
799 2580 962 2634 Deum
1003 2586 1249 2635 exi-itans
1283 2583 1492 2635 aiebat;
1554 2582 1850 2633 lm-isibilia

277 2678 417 2728 enim
453 2676 614 2741 ipsius
642 2690 673 2726 a
700 2683 946 2725 creatura
970 2673 1151 2725 mutuli
1179 2689 1270 2739 per
1298 2689 1357 2725 ea
1392 2687 1505 2740 (μίαν
1535 2671 1675 2736 facta
1701 2679 1840 2731 sunt,

281 2767 549 2819 mtellecta
584 2768 1000 2833 conspiciuntur,
1061 2771 1379 2829 sempiterna
1439 2778 1641 2830 quoque
1685 2764 1849 2815 virtus

274 2862 395 2925 ejus
421 2868 470 2911 et
504 2860 751 2911 divinitas
786 2861 800 2890 ¹
829 2875 844 2915 ;
879 2874 999 2925 quze
1027 2871 1204 2909 autem
1265 2858 1333 2909 sit
1369 2855 1458 2907 [λιι
1490 2857 1679 2918 virtus,
1702 2855 1844 2907 idem

280 2950 480 3003 Paulus
540 2951 719 3005 doret.
754 2967 872 3001 rnin
900 2953 1007 3003 ait:
1057 2949 1297 3003 Christus
1329 2948 1428 3001 Dei
1466 2949 1721 3008 virtus,et
1753 2946 1848 3000 Dei

1957 495 2240 563 sapientia,
2264 507 2314 548 et
2333 496 2450 551 sine
2467 498 2682 556 virtute.
2704 513 2825 550 cum
2850 513 2955 551 non
2978 508 3122 551 esset
3157 498 3346 562 Filius,
3365 514 3490 553 crea

1958 595 2078 638 tura
2110 587 2252 638 enim
2274 588 2434 653 plane
2457 604 2520 640 ex
2552 589 2720 641 nihilo
2754 588 2803 639 iii
2833 604 2847 652 ;

1957 690 2054 744 per
2077 685 2129 729 et
2151 686 2334 745 potens
2360 676 2497 730 Deus
2520 694 2535 742 ;
2563 688 2680 731 erat
2708 679 2872 744 igitur
2892 680 2938 732 ei
2964 678 3146 739 Filius,
3182 681 3275 747 qui
3304 690 3385 733 est
3403 695 3521 733 om-

1960 770 2043 819 nia
2068 766 2202 821 hmc.
2248 768 2311 821 Et
2338 771 2507 821 adhuc
2531 770 2677 836 ipse:
2714 769 3022 832 Confiteris,
3055 772 3247 837 inquit,
3290 772 3410 824 licet
3440 772 3520 824 itt-

1960 858 2121 919 vitus,
2154 858 2426 922 haeretica,
2460 861 2778 929 sapientiam
2807 863 2899 916 Dei
2937 864 3254 917 naturaliter
3282 863 3517 927 insitam,

1956 956 2012 998 et
2043 947 2292 1001 virtutem
2324 951 2586 1004 exsistere
2622 953 2676 1004 in
2711 953 2828 1021 ipso
2856 954 3110 1008 increate.
3163 952 3301 1007 Cum
3356 956 3522 1023 igitur

1958 1039 2145 1107 audies
2181 1037 2395 1102 Filium,
2424 1042 2510 1093 die
2533 1043 2693 1095 etiam
2719 1059 2905 1098 rursus
2937 1047 3040 1099 duo
3069 1046 3301 1099 increata
3327 1063 3340 1098 :
3382 1048 3521 1098 hanc

1962 1143 2086 1182 vero
2137 1130 2306 1197 ipsam
2339 1130 2391 1182 in
2436 1129 2544 1182 Deo
2579 1133 2898 1196 sapientiam
2923 1143 2975 1186 ct
3010 1136 3262 1188 virtutem
3286 1137 3522 1190 increate

1958 1231 2012 1274 et
2035 1222 2151 1274 sine
2202 1232 2439 1291 tempore
2464 1225 2806 1277 exsistentem
2852 1226 3124 1282 credimus
3151 1242 3272 1282 esse
3302 1228 3519 1295 Filium,

1958 1314 2048 1375 qui
2080 1313 2260 1364 omnia
2314 1314 2536 1377 creavit,
2573 1324 2625 1367 et
2654 1327 2871 1383 propter
2899 1331 2999 1369 nos
3034 1316 3210 1371 factus
3262 1329 3343 1373 est
3366 1335 3517 1374 cano.

1961 1400 2025 1452 Et
2049 1402 2223 1454 adhuc
2252 1403 2365 1470 ipse
2407 1404 2460 1454 iu
2487 1406 2718 1469 septimo
2751 1407 2816 1458 ad
2849 1404 3126 1461 Hermiam
3176 1409 3312 1463 libro
3334 1412 3519 1479 dispu-

1960 1502 2082 1543 tans
2113 1506 2258 1545 more
2290 1493 2522 1560 dialogi:
2548 1493 2677 1548 Cvu.
2722 1494 2777 1547 ln
2812 1511 2916 1562 quo
2951 1506 3077 1551 sunt
3099 1500 3394 1566 sapientes,
3425 1500 3519 1567 qui

1960 1582 2232 1650 sapientes
2267 1583 2444 1636 lium?
2480 1583 2654 1639 lienis.
2688 1586 2742 1637 ln
2795 1586 3057 1655 sapientia
3088 1588 3219 1641 Crit.
3275 1588 3443 1657 Igitur
3471 1591 3520 1644 si

1962 1672 2194 1739 Spiritus
2223 1678 2541 1741 sapientiam
2573 1678 2727 1730 docet
2760 1692 2820 1729 ea
2856 1692 2974 1745 quae
3004 1690 3130 1730 sunt
3161 1692 3284 1746 apta
3324 1682 3388 1732 ad
3423 1696 3519 1735 ca-

1955 1757 2206 1825 piendum
2261 1762 2603 1828 sapientiam,
2648 1764 2867 1817 omnino
2899 1766 3159 1833 sapientia
3205 1769 3329 1834 erit,
3356 1777 3410 1822 et
3441 1772 3522 1823 in-

1958 1850 2241 1918 telligetur,
2274 1854 2418 1906 hunc
2458 1867 2638 1909 autem
2679 1858 2914 1913 diximus
2946 1874 3066 1913 esse
3095 1860 3284 1916 Deum.
3323 1864 3384 1917 Et
3420 1868 3519 1917 ad-

1957 1943 2060 1996 huc
2100 1946 2151 1996 in
2182 1946 2247 1997 iis
2271 1961 2386 2013 quae
2417 1946 2485 2000 de
2511 1947 2713 2016 Spiritu
2760 1957 2918 2004 aucto
2977 1953 3234 2020 scripsit.:
3278 1955 3519 2011 Libenter

1952 2034 2112 2100 igitur
2139 2038 2302 2104 magis
2339 2038 2607 2105 gloriabor
2633 2041 2685 2093 in
2709 2040 3117 2104 inﬁrmitatibus
3148 2048 3301 2108 uteis,
3335 2059 3391 2100 ut
3431 2050 3518 2102 iu-

1953 2126 2145 2178 habitet
2180 2128 2235 2179 in
2277 2144 2356 2180 me
2404 2131 2570 2181 virtus
2595 2130 2790 2184 Christi
2811 2132 2833 2162 '
2860 2150 2882 2197 ;
2911 2134 2954 2187 si
2979 2145 3158 2189 autem
3178 2139 3413 2205 Spiritus
3433 2153 3519 2198 est

1951 2215 2039 2281 qui
2078 2215 2281 2268 habitat
2310 2216 2362 2268 in
2398 2217 2574 2281 nobis,
2603 2229 2658 2271 et
2691 2234 2785 2286 per
2834 2221 3007 2289 ipsum
3038 2224 3307 2292 Christus,
3344 2229 3521 2287 virtus

1953 2306 2115 2371 igitur
2152 2316 2234 2359 est
2255 2307 2371 2373 ejus
2406 2308 2642 2386 Spiritus
2687 2319 2944 2376 sanctus;
2988 2315 3034 2367 si
3085 2326 3262 2370 autem
3308 2321 3407 2373 hoc
3436 2323 3515 2376 sic

1950 2406 2056 2455 est,
2090 2396 2358 2459 quomodo
2375 2402 2478 2451 erit
2507 2411 2777 2464 creatura,
2833 2404 2923 2472 qui
2953 2412 3143 2459 natura
3168 2409 3320 2462 adest
3347 2411 3396 2463 in
3421 2410 3480 2465 Fi
3498 2442 3516 2453 -

1952 2488 2060 2540 lio?
2088 2487 2199 2541 Nisi
2233 2498 2442 2557 tempus
2487 2502 2592 2551 est,
2625 2502 2682 2544 ut
2714 2493 2876 2548 Deum
2938 2494 3195 2562 Verbum,
3257 2504 3347 2570 qui
3378 2506 3513 2559 nihil

1952 2579 2142 2644 duplex
2178 2580 2357 2641 habet,
2402 2584 2760 2649 compositum
2800 2600 2920 2640 esse
2954 2589 3107 2643 dicas
3140 2607 3203 2642 ex
3232 2604 3433 2658 creato,
3461 2605 3515 2650 et

1951 2687 2047 2722 sua
2083 2681 2293 2725 natura.
2316 2675 2522 2741 quodsi
2555 2674 2654 2727 hoc
2671 2676 2964 2731 absurdum
2997 2689 3113 2744 est,
3153 2697 3254 2737 non
3282 2696 3365 2739 est
3391 2688 3515 2756 Spi-

1953 2768 2086 2814 ritus
2115 2774 2349 2827 creatus,
2376 2774 2468 2816 aut
2505 2764 2697 2830 iactus,
2732 2768 2827 2821 sed
2882 2784 2944 2822 ex
2978 2772 3162 2827 divina
3187 2786 3241 2829 et
3274 2783 3392 2844 quae
3432 2782 3516 2833 in-

1952 2854 2240 2921 telligentia
2270 2854 2656 2922 comprehendi
2676 2873 2781 2911 non
2802 2869 2996 2926 potest,
3027 2864 3350 2931 substantia,
3381 2879 3517 2923 tam-

1950 2959 2110 3013 quam
2142 2946 2310 3013 ipsius
2339 2945 2509 2999 virtus
2532 2958 2584 3000 et
2611 2950 2826 3017 euergia
2855 2953 3138 3009 naturalis.
3191 2956 3255 3009 Et
3280 2950 3514 3029 irttagnus

272 3043 541 3105 “Nam,”
569 3043 607 3094 ι.
652 3041 713 3094 Ει
750 3043 924 3094 “huc
957 3042 1008 3093 ει,
1063 3041 1248 3093 eode...
1282 3041 1444 3093 “pro;
1498 3041 1733 3092 Αιισιῑειιιι
1794 3047 1846 3092 et
1874 3015 1919 3077 (ἶ
1955 3039 2301 3101 Athanasius,
2333 3037 2386 3089 in
2423 3038 2648 3106 epistola
2699 3040 2765 3093 ad
2795 3039 3178 3111 Serapionem:
3228 3047 3293 3101 Et
3322 3015 3513 3107 ruistis

273 3139 343 3185 de
423 3135 695 3193 Sapientia
744 3151 756 3186 :
829 3133 967 3193 Quia
1024 3149 1123 3193 non
1172 3143 1268 3195 γει,
1316 3140 1372 3183 ut
1434 3133 1588 3183 homo
1644 3130 1780 3183 Deus
1801 3132 1845 3195 ³,

272 3242 347 3278 ne
395 3231 627 3277 humana
682 3209 941 3293 cogitent.
999 3223 1064 3276 Ει
1112 3224 1163 3277 in
1196 3225 1296 3276 hoc
1344 3225 1501 3285 lihrn,
1563 3225 1630 3277 de
1682 3227 1843 3292 ipso:

271 3316 498 3375 Etenim
559 3332 680 3371 cum
730 3319 976 3372 homines
1035 3316 1161 3371 facti
1218 3318 1327 3371 sint
1390 3317 1498 3386 apti
1546 3317 1610 3369 ad
1669 3316 1846 3383 perci-

272 3407 530 3477 piendam
554 3408 893 3479 sapientiam,
919 3408 1059 3463 Deus
1088 3409 1289 3462 nullius
1311 3407 1509 3475 alioqui
1550 3407 1842 3476 particeps,

271 3501 392 3569 ipse
427 3514 540 3551 suze
576 3497 865 3565 Sapientia:
888 3500 1045 3553 Pater
1074 3490 1175 3563 e'st,
1211 3497 1368 3567 cujus
1397 3497 1490 3566 qui
1516 3507 1640 3552 sunt
1675 3496 1847 3562 parti-

271 3591 446 3656 cipes,
476 3588 752 3657 sapientes
813 3589 1068 3657 appellari
1099 3596 1518 3641 consueverunt.
1576 3586 1844 3640 Praeterea

273 3691 461 3733 eontra
495 3681 710 3733 eosdem
740 3680 968 3733 Arianos
995 3697 1006 3732 :
1046 3678 1100 3733 Si
1132 3695 1285 3747 ergo,
1340 3678 1533 3747 inquit,
1564 3677 1617 3730 in
1648 3675 1845 3731 divinis

273 3768 580 3837 Scripturis
615 3786 720 3825 non
747 3774 1013 3838 reperitur
1048 3770 1147 3822 alia
1180 3771 1444 3837 sapientia
1482 3778 1674 3836 praeter
1705 3768 1846 3821 hunc

276 3858 493 3921 Filium,
526 3874 625 3912 nec
654 3874 717 3913 ex
749 3858 996 3914 l’atribus
1028 3860 1319 3927 quidquam
1358 3859 1461 3911 tale
1519 3857 1842 3921 audivimus,

273 3964 351 4003 est
372 3965 554 4006 autem
585 3962 816 4018 certum,
861 3963 911 4001 et
939 3950 1222 4017 scriptum,
1251 3949 1490 4002 iucreate
1525 3950 1841 4016 sapientiam

274 4044 431 4094 simul
451 4042 716 4097 exsistere
743 4058 863 4096 cum
881 4042 1062 4105 Patre,
1088 4052 1141 4095 et
1172 4056 1266 4109 per
1296 4057 1355 4094 se
1389 4042 1571 4093 mundi
1597 4041 1842 4108 opiﬁcem

275 4148 392 4186 esse
420 4135 441 4163 ⁸
470 4149 487 4194 ;
524 4133 636 4198 ipse
670 4132 832 4185 fuerit
862 4130 1046 4183 Filius.
1071 4130 1336 4183 Etadhuc
1368 4131 1505 4183 idem
1541 4131 1593 4183 in
1631 4133 1841 4186 eodem:

278 4226 441 4286 Sane,
468 4224 665 4290 inquit,
695 4222 777 4275 his
827 4222 1040 4274 duobus
1067 4221 1224 4274 dictis
1256 4224 1393 4272 inter
1423 4236 1481 4274 se
1538 4222 1842 4288 contrariis,

1953 3126 2076 3191 quia
2130 3124 2300 3180 Filius
2323 3137 2408 3179 est
2439 3127 2724 3193 sapientia,
2756 3136 2811 3181 et
2841 3130 3064 3195 veritas,
3105 3133 3367 3201 scriptum
3389 3149 3508 3190 est:

1952 3218 2178 3283 Spiritus
2207 3218 2505 3284 sapientia,
2557 3202 2613 3269 et.
2634 3219 2871 3270 veritatis
2895 3220 2935 3273 ‘.
2976 3221 3042 3274 Et
3071 3239 3258 3278 rursus
3293 3242 3309 3279 :
3342 3224 3512 3282 Filius

1949 3309 2167 3376 quidem
2208 3320 2290 3360 est
2322 3309 2490 3360 virtus
2518 3306 2634 3370 Dei,
2671 3316 2722 3361 et
2746 3308 3005 3365 Dominus
3022 3314 3235 3380 gloriae;
3277 3316 3513 3386 Spiritus

1953 3412 2129 3454 autem
2157 3401 2351 3453 dicitur
2369 3400 2593 3466 spiritus
2625 3403 2860 3467 virtutis,
2889 3414 2939 3455 et
2969 3407 3190 3473 spiritus
3219 3409 3421 3475 plurim.
3446 3410 3513 3465 Et

1954 3506 2200 3545 rursum:
2226 3491 2427 3544 Deinde
2448 3507 2569 3543 eum
2602 3491 2758 3545 Pater
2773 3494 2865 3556 sit,
2887 3503 2943 3548 ut
2976 3493 3171 3550 Paulus
3194 3499 3327 3552 dixit
3349 3502 3389 3562 ’,
3422 3517 3511 3554 so-

1952 3583 2033 3636 lus
2065 3582 2281 3648 sapiens
2307 3581 2466 3645 Deus,
2491 3580 2662 3636 Filius
2692 3590 2774 3636 est
2794 3586 3058 3652 sapientia
3087 3588 3225 3654 ejus,
3261 3590 3509 3645 Christus

1952 3674 2095 3725 enim
2129 3672 2218 3726 Dei
2261 3674 2450 3732 virtus,
2484 3681 2538 3725 et
2565 3670 2657 3725 Dei
2689 3674 2974 3743 sapientia,
3008 3687 3063 3730 et
3091 3694 3209 3731 cum
3262 3678 3436 3734 Filius
3462 3684 3507 3734 si

1952 3764 2042 3818 Dei
2063 3763 2349 3831 sapientia,
2369 3764 2695 3830 accipientes
2711 3780 2811 3821 nos
2834 3762 3091 3834 Spiritum
3115 3769 3508 3837 sapioiiti:e,Fi-

1946 3854 2076 3907 lium
2117 3853 2412 3917 habemus;
2475 3862 2530 3907 et
2561 3856 2613 3908 in
2662 3856 2774 3922 ipso
2821 3860 3092 3923 sapientes
3126 3861 3406 3917 cllicintur.
3442 3866 3510 3919 Et

1951 3958 2138 3999 rursus
2175 3946 2336 4007 idem,
2368 3956 2555 3998 contra
2589 3960 2681 4000 eos
2710 3946 2798 4014 qui
2830 3949 3504 4009 servituttverhis:Gloria

1946 4040 2113 4101 enim,
2148 4038 2341 4107 inquit,
2404 4039 2601 4091 dicitur
2652 4036 3011 4107 Uuigenitus:
3044 4039 3107 4092 Et
3141 4041 3363 4095 vidimus
3392 4047 3504 4113 glu-

1948 4129 2081 4182 riam
2111 4128 2246 4195 ejus,
2269 4128 2496 4196 gloriam
2520 4130 2671 4197 quasi
2725 4131 2981 4195 unigeniti
3008 4147 3037 4180 ιι
3075 4129 3231 4183 Patre
3259 4134 3304 4195 ';
3338 4151 3504 4203 quare

1945 4219 2107 4273 illud:
2138 4218 2278 4271 Deus
2313 4218 2849 4273 DomiuiuostriJesu
2878 4221 3078 4274 Christi
3099 4223 3126 4285 ’.
3154 4226 3375 4290 perinde
3398 4236 3504 4288 est,

274 4315 415 4378 iuste
468 4314 590 4379 quis
622 4312 781 4375 dieat,
844 4315 1057 4366 vincere
1114 4312 1516 4394 proprietatenL
1551 4310 1841 4379 Unigeniti,
1876 4341 1918 4394 ι)
1950 4312 2074 4364 utsi
2129 4311 2377 4362 dicatur:
2435 4309 2576 4361 Deus
2612 4312 2793 4364 carnis
2828 4308 3050 4375 Christi,
3094 4311 3252 4366 Pater
3298 4317 3502 4380 plurim,

276 4405 399 4470 quia
435 4418 541 4456 non
586 4403 657 4455 sit
682 4403 824 4455 aliud
856 4404 1110 4464 Verbum,
1146 4402 1225 4453 vel
1261 4402 1362 4453 alia
1398 4378 1691 4470 Sapientia,
1742 4404 1842 4457 nisi

275 4495 361 4547 hic
400 4496 574 4548 solus.
611 4492 676 4545 Et
700 4497 954 4545 rursusiu
985 4496 1171 4547 eodem
1199 4511 1210 4545 ;
1249 4493 1663 4556 Decehatenim,
1685 4496 1842 4547 unius

272 4582 363 4635 Dei
401 4601 566 4635 unam
611 4600 729 4636 esse
754 4585 1060 4651 imaginem,
1095 4594 1146 4637 et
1179 4600 1343 4636 unum
1397 4583 1552 4649 hujus
1584 4580 1836 4646 Veritum,

267 4686 321 4724 et
345 4692 509 4726 unam
547 4674 714 4739 ipslus
738 4676 1094 4740 sapientiam;
1153 4690 1323 4740 quate
1359 4674 1541 4736 miror,
1572 4677 1838 4741 quomodo

264 4779 389 4815 ιιιιιι
409 4766 477 4815 sit
517 4780 656 4819 unus
692 4766 853 4825 Deus,
901 4768 1092 4817 nmltas
1124 4765 1212 4817 isti
1244 4765 1507 4832 imagines
1539 4776 1592 4816 et
1620 4765 1837 4830 Sapien-

266 4867 371 4908 ttas
411 4860 707 4909 secundum
768 4872 893 4909 suas
926 4857 1278 4925 Cogitationes
1335 4856 1662 4921 excogitant.
1700 4856 1837 4908 San-

264 4959 391 4998 cttts
438 4948 671 5014 liyrillus
708 4948 758 4999 iu
795 4947 1078 4999 Thesauris
1115 4961 1132 4997 :
1170 4947 1223 4997 Si
1274 4947 1445 4996 laetus
1496 4958 1598 5005 est,
1639 4946 1835 5012 inquit,

266 5036 464 5099 Filius,
494 5047 717 5090 vocatur
757 5051 933 5089 autem
994 5047 1045 5089 et
1075 5046 1153 5087 est
1192 5034 1281 5086 Dei
1320 5040 1508 5094 virtus,
1538 5048 1589 5085 et
1626 5033 1717 5085 Dei
1752 5050 1838 5085 sa-

336 5134 387 5162 ”
444 5131 645 5186 ,Ιιιιο-ιιι.
691 5146 846 5190 υιιι,
910 5128 997 5181 ει.
1104 5130 1148 5159 θ’
1181 5127 1321 5181 νεηι.
1378 5140 1639 5188 cxxxvm,
1677 5124 1729 5184 7,
1795 5126 1847 5178 3.

267 5203 349 5257 19.
450 5202 471 5231 δ
500 5200 661 5253 Prov.
693 5217 809 5256 vttt.
836 5198 926 5257 ‘22,
956 5197 1047 5250 25.
1141 5199 1161 5227 ³
1192 5196 1229 5248 ΙΙ
1263 5198 1385 5249 Cor.
1418 5210 1512 5255 xu,
1539 5196 1590 5246 9.

264 5286 304 5337 ι,
329 5271 384 5324 5.
469 5272 513 5301 ’⁸
542 5269 828 5331 lsa.uxv,
850 5272 895 5331 l,
925 5267 978 5320 2.

1702 5198 1721 5222 '
1761 5195 1861 5247 ls:i.
1895 5210 1968 5255 at,
2014 5204 2060 5245 Δ.

1082 5268 1121 5297 ¹¹
1148 5265 1249 5318 lsa.
1284 5282 1367 5325 xc,
1398 5263 1460 5327 5;
1496 5263 1625 5317 Luc.
1661 5279 1719 5327 ll,
1758 5262 1811 5325 5,
1836 5265 1891 5316 6.

1947 4402 2106 4456 Pater
2129 4404 2426 4455 divinitatis
2453 4403 2551 4468 ii).
2583 4400 2819 4454 Gloriam
2844 4406 2984 4455 enim
3017 4417 3168 4457 vocat
3198 4405 3364 4457 lsaias
3388 4408 3506 4459 Sal-

1940 4504 2177 4545 vatoretit
2204 4496 2496 4544 secundum
2524 4492 2835 4560 dignitatem
2855 4492 3167 4546 divinitatis.
3195 4493 3330 4548 Cum
3356 4498 3498 4549 enim

1940 4589 2211 4632 narrasset
2248 4580 2526 4642 miracula,
2558 4594 2676 4647 qua:
2730 4579 2781 4630 in
2822 4579 3036 4632 deserto
3090 4581 3228 4634 faeta
3274 4596 3420 4645 sunt,
3451 4600 3507 4637 et

1936 4667 2355 4735 exangelizasset
2377 4672 2610 4719 deserto:
2634 4666 2896 4732 Exsultat,
2917 4669 3111 4737 inquit,
3128 4670 3355 4725 solitudo
3375 4673 3473 4726 Jor
3488 4705 3504 4713 -

1938 4757 2085 4818 dané,
2125 4769 2171 4811 et
2197 4759 2382 4826 ﬂoreat
2412 4767 2664 4825 tauquam
2690 4758 2895 4823 lilium;
2934 4761 3181 4827 quoniam
3216 4764 3383 4831 gloria
3415 4764 3507 4819 Li-

1938 4848 2058 4899 bani
2082 4847 2211 4900 data
2232 4857 2305 4901 est
2326 4850 2458 4908 ei,et
2487 4850 2653 4900 honor
2672 4848 2898 4903 Carmeli
2925 4850 2989 4914 ‘°;
3020 4859 3095 4915 et,
3120 4853 3505 4917 l’opulusnteus

1940 4939 2122 4991 ridebit
2156 4939 2379 5007 gloriam
2407 4938 2618 4992 Domini
2652 4950 2698 4993 et
2728 4942 3055 4995 altitudinem
3090 4942 3208 5007 Dei,
3240 4954 3284 4995 et
3312 4946 3500 4999 videbit

1940 5047 2107 5083 omms
2148 5047 2269 5084 caro
2309 5031 2549 5084 salutare
2580 5032 2672 5087 Dei
2717 5035 2779 5085 “.
2822 5035 3002 5087 Gloria
3041 5035 3203 5104 igitur
3227 5046 3306 5090 est
3331 5054 3359 5090 a
3385 5038 3501 5103 glo-

1976 5127 1989 5154 ¹
2035 5123 2187 5177 Itoni.
2243 5140 2286 5181 ι.
2341 5125 2429 5177 £0.
2533 5129 2550 5155 ²
2584 5125 2599 5177 l
2636 5125 2761 5179 Cor.
2820 5144 2857 5191 t,
2893 5128 2983 5183 Ξῖ.

3080 5131 3101 5162 ³
3153 5131 3310 5185 Νιιιιι.
3347 5149 3502 5197 xxnl,

2154 5194 2172 5224 ⁷
2227 5194 2383 5247 liotn.
2427 5210 2535 5257 xw,
2580 5196 2668 5250 9.7.

2747 5196 2767 5227 ⁸
2802 5195 2958 5252 Joau.
2995 5217 3031 5263 ι,
3068 5203 3148 5255 Η.
3255 5205 3274 5234 θ
3304 5195 3498 5273 Epirus.

1752 5357 2025 5427 Scholia.

336 5466 416 5532 (l)
473 5462 633 5517 Pater
661 5465 863 5529 glorier,
904 5464 1065 5517 Pater
1114 5463 1427 5516 divinitatis.
1491 5462 1662 5532 l‘ater»
1699 5461 1836 5532 divi-_

267 5530 463 5589 uitatis
490 5536 707 5597 dicitur,
735 5535 785 5585 id
819 5543 920 5596 (£51,
983 5534 1098 5586 Filii
1129 5551 1142 5593 ;
1198 5534 1531 5583 divinitatem
1581 5530 1746 5586 enim.
1783 5530 1833 5581 id

264 5602 667 5659 estessentiam
724 5604 961 5655 divinam
1023 5604 1230 5667 accepit
1284 5616 1377 5666 pro
1436 5614 1660 5665 persona
1716 5597 1833 5651 Filii

1942 5473 2161 5529 prepter
2204 5461 2541 5517 identitatem
2571 5460 2677 5527 rei,
2742 5476 2798 5518 ut
2831 5465 3004 5519 G‘rmei
3060 5465 3248 5523 Patres
3301 5470 3500 5528 solent.

1941 5535 2082 5599 quod
2110 5534 2272 5588 etiam
2302 5541 2528 5589 sanctus
2553 5532 2793 5590 Thomas
2824 5538 3154 5592 observavit.

2887 599 2940 640 at
2976 589 3191 656 sapiens
3225 598 3340 642 erat
3373 605 3519 645 setu-
3602 628 3607 639 .
