  <div class='ocr_page' id='page_1' title='image "/cluster/home/n/w/nwhite01/storage/ocr_20150623/152/hvd.32044073502635/484.png"; bbox 0 0 4016 6204; ppageno 0'>
   <div class='ocr_carea' id='block_1_1' title="bbox 248 334 351 399">
    <p class='ocr_par' dir='ltr' id='par_1_1' title="bbox 248 334 351 399">
     <span class='ocr_line' id='line_1_1' title="bbox 248 334 351 399; baseline 0.029 -4"><span class='ocrx_word' id='word_1_1' title='bbox 248 334 351 399; x_wconf 74' lang='grc'><strong>945</strong></span> 
     </span>
    </p>
   </div>
   <div class='ocr_carea' id='block_1_2' title="bbox 1151 353 2624 433">
    <p class='ocr_par' dir='ltr' id='par_1_2' title="bbox 1151 353 2624 433">
     <span class='ocr_line' id='line_1_2' title="bbox 1151 353 2624 433; baseline 0.014 -21"><span class='ocrx_word' id='word_1_2' title='bbox 1151 353 1396 415; x_wconf 78' lang='lat' dir='ltr'><strong>DECAS</strong></span> <span class='ocrx_word' id='word_1_3' title='bbox 1440 358 1542 417; x_wconf 72' lang='lat' dir='ltr'><strong>IX.</strong></span> <span class='ocrx_word' id='word_1_4' title='bbox 1583 383 1653 396; x_wconf 65' lang='grc' dir='ltr'><strong>-ο</strong></span> <span class='ocrx_word' id='word_1_5' title='bbox 1697 359 1793 420; x_wconf 85' lang='lat' dir='ltr'><strong>DE</strong></span> <span class='ocrx_word' id='word_1_6' title='bbox 1835 362 2288 428; x_wconf 75' lang='lat' dir='ltr'><strong>lNFlNlTA&#39;l‘E</strong></span> <span class='ocrx_word' id='word_1_7' title='bbox 2331 368 2413 428; x_wconf 82' lang='grc' dir='ltr'><strong>ΙΝ</strong></span> <span class='ocrx_word' id='word_1_8' title='bbox 2451 371 2624 433; x_wconf 86' lang='lat' dir='ltr'><strong>DEO.</strong></span> 
     </span>
    </p>
   </div>
   <div class='ocr_carea' id='block_1_3' title="bbox 3405 373 3520 436">
    <p class='ocr_par' dir='ltr' id='par_1_3' title="bbox 3405 373 3520 436">
     <span class='ocr_line' id='line_1_3' title="bbox 3405 373 3520 436; baseline -0.017 0"><span class='ocrx_word' id='word_1_9' title='bbox 3405 373 3520 436; x_wconf 70' lang='grc'><strong>946</strong></span> 
     </span>
    </p>
   </div>
   <div class='ocr_carea' id='block_1_4' title="bbox 244 461 3511 552">
    <p class='ocr_par' dir='ltr' id='par_1_4' title="bbox 244 461 3511 552">
     <span class='ocr_line' id='line_1_4' title="bbox 244 461 3511 552; baseline 0.007 -39"><span class='ocrx_word' id='word_1_10' title='bbox 244 461 316 514; x_wconf 82' lang='lat' dir='ltr'><strong>cit</strong></span> <span class='ocrx_word' id='word_1_11' title='bbox 350 461 497 517; x_wconf 90' lang='lat' dir='ltr'><strong>Patri</strong></span> <span class='ocrx_word' id='word_1_12' title='bbox 533 482 546 519; x_wconf 86' lang='lat'><strong>:</strong></span> <span class='ocrx_word' id='word_1_13' title='bbox 596 462 845 533; x_wconf 73' lang='lat' dir='ltr'><strong>Cleri/ica</strong></span> <span class='ocrx_word' id='word_1_14' title='bbox 878 483 957 521; x_wconf 85' lang='lat' dir='ltr'><strong>me</strong></span> <span class='ocrx_word' id='word_1_15' title='bbox 983 466 1178 537; x_wconf 82' lang='lat' dir='ltr'><strong>gloria,</strong></span> <span class='ocrx_word' id='word_1_16' title='bbox 1204 486 1362 535; x_wconf 84' lang='lat' dir='ltr'><strong>quam</strong></span> <span class='ocrx_word' id='word_1_17' title='bbox 1411 472 1574 523; x_wconf 80' lang='lat' dir='ltr'><strong>habui</strong></span> <span class='ocrx_word' id='word_1_18' title='bbox 1612 488 1642 524; x_wconf 75' lang='grc' dir='ltr'>(ι</span> <span class='ocrx_word' id='word_1_19' title='bbox 1670 472 1814 539; x_wconf 79' lang='lat' dir='ltr'><strong>priu—</strong></span> <span class='ocrx_word' id='word_1_20' title='bbox 1844 477 1884 529; x_wconf 83' lang='lat' dir='ltr'><strong>A</strong></span> <span class='ocrx_word' id='word_1_21' title='bbox 1919 483 2006 525; x_wconf 84' lang='lat' dir='ltr'><strong>tur</strong></span> <span class='ocrx_word' id='word_1_22' title='bbox 2027 484 2102 527; x_wconf 79' lang='lat' dir='ltr'><strong>est</strong></span> <span class='ocrx_word' id='word_1_23' title='bbox 2131 476 2196 528; x_wconf 86' lang='lat' dir='ltr'><strong>iis</strong></span> <span class='ocrx_word' id='word_1_24' title='bbox 2225 478 2314 547; x_wconf 91' lang='lat' dir='ltr'><strong>qui</strong></span> <span class='ocrx_word' id='word_1_25' title='bbox 2341 481 2650 545; x_wconf 85' lang='lat' dir='ltr'><strong>advertunt,</strong></span> <span class='ocrx_word' id='word_1_26' title='bbox 2678 480 2821 550; x_wconf 86' lang='lat' dir='ltr'><strong>quod</strong></span> <span class='ocrx_word' id='word_1_27' title='bbox 2849 480 3088 538; x_wconf 77' lang='lat' dir='ltr'><strong>excitato</strong></span> <span class='ocrx_word' id='word_1_28' title='bbox 3127 494 3379 552; x_wconf 87' lang='lat' dir='ltr'><strong>corpore,</strong></span> <span class='ocrx_word' id='word_1_29' title='bbox 3418 484 3511 537; x_wconf 81' lang='lat' dir='ltr'><strong>Fi-</strong></span> 
     </span>
    </p>
   </div>
   <div class='ocr_carea' id='block_1_5' title="bbox 243 554 1818 630">
    <p class='ocr_par' dir='ltr' id='par_1_5' title="bbox 243 554 1818 630">
     <span class='ocr_line' id='line_1_5' title="bbox 243 554 1818 630; baseline 0.008 -26"><span class='ocrx_word' id='word_1_30' title='bbox 243 554 375 616; x_wconf 81' lang='lat' dir='ltr'><strong>ripio</strong></span> <span class='ocrx_word' id='word_1_31' title='bbox 403 555 548 622; x_wconf 80' lang='lat' dir='ltr'><strong>apud</strong></span> <span class='ocrx_word' id='word_1_32' title='bbox 568 566 637 623; x_wconf 85' lang='lat' dir='ltr'><strong>te,</strong></span> <span class='ocrx_word' id='word_1_33' title='bbox 679 568 964 630; x_wconf 77' lang='lat' dir='ltr'><strong>antequam</strong></span> <span class='ocrx_word' id='word_1_34' title='bbox 991 568 1217 614; x_wconf 78' lang='lat' dir='ltr'><strong>mundus</strong></span> <span class='ocrx_word' id='word_1_35' title='bbox 1239 572 1373 615; x_wconf 77' lang='lat' dir='ltr'><strong>esset</strong></span> <span class='ocrx_word' id='word_1_36' title='bbox 1408 563 1471 616; x_wconf 70' lang='lat'><strong>&#39;9.</strong></span> <span class='ocrx_word' id='word_1_37' title='bbox 1505 562 1645 616; x_wconf 81' lang='lat' dir='ltr'><strong>Deus</strong></span> <span class='ocrx_word' id='word_1_38' title='bbox 1673 566 1818 617; x_wconf 75' lang='lat' dir='ltr'><strong>enim</strong></span> 
     </span>
    </p>
   </div>
   <div class='ocr_carea' id='block_1_6' title="bbox 248 643 1818 723">
    <p class='ocr_par' dir='ltr' id='par_1_6' title="bbox 248 643 1818 723">
     <span class='ocr_line' id='line_1_6' title="bbox 248 643 1818 723; baseline 0.005 -24"><span class='ocrx_word' id='word_1_39' title='bbox 248 643 508 715; x_wconf 80' lang='lat' dir='ltr'><strong>Verbum,</strong></span> <span class='ocrx_word' id='word_1_40' title='bbox 542 650 635 719; x_wconf 88' lang='lat' dir='ltr'><strong>qui</strong></span> <span class='ocrx_word' id='word_1_41' title='bbox 668 660 795 708; x_wconf 83' lang='lat' dir='ltr'><strong>ante</strong></span> <span class='ocrx_word' id='word_1_42' title='bbox 812 653 1073 708; x_wconf 88' lang='lat' dir='ltr'><strong>mundum</strong></span> <span class='ocrx_word' id='word_1_43' title='bbox 1097 654 1323 723; x_wconf 64' lang='lat' dir='ltr'><strong>gloriam</strong></span> <span class='ocrx_word' id='word_1_44' title='bbox 1359 655 1536 709; x_wconf 87' lang='lat' dir='ltr'><strong>Patris</strong></span> <span class='ocrx_word' id='word_1_45' title='bbox 1563 657 1818 721; x_wconf 86' lang='lat' dir='ltr'><strong>habebat,</strong></span> 
     </span>
    </p>
   </div>
   <div class='ocr_carea' id='block_1_7' title="bbox 242 738 1821 814">
    <p class='ocr_par' dir='ltr' id='par_1_7' title="bbox 242 738 1821 814">
     <span class='ocr_line' id='line_1_7' title="bbox 242 738 1821 814; baseline 0.005 -22"><span class='ocrx_word' id='word_1_46' title='bbox 242 738 366 809; x_wconf 85' lang='lat' dir='ltr'><strong>quia</strong></span> <span class='ocrx_word' id='word_1_47' title='bbox 399 744 664 807; x_wconf 72' lang='lat' dir='ltr'><strong>extremis</strong></span> <span class='ocrx_word' id='word_1_48' title='bbox 683 743 877 801; x_wconf 84' lang='lat' dir='ltr'><strong>diebus</strong></span> <span class='ocrx_word' id='word_1_49' title='bbox 919 746 1099 803; x_wconf 73' lang='lat' dir='ltr'><strong>factus</strong></span> <span class='ocrx_word' id='word_1_50' title='bbox 1125 756 1211 801; x_wconf 85' lang='lat' dir='ltr'><strong>est</strong></span> <span class='ocrx_word' id='word_1_51' title='bbox 1245 746 1429 814; x_wconf 87' lang='lat' dir='ltr'><strong>homo,</strong></span> <span class='ocrx_word' id='word_1_52' title='bbox 1458 747 1741 814; x_wconf 72' lang='lat' dir='ltr'><strong>Oportebat.</strong></span> <span class='ocrx_word' id='word_1_53' title='bbox 1763 756 1821 800; x_wconf 95' lang='grc' dir='ltr'><strong>ιιι</strong></span> 
     </span>
    </p>
   </div>
   <div class='ocr_carea' id='block_1_8' title="bbox 244 839 1819 910">
    <p class='ocr_par' dir='ltr' id='par_1_8' title="bbox 244 839 1819 910">
     <span class='ocr_line' id='line_1_8' title="bbox 244 839 1819 910; baseline 0.003 -21"><span class='ocrx_word' id='word_1_54' title='bbox 244 851 374 891; x_wconf 86' lang='lat' dir='ltr'><strong>raro</strong></span> <span class='ocrx_word' id='word_1_55' title='bbox 394 847 620 907; x_wconf 84' lang='lat' dir='ltr'><strong>propter</strong></span> <span class='ocrx_word' id='word_1_56' title='bbox 642 839 898 893; x_wconf 84' lang='lat' dir='ltr'><strong>unionem</strong></span> <span class='ocrx_word' id='word_1_57' title='bbox 926 854 1050 894; x_wconf 78' lang='lat' dir='ltr'><strong>cun.</strong></span> <span class='ocrx_word' id='word_1_58' title='bbox 1084 839 1282 902; x_wconf 85' lang='lat' dir='ltr'><strong>Verbo,</strong></span> <span class='ocrx_word' id='word_1_59' title='bbox 1326 841 1456 895; x_wconf 88' lang='lat' dir='ltr'><strong>illud</strong></span> <span class='ocrx_word' id='word_1_60' title='bbox 1483 842 1635 895; x_wconf 82' lang='lat' dir='ltr'><strong>ﬁeret</strong></span> <span class='ocrx_word' id='word_1_61' title='bbox 1674 842 1819 910; x_wconf 88' lang='lat' dir='ltr'><strong>quod</strong></span> 
     </span>
    </p>
   </div>
   <div class='ocr_carea' id='block_1_9' title="bbox 250 929 1823 1002">
    <p class='ocr_par' dir='ltr' id='par_1_9' title="bbox 250 929 1823 1002">
     <span class='ocr_line' id='line_1_9' title="bbox 250 929 1823 1002; baseline 0.003 -18"><span class='ocrx_word' id='word_1_62' title='bbox 250 929 490 984; x_wconf 82' lang='lat' dir='ltr'><strong>Verbum</strong></span> <span class='ocrx_word' id='word_1_63' title='bbox 524 939 644 996; x_wconf 78' lang='lat' dir='ltr'><strong>est;</strong></span> <span class='ocrx_word' id='word_1_64' title='bbox 676 929 733 985; x_wconf 84' lang='lat' dir='ltr'><strong>iit</strong></span> <span class='ocrx_word' id='word_1_65' title='bbox 756 940 939 986; x_wconf 84' lang='lat' dir='ltr'><strong>autem</strong></span> <span class='ocrx_word' id='word_1_66' title='bbox 967 932 1089 995; x_wconf 85' lang='lat' dir='ltr'><strong>hoc,</strong></span> <span class='ocrx_word' id='word_1_67' title='bbox 1112 933 1236 1000; x_wconf 82' lang='lat' dir='ltr'><strong>quia</strong></span> <span class='ocrx_word' id='word_1_68' title='bbox 1259 932 1389 986; x_wconf 90' lang='lat' dir='ltr'><strong>illud</strong></span> <span class='ocrx_word' id='word_1_69' title='bbox 1420 935 1647 1001; x_wconf 81' lang='lat' dir='ltr'><strong>accepit,</strong></span> <span class='ocrx_word' id='word_1_70' title='bbox 1679 937 1823 1002; x_wconf 88' lang='lat' dir='ltr'><strong>quod</strong></span> 
     </span>
    </p>
   </div>
   <div class='ocr_carea' id='block_1_10' title="bbox 245 1018 1824 1094">
    <p class='ocr_par' dir='ltr' id='par_1_10' title="bbox 245 1018 1824 1094">
     <span class='ocr_line' id='line_1_10' title="bbox 245 1018 1824 1094; baseline 0.006 -20"><span class='ocrx_word' id='word_1_71' title='bbox 245 1020 484 1075; x_wconf 81' lang='lat' dir='ltr'><strong>habebat</strong></span> <span class='ocrx_word' id='word_1_72' title='bbox 517 1031 643 1076; x_wconf 79' lang='lat' dir='ltr'><strong>ante</strong></span> <span class='ocrx_word' id='word_1_73' title='bbox 672 1023 929 1076; x_wconf 90' lang='lat' dir='ltr'><strong>mundum</strong></span> <span class='ocrx_word' id='word_1_74' title='bbox 968 1042 981 1086; x_wconf 84' lang='lat'><strong>;</strong></span> <span class='ocrx_word' id='word_1_75' title='bbox 1041 1024 1144 1078; x_wconf 88' lang='lat' dir='ltr'><strong>hoc</strong></span> <span class='ocrx_word' id='word_1_76' title='bbox 1199 1035 1379 1079; x_wconf 82' lang='lat' dir='ltr'><strong>autem</strong></span> <span class='ocrx_word' id='word_1_77' title='bbox 1411 1036 1531 1078; x_wconf 80' lang='lat' dir='ltr'><strong>erat</strong></span> <span class='ocrx_word' id='word_1_78' title='bbox 1583 1018 1824 1094; x_wconf 82' lang='lat' dir='ltr'><strong>Spiritus</strong></span> 
     </span>
    </p>
   </div>
   <div class='ocr_carea' id='block_1_11' title="bbox 246 1116 1827 1188">
    <p class='ocr_par' dir='ltr' id='par_1_11' title="bbox 246 1116 1827 1188">
     <span class='ocr_line' id='line_1_11' title="bbox 246 1116 1827 1188; baseline 0.004 -21"><span class='ocrx_word' id='word_1_79' title='bbox 246 1125 491 1173; x_wconf 76' lang='lat' dir='ltr'><strong>sanctus.</strong></span> <span class='ocrx_word' id='word_1_80' title='bbox 525 1116 660 1170; x_wconf 88' lang='lat' dir='ltr'><strong>nihil</strong></span> <span class='ocrx_word' id='word_1_81' title='bbox 687 1117 835 1170; x_wconf 83' lang='lat' dir='ltr'><strong>enim</strong></span> <span class='ocrx_word' id='word_1_82' title='bbox 864 1117 1011 1170; x_wconf 88' lang='lat' dir='ltr'><strong>aliud</strong></span> <span class='ocrx_word' id='word_1_83' title='bbox 1044 1125 1130 1172; x_wconf 82' lang='lat' dir='ltr'><strong>est</strong></span> <span class='ocrx_word' id='word_1_84' title='bbox 1161 1127 1287 1171; x_wconf 85' lang='lat' dir='ltr'><strong>ante</strong></span> <span class='ocrx_word' id='word_1_85' title='bbox 1336 1119 1532 1173; x_wconf 68' lang='lat' dir='ltr'><strong>saecula</strong></span> <span class='ocrx_word' id='word_1_86' title='bbox 1598 1133 1827 1188; x_wconf 68' lang='lat' dir='ltr'><strong>pra-ter-</strong></span> 
     </span>
    </p>
   </div>
   <div class='ocr_carea' id='block_1_12' title="bbox 245 1207 1827 1278">
    <p class='ocr_par' dir='ltr' id='par_1_12' title="bbox 245 1207 1827 1278">
     <span class='ocr_line' id='line_1_12' title="bbox 245 1207 1827 1278; baseline 0.006 -21"><span class='ocrx_word' id='word_1_87' title='bbox 245 1221 408 1268; x_wconf 80' lang='lat' dir='ltr'><strong>quatn</strong></span> <span class='ocrx_word' id='word_1_88' title='bbox 438 1207 683 1275; x_wconf 90' lang='lat' dir='ltr'><strong>Patrem,</strong></span> <span class='ocrx_word' id='word_1_89' title='bbox 715 1219 770 1262; x_wconf 89' lang='lat' dir='ltr'><strong>et</strong></span> <span class='ocrx_word' id='word_1_90' title='bbox 829 1207 1025 1262; x_wconf 81' lang='lat' dir='ltr'><strong>Filium</strong></span> <span class='ocrx_word' id='word_1_91' title='bbox 1056 1219 1111 1263; x_wconf 90' lang='lat' dir='ltr'><strong>et</strong></span> <span class='ocrx_word' id='word_1_92' title='bbox 1144 1208 1405 1276; x_wconf 82' lang='lat' dir='ltr'><strong>Spiritum</strong></span> <span class='ocrx_word' id='word_1_93' title='bbox 1439 1223 1713 1278; x_wconf 88' lang='lat' dir='ltr'><strong>sanctum,</strong></span> <span class='ocrx_word' id='word_1_94' title='bbox 1745 1215 1827 1266; x_wconf 57' lang='lat' dir='ltr'><strong>id.</strong></span> 
     </span>
    </p>
   </div>
   <div class='ocr_carea' id='block_1_13' title="bbox 246 1299 1827 1371">
    <p class='ocr_par' dir='ltr' id='par_1_13' title="bbox 246 1299 1827 1371">
     <span class='ocr_line' id='line_1_13' title="bbox 246 1299 1827 1371; baseline 0.004 -18"><span class='ocrx_word' id='word_1_95' title='bbox 246 1301 398 1354; x_wconf 88' lang='lat' dir='ltr'><strong>circo</strong></span> <span class='ocrx_word' id='word_1_96' title='bbox 428 1300 501 1354; x_wconf 85' lang='lat' dir='ltr'><strong>ait</strong></span> <span class='ocrx_word' id='word_1_97' title='bbox 532 1302 619 1354; x_wconf 88' lang='lat' dir='ltr'><strong>hic</strong></span> <span class='ocrx_word' id='word_1_98' title='bbox 656 1317 672 1355; x_wconf 85' lang='lat'><strong>:</strong></span> <span class='ocrx_word' id='word_1_99' title='bbox 713 1299 956 1356; x_wconf 84' lang='lat' dir='ltr'><strong>Gloriam</strong></span> <span class='ocrx_word' id='word_1_100' title='bbox 981 1342 997 1368; x_wconf 91' lang='lat'><strong>,</strong></span> <span class='ocrx_word' id='word_1_101' title='bbox 1044 1319 1203 1371; x_wconf 87' lang='lat' dir='ltr'><strong>quam</strong></span> <span class='ocrx_word' id='word_1_102' title='bbox 1254 1304 1448 1357; x_wconf 78' lang='lat' dir='ltr'><strong>dedisti</strong></span> <span class='ocrx_word' id='word_1_103' title='bbox 1492 1305 1643 1367; x_wconf 81' lang='lat' dir='ltr'><strong>mihi,</strong></span> <span class='ocrx_word' id='word_1_104' title='bbox 1706 1306 1827 1360; x_wconf 87' lang='lat' dir='ltr'><strong>dedi</strong></span> 
     </span>
    </p>
   </div>
   <div class='ocr_carea' id='block_1_14' title="bbox 245 1392 1829 1466">
    <p class='ocr_par' dir='ltr' id='par_1_14' title="bbox 245 1392 1829 1466">
     <span class='ocr_line' id='line_1_14' title="bbox 245 1392 1829 1466; baseline 0.003 -22"><span class='ocrx_word' id='word_1_105' title='bbox 245 1392 396 1459; x_wconf 79' lang='lat' dir='ltr'><strong>ipsis,</strong></span> <span class='ocrx_word' id='word_1_106' title='bbox 436 1401 493 1444; x_wconf 87' lang='lat' dir='ltr'><strong>ut</strong></span> <span class='ocrx_word' id='word_1_107' title='bbox 514 1409 607 1459; x_wconf 76' lang='lat' dir='ltr'><strong>per</strong></span> <span class='ocrx_word' id='word_1_108' title='bbox 628 1409 745 1445; x_wconf 84' lang='lat' dir='ltr'><strong>eam</strong></span> <span class='ocrx_word' id='word_1_109' title='bbox 775 1395 829 1447; x_wconf 87' lang='lat' dir='ltr'><strong>in</strong></span> <span class='ocrx_word' id='word_1_110' title='bbox 848 1410 1013 1447; x_wconf 67' lang='lat' dir='ltr'><strong>unua:</strong></span> <span class='ocrx_word' id='word_1_111' title='bbox 1046 1411 1249 1447; x_wconf 79' lang='lat' dir='ltr'><strong>mecura</strong></span> <span class='ocrx_word' id='word_1_112' title='bbox 1290 1396 1621 1461; x_wconf 72' lang='lat' dir='ltr'><strong>copulentur,</strong></span> <span class='ocrx_word' id='word_1_113' title='bbox 1658 1408 1706 1451; x_wconf 84' lang='lat' dir='ltr'><strong>et</strong></span> <span class='ocrx_word' id='word_1_114' title='bbox 1737 1412 1829 1466; x_wconf 86' lang='lat' dir='ltr'><strong>per</strong></span> 
     </span>
    </p>
   </div>
   <div class='ocr_carea' id='block_1_15' title="bbox 246 1485 1826 1558">
    <p class='ocr_par' dir='ltr' id='par_1_15' title="bbox 246 1485 1826 1558">
     <span class='ocr_line' id='line_1_15' title="bbox 246 1485 1826 1558; baseline 0.004 -20"><span class='ocrx_word' id='word_1_115' title='bbox 246 1502 327 1539; x_wconf 84' lang='lat' dir='ltr'><strong>me</strong></span> <span class='ocrx_word' id='word_1_116' title='bbox 354 1496 524 1538; x_wconf 83' lang='lat' dir='ltr'><strong>tecum</strong></span> <span class='ocrx_word' id='word_1_117' title='bbox 585 1486 652 1538; x_wconf 75' lang='grc'><strong>⁸⁸.</strong></span> <span class='ocrx_word' id='word_1_118' title='bbox 694 1485 907 1539; x_wconf 77' lang='lat' dir='ltr'><strong>Rursus</strong></span> <span class='ocrx_word' id='word_1_119' title='bbox 968 1487 1133 1551; x_wconf 90' lang='lat' dir='ltr'><strong>idem,</strong></span> <span class='ocrx_word' id='word_1_120' title='bbox 1200 1487 1337 1541; x_wconf 83' lang='lat' dir='ltr'><strong>libro</strong></span> <span class='ocrx_word' id='word_1_121' title='bbox 1402 1490 1575 1558; x_wconf 85' lang='lat' dir='ltr'><strong>primo</strong></span> <span class='ocrx_word' id='word_1_122' title='bbox 1638 1501 1826 1545; x_wconf 84' lang='lat' dir='ltr'><strong>contra</strong></span> 
     </span>
    </p>
   </div>
   <div class='ocr_carea' id='block_1_16' title="bbox 250 1578 1824 1651">
    <p class='ocr_par' dir='ltr' id='par_1_16' title="bbox 250 1578 1824 1651">
     <span class='ocr_line' id='line_1_16' title="bbox 250 1578 1824 1651; baseline 0.004 -20"><span class='ocrx_word' id='word_1_123' title='bbox 250 1579 569 1631; x_wconf 70' lang='lat' dir='ltr'><strong>Eunomium</strong></span> <span class='ocrx_word' id='word_1_124' title='bbox 602 1597 612 1631; x_wconf 91' lang='lat'>:</span> <span class='ocrx_word' id='word_1_125' title='bbox 654 1578 709 1632; x_wconf 91' lang='lat' dir='ltr'><strong>Si</strong></span> <span class='ocrx_word' id='word_1_126' title='bbox 729 1588 906 1631; x_wconf 89' lang='lat' dir='ltr'><strong>autem</strong></span> <span class='ocrx_word' id='word_1_127' title='bbox 947 1590 1162 1647; x_wconf 78' lang='lat' dir='ltr'><strong>semper</strong></span> <span class='ocrx_word' id='word_1_128' title='bbox 1191 1590 1275 1634; x_wconf 88' lang='lat' dir='ltr'><strong>est</strong></span> <span class='ocrx_word' id='word_1_129' title='bbox 1315 1582 1591 1649; x_wconf 75' lang='lat' dir='ltr'><strong>gloriosus</strong></span> <span class='ocrx_word' id='word_1_130' title='bbox 1641 1582 1824 1651; x_wconf 80' lang='lat' dir='ltr'><strong>Pater,</strong></span> 
     </span>
    </p>
   </div>
   <div class='ocr_carea' id='block_1_17' title="bbox 250 1670 1823 1741">
    <p class='ocr_par' dir='ltr' id='par_1_17' title="bbox 250 1670 1823 1741">
     <span class='ocr_line' id='line_1_17' title="bbox 250 1670 1823 1741; baseline 0.004 -18"><span class='ocrx_word' id='word_1_131' title='bbox 250 1673 342 1741; x_wconf 88' lang='lat' dir='ltr'><strong>qui</strong></span> <span class='ocrx_word' id='word_1_132' title='bbox 374 1680 458 1723; x_wconf 85' lang='lat' dir='ltr'><strong>est</strong></span> <span class='ocrx_word' id='word_1_133' title='bbox 497 1679 623 1723; x_wconf 87' lang='lat' dir='ltr'><strong>ante</strong></span> <span class='ocrx_word' id='word_1_134' title='bbox 658 1671 890 1737; x_wconf 74' lang='lat' dir='ltr'><strong>saecula;</strong></span> <span class='ocrx_word' id='word_1_135' title='bbox 920 1673 1092 1741; x_wconf 80' lang='lat' dir='ltr'><strong>gloria</strong></span> <span class='ocrx_word' id='word_1_136' title='bbox 1135 1682 1265 1726; x_wconf 84' lang='lat' dir='ltr'><strong>vero</strong></span> <span class='ocrx_word' id='word_1_137' title='bbox 1297 1670 1475 1727; x_wconf 83' lang='lat' dir='ltr'><strong>Patris</strong></span> <span class='ocrx_word' id='word_1_138' title='bbox 1510 1683 1593 1727; x_wconf 69' lang='lat' dir='ltr'><strong>est</strong></span> <span class='ocrx_word' id='word_1_139' title='bbox 1631 1674 1823 1740; x_wconf 83' lang='lat' dir='ltr'><strong>Filius,</strong></span> 
     </span>
    </p>
   </div>
   <div class='ocr_carea' id='block_1_18' title="bbox 248 1764 1826 1833">
    <p class='ocr_par' dir='ltr' id='par_1_18' title="bbox 248 1764 1826 1833">
     <span class='ocr_line' id='line_1_18' title="bbox 248 1764 1826 1833; baseline 0.005 -21"><span class='ocrx_word' id='word_1_140' title='bbox 248 1766 341 1825; x_wconf 83' lang='lat' dir='ltr'><strong>qui</strong></span> <span class='ocrx_word' id='word_1_141' title='bbox 366 1775 449 1817; x_wconf 76' lang='lat' dir='ltr'><strong>est</strong></span> <span class='ocrx_word' id='word_1_142' title='bbox 472 1773 601 1817; x_wconf 86' lang='lat' dir='ltr'><strong>ante</strong></span> <span class='ocrx_word' id='word_1_143' title='bbox 631 1778 827 1826; x_wconf 57' lang='lat' dir='ltr'><strong>arvum,</strong></span> <span class='ocrx_word' id='word_1_144' title='bbox 865 1764 1118 1818; x_wconf 87' lang='lat' dir='ltr'><strong>similiter</strong></span> <span class='ocrx_word' id='word_1_145' title='bbox 1147 1776 1326 1819; x_wconf 88' lang='lat' dir='ltr'><strong>autem</strong></span> <span class='ocrx_word' id='word_1_146' title='bbox 1366 1766 1535 1833; x_wconf 74' lang='lat' dir='ltr'><strong>gloria</strong></span> <span class='ocrx_word' id='word_1_147' title='bbox 1591 1766 1709 1819; x_wconf 85' lang='lat' dir='ltr'><strong>Filii</strong></span> <span class='ocrx_word' id='word_1_148' title='bbox 1743 1774 1826 1820; x_wconf 86' lang='lat' dir='ltr'><strong>est</strong></span> 
     </span>
    </p>
   </div>
   <div class='ocr_carea' id='block_1_19' title="bbox 248 1853 1824 1923">
    <p class='ocr_par' dir='ltr' id='par_1_19' title="bbox 248 1853 1824 1923">
     <span class='ocr_line' id='line_1_19' title="bbox 248 1853 1824 1923; baseline 0.002 -17"><span class='ocrx_word' id='word_1_149' title='bbox 248 1854 484 1919; x_wconf 80' lang='lat' dir='ltr'><strong>Spiritus</strong></span> <span class='ocrx_word' id='word_1_150' title='bbox 512 1854 740 1917; x_wconf 81' lang='lat' dir='ltr'><strong>Christi,</strong></span> <span class='ocrx_word' id='word_1_151' title='bbox 785 1855 875 1923; x_wconf 89' lang='lat' dir='ltr'><strong>qui</strong></span> <span class='ocrx_word' id='word_1_152' title='bbox 904 1868 1119 1922; x_wconf 73' lang='lat' dir='ltr'><strong>semper</strong></span> <span class='ocrx_word' id='word_1_153' title='bbox 1138 1868 1259 1908; x_wconf 89' lang='lat' dir='ltr'><strong>cum</strong></span> <span class='ocrx_word' id='word_1_154' title='bbox 1290 1853 1427 1908; x_wconf 81' lang='lat' dir='ltr'><strong>Filio</strong></span> <span class='ocrx_word' id='word_1_155' title='bbox 1473 1864 1528 1907; x_wconf 86' lang='lat' dir='ltr'><strong>et</strong></span> <span class='ocrx_word' id='word_1_156' title='bbox 1551 1853 1710 1908; x_wconf 81' lang='lat' dir='ltr'><strong>Patre</strong></span> <span class='ocrx_word' id='word_1_157' title='bbox 1748 1857 1824 1909; x_wconf 86' lang='lat' dir='ltr'><strong>itt-</strong></span> 
     </span>
    </p>
   </div>
   <div class='ocr_carea' id='block_1_20' title="bbox 248 1948 1821 2017">
    <p class='ocr_par' dir='ltr' id='par_1_20' title="bbox 248 1948 1821 2017">
     <span class='ocr_line' id='line_1_20' title="bbox 248 1948 1821 2017; baseline 0.001 -18"><span class='ocrx_word' id='word_1_158' title='bbox 248 1948 548 2017; x_wconf 71' lang='lat' dir='ltr'><strong>telligitur;</strong></span> <span class='ocrx_word' id='word_1_159' title='bbox 585 1948 729 2001; x_wconf 91' lang='lat' dir='ltr'><strong>unde</strong></span> <span class='ocrx_word' id='word_1_160' title='bbox 759 1948 975 2015; x_wconf 74' lang='lat' dir='ltr'><strong>sapiens</strong></span> <span class='ocrx_word' id='word_1_161' title='bbox 1011 1948 1138 2011; x_wconf 90' lang='lat' dir='ltr'><strong>iste,</strong></span> <span class='ocrx_word' id='word_1_162' title='bbox 1173 1956 1229 2001; x_wconf 91' lang='lat' dir='ltr'><strong>et</strong></span> <span class='ocrx_word' id='word_1_163' title='bbox 1282 1961 1347 2000; x_wconf 80' lang='lat' dir='ltr'><strong>ex</strong></span> <span class='ocrx_word' id='word_1_164' title='bbox 1383 1963 1491 2015; x_wconf 88' lang='lat' dir='ltr'><strong>qua</strong></span> <span class='ocrx_word' id='word_1_165' title='bbox 1536 1948 1821 2016; x_wconf 74' lang='lat' dir='ltr'><strong>disciplina</strong></span> 
     </span>
    </p>
   </div>
   <div class='ocr_carea' id='block_1_21' title="bbox 244 2041 1827 2111">
    <p class='ocr_par' dir='ltr' id='par_1_21' title="bbox 244 2041 1827 2111">
     <span class='ocr_line' id='line_1_21' title="bbox 244 2041 1827 2111; baseline 0.001 -19"><span class='ocrx_word' id='word_1_166' title='bbox 244 2042 560 2108; x_wconf 80' lang='lat' dir='ltr'><strong>pronuntiat</strong></span> <span class='ocrx_word' id='word_1_167' title='bbox 626 2042 900 2109; x_wconf 80' lang='lat' dir='ltr'><strong>antiquius</strong></span> <span class='ocrx_word' id='word_1_168' title='bbox 955 2041 1005 2093; x_wconf 88' lang='lat' dir='ltr'><strong>in</strong></span> <span class='ocrx_word' id='word_1_169' title='bbox 1067 2042 1135 2096; x_wconf 81' lang='lat' dir='ltr'><strong>iis</strong></span> <span class='ocrx_word' id='word_1_170' title='bbox 1177 2057 1296 2111; x_wconf 71' lang='lat' dir='ltr'><strong>qua:</strong></span> <span class='ocrx_word' id='word_1_171' title='bbox 1344 2042 1664 2095; x_wconf 83' lang='lat' dir='ltr'><strong>naturaliter</strong></span> <span class='ocrx_word' id='word_1_172' title='bbox 1701 2050 1827 2096; x_wconf 88' lang='lat' dir='ltr'><strong>sunt</strong></span> 
     </span>
    </p>
   </div>
   <div class='ocr_carea' id='block_1_22' title="bbox 250 2133 1823 2204">
    <p class='ocr_par' dir='ltr' id='par_1_22' title="bbox 250 2133 1823 2204">
     <span class='ocr_line' id='line_1_22' title="bbox 250 2133 1823 2204; baseline 0.002 -21"><span class='ocrx_word' id='word_1_173' title='bbox 250 2134 558 2187; x_wconf 74' lang='lat' dir='ltr'><strong>honorata?</strong></span> <span class='ocrx_word' id='word_1_174' title='bbox 616 2134 687 2186; x_wconf 81' lang='lat' dir='ltr'><strong>Ex</strong></span> <span class='ocrx_word' id='word_1_175' title='bbox 721 2133 806 2188; x_wconf 85' lang='lat' dir='ltr'><strong>his</strong></span> <span class='ocrx_word' id='word_1_176' title='bbox 841 2134 1074 2187; x_wconf 71' lang='lat' dir='ltr'><strong>i-iiicilur</strong></span> <span class='ocrx_word' id='word_1_177' title='bbox 1128 2134 1501 2197; x_wconf 82' lang='lat' dir='ltr'><strong>manifestum,</strong></span> <span class='ocrx_word' id='word_1_178' title='bbox 1566 2138 1710 2204; x_wconf 87' lang='lat' dir='ltr'><strong>quod</strong></span> <span class='ocrx_word' id='word_1_179' title='bbox 1773 2137 1823 2187; x_wconf 92' lang='lat' dir='ltr'><strong>in</strong></span> 
     </span>
    </p>
   </div>
   <div class='ocr_carea' id='block_1_23' title="bbox 245 2224 1821 2293">
    <p class='ocr_par' dir='ltr' id='par_1_23' title="bbox 245 2224 1821 2293">
     <span class='ocr_line' id='line_1_23' title="bbox 245 2224 1821 2293; baseline 0.006 -20"><span class='ocrx_word' id='word_1_180' title='bbox 245 2224 538 2287; x_wconf 59' lang='lat' dir='ltr'><strong>Ti-initate,</strong></span> <span class='ocrx_word' id='word_1_181' title='bbox 578 2243 696 2291; x_wconf 68' lang='lat' dir='ltr'><strong>qum</strong></span> <span class='ocrx_word' id='word_1_182' title='bbox 721 2242 878 2293; x_wconf 83' lang='lat' dir='ltr'><strong>supra</strong></span> <span class='ocrx_word' id='word_1_183' title='bbox 908 2226 1267 2282; x_wconf 87' lang='lat' dir='ltr'><strong>substantiam</strong></span> <span class='ocrx_word' id='word_1_184' title='bbox 1299 2239 1401 2288; x_wconf 70' lang='lat' dir='ltr'><strong>est,</strong></span> <span class='ocrx_word' id='word_1_185' title='bbox 1462 2228 1611 2281; x_wconf 89' lang='lat' dir='ltr'><strong>nullo</strong></span> <span class='ocrx_word' id='word_1_186' title='bbox 1656 2228 1821 2282; x_wconf 87' lang='lat' dir='ltr'><strong>modo</strong></span> 
     </span>
    </p>
   </div>
   <div class='ocr_carea' id='block_1_24' title="bbox 248 2320 1826 2390">
    <p class='ocr_par' dir='ltr' id='par_1_24' title="bbox 248 2320 1826 2390">
     <span class='ocr_line' id='line_1_24' title="bbox 248 2320 1826 2390; baseline 0.002 -20"><span class='ocrx_word' id='word_1_187' title='bbox 248 2320 355 2371; x_wconf 70' lang='lat' dir='ltr'><strong>alii</strong></span> <span class='ocrx_word' id='word_1_188' title='bbox 391 2331 472 2372; x_wconf 84' lang='lat' dir='ltr'><strong>(st</strong></span> <span class='ocrx_word' id='word_1_189' title='bbox 506 2320 749 2389; x_wconf 63' lang='lat' dir='ltr'><strong>cncrgia,</strong></span> <span class='ocrx_word' id='word_1_190' title='bbox 786 2321 900 2372; x_wconf 80' lang='lat' dir='ltr'><strong>sive</strong></span> <span class='ocrx_word' id='word_1_191' title='bbox 927 2324 1195 2388; x_wconf 80' lang='lat' dir='ltr'><strong>operatio,</strong></span> <span class='ocrx_word' id='word_1_192' title='bbox 1228 2334 1277 2374; x_wconf 82' lang='lat' dir='ltr'><strong>ct</strong></span> <span class='ocrx_word' id='word_1_193' title='bbox 1302 2336 1491 2373; x_wconf 88' lang='lat' dir='ltr'><strong>manus</strong></span> <span class='ocrx_word' id='word_1_194' title='bbox 1529 2336 1626 2390; x_wconf 86' lang='lat' dir='ltr'><strong>per</strong></span> <span class='ocrx_word' id='word_1_195' title='bbox 1667 2336 1826 2385; x_wconf 87' lang='lat' dir='ltr'><strong>quam</strong></span> 
     </span>
    </p>
   </div>
   <div class='ocr_carea' id='block_1_25' title="bbox 246 2407 1821 2471">
    <p class='ocr_par' dir='ltr' id='par_1_25' title="bbox 246 2407 1821 2471">
     <span class='ocr_line' id='line_1_25' title="bbox 246 2407 1821 2471; baseline 0.001 -11"><span class='ocrx_word' id='word_1_196' title='bbox 246 2407 392 2461; x_wconf 57' lang='lat' dir='ltr'><strong>Deus</strong></span> <span class='ocrx_word' id='word_1_197' title='bbox 418 2408 580 2462; x_wconf 83' lang='lat' dir='ltr'><strong>Pater</strong></span> <span class='ocrx_word' id='word_1_198' title='bbox 610 2408 791 2460; x_wconf 73' lang='lat' dir='ltr'><strong>Omnia</strong></span> <span class='ocrx_word' id='word_1_199' title='bbox 835 2418 981 2461; x_wconf 76' lang='lat' dir='ltr'><strong>creat</strong></span> <span class='ocrx_word' id='word_1_200' title='bbox 1014 2422 1066 2461; x_wconf 85' lang='lat' dir='ltr'><strong>et</strong></span> <span class='ocrx_word' id='word_1_201' title='bbox 1114 2408 1264 2471; x_wconf 83' lang='lat' dir='ltr'><strong>facit,</strong></span> <span class='ocrx_word' id='word_1_202' title='bbox 1299 2410 1400 2462; x_wconf 90' lang='lat' dir='ltr'><strong>nisi</strong></span> <span class='ocrx_word' id='word_1_203' title='bbox 1457 2410 1606 2462; x_wconf 85' lang='lat' dir='ltr'><strong>solus</strong></span> <span class='ocrx_word' id='word_1_204' title='bbox 1646 2409 1821 2462; x_wconf 81' lang='lat' dir='ltr'><strong>Filius</strong></span> 
     </span>
    </p>
   </div>
   <div class='ocr_carea' id='block_1_26' title="bbox 246 2484 1827 2568">
    <p class='ocr_par' dir='ltr' id='par_1_26' title="bbox 246 2484 1827 2568">
     <span class='ocr_line' id='line_1_26' title="bbox 246 2484 1827 2568; baseline 0.001 -16"><span class='ocrx_word' id='word_1_205' title='bbox 246 2509 301 2552; x_wconf 77' lang='lat' dir='ltr'><strong>et</strong></span> <span class='ocrx_word' id='word_1_206' title='bbox 359 2497 600 2567; x_wconf 86' lang='lat' dir='ltr'><strong>Spiritus</strong></span> <span class='ocrx_word' id='word_1_207' title='bbox 656 2509 898 2563; x_wconf 79' lang='lat' dir='ltr'><strong>sanctus,</strong></span> <span class='ocrx_word' id='word_1_208' title='bbox 957 2500 1047 2566; x_wconf 85' lang='lat' dir='ltr'><strong>qui</strong></span> <span class='ocrx_word' id='word_1_209' title='bbox 1099 2507 1225 2553; x_wconf 87' lang='lat' dir='ltr'><strong>sunt.</strong></span> <span class='ocrx_word' id='word_1_210' title='bbox 1267 2484 1459 2554; x_wconf 85' lang='lat' dir='ltr'><strong>manus</strong></span> <span class='ocrx_word' id='word_1_211' title='bbox 1513 2500 1604 2553; x_wconf 85' lang='lat' dir='ltr'><strong>Dei</strong></span> <span class='ocrx_word' id='word_1_212' title='bbox 1660 2516 1827 2568; x_wconf 86' lang='lat' dir='ltr'><strong>supra</strong></span> 
     </span>
    </p>
   </div>
   <div class='ocr_carea' id='block_1_27' title="bbox 239 2590 1828 2659">
    <p class='ocr_par' dir='ltr' id='par_1_27' title="bbox 239 2590 1828 2659">
     <span class='ocr_line' id='line_1_27' title="bbox 239 2590 1828 2659; baseline 0.003 -17"><span class='ocrx_word' id='word_1_213' title='bbox 239 2605 408 2659; x_wconf 64' lang='lat' dir='ltr'><strong>quam</strong></span> <span class='ocrx_word' id='word_1_214' title='bbox 428 2590 830 2657; x_wconf 72' lang='lat' dir='ltr'><strong>substantiales,</strong></span> <span class='ocrx_word' id='word_1_215' title='bbox 850 2592 1207 2656; x_wconf 46' lang='lat' dir='ltr'><strong>sicutfalicubi</strong></span> <span class='ocrx_word' id='word_1_216' title='bbox 1227 2592 1488 2658; x_wconf 89' lang='lat' dir='ltr'><strong>scriptum</strong></span> <span class='ocrx_word' id='word_1_217' title='bbox 1508 2602 1591 2646; x_wconf 80' lang='lat' dir='ltr'><strong>est</strong></span> <span class='ocrx_word' id='word_1_218' title='bbox 1611 2592 1828 2647; x_wconf 80' lang='lat' dir='ltr'><strong>:Mauus</strong></span> 
     </span>
    </p>
   </div>
   <div class='ocr_carea' id='block_1_28' title="bbox 244 2666 1825 2753">
    <p class='ocr_par' dir='ltr' id='par_1_28' title="bbox 244 2666 1825 2753">
     <span class='ocr_line' id='line_1_28' title="bbox 244 2666 1825 2753; baseline 0.001 -17"><span class='ocrx_word' id='word_1_219' title='bbox 244 2694 355 2738; x_wconf 75' lang='lat' dir='ltr'><strong>tua?</strong></span> <span class='ocrx_word' id='word_1_220' title='bbox 382 2684 736 2753; x_wconf 82' lang='lat' dir='ltr'><strong>feceruntme,</strong></span> <span class='ocrx_word' id='word_1_221' title='bbox 758 2695 804 2735; x_wconf 87' lang='lat' dir='ltr'><strong>et</strong></span> <span class='ocrx_word' id='word_1_222' title='bbox 830 2684 1224 2752; x_wconf 83' lang='lat' dir='ltr'><strong>plasmaueruut</strong></span> <span class='ocrx_word' id='word_1_223' title='bbox 1257 2701 1336 2737; x_wconf 87' lang='lat' dir='ltr'><strong>me</strong></span> <span class='ocrx_word' id='word_1_224' title='bbox 1360 2685 1427 2749; x_wconf 79' lang='lat'><strong>“,</strong></span> <span class='ocrx_word' id='word_1_225' title='bbox 1448 2666 1558 2739; x_wconf 33' lang='lat' dir='ltr'><strong>.net-</strong></span> <span class='ocrx_word' id='word_1_226' title='bbox 1598 2686 1702 2739; x_wconf 88' lang='lat' dir='ltr'><strong>alia</strong></span> <span class='ocrx_word' id='word_1_227' title='bbox 1735 2701 1825 2738; x_wconf 88' lang='lat' dir='ltr'><strong>sa-</strong></span> 
     </span>
    </p>
   </div>
   <div class='ocr_carea' id='block_1_29' title="bbox 242 2776 1824 2845">
    <p class='ocr_par' dir='ltr' id='par_1_29' title="bbox 242 2776 1824 2845">
     <span class='ocr_line' id='line_1_29' title="bbox 242 2776 1824 2845; baseline 0.006 -22"><span class='ocrx_word' id='word_1_228' title='bbox 242 2780 450 2843; x_wconf 67' lang='lat' dir='ltr'><strong>pientia</strong></span> <span class='ocrx_word' id='word_1_229' title='bbox 472 2786 526 2829; x_wconf 82' lang='lat' dir='ltr'><strong>et</strong></span> <span class='ocrx_word' id='word_1_230' title='bbox 552 2778 720 2831; x_wconf 83' lang='lat' dir='ltr'><strong>virtus</strong></span> <span class='ocrx_word' id='word_1_231' title='bbox 739 2776 850 2837; x_wconf 83' lang='lat' dir='ltr'><strong>Dei.</strong></span> <span class='ocrx_word' id='word_1_232' title='bbox 875 2778 975 2830; x_wconf 89' lang='lat' dir='ltr'><strong>nisi</strong></span> <span class='ocrx_word' id='word_1_233' title='bbox 999 2776 1112 2830; x_wconf 68' lang='lat' dir='ltr'><strong>hinc</strong></span> <span class='ocrx_word' id='word_1_234' title='bbox 1128 2778 1239 2845; x_wconf 83' lang='lat' dir='ltr'><strong>ipsa</strong></span> <span class='ocrx_word' id='word_1_235' title='bbox 1261 2791 1420 2841; x_wconf 87' lang='lat' dir='ltr'><strong>supra</strong></span> <span class='ocrx_word' id='word_1_236' title='bbox 1445 2780 1824 2833; x_wconf 76' lang='lat' dir='ltr'><strong>Substantiam.</strong></span> 
     </span>
    </p>
   </div>
   <div class='ocr_carea' id='block_1_30' title="bbox 248 2864 1825 2938">
    <p class='ocr_par' dir='ltr' id='par_1_30' title="bbox 248 2864 1825 2938">
     <span class='ocr_line' id='line_1_30' title="bbox 248 2864 1825 2938; baseline 0.003 -19"><span class='ocrx_word' id='word_1_237' title='bbox 248 2864 425 2919; x_wconf 60' lang='lat' dir='ltr'><strong>Vrrb&#39;o</strong></span> <span class='ocrx_word' id='word_1_238' title='bbox 449 2868 591 2920; x_wconf 79' lang='lat' dir='ltr'><strong>enim</strong></span> <span class='ocrx_word' id='word_1_239' title='bbox 622 2867 827 2920; x_wconf 74' lang='lat' dir='ltr'><strong>Domini</strong></span> <span class='ocrx_word' id='word_1_240' title='bbox 854 2869 968 2921; x_wconf 77' lang='lat' dir='ltr'><strong>cozli</strong></span> <span class='ocrx_word' id='word_1_241' title='bbox 994 2869 1196 2936; x_wconf 82' lang='lat' dir='ltr'><strong>ﬁrmati</strong></span> <span class='ocrx_word' id='word_1_242' title='bbox 1218 2878 1365 2932; x_wconf 75' lang='lat' dir='ltr'><strong>sunt,</strong></span> <span class='ocrx_word' id='word_1_243' title='bbox 1386 2882 1432 2923; x_wconf 84' lang='lat' dir='ltr'><strong>et</strong></span> <span class='ocrx_word' id='word_1_244' title='bbox 1461 2870 1666 2938; x_wconf 83' lang='lat' dir='ltr'><strong>Spiritu</strong></span> <span class='ocrx_word' id='word_1_245' title='bbox 1718 2871 1825 2923; x_wconf 86' lang='lat' dir='ltr'><strong>oris</strong></span> 
     </span>
    </p>
   </div>
   <div class='ocr_carea' id='block_1_31' title="bbox 241 2957 1825 3031">
    <p class='ocr_par' dir='ltr' id='par_1_31' title="bbox 241 2957 1825 3031">
     <span class='ocr_line' id='line_1_31' title="bbox 241 2957 1825 3031; baseline 0.003 -22"><span class='ocrx_word' id='word_1_246' title='bbox 241 2958 362 3025; x_wconf 83' lang='lat' dir='ltr'><strong>ejus</strong></span> <span class='ocrx_word' id='word_1_247' title='bbox 398 2957 568 3011; x_wconf 85' lang='lat' dir='ltr'><strong>omnis</strong></span> <span class='ocrx_word' id='word_1_248' title='bbox 595 2960 760 3012; x_wconf 76' lang='lat' dir='ltr'><strong>virtus</strong></span> <span class='ocrx_word' id='word_1_249' title='bbox 788 2976 967 3014; x_wconf 84' lang='lat' dir='ltr'><strong>eorum</strong></span> <span class='ocrx_word' id='word_1_250' title='bbox 992 2962 1034 2991; x_wconf 78' lang='grc' dir='ltr'><strong>’ί</strong></span> <span class='ocrx_word' id='word_1_251' title='bbox 1058 2964 1097 3025; x_wconf 82' lang='lat'><strong>&#39;,</strong></span> <span class='ocrx_word' id='word_1_252' title='bbox 1121 2977 1219 3014; x_wconf 78' lang='lat' dir='ltr'><strong>nec</strong></span> <span class='ocrx_word' id='word_1_253' title='bbox 1250 2963 1351 3015; x_wconf 86' lang='lat' dir='ltr'><strong>alia</strong></span> <span class='ocrx_word' id='word_1_254' title='bbox 1377 2963 1553 3030; x_wconf 80' lang='lat' dir='ltr'><strong>imago</strong></span> <span class='ocrx_word' id='word_1_255' title='bbox 1579 2971 1631 3015; x_wconf 86' lang='lat' dir='ltr'><strong>et</strong></span> <span class='ocrx_word' id='word_1_256' title='bbox 1656 2962 1825 3031; x_wconf 83' lang='lat' dir='ltr'><strong>gloria</strong></span> 
     </span>
    </p>
   </div>
   <div class='ocr_carea' id='block_1_32' title="bbox 242 3051 1826 3125">
    <p class='ocr_par' dir='ltr' id='par_1_32' title="bbox 242 3051 1826 3125">
     <span class='ocr_line' id='line_1_32' title="bbox 242 3051 1826 3125; baseline 0.003 -22"><span class='ocrx_word' id='word_1_257' title='bbox 242 3062 517 3104; x_wconf 70' lang='lat' dir='ltr'><strong>comtorna</strong></span> <span class='ocrx_word' id='word_1_258' title='bbox 552 3051 681 3116; x_wconf 66' lang='lat' dir='ltr'><strong>Deo,</strong></span> <span class='ocrx_word' id='word_1_259' title='bbox 714 3053 815 3108; x_wconf 86' lang='lat' dir='ltr'><strong>nisi</strong></span> <span class='ocrx_word' id='word_1_260' title='bbox 846 3053 1042 3118; x_wconf 78' lang='lat' dir='ltr'><strong>Filius,</strong></span> <span class='ocrx_word' id='word_1_261' title='bbox 1079 3055 1167 3121; x_wconf 85' lang='lat' dir='ltr'><strong>qui</strong></span> <span class='ocrx_word' id='word_1_262' title='bbox 1207 3065 1290 3109; x_wconf 80' lang='lat' dir='ltr'><strong>est</strong></span> <span class='ocrx_word' id='word_1_263' title='bbox 1325 3056 1826 3125; x_wconf 78' lang='lat' dir='ltr'><strong>Sllpraqttatnprin-</strong></span> 
     </span>
    </p>
   </div>
   <div class='ocr_carea' id='block_1_33' title="bbox 1858 1823 1901 1882">
    <p class='ocr_par' dir='ltr' id='par_1_33' title="bbox 1858 1823 1901 1882">
     <span class='ocr_line' id='line_1_33' title="bbox 1858 1823 1901 1882; baseline 0 0"><span class='ocrx_word' id='word_1_264' title='bbox 1858 1823 1901 1882; x_wconf 81' lang='grc' dir='ltr'><strong>Β</strong></span> 
     </span>
    </p>
   </div>
   <div class='ocr_carea' id='block_1_34' title="bbox 1924 563 3508 637">
    <p class='ocr_par' dir='ltr' id='par_1_34' title="bbox 1924 563 3508 637">
     <span class='ocr_line' id='line_1_34' title="bbox 1924 563 3508 637; baseline 0.008 -22"><span class='ocrx_word' id='word_1_265' title='bbox 1924 563 2029 616; x_wconf 87' lang='lat' dir='ltr'><strong>lius</strong></span> <span class='ocrx_word' id='word_1_266' title='bbox 2046 564 2243 619; x_wconf 84' lang='lat' dir='ltr'><strong>dicitur</strong></span> <span class='ocrx_word' id='word_1_267' title='bbox 2264 571 2401 637; x_wconf 84' lang='lat' dir='ltr'><strong>apud</strong></span> <span class='ocrx_word' id='word_1_268' title='bbox 2423 570 2646 623; x_wconf 84' lang='lat' dir='ltr'><strong>Paulum</strong></span> <span class='ocrx_word' id='word_1_269' title='bbox 2673 569 2944 625; x_wconf 64' lang='lat' dir='ltr'><strong>excitatus</strong></span> <span class='ocrx_word' id='word_1_270' title='bbox 2968 586 3135 626; x_wconf 80' lang='lat' dir='ltr'><strong>ossea</strong></span> <span class='ocrx_word' id='word_1_271' title='bbox 3165 572 3394 626; x_wconf 85' lang='lat' dir='ltr'><strong>mortuis</strong></span> <span class='ocrx_word' id='word_1_272' title='bbox 3417 574 3463 605; x_wconf 77' lang='lat'><strong>&quot;</strong></span> <span class='ocrx_word' id='word_1_273' title='bbox 3492 590 3508 637; x_wconf 88' lang='lat'><strong>;</strong></span> 
     </span>
    </p>
   </div>
   <div class='ocr_carea' id='block_1_35' title="bbox 1925 659 3511 730">
    <p class='ocr_par' dir='ltr' id='par_1_35' title="bbox 1925 659 3511 730">
     <span class='ocr_line' id='line_1_35' title="bbox 1925 659 3511 730; baseline 0.004 -21"><span class='ocrx_word' id='word_1_274' title='bbox 1925 669 2122 723; x_wconf 86' lang='lat' dir='ltr'><strong>corpus</strong></span> <span class='ocrx_word' id='word_1_275' title='bbox 2149 659 2290 710; x_wconf 88' lang='lat' dir='ltr'><strong>enim</strong></span> <span class='ocrx_word' id='word_1_276' title='bbox 2318 660 2520 714; x_wconf 91' lang='lat' dir='ltr'><strong>dicitur</strong></span> <span class='ocrx_word' id='word_1_277' title='bbox 2548 675 2646 729; x_wconf 91' lang='lat' dir='ltr'><strong>pro</strong></span> <span class='ocrx_word' id='word_1_278' title='bbox 2680 676 2932 729; x_wconf 84' lang='lat' dir='ltr'><strong>persona,</strong></span> <span class='ocrx_word' id='word_1_279' title='bbox 2954 663 3035 717; x_wconf 88' lang='lat' dir='ltr'><strong>sic</strong></span> <span class='ocrx_word' id='word_1_280' title='bbox 3060 679 3189 730; x_wconf 62' lang='lat' dir='ltr'><strong>ergo</strong></span> <span class='ocrx_word' id='word_1_281' title='bbox 3222 678 3348 717; x_wconf 89' lang='lat' dir='ltr'><strong>cum</strong></span> <span class='ocrx_word' id='word_1_282' title='bbox 3376 664 3511 718; x_wconf 85' lang='lat' dir='ltr'><strong>dici-</strong></span> 
     </span>
    </p>
   </div>
   <div class='ocr_carea' id='block_1_36' title="bbox 1930 747 3514 823">
    <p class='ocr_par' dir='ltr' id='par_1_36' title="bbox 1930 747 3514 823">
     <span class='ocr_line' id='line_1_36' title="bbox 1930 747 3514 823; baseline 0.004 -25"><span class='ocrx_word' id='word_1_283' title='bbox 1930 755 2056 800; x_wconf 84' lang='lat' dir='ltr'><strong>tur:</strong></span> <span class='ocrx_word' id='word_1_284' title='bbox 2100 747 2272 802; x_wconf 81' lang='lat' dir='ltr'><strong>Vitam</strong></span> <span class='ocrx_word' id='word_1_285' title='bbox 2322 751 2473 804; x_wconf 82' lang='lat' dir='ltr'><strong>dedit</strong></span> <span class='ocrx_word' id='word_1_286' title='bbox 2515 751 2678 811; x_wconf 83' lang='lat' dir='ltr'><strong>Pater</strong></span> <span class='ocrx_word' id='word_1_287' title='bbox 2725 752 2885 821; x_wconf 83' lang='lat' dir='ltr'><strong>Filio,</strong></span> <span class='ocrx_word' id='word_1_288' title='bbox 2928 755 3231 823; x_wconf 82' lang='lat' dir='ltr'><strong>intelligere</strong></span> <span class='ocrx_word' id='word_1_289' title='bbox 3298 764 3514 820; x_wconf 81' lang='lat' dir='ltr'><strong>Oportet</strong></span> 
     </span>
    </p>
   </div>
   <div class='ocr_carea' id='block_1_37' title="bbox 1932 838 3509 918">
    <p class='ocr_par' dir='ltr' id='par_1_37' title="bbox 1932 838 3509 918">
     <span class='ocr_line' id='line_1_37' title="bbox 1932 838 3509 918; baseline 0.01 -28"><span class='ocrx_word' id='word_1_290' title='bbox 1932 838 2096 893; x_wconf 83' lang='lat' dir='ltr'><strong>vitam</strong></span> <span class='ocrx_word' id='word_1_291' title='bbox 2134 844 2285 896; x_wconf 82' lang='lat' dir='ltr'><strong>carni</strong></span> <span class='ocrx_word' id='word_1_292' title='bbox 2318 845 2519 899; x_wconf 84' lang='lat' dir='ltr'><strong>datam.</strong></span> <span class='ocrx_word' id='word_1_293' title='bbox 2554 845 2610 899; x_wconf 89' lang='lat' dir='ltr'><strong>Si</strong></span> <span class='ocrx_word' id='word_1_294' title='bbox 2644 848 2787 901; x_wconf 90' lang='lat' dir='ltr'><strong>enim</strong></span> <span class='ocrx_word' id='word_1_295' title='bbox 2824 849 2932 901; x_wconf 82' lang='lat' dir='ltr'><strong>vita</strong></span> <span class='ocrx_word' id='word_1_296' title='bbox 2983 857 3070 903; x_wconf 84' lang='lat' dir='ltr'><strong>est</strong></span> <span class='ocrx_word' id='word_1_297' title='bbox 3101 849 3271 918; x_wconf 79' lang='lat' dir='ltr'><strong>ipsius</strong></span> <span class='ocrx_word' id='word_1_298' title='bbox 3305 849 3509 906; x_wconf 74' lang='lat' dir='ltr'><strong>carnis.</strong></span> 
     </span>
    </p>
   </div>
   <div class='ocr_carea' id='block_1_38' title="bbox 1929 932 3509 1010">
    <p class='ocr_par' dir='ltr' id='par_1_38' title="bbox 1929 932 3509 1010">
     <span class='ocr_line' id='line_1_38' title="bbox 1929 932 3509 1010; baseline 0.009 -31"><span class='ocrx_word' id='word_1_299' title='bbox 1929 932 2207 997; x_wconf 83' lang='lat' dir='ltr'><strong>quomodo</strong></span> <span class='ocrx_word' id='word_1_300' title='bbox 2265 935 2373 986; x_wconf 84' lang='lat' dir='ltr'><strong>vita</strong></span> <span class='ocrx_word' id='word_1_301' title='bbox 2444 936 2605 989; x_wconf 85' lang='lat' dir='ltr'><strong>vitam</strong></span> <span class='ocrx_word' id='word_1_302' title='bbox 2658 939 2905 1007; x_wconf 83' lang='lat' dir='ltr'><strong>accipit?</strong></span> <span class='ocrx_word' id='word_1_303' title='bbox 2961 937 3193 993; x_wconf 81' lang='lat' dir='ltr'><strong>Sanctus</strong></span> <span class='ocrx_word' id='word_1_304' title='bbox 3251 939 3509 1010; x_wconf 71' lang='lat' dir='ltr'><strong>(lyrinus.</strong></span> 
     </span>
    </p>
   </div>
   <div class='ocr_carea' id='block_1_39' title="bbox 1929 1022 3509 1101">
    <p class='ocr_par' dir='ltr' id='par_1_39' title="bbox 1929 1022 3509 1101">
     <span class='ocr_line' id='line_1_39' title="bbox 1929 1022 3509 1101; baseline 0.005 -27"><span class='ocrx_word' id='word_1_305' title='bbox 1929 1022 2069 1077; x_wconf 83' lang='lat' dir='ltr'><strong>libro</strong></span> <span class='ocrx_word' id='word_1_306' title='bbox 2092 1026 2282 1093; x_wconf 91' lang='lat' dir='ltr'><strong>quinto</strong></span> <span class='ocrx_word' id='word_1_307' title='bbox 2306 1025 2658 1098; x_wconf 84' lang='lat' dir='ltr'><strong>Dialogorum</strong></span> <span class='ocrx_word' id='word_1_308' title='bbox 2683 1031 2749 1082; x_wconf 88' lang='lat' dir='ltr'><strong>ad</strong></span> <span class='ocrx_word' id='word_1_309' title='bbox 2802 1030 3079 1101; x_wconf 70' lang='lat' dir='ltr'><strong>Hermian:</strong></span> <span class='ocrx_word' id='word_1_310' title='bbox 3134 1047 3149 1084; x_wconf 91' lang='lat'><strong>:</strong></span> <span class='ocrx_word' id='word_1_311' title='bbox 3210 1029 3267 1085; x_wconf 87' lang='lat' dir='ltr'><strong>Si</strong></span> <span class='ocrx_word' id='word_1_312' title='bbox 3324 1030 3509 1100; x_wconf 72' lang='lat' dir='ltr'><strong>igitur,</strong></span> 
     </span>
    </p>
   </div>
   <div class='ocr_carea' id='block_1_40' title="bbox 1930 1116 3511 1185">
    <p class='ocr_par' dir='ltr' id='par_1_40' title="bbox 1930 1116 3511 1185">
     <span class='ocr_line' id='line_1_40' title="bbox 1930 1116 3511 1185; baseline 0.003 -17"><span class='ocrx_word' id='word_1_313' title='bbox 1930 1116 2127 1185; x_wconf 83' lang='lat' dir='ltr'><strong>inquit,</strong></span> <span class='ocrx_word' id='word_1_314' title='bbox 2156 1132 2260 1171; x_wconf 88' lang='lat' dir='ltr'><strong>non</strong></span> <span class='ocrx_word' id='word_1_315' title='bbox 2283 1128 2367 1172; x_wconf 84' lang='lat' dir='ltr'><strong>est</strong></span> <span class='ocrx_word' id='word_1_316' title='bbox 2398 1119 2568 1174; x_wconf 85' lang='lat' dir='ltr'><strong>Filius</strong></span> <span class='ocrx_word' id='word_1_317' title='bbox 2592 1122 2700 1175; x_wconf 80' lang='lat' dir='ltr'><strong>vita</strong></span> <span class='ocrx_word' id='word_1_318' title='bbox 2731 1123 3032 1176; x_wconf 82' lang='lat' dir='ltr'><strong>secundum</strong></span> <span class='ocrx_word' id='word_1_319' title='bbox 3074 1133 3348 1185; x_wconf 87' lang='lat' dir='ltr'><strong>naturam,</strong></span> <span class='ocrx_word' id='word_1_320' title='bbox 3401 1122 3511 1177; x_wconf 89' lang='lat' dir='ltr'><strong>erit</strong></span> 
     </span>
    </p>
   </div>
   <div class='ocr_carea' id='block_1_41' title="bbox 1929 1207 3508 1278">
    <p class='ocr_par' dir='ltr' id='par_1_41' title="bbox 1929 1207 3508 1278">
     <span class='ocr_line' id='line_1_41' title="bbox 1929 1207 3508 1278; baseline 0.004 -20"><span class='ocrx_word' id='word_1_321' title='bbox 1929 1207 2153 1261; x_wconf 88' lang='lat' dir='ltr'><strong>omnino</strong></span> <span class='ocrx_word' id='word_1_322' title='bbox 2179 1210 2232 1261; x_wconf 91' lang='lat' dir='ltr'><strong>in</strong></span> <span class='ocrx_word' id='word_1_323' title='bbox 2256 1209 2472 1278; x_wconf 74' lang='lat' dir='ltr'><strong>prppria</strong></span> <span class='ocrx_word' id='word_1_324' title='bbox 2499 1210 2675 1278; x_wconf 86' lang='lat' dir='ltr'><strong>aliqua</strong></span> <span class='ocrx_word' id='word_1_325' title='bbox 2701 1220 2892 1265; x_wconf 89' lang='lat' dir='ltr'><strong>natura</strong></span> <span class='ocrx_word' id='word_1_326' title='bbox 2917 1214 3143 1267; x_wconf 83' lang='lat' dir='ltr'><strong>sortitus</strong></span> <span class='ocrx_word' id='word_1_327' title='bbox 3166 1212 3329 1265; x_wconf 84' lang='lat' dir='ltr'><strong>vitam</strong></span> <span class='ocrx_word' id='word_1_328' title='bbox 3357 1214 3508 1265; x_wconf 84' lang='lat' dir='ltr'><strong>suain</strong></span> 
     </span>
    </p>
   </div>
   <div class='ocr_carea' id='block_1_42' title="bbox 1930 1301 3511 1374">
    <p class='ocr_par' dir='ltr' id='par_1_42' title="bbox 1930 1301 3511 1374">
     <span class='ocr_line' id='line_1_42' title="bbox 1930 1301 3511 1374; baseline 0.003 -22"><span class='ocrx_word' id='word_1_329' title='bbox 1930 1301 2093 1354; x_wconf 87' lang='lat' dir='ltr'><strong>aliam</strong></span> <span class='ocrx_word' id='word_1_330' title='bbox 2124 1317 2287 1370; x_wconf 81' lang='lat' dir='ltr'><strong>quam</strong></span> <span class='ocrx_word' id='word_1_331' title='bbox 2323 1303 2467 1371; x_wconf 87' lang='lat' dir='ltr'><strong>quod</strong></span> <span class='ocrx_word' id='word_1_332' title='bbox 2526 1304 2640 1373; x_wconf 85' lang='lat' dir='ltr'><strong>ipse</strong></span> <span class='ocrx_word' id='word_1_333' title='bbox 2661 1314 2766 1360; x_wconf 88' lang='lat' dir='ltr'><strong>est.</strong></span> <span class='ocrx_word' id='word_1_334' title='bbox 2818 1304 3205 1374; x_wconf 82' lang='lat' dir='ltr'><strong>Respondeant</strong></span> <span class='ocrx_word' id='word_1_335' title='bbox 3254 1318 3387 1373; x_wconf 80' lang='lat' dir='ltr'><strong>ergo</strong></span> <span class='ocrx_word' id='word_1_336' title='bbox 3420 1306 3511 1372; x_wconf 86' lang='lat' dir='ltr'><strong>qui</strong></span> 
     </span>
    </p>
   </div>
   <div class='ocr_carea' id='block_1_43' title="bbox 1931 1395 3514 1467">
    <p class='ocr_par' dir='ltr' id='par_1_43' title="bbox 1931 1395 3514 1467">
     <span class='ocr_line' id='line_1_43' title="bbox 1931 1395 3514 1467; baseline 0 -18"><span class='ocrx_word' id='word_1_337' title='bbox 1931 1395 2011 1449; x_wconf 82' lang='lat' dir='ltr'><strong>sic</strong></span> <span class='ocrx_word' id='word_1_338' title='bbox 2034 1406 2289 1461; x_wconf 86' lang='lat' dir='ltr'><strong>corrupta</strong></span> <span class='ocrx_word' id='word_1_339' title='bbox 2319 1406 2374 1450; x_wconf 90' lang='lat' dir='ltr'><strong>et</strong></span> <span class='ocrx_word' id='word_1_340' title='bbox 2420 1397 2713 1465; x_wconf 86' lang='lat' dir='ltr'><strong>depravata</strong></span> <span class='ocrx_word' id='word_1_341' title='bbox 2749 1398 3002 1467; x_wconf 82' lang='lat' dir='ltr'><strong>dogmata</strong></span> <span class='ocrx_word' id='word_1_342' title='bbox 3060 1397 3377 1462; x_wconf 79' lang='lat' dir='ltr'><strong>defendunt,</strong></span> <span class='ocrx_word' id='word_1_343' title='bbox 3415 1397 3514 1449; x_wconf 88' lang='lat' dir='ltr'><strong>sub</strong></span> 
     </span>
    </p>
   </div>
   <div class='ocr_carea' id='block_1_44' title="bbox 1930 1489 3513 1557">
    <p class='ocr_par' dir='ltr' id='par_1_44' title="bbox 1930 1489 3513 1557">
     <span class='ocr_line' id='line_1_44' title="bbox 1930 1489 3513 1557; baseline 0.001 -19"><span class='ocrx_word' id='word_1_344' title='bbox 1930 1501 2039 1556; x_wconf 89' lang='lat' dir='ltr'><strong>quo</strong></span> <span class='ocrx_word' id='word_1_345' title='bbox 2072 1502 2270 1555; x_wconf 79' lang='lat' dir='ltr'><strong>genere</strong></span> <span class='ocrx_word' id='word_1_346' title='bbox 2300 1489 2405 1541; x_wconf 90' lang='lat' dir='ltr'><strong>erit</strong></span> <span class='ocrx_word' id='word_1_347' title='bbox 2436 1489 2612 1555; x_wconf 88' lang='lat' dir='ltr'><strong>nobis,</strong></span> <span class='ocrx_word' id='word_1_348' title='bbox 2642 1498 2699 1541; x_wconf 91' lang='lat' dir='ltr'><strong>ut</strong></span> <span class='ocrx_word' id='word_1_349' title='bbox 2736 1489 2811 1542; x_wconf 91' lang='lat' dir='ltr'><strong>illi</strong></span> <span class='ocrx_word' id='word_1_350' title='bbox 2869 1489 3210 1557; x_wconf 86' lang='lat' dir='ltr'><strong>opinantur?</strong></span> <span class='ocrx_word' id='word_1_351' title='bbox 3268 1489 3513 1542; x_wconf 84' lang='lat' dir='ltr'><strong>Demon-</strong></span> 
     </span>
    </p>
   </div>
   <div class='ocr_carea' id='block_1_45' title="bbox 1932 1577 3517 1641">
    <p class='ocr_par' dir='ltr' id='par_1_45' title="bbox 1932 1577 3517 1641">
     <span class='ocr_line' id='line_1_45' title="bbox 1932 1577 3517 1641; baseline -0.001 -9"><span class='ocrx_word' id='word_1_352' title='bbox 1932 1591 2161 1634; x_wconf 83' lang='lat' dir='ltr'><strong>stratum</strong></span> <span class='ocrx_word' id='word_1_353' title='bbox 2196 1580 2340 1633; x_wconf 88' lang='lat' dir='ltr'><strong>enim</strong></span> <span class='ocrx_word' id='word_1_354' title='bbox 2367 1587 2474 1641; x_wconf 87' lang='lat' dir='ltr'><strong>est,</strong></span> <span class='ocrx_word' id='word_1_355' title='bbox 2513 1595 2619 1633; x_wconf 89' lang='lat' dir='ltr'><strong>non</strong></span> <span class='ocrx_word' id='word_1_356' title='bbox 2653 1594 2777 1635; x_wconf 83' lang='lat' dir='ltr'><strong>esse</strong></span> <span class='ocrx_word' id='word_1_357' title='bbox 2800 1579 3025 1634; x_wconf 80' lang='lat' dir='ltr'><strong>factum.</strong></span> <span class='ocrx_word' id='word_1_358' title='bbox 3076 1578 3213 1632; x_wconf 75' lang='lat' dir='ltr'><strong>lien.</strong></span> <span class='ocrx_word' id='word_1_359' title='bbox 3248 1577 3393 1639; x_wconf 74' lang='lat' dir='ltr'><strong>Vita,</strong></span> <span class='ocrx_word' id='word_1_360' title='bbox 3431 1577 3517 1631; x_wconf 90' lang='lat' dir='ltr'><strong>in-</strong></span> 
     </span>
    </p>
   </div>
   <div class='ocr_carea' id='block_1_46' title="bbox 1931 1670 3511 1741">
    <p class='ocr_par' dir='ltr' id='par_1_46' title="bbox 1931 1670 3511 1741">
     <span class='ocr_line' id='line_1_46' title="bbox 1931 1670 3511 1741; baseline -0.002 -15"><span class='ocrx_word' id='word_1_361' title='bbox 1931 1673 2069 1741; x_wconf 90' lang='lat' dir='ltr'><strong>quit,</strong></span> <span class='ocrx_word' id='word_1_362' title='bbox 2096 1673 2234 1727; x_wconf 77' lang='lat' dir='ltr'><strong>tacta</strong></span> <span class='ocrx_word' id='word_1_363' title='bbox 2267 1683 2351 1727; x_wconf 87' lang='lat' dir='ltr'><strong>est</strong></span> <span class='ocrx_word' id='word_1_364' title='bbox 2377 1688 2405 1725; x_wconf 89' lang='lat' dir='ltr'><strong>a</strong></span> <span class='ocrx_word' id='word_1_365' title='bbox 2453 1672 2641 1735; x_wconf 88' lang='lat' dir='ltr'><strong>Patre,</strong></span> <span class='ocrx_word' id='word_1_366' title='bbox 2675 1673 2812 1726; x_wconf 78' lang='lat' dir='ltr'><strong>dixit</strong></span> <span class='ocrx_word' id='word_1_367' title='bbox 2841 1672 2985 1726; x_wconf 90' lang='lat' dir='ltr'><strong>enim</strong></span> <span class='ocrx_word' id='word_1_368' title='bbox 3037 1670 3273 1725; x_wconf 82' lang='lat' dir='ltr'><strong>Joannes</strong></span> <span class='ocrx_word' id='word_1_369' title='bbox 3303 1688 3316 1723; x_wconf 90' lang='lat'><strong>:</strong></span> <span class='ocrx_word' id='word_1_370' title='bbox 3356 1670 3511 1736; x_wconf 81' lang='lat' dir='ltr'><strong>Quod</strong></span> 
     </span>
    </p>
   </div>
   <div class='ocr_carea' id='block_1_47' title="bbox 1933 1744 3514 1835">
    <p class='ocr_par' dir='ltr' id='par_1_47' title="bbox 1933 1744 3514 1835">
     <span class='ocr_line' id='line_1_47' title="bbox 1933 1744 3514 1835; baseline -0.004 -16"><span class='ocrx_word' id='word_1_371' title='bbox 1933 1744 2130 1835; x_wconf 69' lang='lat' dir='ltr'><strong>factum</strong></span> <span class='ocrx_word' id='word_1_372' title='bbox 2156 1770 2301 1822; x_wconf 75' lang='lat' dir='ltr'><strong>estin</strong></span> <span class='ocrx_word' id='word_1_373' title='bbox 2334 1751 2465 1835; x_wconf 62' lang='lat' dir='ltr'><strong>ipio,</strong></span> <span class='ocrx_word' id='word_1_374' title='bbox 2493 1767 2596 1820; x_wconf 84' lang='lat' dir='ltr'><strong>vita</strong></span> <span class='ocrx_word' id='word_1_375' title='bbox 2615 1776 2726 1820; x_wconf 84' lang='lat' dir='ltr'><strong>erat</strong></span> <span class='ocrx_word' id='word_1_376' title='bbox 2752 1764 3062 1822; x_wconf 79' lang='lat' dir='ltr'><strong>“.Verbum</strong></span> <span class='ocrx_word' id='word_1_377' title='bbox 3096 1764 3251 1833; x_wconf 84' lang='lat' dir='ltr'><strong>cujus</strong></span> <span class='ocrx_word' id='word_1_378' title='bbox 3279 1764 3387 1816; x_wconf 90' lang='lat' dir='ltr'><strong>vita</strong></span> <span class='ocrx_word' id='word_1_379' title='bbox 3412 1775 3514 1817; x_wconf 65' lang='lat' dir='ltr'><strong>ess.</strong></span> 
     </span>
    </p>
   </div>
   <div class='ocr_carea' id='block_1_48' title="bbox 1931 1850 3517 1928">
    <p class='ocr_par' dir='ltr' id='par_1_48' title="bbox 1931 1850 3517 1928">
     <span class='ocr_line' id='line_1_48' title="bbox 1931 1850 3517 1928; baseline -0.005 -15"><span class='ocrx_word' id='word_1_380' title='bbox 1931 1860 2061 1914; x_wconf 69' lang='lat' dir='ltr'><strong>Cra.</strong></span> <span class='ocrx_word' id='word_1_381' title='bbox 2098 1860 2198 1925; x_wconf 86' lang='lat' dir='ltr'><strong>Qui</strong></span> <span class='ocrx_word' id='word_1_382' title='bbox 2226 1859 2498 1927; x_wconf 80' lang='lat' dir='ltr'><strong>colligavit</strong></span> <span class='ocrx_word' id='word_1_383' title='bbox 2532 1850 2697 1928; x_wconf 62' lang='lat' dir='ltr'><strong>igitur</strong></span> <span class='ocrx_word' id='word_1_384' title='bbox 2726 1857 2907 1917; x_wconf 87' lang='lat' dir='ltr'><strong>ambo.</strong></span> <span class='ocrx_word' id='word_1_385' title='bbox 2934 1867 2987 1908; x_wconf 90' lang='lat' dir='ltr'><strong>et</strong></span> <span class='ocrx_word' id='word_1_386' title='bbox 3020 1856 3072 1909; x_wconf 88' lang='lat' dir='ltr'><strong>itt</strong></span> <span class='ocrx_word' id='word_1_387' title='bbox 3108 1869 3273 1909; x_wconf 88' lang='lat' dir='ltr'><strong>unttm</strong></span> <span class='ocrx_word' id='word_1_388' title='bbox 3314 1852 3517 1920; x_wconf 88' lang='lat' dir='ltr'><strong>aliquid</strong></span> 
     </span>
    </p>
   </div>
   <div class='ocr_carea' id='block_1_49' title="bbox 1931 1946 3518 2014">
    <p class='ocr_par' dir='ltr' id='par_1_49' title="bbox 1931 1946 3518 2014">
     <span class='ocr_line' id='line_1_49' title="bbox 1931 1946 3518 2014; baseline -0.005 -10"><span class='ocrx_word' id='word_1_389' title='bbox 1931 1953 2166 2005; x_wconf 83' lang='lat' dir='ltr'><strong>contulit</strong></span> <span class='ocrx_word' id='word_1_390' title='bbox 2199 1953 2368 2003; x_wconf 86' lang='lat' dir='ltr'><strong>vitam</strong></span> <span class='ocrx_word' id='word_1_391' title='bbox 2402 1960 2457 2004; x_wconf 86' lang='lat' dir='ltr'><strong>et</strong></span> <span class='ocrx_word' id='word_1_392' title='bbox 2491 1948 2718 2014; x_wconf 82' lang='lat' dir='ltr'><strong>Filium,</strong></span> <span class='ocrx_word' id='word_1_393' title='bbox 2757 1963 2859 2002; x_wconf 90' lang='lat' dir='ltr'><strong>non</strong></span> <span class='ocrx_word' id='word_1_394' title='bbox 2900 1948 3044 2001; x_wconf 89' lang='lat' dir='ltr'><strong>aliud</strong></span> <span class='ocrx_word' id='word_1_395' title='bbox 3070 1961 3190 2001; x_wconf 84' lang='lat' dir='ltr'><strong>esse</strong></span> <span class='ocrx_word' id='word_1_396' title='bbox 3221 1946 3350 1999; x_wconf 90' lang='lat' dir='ltr'><strong>dicit</strong></span> <span class='ocrx_word' id='word_1_397' title='bbox 3380 1960 3518 2012; x_wconf 65' lang='lat' dir='ltr'><strong>prie-</strong></span> 
     </span>
    </p>
   </div>
   <div class='ocr_carea' id='block_1_50' title="bbox 1936 2038 3519 2112">
    <p class='ocr_par' dir='ltr' id='par_1_50' title="bbox 1936 2038 3519 2112">
     <span class='ocr_line' id='line_1_50' title="bbox 1936 2038 3519 2112; baseline -0.003 -18"><span class='ocrx_word' id='word_1_398' title='bbox 1936 2056 2185 2112; x_wconf 78' lang='lat' dir='ltr'><strong>torqnam</strong></span> <span class='ocrx_word' id='word_1_399' title='bbox 2212 2045 2401 2105; x_wconf 88' lang='lat' dir='ltr'><strong>vitam,</strong></span> <span class='ocrx_word' id='word_1_400' title='bbox 2454 2057 2576 2112; x_wconf 73' lang='lat' dir='ltr'><strong>quze</strong></span> <span class='ocrx_word' id='word_1_401' title='bbox 2632 2043 2684 2095; x_wconf 88' lang='lat' dir='ltr'><strong>in</strong></span> <span class='ocrx_word' id='word_1_402' title='bbox 2733 2040 2854 2110; x_wconf 89' lang='lat' dir='ltr'><strong>ipso</strong></span> <span class='ocrx_word' id='word_1_403' title='bbox 2901 2049 3035 2095; x_wconf 87' lang='lat' dir='ltr'><strong>est:</strong></span> <span class='ocrx_word' id='word_1_404' title='bbox 3089 2039 3248 2092; x_wconf 88' lang='lat' dir='ltr'><strong>itaut</strong></span> <span class='ocrx_word' id='word_1_405' title='bbox 3292 2038 3519 2091; x_wconf 86' lang='lat' dir='ltr'><strong>diversis</strong></span> 
     </span>
    </p>
   </div>
   <div class='ocr_carea' id='block_1_51' title="bbox 1934 2130 3518 2200">
    <p class='ocr_par' dir='ltr' id='par_1_51' title="bbox 1934 2130 3518 2200">
     <span class='ocr_line' id='line_1_51' title="bbox 1934 2130 3518 2200; baseline -0.004 -13"><span class='ocrx_word' id='word_1_406' title='bbox 1934 2135 2249 2188; x_wconf 87' lang='lat' dir='ltr'><strong>nominibus</strong></span> <span class='ocrx_word' id='word_1_407' title='bbox 2320 2143 2511 2188; x_wconf 80' lang='lat' dir='ltr'><strong>natura</strong></span> <span class='ocrx_word' id='word_1_408' title='bbox 2573 2132 2738 2187; x_wconf 87' lang='lat' dir='ltr'><strong>unius</strong></span> <span class='ocrx_word' id='word_1_409' title='bbox 2805 2133 2897 2200; x_wconf 91' lang='lat' dir='ltr'><strong>qui</strong></span> <span class='ocrx_word' id='word_1_410' title='bbox 2965 2130 3301 2199; x_wconf 78' lang='lat' dir='ltr'><strong>intelligitur,</strong></span> <span class='ocrx_word' id='word_1_411' title='bbox 3363 2130 3518 2183; x_wconf 84' lang='lat' dir='ltr'><strong>nobis</strong></span> 
     </span>
    </p>
   </div>
   <div class='ocr_carea' id='block_1_52' title="bbox 1931 2220 3514 2295">
    <p class='ocr_par' dir='ltr' id='par_1_52' title="bbox 1931 2220 3514 2295">
     <span class='ocr_line' id='line_1_52' title="bbox 1931 2220 3514 2295; baseline -0.006 -13"><span class='ocrx_word' id='word_1_412' title='bbox 1931 2229 2268 2295; x_wconf 70' lang='lat' dir='ltr'><strong>signiﬁcetur</strong></span> <span class='ocrx_word' id='word_1_413' title='bbox 2320 2227 2435 2281; x_wconf 88' lang='lat' dir='ltr'><strong>sive</strong></span> <span class='ocrx_word' id='word_1_414' title='bbox 2479 2225 2649 2280; x_wconf 81' lang='lat' dir='ltr'><strong>Filius</strong></span> <span class='ocrx_word' id='word_1_415' title='bbox 2679 2264 2693 2287; x_wconf 92' lang='lat'><strong>,</strong></span> <span class='ocrx_word' id='word_1_416' title='bbox 2726 2225 2839 2279; x_wconf 66' lang='lat' dir='ltr'><strong>sire</strong></span> <span class='ocrx_word' id='word_1_417' title='bbox 2870 2223 2982 2277; x_wconf 88' lang='lat' dir='ltr'><strong>vita</strong></span> <span class='ocrx_word' id='word_1_418' title='bbox 3014 2222 3153 2275; x_wconf 79' lang='lat' dir='ltr'><strong>forte</strong></span> <span class='ocrx_word' id='word_1_419' title='bbox 3180 2224 3388 2275; x_wconf 86' lang='lat' dir='ltr'><strong>dicatur</strong></span> <span class='ocrx_word' id='word_1_420' title='bbox 3416 2220 3514 2287; x_wconf 87' lang='lat' dir='ltr'><strong>(a).</strong></span> 
     </span>
    </p>
   </div>
   <div class='ocr_carea' id='block_1_53' title="bbox 1932 2318 3508 2389">
    <p class='ocr_par' dir='ltr' id='par_1_53' title="bbox 1932 2318 3508 2389">
     <span class='ocr_line' id='line_1_53' title="bbox 1932 2318 3508 2389; baseline -0.003 -15"><span class='ocrx_word' id='word_1_421' title='bbox 1932 2321 2088 2374; x_wconf 77' lang='lat' dir='ltr'><strong>lien.</strong></span> <span class='ocrx_word' id='word_1_422' title='bbox 2131 2320 2246 2385; x_wconf 86' lang='lat' dir='ltr'><strong>Sic,</strong></span> <span class='ocrx_word' id='word_1_423' title='bbox 2318 2324 2561 2389; x_wconf 87' lang='lat' dir='ltr'><strong>inquam.</strong></span> <span class='ocrx_word' id='word_1_424' title='bbox 2609 2320 2678 2375; x_wconf 87' lang='lat' dir='ltr'><strong>Et</strong></span> <span class='ocrx_word' id='word_1_425' title='bbox 2750 2334 2939 2373; x_wconf 89' lang='lat' dir='ltr'><strong>rursus</strong></span> <span class='ocrx_word' id='word_1_426' title='bbox 2986 2318 3125 2372; x_wconf 91' lang='lat' dir='ltr'><strong>idem</strong></span> <span class='ocrx_word' id='word_1_427' title='bbox 3187 2318 3324 2370; x_wconf 88' lang='lat' dir='ltr'><strong>libro</strong></span> <span class='ocrx_word' id='word_1_428' title='bbox 3382 2332 3456 2370; x_wconf 86' lang='lat' dir='ltr'><strong>vtt</strong></span> <span class='ocrx_word' id='word_1_429' title='bbox 3495 2334 3508 2370; x_wconf 90' lang='lat'>:</span> 
     </span>
    </p>
   </div>
   <div class='ocr_carea' id='block_1_54' title="bbox 1933 2410 3512 2483">
    <p class='ocr_par' dir='ltr' id='par_1_54' title="bbox 1933 2410 3512 2483">
     <span class='ocr_line' id='line_1_54' title="bbox 1933 2410 3512 2483; baseline -0.005 -14"><span class='ocrx_word' id='word_1_430' title='bbox 1933 2415 2323 2483; x_wconf 80' lang='lat' dir='ltr'><strong>Subjicieulur,</strong></span> <span class='ocrx_word' id='word_1_431' title='bbox 2352 2415 2551 2481; x_wconf 86' lang='lat' dir='ltr'><strong>inquit,</strong></span> <span class='ocrx_word' id='word_1_432' title='bbox 2582 2414 2866 2467; x_wconf 88' lang='lat' dir='ltr'><strong>nobiscum</strong></span> <span class='ocrx_word' id='word_1_433' title='bbox 2900 2412 3077 2465; x_wconf 83' lang='lat' dir='ltr'><strong>sacris</strong></span> <span class='ocrx_word' id='word_1_434' title='bbox 3111 2418 3168 2464; x_wconf 87' lang='lat' dir='ltr'><strong>et</strong></span> <span class='ocrx_word' id='word_1_435' title='bbox 3192 2410 3389 2463; x_wconf 88' lang='lat' dir='ltr'><strong>divinis</strong></span> <span class='ocrx_word' id='word_1_436' title='bbox 3423 2410 3512 2461; x_wconf 88' lang='lat' dir='ltr'><strong>Iit-</strong></span> 
     </span>
    </p>
   </div>
   <div class='ocr_carea' id='block_1_55' title="bbox 1932 2501 3513 2576">
    <p class='ocr_par' dir='ltr' id='par_1_55' title="bbox 1932 2501 3513 2576">
     <span class='ocr_line' id='line_1_55' title="bbox 1932 2501 3513 2576; baseline -0.006 -16"><span class='ocrx_word' id='word_1_437' title='bbox 1932 2508 2090 2571; x_wconf 83' lang='lat' dir='ltr'><strong>teris,</strong></span> <span class='ocrx_word' id='word_1_438' title='bbox 2130 2522 2249 2576; x_wconf 64' lang='lat' dir='ltr'><strong>quin</strong></span> <span class='ocrx_word' id='word_1_439' title='bbox 2293 2515 2483 2575; x_wconf 87' lang='lat' dir='ltr'><strong>aperte</strong></span> <span class='ocrx_word' id='word_1_440' title='bbox 2516 2506 2836 2572; x_wconf 72' lang='lat' dir='ltr'><strong>praedicant,</strong></span> <span class='ocrx_word' id='word_1_441' title='bbox 2865 2517 2972 2556; x_wconf 89' lang='lat' dir='ltr'><strong>non</strong></span> <span class='ocrx_word' id='word_1_442' title='bbox 2999 2503 3121 2556; x_wconf 78' lang='lat' dir='ltr'><strong>vitro</strong></span> <span class='ocrx_word' id='word_1_443' title='bbox 3147 2502 3214 2553; x_wconf 85' lang='lat' dir='ltr'><strong>ab</strong></span> <span class='ocrx_word' id='word_1_444' title='bbox 3258 2501 3364 2554; x_wconf 86' lang='lat' dir='ltr'><strong>alio</strong></span> <span class='ocrx_word' id='word_1_445' title='bbox 3398 2516 3513 2552; x_wconf 81' lang='lat' dir='ltr'><strong>nta-</strong></span> 
     </span>
    </p>
   </div>
   <div class='ocr_carea' id='block_1_56' title="bbox 1932 2592 3511 2660">
    <p class='ocr_par' dir='ltr' id='par_1_56' title="bbox 1932 2592 3511 2660">
     <span class='ocr_line' id='line_1_56' title="bbox 1932 2592 3511 2660; baseline -0.008 -6"><span class='ocrx_word' id='word_1_446' title='bbox 1932 2600 2112 2655; x_wconf 89' lang='lat' dir='ltr'><strong>nantis</strong></span> <span class='ocrx_word' id='word_1_447' title='bbox 2142 2599 2447 2652; x_wconf 85' lang='lat' dir='ltr'><strong>ministrum</strong></span> <span class='ocrx_word' id='word_1_448' title='bbox 2480 2612 2624 2660; x_wconf 88' lang='lat' dir='ltr'><strong>esse,</strong></span> <span class='ocrx_word' id='word_1_449' title='bbox 2682 2596 2777 2650; x_wconf 89' lang='lat' dir='ltr'><strong>sed</strong></span> <span class='ocrx_word' id='word_1_450' title='bbox 2835 2610 2895 2649; x_wconf 91' lang='lat' dir='ltr'><strong>re</strong></span> <span class='ocrx_word' id='word_1_451' title='bbox 2947 2609 3067 2648; x_wconf 89' lang='lat' dir='ltr'><strong>esse</strong></span> <span class='ocrx_word' id='word_1_452' title='bbox 3119 2592 3291 2660; x_wconf 82' lang='lat' dir='ltr'><strong>ipsam</strong></span> <span class='ocrx_word' id='word_1_453' title='bbox 3348 2593 3511 2645; x_wconf 80' lang='lat' dir='ltr'><strong>vitam</strong></span> 
     </span>
    </p>
   </div>
   <div class='ocr_carea' id='block_1_57' title="bbox 1931 2684 3515 2761">
    <p class='ocr_par' dir='ltr' id='par_1_57' title="bbox 1931 2684 3515 2761">
     <span class='ocr_line' id='line_1_57' title="bbox 1931 2684 3515 2761; baseline -0.008 -14"><span class='ocrx_word' id='word_1_454' title='bbox 1931 2694 2179 2761; x_wconf 77' lang='lat' dir='ltr'><strong>Spiritum</strong></span> <span class='ocrx_word' id='word_1_455' title='bbox 2245 2692 2367 2745; x_wconf 81' lang='lat' dir='ltr'><strong>vitae</strong></span> <span class='ocrx_word' id='word_1_456' title='bbox 2418 2690 2716 2746; x_wconf 88' lang='lat' dir='ltr'><strong>secundum</strong></span> <span class='ocrx_word' id='word_1_457' title='bbox 2782 2697 3033 2740; x_wconf 87' lang='lat' dir='ltr'><strong>naturam</strong></span> <span class='ocrx_word' id='word_1_458' title='bbox 3100 2684 3376 2737; x_wconf 79' lang='lat' dir='ltr'><strong>vivificum</strong></span> <span class='ocrx_word' id='word_1_459' title='bbox 3458 2692 3515 2735; x_wconf 90' lang='lat' dir='ltr'><strong>et</strong></span> 
     </span>
    </p>
   </div>
   <div class='ocr_carea' id='block_1_58' title="bbox 1930 2773 3513 2847">
    <p class='ocr_par' dir='ltr' id='par_1_58' title="bbox 1930 2773 3513 2847">
     <span class='ocr_line' id='line_1_58' title="bbox 1930 2773 3513 2847; baseline -0.009 -8"><span class='ocrx_word' id='word_1_460' title='bbox 1930 2796 2175 2839; x_wconf 82' lang='lat' dir='ltr'><strong>sanetum</strong></span> <span class='ocrx_word' id='word_1_461' title='bbox 2204 2801 2216 2847; x_wconf 86' lang='lat'><strong>;</strong></span> <span class='ocrx_word' id='word_1_462' title='bbox 2248 2784 2325 2835; x_wconf 86' lang='lat' dir='ltr'><strong>sic</strong></span> <span class='ocrx_word' id='word_1_463' title='bbox 2346 2783 2490 2836; x_wconf 87' lang='lat' dir='ltr'><strong>enim</strong></span> <span class='ocrx_word' id='word_1_464' title='bbox 2528 2783 2600 2835; x_wconf 89' lang='lat' dir='ltr'><strong>ait</strong></span> <span class='ocrx_word' id='word_1_465' title='bbox 2631 2778 2826 2834; x_wconf 87' lang='lat' dir='ltr'><strong>alicubi</strong></span> <span class='ocrx_word' id='word_1_466' title='bbox 2870 2777 3071 2834; x_wconf 65' lang='lat' dir='ltr'><strong>Paulus</strong></span> <span class='ocrx_word' id='word_1_467' title='bbox 3098 2791 3110 2827; x_wconf 90' lang='lat'>:</span> <span class='ocrx_word' id='word_1_468' title='bbox 3152 2773 3211 2830; x_wconf 89' lang='lat' dir='ltr'><strong>Si</strong></span> <span class='ocrx_word' id='word_1_469' title='bbox 3251 2775 3513 2843; x_wconf 80' lang='lat' dir='ltr'><strong>Spirttus,</strong></span> 
     </span>
    </p>
   </div>
   <div class='ocr_carea' id='block_1_59' title="bbox 1931 2867 3513 2944">
    <p class='ocr_par' dir='ltr' id='par_1_59' title="bbox 1931 2867 3513 2944">
     <span class='ocr_line' id='line_1_59' title="bbox 1931 2867 3513 2944; baseline -0.008 -14"><span class='ocrx_word' id='word_1_470' title='bbox 1931 2881 2019 2944; x_wconf 88' lang='lat' dir='ltr'><strong>qui</strong></span> <span class='ocrx_word' id='word_1_471' title='bbox 2055 2877 2319 2930; x_wconf 70' lang='lat' dir='ltr'><strong>suscitavit</strong></span> <span class='ocrx_word' id='word_1_472' title='bbox 2356 2875 2540 2928; x_wconf 77' lang='lat' dir='ltr'><strong>Iesum</strong></span> <span class='ocrx_word' id='word_1_473' title='bbox 2564 2891 2593 2926; x_wconf 83' lang='grc' dir='ltr'><em>α</em></span> <span class='ocrx_word' id='word_1_474' title='bbox 2623 2873 2866 2933; x_wconf 83' lang='lat' dir='ltr'><strong>mortuis,</strong></span> <span class='ocrx_word' id='word_1_475' title='bbox 2887 2872 3093 2923; x_wconf 68' lang='lat' dir='ltr'><strong>habitat</strong></span> <span class='ocrx_word' id='word_1_476' title='bbox 3119 2870 3172 2921; x_wconf 86' lang='lat' dir='ltr'><strong>iu</strong></span> <span class='ocrx_word' id='word_1_477' title='bbox 3205 2869 3353 2920; x_wconf 75' lang='lat' dir='ltr'><strong>nobis</strong></span> <span class='ocrx_word' id='word_1_478' title='bbox 3378 2883 3398 2924; x_wconf 85' lang='lat'><strong><em>:</em></strong></span> <span class='ocrx_word' id='word_1_479' title='bbox 3421 2867 3513 2934; x_wconf 81' lang='lat' dir='ltr'><strong>qui</strong></span> 
     </span>
    </p>
   </div>
   <div class='ocr_carea' id='block_1_60' title="bbox 1932 2956 3519 3031">
    <p class='ocr_par' dir='ltr' id='par_1_60' title="bbox 1932 2956 3519 3031">
     <span class='ocr_line' id='line_1_60' title="bbox 1932 2956 3519 3031; baseline -0.009 -10"><span class='ocrx_word' id='word_1_480' title='bbox 1932 2969 2208 3021; x_wconf 79' lang='lat' dir='ltr'><strong>suscitavit</strong></span> <span class='ocrx_word' id='word_1_481' title='bbox 2245 2968 2426 3021; x_wconf 81' lang='lat' dir='ltr'><strong>Jesum</strong></span> <span class='ocrx_word' id='word_1_482' title='bbox 2454 2983 2485 3018; x_wconf 87' lang='lat' dir='ltr'><strong>a</strong></span> <span class='ocrx_word' id='word_1_483' title='bbox 2523 2965 2770 3025; x_wconf 84' lang='lat' dir='ltr'><strong>mortuis,</strong></span> <span class='ocrx_word' id='word_1_484' title='bbox 2802 2961 3088 3031; x_wconf 78' lang='lat' dir='ltr'><strong>&#39;viviﬁcabit</strong></span> <span class='ocrx_word' id='word_1_485' title='bbox 3153 2969 3202 3012; x_wconf 90' lang='lat' dir='ltr'><strong>et</strong></span> <span class='ocrx_word' id='word_1_486' title='bbox 3266 2956 3519 3011; x_wconf 79' lang='lat' dir='ltr'><strong>mortalin</strong></span> 
     </span>
    </p>
   </div>
   <div class='ocr_carea' id='block_1_61' title="bbox 1888 3048 3518 3127">
    <p class='ocr_par' dir='ltr' id='par_1_61' title="bbox 1888 3048 3518 3127">
     <span class='ocr_line' id='line_1_61' title="bbox 1888 3048 3518 3127; baseline -0.009 -14"><span class='ocrx_word' id='word_1_487' title='bbox 1888 3076 2153 3127; x_wconf 64' lang='lat' dir='ltr'><strong>.corpora</strong></span> <span class='ocrx_word' id='word_1_488' title='bbox 2183 3072 2363 3112; x_wconf 78' lang='lat' dir='ltr'><strong>nostra</strong></span> <span class='ocrx_word' id='word_1_489' title='bbox 2415 3074 2506 3126; x_wconf 81' lang='lat' dir='ltr'><strong>per</strong></span> <span class='ocrx_word' id='word_1_490' title='bbox 2560 3056 2941 3109; x_wconf 82' lang='lat' dir='ltr'><strong>inhabitantem</strong></span> <span class='ocrx_word' id='word_1_491' title='bbox 2989 3052 3247 3121; x_wconf 75' lang='lat' dir='ltr'><strong>Spiritum</strong></span> <span class='ocrx_word' id='word_1_492' title='bbox 3299 3049 3412 3117; x_wconf 76' lang='lat' dir='ltr'><strong>ejus</strong></span> <span class='ocrx_word' id='word_1_493' title='bbox 3463 3048 3518 3099; x_wconf 86' lang='lat' dir='ltr'><strong>in</strong></span> 
     </span>
    </p>
   </div>
   <div class='ocr_carea' id='block_1_62' title="bbox 245 3144 3514 3218">
    <p class='ocr_par' dir='ltr' id='par_1_62' title="bbox 245 3144 3514 3218">
     <span class='ocr_line' id='line_1_62' title="bbox 245 3144 3514 3218; baseline -0.002 -23"><span class='ocrx_word' id='word_1_494' title='bbox 245 3145 478 3212; x_wconf 80' lang='lat' dir='ltr'><strong>ripium,</strong></span> <span class='ocrx_word' id='word_1_495' title='bbox 511 3156 561 3196; x_wconf 86' lang='lat' dir='ltr'><strong>et</strong></span> <span class='ocrx_word' id='word_1_496' title='bbox 598 3145 835 3213; x_wconf 81' lang='lat' dir='ltr'><strong>Spiritus</strong></span> <span class='ocrx_word' id='word_1_497' title='bbox 888 3149 1025 3218; x_wconf 81' lang='lat' dir='ltr'><strong>t-jus,</strong></span> <span class='ocrx_word' id='word_1_498' title='bbox 1054 3150 1144 3215; x_wconf 87' lang='lat' dir='ltr'><strong>qui</strong></span> <span class='ocrx_word' id='word_1_499' title='bbox 1190 3159 1271 3203; x_wconf 86' lang='lat' dir='ltr'><strong>est</strong></span> <span class='ocrx_word' id='word_1_500' title='bbox 1327 3161 1450 3202; x_wconf 80' lang='lat' dir='ltr'><strong>ante</strong></span> <span class='ocrx_word' id='word_1_501' title='bbox 1516 3150 1736 3209; x_wconf 67' lang='lat' dir='ltr'><strong>smrula,</strong></span> <span class='ocrx_word' id='word_1_502' title='bbox 1776 3157 1827 3199; x_wconf 74' lang='grc' dir='ltr'><strong>ιιι</strong></span> <span class='ocrx_word' id='word_1_503' title='bbox 1857 3160 1898 3214; x_wconf 79' lang='lat' dir='ltr'>c</span> <span class='ocrx_word' id='word_1_504' title='bbox 1936 3155 2080 3204; x_wconf 68' lang='lat' dir='ltr'><strong>nobis</strong></span> <span class='ocrx_word' id='word_1_505' title='bbox 2118 3151 2186 3205; x_wconf 81' lang='grc'><strong>’⁷.</strong></span> <span class='ocrx_word' id='word_1_506' title='bbox 2218 3144 2674 3218; x_wconf 70' lang='lat' dir='ltr'><strong>Spiritumigitur</strong></span> <span class='ocrx_word' id='word_1_507' title='bbox 2729 3148 2854 3199; x_wconf 62' lang='lat' dir='ltr'><strong>vita!</strong></span> <span class='ocrx_word' id='word_1_508' title='bbox 2889 3149 3182 3198; x_wconf 71' lang='lat' dir='ltr'><strong>semiudum</strong></span> <span class='ocrx_word' id='word_1_509' title='bbox 3244 3152 3514 3201; x_wconf 73' lang='lat' dir='ltr'><strong>naturam,</strong></span> 
     </span>
    </p>
   </div>
   <div class='ocr_carea' id='block_1_63' title="bbox 241 3236 1828 3310">
    <p class='ocr_par' dir='ltr' id='par_1_63' title="bbox 241 3236 1828 3310">
     <span class='ocr_line' id='line_1_63' title="bbox 241 3236 1828 3310; baseline 0.003 -21"><span class='ocrx_word' id='word_1_510' title='bbox 241 3248 295 3289; x_wconf 87' lang='lat' dir='ltr'><strong>et</strong></span> <span class='ocrx_word' id='word_1_511' title='bbox 328 3237 453 3289; x_wconf 79' lang='lat' dir='ltr'><strong>sine</strong></span> <span class='ocrx_word' id='word_1_512' title='bbox 482 3236 587 3289; x_wconf 88' lang='lat' dir='ltr'><strong>ulla</strong></span> <span class='ocrx_word' id='word_1_513' title='bbox 626 3239 922 3293; x_wconf 72' lang='lat' dir='ltr'><strong>variatione</strong></span> <span class='ocrx_word' id='word_1_514' title='bbox 965 3241 1143 3309; x_wconf 73' lang='lat' dir='ltr'><strong>imago</strong></span> <span class='ocrx_word' id='word_1_515' title='bbox 1187 3251 1239 3295; x_wconf 85' lang='lat' dir='ltr'><strong>ct</strong></span> <span class='ocrx_word' id='word_1_516' title='bbox 1294 3242 1461 3310; x_wconf 77' lang='lat' dir='ltr'><strong>glori&#39;i</strong></span> <span class='ocrx_word' id='word_1_517' title='bbox 1519 3240 1609 3294; x_wconf 77' lang='lat' dir='ltr'><strong>Dei</strong></span> <span class='ocrx_word' id='word_1_518' title='bbox 1652 3240 1828 3294; x_wconf 63' lang='lat' dir='ltr'><strong>Patris</strong></span> 
     </span>
    </p>
   </div>
   <div class='ocr_carea' id='block_1_64' title="bbox 243 3327 1636 3386">
    <p class='ocr_par' dir='ltr' id='par_1_64' title="bbox 243 3327 1636 3386">
     <span class='ocr_line' id='line_1_64' title="bbox 243 3327 1636 3386; baseline 0.001 -7"><span class='ocrx_word' id='word_1_519' title='bbox 243 3344 348 3380; x_wconf 84' lang='lat' dir='ltr'><strong>non</strong></span> <span class='ocrx_word' id='word_1_520' title='bbox 376 3327 633 3383; x_wconf 74' lang='lat' dir='ltr'><strong>habentis</strong></span> <span class='ocrx_word' id='word_1_521' title='bbox 672 3347 911 3386; x_wconf 78' lang='lat' dir='ltr'><strong>causam.</strong></span> <span class='ocrx_word' id='word_1_522' title='bbox 1633 3330 1636 3335; x_wconf 82' lang='grc'><em>’</em></span> 
     </span>
    </p>
   </div>
   <div class='ocr_carea' id='block_1_65' title="bbox 839 3424 1227 3479">
    <p class='ocr_par' dir='ltr' id='par_1_65' title="bbox 839 3424 1227 3479">
     <span class='ocr_line' id='line_1_65' title="bbox 839 3424 1227 3479; baseline 0.005 -2"><span class='ocrx_word' id='word_1_523' title='bbox 839 3424 1071 3478; x_wconf 60' lang='lat' dir='ltr'><strong>CAPUT</strong></span> <span class='ocrx_word' id='word_1_524' title='bbox 1116 3424 1227 3479; x_wconf 67' lang='lat' dir='ltr'><strong>V&#39;ll.</strong></span> 
     </span>
    </p>
   </div>
   <div class='ocr_carea' id='block_1_66' title="bbox 244 3508 1827 3592">
    <p class='ocr_par' dir='ltr' id='par_1_66' title="bbox 244 3508 1827 3592">
     <span class='ocr_line' id='line_1_66' title="bbox 244 3508 1827 3592; baseline 0.004 -30"><span class='ocrx_word' id='word_1_525' title='bbox 244 3508 403 3576; x_wconf 80' lang='lat' dir='ltr'><strong>Quod</strong></span> <span class='ocrx_word' id='word_1_526' title='bbox 435 3513 810 3592; x_wconf 63' lang='lat' dir='ltr'><strong>in_Tr&#39;irtitate,</strong></span> <span class='ocrx_word' id='word_1_527' title='bbox 843 3536 960 3582; x_wconf 71' lang='lat' dir='ltr'><strong>qum</strong></span> <span class='ocrx_word' id='word_1_528' title='bbox 982 3528 1056 3569; x_wconf 71' lang='lat' dir='ltr'><strong>est</strong></span> <span class='ocrx_word' id='word_1_529' title='bbox 1110 3535 1269 3581; x_wconf 75' lang='lat' dir='ltr'><strong>supra</strong></span> <span class='ocrx_word' id='word_1_530' title='bbox 1295 3518 1668 3570; x_wconf 61' lang='lat' dir='ltr'><strong>substantiam.</strong></span> <span class='ocrx_word' id='word_1_531' title='bbox 1717 3534 1827 3568; x_wconf 80' lang='lat' dir='ltr'><strong>nou</strong></span> 
     </span>
    </p>
   </div>
   <div class='ocr_carea' id='block_1_67' title="bbox 312 3584 1830 3647">
    <p class='ocr_par' dir='ltr' id='par_1_67' title="bbox 312 3584 1830 3647">
     <span class='ocr_line' id='line_1_67' title="bbox 312 3584 1830 3647; baseline 0.001 -11"><span class='ocrx_word' id='word_1_532' title='bbox 312 3592 391 3636; x_wconf 69' lang='lat' dir='ltr'><strong>est</strong></span> <span class='ocrx_word' id='word_1_533' title='bbox 429 3584 542 3636; x_wconf 82' lang='lat' dir='ltr'><strong>alia</strong></span> <span class='ocrx_word' id='word_1_534' title='bbox 571 3588 698 3647; x_wconf 80' lang='lat' dir='ltr'><strong>rita,</strong></span> <span class='ocrx_word' id='word_1_535' title='bbox 731 3584 805 3639; x_wconf 71' lang='grc' dir='ltr'>ὖιιι</span> <span class='ocrx_word' id='word_1_536' title='bbox 842 3589 1107 3646; x_wconf 68' lang='lat' dir='ltr'><strong>voluntas,</strong></span> <span class='ocrx_word' id='word_1_537' title='bbox 1158 3590 1232 3640; x_wconf 77' lang='lat' dir='ltr'><strong>vel</strong></span> <span class='ocrx_word' id='word_1_538' title='bbox 1281 3589 1538 3645; x_wconf 81' lang='lat' dir='ltr'><strong>charitas,</strong></span> <span class='ocrx_word' id='word_1_539' title='bbox 1582 3588 1657 3638; x_wconf 78' lang='lat' dir='ltr'><strong>vel</strong></span> <span class='ocrx_word' id='word_1_540' title='bbox 1705 3590 1830 3637; x_wconf 78' lang='lat' dir='ltr'><strong>bea-</strong></span> 
     </span>
    </p>
   </div>
   <div class='ocr_carea' id='block_1_68' title="bbox 316 3656 1828 3720">
    <p class='ocr_par' dir='ltr' id='par_1_68' title="bbox 316 3656 1828 3720">
     <span class='ocr_line' id='line_1_68' title="bbox 316 3656 1828 3720; baseline 0.003 -16"><span class='ocrx_word' id='word_1_541' title='bbox 316 3658 516 3711; x_wconf 82' lang='lat' dir='ltr'><strong>titudo,</strong></span> <span class='ocrx_word' id='word_1_542' title='bbox 540 3656 617 3705; x_wconf 75' lang='lat' dir='ltr'><strong>vel</strong></span> <span class='ocrx_word' id='word_1_543' title='bbox 656 3659 1009 3720; x_wconf 75' lang='lat' dir='ltr'><strong>pulchritudo.</strong></span> <span class='ocrx_word' id='word_1_544' title='bbox 1053 3660 1128 3711; x_wconf 75' lang='lat' dir='ltr'><strong>vel</strong></span> <span class='ocrx_word' id='word_1_545' title='bbox 1155 3659 1433 3718; x_wconf 76' lang='lat' dir='ltr'><strong>suurtitas,</strong></span> <span class='ocrx_word' id='word_1_546' title='bbox 1480 3672 1643 3715; x_wconf 54' lang='lat' dir='ltr'><strong>itaque</strong></span> <span class='ocrx_word' id='word_1_547' title='bbox 1673 3658 1828 3708; x_wconf 74' lang='lat' dir='ltr'><strong>uorti-</strong></span> 
     </span>
    </p>
   </div>
   <div class='ocr_carea' id='block_1_69' title="bbox 320 3724 1828 3824">
    <p class='ocr_par' dir='ltr' id='par_1_69' title="bbox 320 3724 1828 3824">
     <span class='ocr_line' id='line_1_69' title="bbox 320 3724 1828 3824; baseline 0.001 -49"><span class='ocrx_word' id='word_1_548' title='bbox 320 3733 424 3787; x_wconf 61' lang='lat' dir='ltr'><strong>tas,</strong></span> <span class='ocrx_word' id='word_1_549' title='bbox 457 3724 535 3775; x_wconf 69' lang='lat' dir='ltr'><strong>rel</strong></span> <span class='ocrx_word' id='word_1_550' title='bbox 576 3728 767 3805; x_wconf 63' lang='lat' dir='ltr'><strong>Ianua,</strong></span> <span class='ocrx_word' id='word_1_551' title='bbox 796 3728 875 3824; x_wconf 53' lang='lat' dir='ltr'><strong>trgi</strong></span> <span class='ocrx_word' id='word_1_552' title='bbox 907 3731 1297 3824; x_wconf 36' lang='lat' dir='ltr'><strong>regnumauisi</strong></span> <span class='ocrx_word' id='word_1_553' title='bbox 1345 3732 1452 3791; x_wconf 76' lang='lat' dir='ltr'><strong>ipse</strong></span> <span class='ocrx_word' id='word_1_554' title='bbox 1508 3726 1679 3779; x_wconf 71' lang='lat' dir='ltr'><strong>Filius</strong></span> <span class='ocrx_word' id='word_1_555' title='bbox 1714 3727 1828 3788; x_wconf 67' lang='lat' dir='ltr'><strong>Uri,</strong></span> 
     </span>
     <span class='ocr_line' id='line_1_70' title="bbox 320 3799 1043 3824; baseline 0 0"><span class='ocrx_word' id='word_1_556' title='bbox 320 3805 365 3824; x_wconf 71' lang='lat'><strong>-1</strong></span> <span class='ocrx_word' id='word_1_557' title='bbox 427 3806 770 3824; x_wconf 48' lang='lat' dir='ltr'><strong>ausu-“Jb”...</strong></span> <span class='ocrx_word' id='word_1_558' title='bbox 856 3799 1043 3824; x_wconf 71' lang='lat'><strong>..:...‘...-</strong></span> 
     </span>
    </p>
   </div>
   <div class='ocr_carea' id='block_1_70' title="bbox 316 3795 1064 3863">
    <p class='ocr_par' dir='ltr' id='par_1_70' title="bbox 316 3795 1064 3863">
     <span class='ocr_line' id='line_1_71' title="bbox 316 3795 1064 3863; baseline 0.007 -18"><span class='ocrx_word' id='word_1_559' title='bbox 316 3805 365 3845; x_wconf 79' lang='lat' dir='ltr'><strong>et</strong></span> <span class='ocrx_word' id='word_1_560' title='bbox 423 3806 637 3846; x_wconf 81' lang='lat' dir='ltr'><strong>sanctus</strong></span> <span class='ocrx_word' id='word_1_561' title='bbox 659 3795 770 3863; x_wconf 83' lang='lat' dir='ltr'><strong>ejus</strong></span> <span class='ocrx_word' id='word_1_562' title='bbox 810 3798 1064 3863; x_wconf 81' lang='lat' dir='ltr'><strong>Spiritus.</strong></span> 
     </span>
    </p>
   </div>
   <div class='ocr_carea' id='block_1_71' title="bbox 316 3885 1827 3956">
    <p class='ocr_par' dir='ltr' id='par_1_71' title="bbox 316 3885 1827 3956">
     <span class='ocr_line' id='line_1_72' title="bbox 316 3885 1827 3956; baseline 0.003 -19"><span class='ocrx_word' id='word_1_563' title='bbox 316 3885 742 3955; x_wconf 74' lang='lat' dir='ltr'><strong>Chrysnstomus</strong></span> <span class='ocrx_word' id='word_1_564' title='bbox 814 3890 1116 3955; x_wconf 68' lang='lat' dir='ltr'><strong>explanatis</strong></span> <span class='ocrx_word' id='word_1_565' title='bbox 1174 3890 1358 3942; x_wconf 85' lang='lat' dir='ltr'><strong>illud:</strong></span> <span class='ocrx_word' id='word_1_566' title='bbox 1426 3890 1489 3942; x_wconf 80' lang='lat' dir='ltr'><strong>In</strong></span> <span class='ocrx_word' id='word_1_567' title='bbox 1558 3891 1668 3956; x_wconf 71' lang='lat' dir='ltr'><strong>ipso</strong></span> <span class='ocrx_word' id='word_1_568' title='bbox 1720 3893 1827 3942; x_wconf 78' lang='lat' dir='ltr'><strong>vita</strong></span> 
     </span>
    </p>
   </div>
   <div class='ocr_carea' id='block_1_72' title="bbox 246 3977 1825 4049">
    <p class='ocr_par' dir='ltr' id='par_1_72' title="bbox 246 3977 1825 4049">
     <span class='ocr_line' id='line_1_73' title="bbox 246 3977 1825 4049; baseline 0.003 -23"><span class='ocrx_word' id='word_1_569' title='bbox 246 3987 378 4041; x_wconf 62' lang='grc' dir='ltr'><strong>(τρι,</strong></span> <span class='ocrx_word' id='word_1_570' title='bbox 407 3986 455 4029; x_wconf 84' lang='lat' dir='ltr'><strong>et</strong></span> <span class='ocrx_word' id='word_1_571' title='bbox 496 3977 598 4029; x_wconf 83' lang='lat' dir='ltr'><strong>ritu</strong></span> <span class='ocrx_word' id='word_1_572' title='bbox 624 3990 734 4031; x_wconf 83' lang='lat' dir='ltr'><strong>erat</strong></span> <span class='ocrx_word' id='word_1_573' title='bbox 761 3981 851 4031; x_wconf 72' lang='lat' dir='ltr'><strong>lux</strong></span> <span class='ocrx_word' id='word_1_574' title='bbox 876 3980 1168 4033; x_wconf 82' lang='lat' dir='ltr'><strong>hominum.</strong></span> <span class='ocrx_word' id='word_1_575' title='bbox 1203 3980 1339 4033; x_wconf 82' lang='lat' dir='ltr'><strong>Cum</strong></span> <span class='ocrx_word' id='word_1_576' title='bbox 1382 3981 1588 4042; x_wconf 82' lang='lat' dir='ltr'><strong>audies,</strong></span> <span class='ocrx_word' id='word_1_577' title='bbox 1635 3982 1825 4049; x_wconf 74' lang='lat' dir='ltr'><strong>inquit,</strong></span> 
     </span>
    </p>
   </div>
   <div class='ocr_carea' id='block_1_73' title="bbox 247 4063 1825 4139">
    <p class='ocr_par' dir='ltr' id='par_1_73' title="bbox 247 4063 1825 4139">
     <span class='ocr_line' id='line_1_74' title="bbox 247 4063 1825 4139; baseline 0.006 -21"><span class='ocrx_word' id='word_1_578' title='bbox 247 4063 314 4118; x_wconf 79' lang='lat' dir='ltr'><strong>In</strong></span> <span class='ocrx_word' id='word_1_579' title='bbox 340 4067 456 4130; x_wconf 70' lang='grc' dir='ltr'><strong>ἰνιο</strong></span> <span class='ocrx_word' id='word_1_580' title='bbox 493 4068 598 4121; x_wconf 79' lang='lat' dir='ltr'><strong>ritu</strong></span> <span class='ocrx_word' id='word_1_581' title='bbox 624 4080 756 4129; x_wconf 76' lang='lat' dir='ltr'><strong>erat,</strong></span> <span class='ocrx_word' id='word_1_582' title='bbox 794 4088 857 4123; x_wconf 79' lang='lat' dir='ltr'><strong>ne</strong></span> <span class='ocrx_word' id='word_1_583' title='bbox 891 4073 1173 4126; x_wconf 66' lang='lat' dir='ltr'><strong>existimes</strong></span> <span class='ocrx_word' id='word_1_584' title='bbox 1209 4073 1372 4125; x_wconf 85' lang='lat' dir='ltr'><strong>Deum</strong></span> <span class='ocrx_word' id='word_1_585' title='bbox 1415 4076 1770 4139; x_wconf 80' lang='lat' dir='ltr'><strong>contpositum</strong></span> <span class='ocrx_word' id='word_1_586' title='bbox 1814 4093 1825 4128; x_wconf 94' lang='lat'>:</span> 
     </span>
    </p>
   </div>
   <div class='ocr_carea' id='block_1_74' title="bbox 249 4159 1831 4228">
    <p class='ocr_par' dir='ltr' id='par_1_74' title="bbox 249 4159 1831 4228">
     <span class='ocr_line' id='line_1_75' title="bbox 249 4159 1831 4228; baseline 0.005 -19"><span class='ocrx_word' id='word_1_587' title='bbox 249 4159 518 4224; x_wconf 74' lang='lat' dir='ltr'><strong>siquidem</strong></span> <span class='ocrx_word' id='word_1_588' title='bbox 561 4160 816 4228; x_wconf 83' lang='lat' dir='ltr'><strong>prodiens</strong></span> <span class='ocrx_word' id='word_1_589' title='bbox 862 4180 924 4213; x_wconf 76' lang='lat' dir='ltr'><strong>cx</strong></span> <span class='ocrx_word' id='word_1_590' title='bbox 966 4164 1143 4227; x_wconf 69' lang='lat' dir='ltr'><strong>Patre,</strong></span> <span class='ocrx_word' id='word_1_591' title='bbox 1179 4163 1287 4219; x_wconf 85' lang='lat' dir='ltr'><strong>ait:</strong></span> <span class='ocrx_word' id='word_1_592' title='bbox 1320 4164 1468 4217; x_wconf 66' lang='lat' dir='ltr'><strong>Sicut</strong></span> <span class='ocrx_word' id='word_1_593' title='bbox 1502 4162 1665 4217; x_wconf 81' lang='lat' dir='ltr'><strong>Pater</strong></span> <span class='ocrx_word' id='word_1_594' title='bbox 1732 4166 1831 4217; x_wconf 81' lang='lat' dir='ltr'><strong>lm-</strong></span> 
     </span>
    </p>
   </div>
   <div class='ocr_carea' id='block_1_75' title="bbox 251 4254 1826 4335">
    <p class='ocr_par' dir='ltr' id='par_1_75' title="bbox 251 4254 1826 4335">
     <span class='ocr_line' id='line_1_76' title="bbox 251 4254 1826 4335; baseline 0.001 -30"><span class='ocrx_word' id='word_1_595' title='bbox 251 4254 522 4335; x_wconf 71' lang='lat' dir='ltr'><strong>bet_ritam</strong></span> <span class='ocrx_word' id='word_1_596' title='bbox 560 4255 612 4304; x_wconf 80' lang='lat' dir='ltr'><strong>in</strong></span> <span class='ocrx_word' id='word_1_597' title='bbox 638 4256 937 4318; x_wconf 66' lang='grc' dir='ltr'><strong>δυιιιμιὶμδυ,</strong></span> <span class='ocrx_word' id='word_1_598' title='bbox 968 4258 1042 4308; x_wconf 81' lang='lat' dir='ltr'><strong>sic</strong></span> <span class='ocrx_word' id='word_1_599' title='bbox 1085 4256 1233 4308; x_wconf 69' lang='lat' dir='ltr'><strong>dedit</strong></span> <span class='ocrx_word' id='word_1_600' title='bbox 1261 4268 1305 4309; x_wconf 85' lang='lat' dir='ltr'><strong>et</strong></span> <span class='ocrx_word' id='word_1_601' title='bbox 1357 4255 1495 4308; x_wconf 67' lang='lat' dir='ltr'><strong>Filio</strong></span> <span class='ocrx_word' id='word_1_602' title='bbox 1533 4260 1685 4311; x_wconf 74' lang='lat' dir='ltr'><strong>vitam</strong></span> <span class='ocrx_word' id='word_1_603' title='bbox 1729 4261 1826 4309; x_wconf 76' lang='lat' dir='ltr'><strong>lm~</strong></span> 
     </span>
    </p>
   </div>
   <div class='ocr_carea' id='block_1_76' title="bbox 253 4345 1827 4416">
    <p class='ocr_par' dir='ltr' id='par_1_76' title="bbox 253 4345 1827 4416">
     <span class='ocr_line' id='line_1_77' title="bbox 253 4345 1827 4416; baseline 0.003 -20"><span class='ocrx_word' id='word_1_604' title='bbox 253 4345 364 4399; x_wconf 79' lang='lat' dir='ltr'><strong>bere</strong></span> <span class='ocrx_word' id='word_1_605' title='bbox 395 4348 448 4398; x_wconf 83' lang='lat' dir='ltr'><strong>in</strong></span> <span class='ocrx_word' id='word_1_606' title='bbox 478 4348 760 4414; x_wconf 82' lang='lat' dir='ltr'><strong>seruetipso</strong></span> <span class='ocrx_word' id='word_1_607' title='bbox 784 4349 829 4378; x_wconf 77' lang='grc'>¹²</span> <span class='ocrx_word' id='word_1_608' title='bbox 860 4365 874 4413; x_wconf 85' lang='grc'><strong>;</strong></span> <span class='ocrx_word' id='word_1_609' title='bbox 906 4350 1107 4402; x_wconf 83' lang='lat' dir='ltr'><strong>ctenim</strong></span> <span class='ocrx_word' id='word_1_610' title='bbox 1139 4348 1265 4401; x_wconf 83' lang='lat' dir='ltr'><strong>alibi</strong></span> <span class='ocrx_word' id='word_1_611' title='bbox 1305 4350 1468 4402; x_wconf 82' lang='lat' dir='ltr'><strong>rtiatu</strong></span> <span class='ocrx_word' id='word_1_612' title='bbox 1498 4350 1649 4410; x_wconf 70' lang='lat' dir='ltr'><strong>(iit&#39;il,</strong></span> <span class='ocrx_word' id='word_1_613' title='bbox 1686 4352 1827 4416; x_wconf 85' lang='lat' dir='ltr'><strong>quod</strong></span> 
     </span>
    </p>
   </div>
   <div class='ocr_carea' id='block_1_77' title="bbox 252 4439 1831 4510">
    <p class='ocr_par' dir='ltr' id='par_1_77' title="bbox 252 4439 1831 4510">
     <span class='ocr_line' id='line_1_78' title="bbox 252 4439 1831 4510; baseline 0.002 -20"><span class='ocrx_word' id='word_1_614' title='bbox 252 4440 334 4495; x_wconf 75' lang='lat' dir='ltr'><strong>lux</strong></span> <span class='ocrx_word' id='word_1_615' title='bbox 387 4450 476 4494; x_wconf 82' lang='lat' dir='ltr'><strong>est</strong></span> <span class='ocrx_word' id='word_1_616' title='bbox 518 4439 660 4494; x_wconf 82' lang='lat' dir='ltr'><strong>Deus</strong></span> <span class='ocrx_word' id='word_1_617' title='bbox 693 4442 809 4506; x_wconf 86' lang='lat'><strong>&quot;&#39;;</strong></span> <span class='ocrx_word' id='word_1_618' title='bbox 858 4453 912 4493; x_wconf 82' lang='lat' dir='ltr'><strong>et</strong></span> <span class='ocrx_word' id='word_1_619' title='bbox 958 4442 1152 4494; x_wconf 84' lang='lat' dir='ltr'><strong>iterum</strong></span> <span class='ocrx_word' id='word_1_620' title='bbox 1188 4444 1329 4510; x_wconf 86' lang='lat' dir='ltr'><strong>quod</strong></span> <span class='ocrx_word' id='word_1_621' title='bbox 1382 4443 1551 4494; x_wconf 81' lang='lat' dir='ltr'><strong>lucem</strong></span> <span class='ocrx_word' id='word_1_622' title='bbox 1627 4442 1831 4495; x_wconf 69' lang='lat' dir='ltr'><strong>habitat</strong></span> 
     </span>
    </p>
   </div>
   <div class='ocr_carea' id='block_1_78' title="bbox 252 4528 1835 4591">
    <p class='ocr_par' dir='ltr' id='par_1_78' title="bbox 252 4528 1835 4591">
     <span class='ocr_line' id='line_1_79' title="bbox 252 4528 1835 4591; baseline -0.002 -10"><span class='ocrx_word' id='word_1_623' title='bbox 252 4528 705 4582; x_wconf 71' lang='lat' dir='ltr'><strong>inacccssabilem</strong></span> <span class='ocrx_word' id='word_1_624' title='bbox 742 4529 825 4591; x_wconf 57' lang='lat'><strong>‘3;</strong></span> <span class='ocrx_word' id='word_1_625' title='bbox 877 4530 988 4582; x_wconf 75' lang='lat' dir='ltr'><strong>lucc</strong></span> <span class='ocrx_word' id='word_1_626' title='bbox 1013 4531 1193 4587; x_wconf 81' lang='lat' dir='ltr'><strong>otttuia</strong></span> <span class='ocrx_word' id='word_1_627' title='bbox 1231 4530 1374 4582; x_wconf 82' lang='lat' dir='ltr'><strong>dicta</strong></span> <span class='ocrx_word' id='word_1_628' title='bbox 1410 4540 1557 4589; x_wconf 82' lang='lat' dir='ltr'><strong>sunt,</strong></span> <span class='ocrx_word' id='word_1_629' title='bbox 1618 4545 1723 4581; x_wconf 84' lang='lat' dir='ltr'><strong>non</strong></span> <span class='ocrx_word' id='word_1_630' title='bbox 1778 4538 1835 4579; x_wconf 91' lang='lat' dir='ltr'><strong>ut</strong></span> 
     </span>
    </p>
   </div>
   <div class='ocr_carea' id='block_1_79' title="bbox 248 4618 1834 4692">
    <p class='ocr_par' dir='ltr' id='par_1_79' title="bbox 248 4618 1834 4692">
     <span class='ocr_line' id='line_1_80' title="bbox 248 4618 1834 4692; baseline -0.002 -18"><span class='ocrx_word' id='word_1_631' title='bbox 248 4623 598 4692; x_wconf 81' lang='lat' dir='ltr'><strong>suspicentur</strong></span> <span class='ocrx_word' id='word_1_632' title='bbox 628 4622 1084 4692; x_wconf 77' lang='lat' dir='ltr'><strong>compositionem</strong></span> <span class='ocrx_word' id='word_1_633' title='bbox 1117 4663 1130 4684; x_wconf 89' lang='lat'><strong>,</strong></span> <span class='ocrx_word' id='word_1_634' title='bbox 1186 4620 1280 4675; x_wconf 71' lang='lat' dir='ltr'><strong>Sed</strong></span> <span class='ocrx_word' id='word_1_635' title='bbox 1344 4636 1400 4674; x_wconf 87' lang='lat' dir='ltr'><strong>ut</strong></span> <span class='ocrx_word' id='word_1_636' title='bbox 1451 4618 1705 4688; x_wconf 72' lang='lat' dir='ltr'><strong>paulatim</strong></span> <span class='ocrx_word' id='word_1_637' title='bbox 1770 4624 1834 4672; x_wconf 88' lang='lat' dir='ltr'><strong>ad</strong></span> 
     </span>
    </p>
   </div>
   <div class='ocr_carea' id='block_1_80' title="bbox 248 4706 1865 4785">
    <p class='ocr_par' dir='ltr' id='par_1_80' title="bbox 248 4706 1865 4785">
     <span class='ocr_line' id='line_1_81' title="bbox 248 4706 1865 4785; baseline -0.002 -16"><span class='ocrx_word' id='word_1_638' title='bbox 248 4716 625 4770; x_wconf 72' lang='lat' dir='ltr'><strong>exeelsitatem</strong></span> <span class='ocrx_word' id='word_1_639' title='bbox 667 4716 979 4785; x_wconf 77' lang='lat' dir='ltr'><strong>dogmatum</strong></span> <span class='ocrx_word' id='word_1_640' title='bbox 1018 4718 1308 4768; x_wconf 77' lang='lat' dir='ltr'><strong>clevemur.</strong></span> <span class='ocrx_word' id='word_1_641' title='bbox 1375 4713 1513 4779; x_wconf 81' lang='lat' dir='ltr'><strong>Quia</strong></span> <span class='ocrx_word' id='word_1_642' title='bbox 1551 4715 1693 4767; x_wconf 85' lang='lat' dir='ltr'><strong>enim</strong></span> <span class='ocrx_word' id='word_1_643' title='bbox 1731 4706 1865 4765; x_wconf 20' lang='lat' dir='ltr'><strong>non,</strong></span> 
     </span>
    </p>
   </div>
   <div class='ocr_carea' id='block_1_81' title="bbox 248 4806 1836 4876">
    <p class='ocr_par' dir='ltr' id='par_1_81' title="bbox 248 4806 1836 4876">
     <span class='ocr_line' id='line_1_82' title="bbox 248 4806 1836 4876; baseline -0.004 -14"><span class='ocrx_word' id='word_1_644' title='bbox 248 4809 412 4862; x_wconf 74' lang='lat' dir='ltr'><strong>facile</strong></span> <span class='ocrx_word' id='word_1_645' title='bbox 450 4808 571 4875; x_wconf 81' lang='lat' dir='ltr'><strong>quis</strong></span> <span class='ocrx_word' id='word_1_646' title='bbox 605 4824 670 4861; x_wconf 76' lang='lat' dir='ltr'><strong>ex</strong></span> <span class='ocrx_word' id='word_1_647' title='bbox 713 4809 869 4876; x_wconf 66' lang='lat' dir='ltr'><strong>volgo</strong></span> <span class='ocrx_word' id='word_1_648' title='bbox 897 4806 1241 4875; x_wconf 66' lang='lat' dir='ltr'><strong>cogitaverit,</strong></span> <span class='ocrx_word' id='word_1_649' title='bbox 1278 4806 1552 4873; x_wconf 87' lang='lat' dir='ltr'><strong>quomodo</strong></span> <span class='ocrx_word' id='word_1_650' title='bbox 1605 4816 1686 4859; x_wconf 78' lang='lat' dir='ltr'><strong>est</strong></span> <span class='ocrx_word' id='word_1_651' title='bbox 1732 4806 1836 4856; x_wconf 79' lang='lat' dir='ltr'><strong>vita</strong></span> 
     </span>
    </p>
   </div>
   <div class='ocr_carea' id='block_1_82' title="bbox 249 4898 1833 4968">
    <p class='ocr_par' dir='ltr' id='par_1_82' title="bbox 249 4898 1833 4968">
     <span class='ocr_line' id='line_1_83' title="bbox 249 4898 1833 4968; baseline -0.001 -17"><span class='ocrx_word' id='word_1_652' title='bbox 249 4901 370 4967; x_wconf 71' lang='lat' dir='ltr'><strong>ejus</strong></span> <span class='ocrx_word' id='word_1_653' title='bbox 409 4916 507 4968; x_wconf 84' lang='lat' dir='ltr'><strong>per</strong></span> <span class='ocrx_word' id='word_1_654' title='bbox 532 4917 589 4951; x_wconf 77' lang='lat' dir='ltr'><strong>se</strong></span> <span class='ocrx_word' id='word_1_655' title='bbox 609 4901 904 4964; x_wconf 72' lang='lat' dir='ltr'><strong>exsistetts,</strong></span> <span class='ocrx_word' id='word_1_656' title='bbox 942 4903 1172 4968; x_wconf 88' lang='lat' dir='ltr'><strong>primum</strong></span> <span class='ocrx_word' id='word_1_657' title='bbox 1206 4900 1421 4966; x_wconf 85' lang='lat' dir='ltr'><strong>quidem</strong></span> <span class='ocrx_word' id='word_1_658' title='bbox 1490 4898 1621 4951; x_wconf 86' lang='lat' dir='ltr'><strong>illud</strong></span> <span class='ocrx_word' id='word_1_659' title='bbox 1672 4899 1833 4958; x_wconf 64' lang='lat' dir='ltr'><strong>dixit,</strong></span> 
     </span>
    </p>
   </div>
   <div class='ocr_carea' id='block_1_83' title="bbox 248 4990 1830 5061">
    <p class='ocr_par' dir='ltr' id='par_1_83' title="bbox 248 4990 1830 5061">
     <span class='ocr_line' id='line_1_84' title="bbox 248 4990 1830 5061; baseline -0.004 -15"><span class='ocrx_word' id='word_1_660' title='bbox 248 4994 396 5055; x_wconf 77' lang='lat' dir='ltr'><strong>quod</strong></span> <span class='ocrx_word' id='word_1_661' title='bbox 434 4993 692 5045; x_wconf 83' lang='lat' dir='ltr'><strong>humilius</strong></span> <span class='ocrx_word' id='word_1_662' title='bbox 725 5004 843 5056; x_wconf 83' lang='lat' dir='ltr'><strong>est;</strong></span> <span class='ocrx_word' id='word_1_663' title='bbox 875 4993 1072 5046; x_wconf 84' lang='lat' dir='ltr'><strong>deinde</strong></span> <span class='ocrx_word' id='word_1_664' title='bbox 1113 4991 1224 5061; x_wconf 82' lang='lat' dir='ltr'><strong>jam</strong></span> <span class='ocrx_word' id='word_1_665' title='bbox 1256 4991 1499 5044; x_wconf 82' lang='lat' dir='ltr'><strong>eruditos</strong></span> <span class='ocrx_word' id='word_1_666' title='bbox 1548 4991 1613 5042; x_wconf 88' lang='lat' dir='ltr'><strong>ad</strong></span> <span class='ocrx_word' id='word_1_667' title='bbox 1671 4990 1830 5042; x_wconf 87' lang='lat' dir='ltr'><strong>altius</strong></span> 
     </span>
    </p>
   </div>
   <div class='ocr_carea' id='block_1_84' title="bbox 249 5081 1826 5149">
    <p class='ocr_par' dir='ltr' id='par_1_84' title="bbox 249 5081 1826 5149">
     <span class='ocr_line' id='line_1_85' title="bbox 249 5081 1826 5149; baseline -0.006 -9"><span class='ocrx_word' id='word_1_668' title='bbox 249 5087 422 5140; x_wconf 68' lang='lat' dir='ltr'><strong>ducit.</strong></span> <span class='ocrx_word' id='word_1_669' title='bbox 457 5085 558 5149; x_wconf 85' lang='lat' dir='ltr'><strong>Qui</strong></span> <span class='ocrx_word' id='word_1_670' title='bbox 601 5085 744 5138; x_wconf 86' lang='lat' dir='ltr'><strong>enim</strong></span> <span class='ocrx_word' id='word_1_671' title='bbox 773 5085 950 5137; x_wconf 74' lang='lat' dir='ltr'><strong>dixit:</strong></span> <span class='ocrx_word' id='word_1_672' title='bbox 989 5084 1145 5135; x_wconf 71' lang='lat' dir='ltr'><strong>Dedit</strong></span> <span class='ocrx_word' id='word_1_673' title='bbox 1179 5100 1224 5136; x_wconf 81' lang='lat' dir='ltr'><strong>et</strong></span> <span class='ocrx_word' id='word_1_674' title='bbox 1274 5085 1432 5136; x_wconf 83' lang='lat' dir='ltr'><strong>vitam</strong></span> <span class='ocrx_word' id='word_1_675' title='bbox 1466 5082 1655 5134; x_wconf 71' lang='lat' dir='ltr'><strong>[urbere</strong></span> <span class='ocrx_word' id='word_1_676' title='bbox 1680 5122 1694 5145; x_wconf 93' lang='lat'><strong>,</strong></span> <span class='ocrx_word' id='word_1_677' title='bbox 1738 5081 1826 5132; x_wconf 76' lang='lat' dir='ltr'><strong>hic</strong></span> 
     </span>
    </p>
   </div>
   <div class='ocr_carea' id='block_1_85' title="bbox 248 5175 1829 5247">
    <p class='ocr_par' dir='ltr' id='par_1_85' title="bbox 248 5175 1829 5247">
     <span class='ocr_line' id='line_1_86' title="bbox 248 5175 1829 5247; baseline -0.004 -15"><span class='ocrx_word' id='word_1_678' title='bbox 248 5195 446 5232; x_wconf 76' lang='lat' dir='ltr'><strong>rursus</strong></span> <span class='ocrx_word' id='word_1_679' title='bbox 480 5180 596 5230; x_wconf 88' lang='lat' dir='ltr'><strong>ait:</strong></span> <span class='ocrx_word' id='word_1_680' title='bbox 642 5177 753 5247; x_wconf 67' lang='lat' dir='ltr'><strong>Ego</strong></span> <span class='ocrx_word' id='word_1_681' title='bbox 784 5195 898 5229; x_wconf 84' lang='lat' dir='ltr'><strong>sum</strong></span> <span class='ocrx_word' id='word_1_682' title='bbox 941 5180 1046 5230; x_wconf 84' lang='lat' dir='ltr'><strong>vita</strong></span> <span class='ocrx_word' id='word_1_683' title='bbox 1098 5178 1161 5229; x_wconf 69' lang='lat'><strong>“.</strong></span> <span class='ocrx_word' id='word_1_684' title='bbox 1200 5175 1425 5243; x_wconf 76' lang='lat' dir='ltr'><strong>Magnus</strong></span> <span class='ocrx_word' id='word_1_685' title='bbox 1474 5176 1829 5239; x_wconf 79' lang='lat' dir='ltr'><strong>Athanasius,</strong></span> 
     </span>
    </p>
   </div>
   <div class='ocr_carea' id='block_1_86' title="bbox 244 5267 1828 5337">
    <p class='ocr_par' dir='ltr' id='par_1_86' title="bbox 244 5267 1828 5337">
     <span class='ocr_line' id='line_1_87' title="bbox 244 5267 1828 5337; baseline -0.005 -11"><span class='ocrx_word' id='word_1_686' title='bbox 244 5273 303 5326; x_wconf 86' lang='lat' dir='ltr'><strong>iu</strong></span> <span class='ocrx_word' id='word_1_687' title='bbox 337 5273 480 5326; x_wconf 88' lang='lat' dir='ltr'><strong>libro</strong></span> <span class='ocrx_word' id='word_1_688' title='bbox 508 5271 580 5324; x_wconf 84' lang='lat' dir='ltr'><strong>De</strong></span> <span class='ocrx_word' id='word_1_689' title='bbox 607 5273 831 5325; x_wconf 76' lang='lat' dir='ltr'><strong>adventu</strong></span> <span class='ocrx_word' id='word_1_690' title='bbox 869 5270 965 5325; x_wconf 76' lang='lat' dir='ltr'><strong>Dei</strong></span> <span class='ocrx_word' id='word_1_691' title='bbox 998 5273 1051 5325; x_wconf 83' lang='lat' dir='ltr'><strong>iu</strong></span> <span class='ocrx_word' id='word_1_692' title='bbox 1092 5287 1247 5324; x_wconf 81' lang='lat' dir='ltr'><strong>carne</strong></span> <span class='ocrx_word' id='word_1_693' title='bbox 1286 5285 1302 5323; x_wconf 92' lang='lat'><strong><em>:</em></strong></span> <span class='ocrx_word' id='word_1_694' title='bbox 1344 5269 1686 5322; x_wconf 77' lang='lat' dir='ltr'><strong>Manifestum</strong></span> <span class='ocrx_word' id='word_1_695' title='bbox 1719 5267 1828 5337; x_wconf 63' lang='grc' dir='ltr'><strong>ἱεῖς</strong></span> 
     </span>
    </p>
   </div>
   <div class='ocr_carea' id='block_1_87' title="bbox 325 5454 1275 5519">
    <p class='ocr_par' dir='ltr' id='par_1_87' title="bbox 325 5454 1275 5519">
     <span class='ocr_line' id='line_1_88' title="bbox 325 5454 1275 5519; baseline 0.003 -11"><span class='ocrx_word' id='word_1_696' title='bbox 325 5458 373 5489; x_wconf 76' lang='grc'><strong>⁸⁸</strong></span> <span class='ocrx_word' id='word_1_697' title='bbox 398 5454 562 5509; x_wconf 80' lang='lat' dir='ltr'><strong>Joan.</strong></span> <span class='ocrx_word' id='word_1_698' title='bbox 622 5472 757 5519; x_wconf 78' lang='lat' dir='ltr'><strong>xvtt,</strong></span> <span class='ocrx_word' id='word_1_699' title='bbox 785 5457 838 5511; x_wconf 82' lang='lat'><strong>5.</strong></span> <span class='ocrx_word' id='word_1_700' title='bbox 951 5458 996 5489; x_wconf 83' lang='grc'><strong>¹⁰</strong></span> <span class='ocrx_word' id='word_1_701' title='bbox 1021 5458 1153 5513; x_wconf 89' lang='lat' dir='ltr'><strong>ibid.</strong></span> <span class='ocrx_word' id='word_1_702' title='bbox 1183 5458 1275 5511; x_wconf 71' lang='lat'><strong>22.</strong></span> 
     </span>
    </p>
   </div>
   <div class='ocr_carea' id='block_1_88' title="bbox 241 5526 1447 5593">
    <p class='ocr_par' dir='ltr' id='par_1_88' title="bbox 241 5526 1447 5593">
     <span class='ocr_line' id='line_1_89' title="bbox 241 5526 1447 5593; baseline 0.002 -13"><span class='ocrx_word' id='word_1_703' title='bbox 241 5543 289 5589; x_wconf 81' lang='grc' dir='ltr'>ι.</span> <span class='ocrx_word' id='word_1_704' title='bbox 354 5528 409 5580; x_wconf 80' lang='lat'><strong>5.</strong></span> <span class='ocrx_word' id='word_1_705' title='bbox 519 5526 621 5580; x_wconf 82' lang='grc'><strong>³³1</strong></span> <span class='ocrx_word' id='word_1_706' title='bbox 666 5529 804 5584; x_wconf 83' lang='lat' dir='ltr'><strong>&#39;l&#39;tut.</strong></span> <span class='ocrx_word' id='word_1_707' title='bbox 865 5545 938 5593; x_wconf 86' lang='lat' dir='ltr'><strong>vt,</strong></span> <span class='ocrx_word' id='word_1_708' title='bbox 990 5530 1079 5583; x_wconf 76' lang='lat' dir='ltr'><strong>ili.</strong></span> <span class='ocrx_word' id='word_1_709' title='bbox 1192 5530 1235 5558; x_wconf 75' lang='lat'>&quot;</span> <span class='ocrx_word' id='word_1_710' title='bbox 1289 5527 1447 5583; x_wconf 88' lang='lat' dir='ltr'><strong>Joan.</strong></span> 
     </span>
    </p>
   </div>
   <div class='ocr_carea' id='block_1_89' title="bbox 241 5595 524 5654">
    <p class='ocr_par' dir='ltr' id='par_1_89' title="bbox 241 5595 524 5654">
     <span class='ocr_line' id='line_1_90' title="bbox 241 5595 524 5654; baseline -0.007 -1"><span class='ocrx_word' id='word_1_711' title='bbox 241 5598 296 5630; x_wconf 73' lang='grc'><strong>⁸⁸</strong></span> <span class='ocrx_word' id='word_1_712' title='bbox 315 5596 447 5654; x_wconf 85' lang='lat' dir='ltr'><strong>ibid.</strong></span> <span class='ocrx_word' id='word_1_713' title='bbox 466 5595 524 5651; x_wconf 71' lang='lat'><strong>2.</strong></span> 
     </span>
    </p>
   </div>
   <div class='ocr_carea' id='block_1_90' title="bbox 1526 5528 1753 5591">
    <p class='ocr_par' dir='ltr' id='par_1_90' title="bbox 1526 5528 1753 5591">
     <span class='ocr_line' id='line_1_91' title="bbox 1526 5528 1753 5591; baseline -0.004 -10"><span class='ocrx_word' id='word_1_714' title='bbox 1526 5544 1639 5591; x_wconf 73' lang='lat' dir='ltr'><strong>xw,</strong></span> <span class='ocrx_word' id='word_1_715' title='bbox 1700 5528 1753 5581; x_wconf 85' lang='grc'><strong>6.</strong></span> 
     </span>
    </p>
   </div>
   <div class='ocr_carea' id='block_1_91' title="bbox 1380 5453 2296 5578">
    <p class='ocr_par' dir='ltr' id='par_1_91' title="bbox 1380 5453 2296 5578">
     <span class='ocr_line' id='line_1_92' title="bbox 1380 5453 2296 5517; baseline -0.021 -2"><span class='ocrx_word' id='word_1_716' title='bbox 1380 5460 1421 5490; x_wconf 83' lang='grc'>¹¹</span> <span class='ocrx_word' id='word_1_717' title='bbox 1456 5459 1808 5517; x_wconf 79' lang='lat' dir='ltr'><strong>Psa|.cxvtn,</strong></span> <span class='ocrx_word' id='word_1_718' title='bbox 1842 5453 1929 5505; x_wconf 78' lang='lat'><strong>7‘5.</strong></span> <span class='ocrx_word' id='word_1_719' title='bbox 2007 5453 2075 5483; x_wconf 74' lang='grc' dir='ltr'>ἰ’</span> <span class='ocrx_word' id='word_1_720' title='bbox 2099 5453 2244 5501; x_wconf 85' lang='lat' dir='ltr'><strong>Psal.</strong></span> <span class='ocrx_word' id='word_1_721' title='bbox 2286 5461 2296 5496; x_wconf 79' lang='grc' dir='ltr'><strong>ι</strong></span> 
     </span>
     <span class='ocr_line' id='line_1_93' title="bbox 1380 5517 2296 5578; baseline -0.014 0"><span class='ocrx_word' id='word_1_722' title='bbox 1380 5545 1447 5578; x_wconf 84' lang='grc' dir='ltr'>ιιι.</span> <span class='ocrx_word' id='word_1_723' title='bbox 1526 5544 1637 5578; x_wconf 76' lang='lat' dir='ltr'><strong>xrv.</strong></span> <span class='ocrx_word' id='word_1_724' title='bbox 1700 5528 1753 5578; x_wconf 85' lang='lat'><strong>6.</strong></span> <span class='ocrx_word' id='word_1_725' title='bbox 1862 5525 1908 5555; x_wconf 65' lang='grc'><strong>³³</strong></span> <span class='ocrx_word' id='word_1_726' title='bbox 1957 5521 2135 5578; x_wconf 74' lang='lat' dir='ltr'><strong>Calai.</strong></span> <span class='ocrx_word' id='word_1_727' title='bbox 2186 5532 2224 5578; x_wconf 85' lang='grc' dir='ltr'>ι,</span> <span class='ocrx_word' id='word_1_728' title='bbox 2278 5517 2296 5566; x_wconf 88' lang='lat' dir='ltr'><strong>l</strong></span> 
     </span>
    </p>
   </div>
   <div class='ocr_carea' id='block_1_92' title="bbox 2005 5539 2322 5580">
    <p class='ocr_par' dir='ltr' id='par_1_92' title="bbox 2005 5539 2322 5580">
     <span class='ocr_line' id='line_1_94' title="bbox 2005 5539 2322 5580; baseline -0.022 -5"><span class='ocrx_word' id='word_1_729' title='bbox 2005 5539 2135 5575; x_wconf 72' lang='lat' dir='ltr'><strong>atat.</strong></span> <span class='ocrx_word' id='word_1_730' title='bbox 2186 5539 2224 5580; x_wconf 85' lang='grc' dir='ltr'>ι,</span> <span class='ocrx_word' id='word_1_731' title='bbox 2278 5539 2322 5568; x_wconf 85' lang='grc' dir='ltr'>ι.</span> 
     </span>
    </p>
   </div>
   <div class='ocr_carea' id='block_1_93' title="bbox 1936 3234 3512 3308">
    <p class='ocr_par' dir='ltr' id='par_1_93' title="bbox 1936 3234 3512 3308">
     <span class='ocr_line' id='line_1_95' title="bbox 1936 3234 3512 3308; baseline -0.006 -18"><span class='ocrx_word' id='word_1_732' title='bbox 1936 3260 2157 3308; x_wconf 60' lang='lat' dir='ltr'><strong>pransus</strong></span> <span class='ocrx_word' id='word_1_733' title='bbox 2186 3242 2314 3293; x_wconf 67' lang='lat' dir='ltr'><strong>Lilaii</strong></span> <span class='ocrx_word' id='word_1_734' title='bbox 2342 3241 2483 3293; x_wconf 80' lang='lat' dir='ltr'><strong>aliud</strong></span> <span class='ocrx_word' id='word_1_735' title='bbox 2516 3248 2706 3307; x_wconf 60' lang='lat' dir='ltr'><strong>prater</strong></span> <span class='ocrx_word' id='word_1_736' title='bbox 2736 3239 2906 3305; x_wconf 88' lang='lat' dir='ltr'><strong>ipsam</strong></span> <span class='ocrx_word' id='word_1_737' title='bbox 2929 3236 3090 3286; x_wconf 84' lang='lat' dir='ltr'><strong>vitam</strong></span> <span class='ocrx_word' id='word_1_738' title='bbox 3115 3242 3191 3284; x_wconf 80' lang='lat' dir='ltr'><strong>est</strong></span> <span class='ocrx_word' id='word_1_739' title='bbox 3216 3234 3512 3283; x_wconf 67' lang='lat' dir='ltr'><strong>secundum</strong></span> 
     </span>
    </p>
   </div>
   <div class='ocr_carea' id='block_1_94' title="bbox 1940 3322 3513 3395">
    <p class='ocr_par' dir='ltr' id='par_1_94' title="bbox 1940 3322 3513 3395">
     <span class='ocr_line' id='line_1_96' title="bbox 1940 3322 3513 3395; baseline -0.009 -8"><span class='ocrx_word' id='word_1_740' title='bbox 1940 3346 2138 3387; x_wconf 67' lang='lat' dir='ltr'><strong>rrctam</strong></span> <span class='ocrx_word' id='word_1_741' title='bbox 2184 3335 2473 3385; x_wconf 55' lang='lat' dir='ltr'><strong>rationum.</strong></span> <span class='ocrx_word' id='word_1_742' title='bbox 2508 3333 2569 3383; x_wconf 76' lang='lat' dir='ltr'><strong>&#39;th</strong></span> <span class='ocrx_word' id='word_1_743' title='bbox 2605 3328 2781 3383; x_wconf 63' lang='lat' dir='ltr'><strong>adhuc</strong></span> <span class='ocrx_word' id='word_1_744' title='bbox 2806 3331 2858 3381; x_wconf 88' lang='lat' dir='ltr'><strong>in</strong></span> <span class='ocrx_word' id='word_1_745' title='bbox 2892 3328 3161 3395; x_wconf 80' lang='lat' dir='ltr'><strong>capitibus</strong></span> <span class='ocrx_word' id='word_1_746' title='bbox 3190 3324 3264 3375; x_wconf 79' lang='lat' dir='ltr'><strong>De</strong></span> <span class='ocrx_word' id='word_1_747' title='bbox 3308 3322 3513 3385; x_wconf 54' lang='lat' dir='ltr'><strong>Spiritu</strong></span> 
     </span>
    </p>
   </div>
   <div class='ocr_carea' id='block_1_95' title="bbox 1935 3415 3519 3493">
    <p class='ocr_par' dir='ltr' id='par_1_95' title="bbox 1935 3415 3519 3493">
     <span class='ocr_line' id='line_1_97' title="bbox 1935 3415 3519 3493; baseline -0.009 -14"><span class='ocrx_word' id='word_1_748' title='bbox 1935 3439 2117 3480; x_wconf 77' lang='lat' dir='ltr'><strong>suurto</strong></span> <span class='ocrx_word' id='word_1_749' title='bbox 2158 3441 2174 3478; x_wconf 89' lang='lat'><strong><em>:</em></strong></span> <span class='ocrx_word' id='word_1_750' title='bbox 2211 3426 2482 3493; x_wconf 75' lang='lat' dir='ltr'><strong>Scriptum</strong></span> <span class='ocrx_word' id='word_1_751' title='bbox 2512 3434 2592 3476; x_wconf 73' lang='lat' dir='ltr'><strong>est</strong></span> <span class='ocrx_word' id='word_1_752' title='bbox 2620 3436 2804 3475; x_wconf 84' lang='lat' dir='ltr'><strong>rursus</strong></span> <span class='ocrx_word' id='word_1_753' title='bbox 2836 3436 2851 3472; x_wconf 88' lang='lat'><strong>:</strong></span> <span class='ocrx_word' id='word_1_754' title='bbox 2884 3419 2942 3473; x_wconf 87' lang='lat' dir='ltr'><strong>Si</strong></span> <span class='ocrx_word' id='word_1_755' title='bbox 2968 3419 3220 3483; x_wconf 78' lang='lat' dir='ltr'><strong>Spiritus,</strong></span> <span class='ocrx_word' id='word_1_756' title='bbox 3245 3415 3519 3484; x_wconf 69' lang='lat' dir='ltr'><strong>quisusri-</strong></span> 
     </span>
    </p>
   </div>
   <div class='ocr_carea' id='block_1_96' title="bbox 1938 3505 3510 3576">
    <p class='ocr_par' dir='ltr' id='par_1_96' title="bbox 1938 3505 3510 3576">
     <span class='ocr_line' id='line_1_98' title="bbox 1938 3505 3510 3576; baseline -0.009 -6"><span class='ocrx_word' id='word_1_757' title='bbox 1938 3518 2060 3571; x_wconf 71' lang='lat' dir='ltr'><strong>tavit</strong></span> <span class='ocrx_word' id='word_1_758' title='bbox 2094 3515 2273 3569; x_wconf 78' lang='lat' dir='ltr'><strong>Jesum</strong></span> <span class='ocrx_word' id='word_1_759' title='bbox 2307 3514 2572 3570; x_wconf 82' lang='lat' dir='ltr'><strong>Christum</strong></span> <span class='ocrx_word' id='word_1_760' title='bbox 2600 3530 2630 3565; x_wconf 89' lang='lat' dir='ltr'><strong>a</strong></span> <span class='ocrx_word' id='word_1_761' title='bbox 2655 3512 2902 3576; x_wconf 85' lang='lat' dir='ltr'><strong>mortuis,</strong></span> <span class='ocrx_word' id='word_1_762' title='bbox 2965 3507 3173 3561; x_wconf 81' lang='lat' dir='ltr'><strong>habitat</strong></span> <span class='ocrx_word' id='word_1_763' title='bbox 3231 3508 3283 3557; x_wconf 83' lang='lat' dir='ltr'><strong>in</strong></span> <span class='ocrx_word' id='word_1_764' title='bbox 3339 3505 3510 3564; x_wconf 81' lang='lat' dir='ltr'><strong>nobis.</strong></span> 
     </span>
    </p>
   </div>
   <div class='ocr_carea' id='block_1_97' title="bbox 1934 3595 3517 3679">
    <p class='ocr_par' dir='ltr' id='par_1_97' title="bbox 1934 3595 3517 3679">
     <span class='ocr_line' id='line_1_99' title="bbox 1934 3595 3517 3679; baseline -0.009 -17"><span class='ocrx_word' id='word_1_765' title='bbox 1934 3611 2022 3679; x_wconf 80' lang='lat' dir='ltr'><strong>qui</strong></span> <span class='ocrx_word' id='word_1_766' title='bbox 2050 3608 2317 3662; x_wconf 76' lang='lat' dir='ltr'><strong>suscitavit</strong></span> <span class='ocrx_word' id='word_1_767' title='bbox 2346 3605 2528 3659; x_wconf 82' lang='lat' dir='ltr'><strong>Jesum</strong></span> <span class='ocrx_word' id='word_1_768' title='bbox 2562 3604 2834 3671; x_wconf 62' lang='lat' dir='ltr'><strong>Christum</strong></span> <span class='ocrx_word' id='word_1_769' title='bbox 2884 3619 2915 3654; x_wconf 91' lang='lat' dir='ltr'><strong>a</strong></span> <span class='ocrx_word' id='word_1_770' title='bbox 2946 3600 3192 3663; x_wconf 85' lang='lat' dir='ltr'><strong>mortuis,</strong></span> <span class='ocrx_word' id='word_1_771' title='bbox 3226 3595 3517 3663; x_wconf 76' lang='lat' dir='ltr'><strong>viriﬁrabit</strong></span> 
     </span>
    </p>
   </div>
   <div class='ocr_carea' id='block_1_98' title="bbox 1934 3688 3515 3767">
    <p class='ocr_par' dir='ltr' id='par_1_98' title="bbox 1934 3688 3515 3767">
     <span class='ocr_line' id='line_1_100' title="bbox 1934 3688 3515 3767; baseline -0.012 -9"><span class='ocrx_word' id='word_1_772' title='bbox 1934 3714 1981 3759; x_wconf 78' lang='lat' dir='ltr'><strong>et</strong></span> <span class='ocrx_word' id='word_1_773' title='bbox 2016 3702 2259 3757; x_wconf 72' lang='lat' dir='ltr'><strong>mortalia</strong></span> <span class='ocrx_word' id='word_1_774' title='bbox 2277 3716 2497 3767; x_wconf 83' lang='lat' dir='ltr'><strong>corpora</strong></span> <span class='ocrx_word' id='word_1_775' title='bbox 2528 3707 2709 3750; x_wconf 78' lang='lat' dir='ltr'><strong>nostra</strong></span> <span class='ocrx_word' id='word_1_776' title='bbox 2733 3713 2824 3765; x_wconf 85' lang='lat' dir='ltr'><strong>per</strong></span> <span class='ocrx_word' id='word_1_777' title='bbox 2849 3692 3229 3747; x_wconf 80' lang='lat' dir='ltr'><strong>inhabitantem</strong></span> <span class='ocrx_word' id='word_1_778' title='bbox 3256 3688 3515 3757; x_wconf 83' lang='lat' dir='ltr'><strong>Spiritum</strong></span> 
     </span>
    </p>
   </div>
   <div class='ocr_carea' id='block_1_99' title="bbox 1935 3786 3516 3863">
    <p class='ocr_par' dir='ltr' id='par_1_99' title="bbox 1935 3786 3516 3863">
     <span class='ocr_line' id='line_1_101' title="bbox 1935 3786 3516 3863; baseline -0.011 -14"><span class='ocrx_word' id='word_1_779' title='bbox 1935 3797 2045 3863; x_wconf 67' lang='lat' dir='ltr'><strong>ejus</strong></span> <span class='ocrx_word' id='word_1_780' title='bbox 2077 3797 2127 3847; x_wconf 85' lang='lat' dir='ltr'><strong>in</strong></span> <span class='ocrx_word' id='word_1_781' title='bbox 2149 3793 2316 3847; x_wconf 83' lang='lat' dir='ltr'><strong>nobis.</strong></span> <span class='ocrx_word' id='word_1_782' title='bbox 2352 3790 2457 3843; x_wconf 87' lang='lat' dir='ltr'><strong>Sed</strong></span> <span class='ocrx_word' id='word_1_783' title='bbox 2487 3790 2529 3843; x_wconf 89' lang='lat' dir='ltr'><strong>si</strong></span> <span class='ocrx_word' id='word_1_784' title='bbox 2554 3788 2791 3856; x_wconf 84' lang='lat' dir='ltr'><strong>Spiritus</strong></span> <span class='ocrx_word' id='word_1_785' title='bbox 2817 3786 3309 3840; x_wconf 76' lang='lat' dir='ltr'><strong>sanctuset&#39;eatnra</strong></span> <span class='ocrx_word' id='word_1_786' title='bbox 3341 3789 3516 3846; x_wconf 82' lang='lat' dir='ltr'><strong>esset,</strong></span> 
     </span>
    </p>
   </div>
   <div class='ocr_carea' id='block_1_100' title="bbox 1934 3873 3509 3949">
    <p class='ocr_par' dir='ltr' id='par_1_100' title="bbox 1934 3873 3509 3949">
     <span class='ocr_line' id='line_1_102' title="bbox 1934 3873 3509 3949; baseline -0.013 -7"><span class='ocrx_word' id='word_1_787' title='bbox 1934 3899 1987 3942; x_wconf 82' lang='lat' dir='ltr'><strong>et</strong></span> <span class='ocrx_word' id='word_1_788' title='bbox 2023 3886 2216 3949; x_wconf 75' lang='lat' dir='ltr'><strong>lactus,</strong></span> <span class='ocrx_word' id='word_1_789' title='bbox 2272 3890 2329 3936; x_wconf 89' lang='lat' dir='ltr'><strong>ut</strong></span> <span class='ocrx_word' id='word_1_790' title='bbox 2377 3883 2567 3935; x_wconf 86' lang='lat' dir='ltr'><strong>insane</strong></span> <span class='ocrx_word' id='word_1_791' title='bbox 2626 3880 2843 3933; x_wconf 90' lang='lat' dir='ltr'><strong>tradunt</strong></span> <span class='ocrx_word' id='word_1_792' title='bbox 2906 3875 3172 3938; x_wconf 66' lang='lat' dir='ltr'><strong>Itml&#39;CliCi,</strong></span> <span class='ocrx_word' id='word_1_793' title='bbox 3230 3873 3509 3941; x_wconf 88' lang='lat' dir='ltr'><strong>quomodo</strong></span> 
     </span>
    </p>
   </div>
   <div class='ocr_carea' id='block_1_101' title="bbox 1938 3954 3508 4047">
    <p class='ocr_par' dir='ltr' id='par_1_101' title="bbox 1938 3966 3508 4047">
     <span class='ocr_line' id='line_1_103' title="bbox 1938 3966 3508 4047; baseline -0.013 -13"><span class='ocrx_word' id='word_1_794' title='bbox 1938 3991 2100 4034; x_wconf 75' lang='lat' dir='ltr'><strong>totam</strong></span> <span class='ocrx_word' id='word_1_795' title='bbox 2129 3979 2495 4047; x_wconf 74' lang='lat' dir='ltr'><strong>operationem</strong></span> <span class='ocrx_word' id='word_1_796' title='bbox 2525 3972 2616 4027; x_wconf 84' lang='lat' dir='ltr'><strong>Dei</strong></span> <span class='ocrx_word' id='word_1_797' title='bbox 2642 3969 2904 4025; x_wconf 80' lang='lat' dir='ltr'><strong>haberet?</strong></span> <span class='ocrx_word' id='word_1_798' title='bbox 2925 3968 3035 4021; x_wconf 81' lang='lat' dir='ltr'><strong>Non</strong></span> <span class='ocrx_word' id='word_1_799' title='bbox 3056 3970 3197 4020; x_wconf 70' lang='lat' dir='ltr'><strong>enim</strong></span> <span class='ocrx_word' id='word_1_800' title='bbox 3219 3966 3508 4035; x_wconf 83' lang='lat' dir='ltr'><strong>quisqu-mt</strong></span> 
     </span>
    </p>
   </div>
   <div class='ocr_carea' id='block_1_102' title="bbox 1939 4056 3515 4137">
    <p class='ocr_par' dir='ltr' id='par_1_102' title="bbox 1939 4056 3515 4137">
     <span class='ocr_line' id='line_1_104' title="bbox 1939 4056 3515 4137; baseline -0.012 -11"><span class='ocrx_word' id='word_1_801' title='bbox 1939 4083 2168 4134; x_wconf 75' lang='lat' dir='ltr'><strong>tantum,</strong></span> <span class='ocrx_word' id='word_1_802' title='bbox 2192 4080 2249 4123; x_wconf 89' lang='lat' dir='ltr'><strong>ut</strong></span> <span class='ocrx_word' id='word_1_803' title='bbox 2281 4071 2493 4137; x_wconf 88' lang='lat' dir='ltr'><strong>opinor,</strong></span> <span class='ocrx_word' id='word_1_804' title='bbox 2531 4082 2559 4119; x_wconf 88' lang='lat' dir='ltr'><strong>a</strong></span> <span class='ocrx_word' id='word_1_805' title='bbox 2596 4074 2726 4118; x_wconf 79' lang='lat' dir='ltr'><strong>sana</strong></span> <span class='ocrx_word' id='word_1_806' title='bbox 2753 4071 2932 4115; x_wconf 80' lang='lat' dir='ltr'><strong>incute</strong></span> <span class='ocrx_word' id='word_1_807' title='bbox 2962 4059 3193 4123; x_wconf 79' lang='lat' dir='ltr'><strong>excidet,</strong></span> <span class='ocrx_word' id='word_1_808' title='bbox 3229 4067 3287 4110; x_wconf 85' lang='grc' dir='ltr'><strong>ιιι</strong></span> <span class='ocrx_word' id='word_1_809' title='bbox 3320 4056 3515 4136; x_wconf 70' lang='lat' dir='ltr'><strong>audeat</strong></span> 
     </span>
    </p>
   </div>
   <div class='ocr_carea' id='block_1_103' title="bbox 1937 4154 3512 4224">
    <p class='ocr_par' dir='ltr' id='par_1_103' title="bbox 1937 4154 3512 4224">
     <span class='ocr_line' id='line_1_105' title="bbox 1937 4154 3512 4224; baseline -0.012 -7"><span class='ocrx_word' id='word_1_810' title='bbox 1937 4165 2018 4217; x_wconf 66' lang='grc' dir='ltr'><strong>τοι</strong></span> <span class='ocrx_word' id='word_1_811' title='bbox 2043 4165 2224 4216; x_wconf 66' lang='lat' dir='ltr'><strong>dicere</strong></span> <span class='ocrx_word' id='word_1_812' title='bbox 2258 4160 2457 4224; x_wconf 86' lang='lat' dir='ltr'><strong>solum,</strong></span> <span class='ocrx_word' id='word_1_813' title='bbox 2482 4159 2677 4212; x_wconf 69' lang='lat' dir='ltr'><strong>divina:</strong></span> <span class='ocrx_word' id='word_1_814' title='bbox 2697 4154 3018 4210; x_wconf 68' lang='lat' dir='ltr'><strong>substantiae</strong></span> <span class='ocrx_word' id='word_1_815' title='bbox 3037 4167 3132 4221; x_wconf 88' lang='lat' dir='ltr'><strong>per</strong></span> <span class='ocrx_word' id='word_1_816' title='bbox 3158 4154 3512 4205; x_wconf 83' lang='lat' dir='ltr'><strong>instrumenta</strong></span> 
     </span>
    </p>
   </div>
   <div class='ocr_carea' id='block_1_104' title="bbox 1938 4244 3515 4323">
    <p class='ocr_par' dir='ltr' id='par_1_104' title="bbox 1938 4244 3515 4323">
     <span class='ocr_line' id='line_1_106' title="bbox 1938 4244 3515 4323; baseline -0.01 -17"><span class='ocrx_word' id='word_1_817' title='bbox 1938 4257 2181 4323; x_wconf 65' lang='lat' dir='ltr'><strong>quaedam</strong></span> <span class='ocrx_word' id='word_1_818' title='bbox 2215 4250 2343 4303; x_wconf 76' lang='lat' dir='ltr'><strong>foris</strong></span> <span class='ocrx_word' id='word_1_819' title='bbox 2379 4260 2559 4303; x_wconf 76' lang='lat' dir='ltr'><strong>creata</strong></span> <span class='ocrx_word' id='word_1_820' title='bbox 2592 4247 2891 4302; x_wconf 79' lang='lat' dir='ltr'><strong>ministrari</strong></span> <span class='ocrx_word' id='word_1_821' title='bbox 2932 4244 2998 4298; x_wconf 88' lang='lat' dir='ltr'><strong>ad</strong></span> <span class='ocrx_word' id='word_1_822' title='bbox 3046 4247 3416 4314; x_wconf 74' lang='lat' dir='ltr'><strong>Operationem</strong></span> <span class='ocrx_word' id='word_1_823' title='bbox 3447 4256 3515 4291; x_wconf 70' lang='lat' dir='ltr'><strong>ex</strong></span> 
     </span>
    </p>
   </div>
   <div class='ocr_carea' id='block_1_105' title="bbox 1937 4335 3513 4411">
    <p class='ocr_par' dir='ltr' id='par_1_105' title="bbox 1937 4335 3513 4411">
     <span class='ocr_line' id='line_1_107' title="bbox 1937 4335 3513 4411; baseline -0.007 -14"><span class='ocrx_word' id='word_1_824' title='bbox 1937 4347 2132 4411; x_wconf 72' lang='lat' dir='ltr'><strong>scipsa</strong></span> <span class='ocrx_word' id='word_1_825' title='bbox 2199 4342 2521 4396; x_wconf 81' lang='lat' dir='ltr'><strong>naturaliter</strong></span> <span class='ocrx_word' id='word_1_826' title='bbox 2587 4347 2958 4392; x_wconf 85' lang='lat' dir='ltr'><strong>transeuntem</strong></span> <span class='ocrx_word' id='word_1_827' title='bbox 3002 4336 3067 4390; x_wconf 84' lang='lat' dir='ltr'><strong>ad</strong></span> <span class='ocrx_word' id='word_1_828' title='bbox 3120 4335 3332 4402; x_wconf 81' lang='lat' dir='ltr'><strong>aliquos</strong></span> <span class='ocrx_word' id='word_1_829' title='bbox 3364 4373 3377 4396; x_wconf 91' lang='lat'><strong>,</strong></span> <span class='ocrx_word' id='word_1_830' title='bbox 3423 4335 3513 4397; x_wconf 77' lang='lat' dir='ltr'><strong>qui</strong></span> 
     </span>
    </p>
   </div>
   <div class='ocr_carea' id='block_1_106' title="bbox 1938 4424 3515 4499">
    <p class='ocr_par' dir='ltr' id='par_1_106' title="bbox 1938 4424 3515 4499">
     <span class='ocr_line' id='line_1_108' title="bbox 1938 4424 3515 4499; baseline -0.011 -11"><span class='ocrx_word' id='word_1_831' title='bbox 1938 4446 2067 4488; x_wconf 91' lang='lat' dir='ltr'><strong>sunt</strong></span> <span class='ocrx_word' id='word_1_832' title='bbox 2097 4434 2163 4487; x_wconf 91' lang='lat' dir='ltr'><strong>ad</strong></span> <span class='ocrx_word' id='word_1_833' title='bbox 2192 4433 2563 4499; x_wconf 83' lang='lat' dir='ltr'><strong>recipiendum</strong></span> <span class='ocrx_word' id='word_1_834' title='bbox 2594 4432 2739 4483; x_wconf 87' lang='lat' dir='ltr'><strong>illam</strong></span> <span class='ocrx_word' id='word_1_835' title='bbox 2761 4428 2937 4481; x_wconf 87' lang='lat' dir='ltr'><strong>idonei</strong></span> <span class='ocrx_word' id='word_1_836' title='bbox 2964 4437 3018 4480; x_wconf 90' lang='lat' dir='ltr'><strong>et</strong></span> <span class='ocrx_word' id='word_1_837' title='bbox 3054 4427 3189 4492; x_wconf 90' lang='lat' dir='ltr'><strong>apti.</strong></span> <span class='ocrx_word' id='word_1_838' title='bbox 3222 4424 3355 4489; x_wconf 82' lang='lat' dir='ltr'><strong>Quia</strong></span> <span class='ocrx_word' id='word_1_839' title='bbox 3389 4438 3515 4473; x_wconf 56' lang='lat' dir='ltr'><strong>vero</strong></span> 
     </span>
    </p>
   </div>
   <div class='ocr_carea' id='block_1_107' title="bbox 1868 4497 3515 4581">
    <p class='ocr_par' dir='ltr' id='par_1_107' title="bbox 1868 4497 3515 4581">
     <span class='ocr_line' id='line_1_109' title="bbox 1868 4497 3515 4581; baseline -0.01 -1"><span class='ocrx_word' id='word_1_840' title='bbox 1868 4497 1910 4550; x_wconf 67' lang='grc' dir='ltr'><strong>θ</strong></span> <span class='ocrx_word' id='word_1_841' title='bbox 1941 4526 2112 4579; x_wconf 72' lang='lat' dir='ltr'><strong>Filius</strong></span> <span class='ocrx_word' id='word_1_842' title='bbox 2152 4526 2261 4577; x_wconf 77' lang='lat' dir='ltr'><strong>\‘ila</strong></span> <span class='ocrx_word' id='word_1_843' title='bbox 2302 4531 2385 4576; x_wconf 83' lang='lat' dir='ltr'><strong>est</strong></span> <span class='ocrx_word' id='word_1_844' title='bbox 2424 4521 2723 4574; x_wconf 71' lang='lat' dir='ltr'><strong>secundum</strong></span> <span class='ocrx_word' id='word_1_845' title='bbox 2760 4528 3034 4579; x_wconf 86' lang='lat' dir='ltr'><strong>naturam,</strong></span> <span class='ocrx_word' id='word_1_846' title='bbox 3092 4515 3326 4581; x_wconf 84' lang='lat' dir='ltr'><strong>Spiritus</strong></span> <span class='ocrx_word' id='word_1_847' title='bbox 3389 4528 3515 4563; x_wconf 78' lang='lat' dir='ltr'><strong>vero</strong></span> 
     </span>
    </p>
   </div>
   <div class='ocr_carea' id='block_1_108' title="bbox 1938 4607 3517 4686">
    <p class='ocr_par' dir='ltr' id='par_1_108' title="bbox 1938 4607 3517 4686">
     <span class='ocr_line' id='line_1_110' title="bbox 1938 4607 3517 4686; baseline -0.009 -16"><span class='ocrx_word' id='word_1_848' title='bbox 1938 4619 2006 4670; x_wconf 85' lang='lat' dir='ltr'><strong>ab</strong></span> <span class='ocrx_word' id='word_1_849' title='bbox 2036 4618 2153 4686; x_wconf 85' lang='lat' dir='ltr'><strong>ipso</strong></span> <span class='ocrx_word' id='word_1_850' title='bbox 2182 4616 2345 4668; x_wconf 85' lang='lat' dir='ltr'><strong>datus</strong></span> <span class='ocrx_word' id='word_1_851' title='bbox 2373 4611 2639 4673; x_wconf 81' lang='lat' dir='ltr'><strong>viviﬁcat,</strong></span> <span class='ocrx_word' id='word_1_852' title='bbox 2694 4610 3019 4676; x_wconf 83' lang='lat' dir='ltr'><strong>relinquitur</strong></span> <span class='ocrx_word' id='word_1_853' title='bbox 3059 4607 3389 4667; x_wconf 70' lang='lat' dir='ltr'><strong>necessario,</strong></span> <span class='ocrx_word' id='word_1_854' title='bbox 3458 4611 3517 4656; x_wconf 87' lang='lat' dir='ltr'><strong>ut</strong></span> 
     </span>
    </p>
   </div>
   <div class='ocr_carea' id='block_1_109' title="bbox 1938 4700 3513 4765">
    <p class='ocr_par' dir='ltr' id='par_1_109' title="bbox 1938 4700 3513 4765">
     <span class='ocr_line' id='line_1_111' title="bbox 1938 4700 3513 4765; baseline -0.01 -2"><span class='ocrx_word' id='word_1_855' title='bbox 1938 4708 2308 4764; x_wconf 65' lang='lat' dir='ltr'><strong>conﬁtendum</strong></span> <span class='ocrx_word' id='word_1_856' title='bbox 2340 4708 2411 4760; x_wconf 88' lang='lat' dir='ltr'><strong>sit</strong></span> <span class='ocrx_word' id='word_1_857' title='bbox 2440 4719 2559 4758; x_wconf 86' lang='lat' dir='ltr'><strong>esse</strong></span> <span class='ocrx_word' id='word_1_858' title='bbox 2593 4716 2658 4755; x_wconf 67' lang='lat' dir='ltr'><strong>ex</strong></span> <span class='ocrx_word' id='word_1_859' title='bbox 2697 4700 3004 4755; x_wconf 84' lang='lat' dir='ltr'><strong>substantia</strong></span> <span class='ocrx_word' id='word_1_860' title='bbox 3054 4700 3195 4765; x_wconf 80' lang='lat' dir='ltr'><strong>t-jus,</strong></span> <span class='ocrx_word' id='word_1_861' title='bbox 3238 4714 3358 4751; x_wconf 85' lang='lat' dir='ltr'><strong>cum</strong></span> <span class='ocrx_word' id='word_1_862' title='bbox 3397 4714 3513 4748; x_wconf 78' lang='lat' dir='ltr'><strong>out—</strong></span> 
     </span>
    </p>
   </div>
   <div class='ocr_carea' id='block_1_110' title="bbox 1938 4788 3512 4858">
    <p class='ocr_par' dir='ltr' id='par_1_110' title="bbox 1938 4788 3512 4858">
     <span class='ocr_line' id='line_1_112' title="bbox 1938 4788 3512 4858; baseline -0.009 -3"><span class='ocrx_word' id='word_1_863' title='bbox 1938 4818 2061 4855; x_wconf 75' lang='lat' dir='ltr'><strong>noni</strong></span> <span class='ocrx_word' id='word_1_864' title='bbox 2102 4798 2221 4851; x_wconf 86' lang='lat' dir='ltr'><strong>Filii</strong></span> <span class='ocrx_word' id='word_1_865' title='bbox 2262 4807 2314 4850; x_wconf 87' lang='lat' dir='ltr'><strong>et</strong></span> <span class='ocrx_word' id='word_1_866' title='bbox 2348 4795 2442 4848; x_wconf 73' lang='lat' dir='ltr'><strong>llei</strong></span> <span class='ocrx_word' id='word_1_867' title='bbox 2475 4794 2729 4845; x_wconf 77' lang='lat' dir='ltr'><strong>virtutem</strong></span> <span class='ocrx_word' id='word_1_868' title='bbox 2766 4800 2818 4845; x_wconf 86' lang='lat' dir='ltr'><strong>et</strong></span> <span class='ocrx_word' id='word_1_869' title='bbox 2875 4790 3247 4858; x_wconf 85' lang='lat' dir='ltr'><strong>operationem</strong></span> <span class='ocrx_word' id='word_1_870' title='bbox 3295 4788 3512 4847; x_wconf 72' lang='lat' dir='ltr'><strong>habeat.</strong></span> 
     </span>
    </p>
   </div>
   <div class='ocr_carea' id='block_1_111' title="bbox 1940 4886 3515 4957">
    <p class='ocr_par' dir='ltr' id='par_1_111' title="bbox 1940 4886 3515 4957">
     <span class='ocr_line' id='line_1_113' title="bbox 1940 4886 3515 4957; baseline -0.011 -10"><span class='ocrx_word' id='word_1_871' title='bbox 1940 4895 2064 4948; x_wconf 78' lang='lat' dir='ltr'><strong>utsi</strong></span> <span class='ocrx_word' id='word_1_872' title='bbox 2096 4907 2259 4957; x_wconf 72' lang='lat' dir='ltr'><strong>Vapor</strong></span> <span class='ocrx_word' id='word_1_873' title='bbox 2297 4905 2365 4944; x_wconf 75' lang='lat' dir='ltr'><strong>ex</strong></span> <span class='ocrx_word' id='word_1_874' title='bbox 2411 4903 2546 4957; x_wconf 77' lang='lat' dir='ltr'><strong>aqua</strong></span> <span class='ocrx_word' id='word_1_875' title='bbox 2573 4886 2851 4945; x_wconf 81' lang='lat' dir='ltr'><strong>ascendat,</strong></span> <span class='ocrx_word' id='word_1_876' title='bbox 2879 4894 2933 4936; x_wconf 86' lang='lat' dir='ltr'><strong>et</strong></span> <span class='ocrx_word' id='word_1_877' title='bbox 2966 4900 3059 4950; x_wconf 82' lang='lat' dir='ltr'><strong>per</strong></span> <span class='ocrx_word' id='word_1_878' title='bbox 3083 4898 3144 4936; x_wconf 83' lang='lat' dir='ltr'><strong>ca</strong></span> <span class='ocrx_word' id='word_1_879' title='bbox 3170 4898 3293 4950; x_wconf 74' lang='lat' dir='ltr'><strong>qua:</strong></span> <span class='ocrx_word' id='word_1_880' title='bbox 3323 4898 3515 4949; x_wconf 78' lang='lat' dir='ltr'><strong>opera-</strong></span> 
     </span>
    </p>
   </div>
   <div class='ocr_carea' id='block_1_112' title="bbox 1949 4978 3513 5052">
    <p class='ocr_par' dir='ltr' id='par_1_112' title="bbox 1949 4978 3513 5052">
     <span class='ocr_line' id='line_1_114' title="bbox 1949 4978 3513 5052; baseline -0.008 -14"><span class='ocrx_word' id='word_1_881' title='bbox 1949 5000 2057 5049; x_wconf 84' lang='lat' dir='ltr'><strong>tur,</strong></span> <span class='ocrx_word' id='word_1_882' title='bbox 2092 5000 2183 5039; x_wconf 87' lang='lat' dir='ltr'><strong>eos</strong></span> <span class='ocrx_word' id='word_1_883' title='bbox 2202 4982 2340 5052; x_wconf 86' lang='lat' dir='ltr'><strong>apud</strong></span> <span class='ocrx_word' id='word_1_884' title='bbox 2363 4994 2497 5050; x_wconf 85' lang='lat' dir='ltr'><strong>quos</strong></span> <span class='ocrx_word' id='word_1_885' title='bbox 2520 4988 2621 5041; x_wconf 89' lang='lat' dir='ltr'><strong>est,</strong></span> <span class='ocrx_word' id='word_1_886' title='bbox 2647 4978 2952 5046; x_wconf 80' lang='lat' dir='ltr'><strong>refrigeret,</strong></span> <span class='ocrx_word' id='word_1_887' title='bbox 2977 4985 3031 5029; x_wconf 86' lang='lat' dir='ltr'><strong>et</strong></span> <span class='ocrx_word' id='word_1_888' title='bbox 3056 4989 3307 5028; x_wconf 82' lang='lat' dir='ltr'><strong>Itzttttt‘nul</strong></span> <span class='ocrx_word' id='word_1_889' title='bbox 3334 4989 3513 5040; x_wconf 70' lang='lat' dir='ltr'><strong>aquzc,</strong></span> 
     </span>
    </p>
   </div>
   <div class='ocr_carea' id='block_1_113' title="bbox 1946 5060 3516 5135">
    <p class='ocr_par' dir='ltr' id='par_1_113' title="bbox 1946 5060 3516 5135">
     <span class='ocr_line' id='line_1_115' title="bbox 1946 5060 3516 5135; baseline -0.01 -6"><span class='ocrx_word' id='word_1_890' title='bbox 1946 5084 2085 5130; x_wconf 82' lang='lat' dir='ltr'><strong>unde</strong></span> <span class='ocrx_word' id='word_1_891' title='bbox 2112 5073 2395 5131; x_wconf 79' lang='lat' dir='ltr'><strong>emittitur,</strong></span> <span class='ocrx_word' id='word_1_892' title='bbox 2438 5068 2728 5135; x_wconf 71' lang='lat' dir='ltr'><strong>signiﬁcet.</strong></span> <span class='ocrx_word' id='word_1_893' title='bbox 2757 5068 2811 5119; x_wconf 90' lang='lat' dir='ltr'><strong>In</strong></span> <span class='ocrx_word' id='word_1_894' title='bbox 2851 5064 3055 5118; x_wconf 77' lang='lat' dir='ltr'><strong>eisdem</strong></span> <span class='ocrx_word' id='word_1_895' title='bbox 3088 5081 3101 5116; x_wconf 89' lang='lat'><strong>:</strong></span> <span class='ocrx_word' id='word_1_896' title='bbox 3140 5060 3269 5125; x_wconf 69' lang='lat' dir='ltr'><strong>Lex,</strong></span> <span class='ocrx_word' id='word_1_897' title='bbox 3320 5064 3516 5129; x_wconf 84' lang='lat' dir='ltr'><strong>inquit,</strong></span> 
     </span>
    </p>
   </div>
   <div class='ocr_carea' id='block_1_114' title="bbox 1944 5157 3520 5238">
    <p class='ocr_par' dir='ltr' id='par_1_114' title="bbox 1944 5157 3520 5238">
     <span class='ocr_line' id='line_1_116' title="bbox 1944 5157 3520 5238; baseline -0.012 -14"><span class='ocrx_word' id='word_1_898' title='bbox 1944 5172 2172 5238; x_wconf 83' lang='lat' dir='ltr'><strong>Spiritus</strong></span> <span class='ocrx_word' id='word_1_899' title='bbox 2204 5169 2321 5219; x_wconf 77' lang='lat' dir='ltr'><strong>vita:</strong></span> <span class='ocrx_word' id='word_1_900' title='bbox 2376 5164 2446 5222; x_wconf 74' lang='grc'><strong>’⁸.</strong></span> <span class='ocrx_word' id='word_1_901' title='bbox 2514 5176 2581 5215; x_wconf 89' lang='lat' dir='ltr'><strong>ue</strong></span> <span class='ocrx_word' id='word_1_902' title='bbox 2642 5158 2877 5228; x_wconf 85' lang='lat' dir='ltr'><strong>Spiritus</strong></span> <span class='ocrx_word' id='word_1_903' title='bbox 2931 5168 3151 5211; x_wconf 85' lang='lat' dir='ltr'><strong>samtus</strong></span> <span class='ocrx_word' id='word_1_904' title='bbox 3216 5157 3520 5223; x_wconf 79' lang='lat' dir='ltr'><strong>reperiatur</strong></span> 
     </span>
    </p>
   </div>
   <div class='ocr_carea' id='block_1_115' title="bbox 1945 5247 3512 5329">
    <p class='ocr_par' dir='ltr' id='par_1_115' title="bbox 1945 5247 3512 5329">
     <span class='ocr_line' id='line_1_117' title="bbox 1945 5247 3512 5329; baseline -0.013 -11"><span class='ocrx_word' id='word_1_905' title='bbox 1945 5275 2154 5318; x_wconf 83' lang='lat' dir='ltr'><strong>tantum</strong></span> <span class='ocrx_word' id='word_1_906' title='bbox 2214 5259 2384 5329; x_wconf 70' lang='lat' dir='ltr'><strong>legem</strong></span> <span class='ocrx_word' id='word_1_907' title='bbox 2444 5253 2610 5317; x_wconf 79' lang='lat' dir='ltr'><strong>ferre,</strong></span> <span class='ocrx_word' id='word_1_908' title='bbox 2663 5253 2757 5306; x_wconf 83' lang='lat' dir='ltr'><strong>sed</strong></span> <span class='ocrx_word' id='word_1_909' title='bbox 2812 5250 3117 5319; x_wconf 86' lang='lat' dir='ltr'><strong>reperiatur</strong></span> <span class='ocrx_word' id='word_1_910' title='bbox 3170 5247 3284 5319; x_wconf 75' lang='lat' dir='ltr'><strong>jam</strong></span> <span class='ocrx_word' id='word_1_911' title='bbox 3346 5248 3512 5300; x_wconf 86' lang='lat' dir='ltr'><strong>etiam</strong></span> 
     </span>
    </p>
   </div>
   <div class='ocr_carea' id='block_1_116' title="bbox 2007 5431 3514 5501">
    <p class='ocr_par' dir='ltr' id='par_1_116' title="bbox 2007 5431 3514 5501">
     <span class='ocr_line' id='line_1_118' title="bbox 2007 5431 3514 5501; baseline -0.009 -2"><span class='ocrx_word' id='word_1_912' title='bbox 2007 5443 2244 5501; x_wconf 76' lang='lat' dir='ltr'><strong>“‘Psal.</strong></span> <span class='ocrx_word' id='word_1_913' title='bbox 2286 5457 2459 5501; x_wconf 75' lang='lat' dir='ltr'><strong>xxx&quot;.</strong></span> <span class='ocrx_word' id='word_1_914' title='bbox 2505 5440 2558 5495; x_wconf 87' lang='lat'><strong>6.</strong></span> <span class='ocrx_word' id='word_1_915' title='bbox 2608 5435 2617 5443; x_wconf 74' lang='grc'><em>’</em></span> <span class='ocrx_word' id='word_1_916' title='bbox 2667 5440 2710 5469; x_wconf 84' lang='lat'><strong>&quot;</strong></span> <span class='ocrx_word' id='word_1_917' title='bbox 2743 5438 2899 5492; x_wconf 82' lang='lat' dir='ltr'><strong>Joau.</strong></span> <span class='ocrx_word' id='word_1_918' title='bbox 2956 5452 3023 5496; x_wconf 87' lang='lat' dir='ltr'><strong>v,</strong></span> <span class='ocrx_word' id='word_1_919' title='bbox 3056 5434 3147 5486; x_wconf 70' lang='lat'><strong>26.</strong></span> <span class='ocrx_word' id='word_1_920' title='bbox 3247 5432 3315 5462; x_wconf 78' lang='lat'><strong>”‘</strong></span> <span class='ocrx_word' id='word_1_921' title='bbox 3354 5431 3514 5489; x_wconf 83' lang='lat' dir='ltr'><strong>.loan.</strong></span> 
     </span>
    </p>
   </div>
   <div class='ocr_carea' id='block_1_117' title="bbox 2431 5504 3535 5575">
    <p class='ocr_par' dir='ltr' id='par_1_117' title="bbox 2431 5504 3535 5575">
     <span class='ocr_line' id='line_1_119' title="bbox 2431 5504 3535 5575; baseline -0.007 -9"><span class='ocrx_word' id='word_1_922' title='bbox 2431 5512 2477 5549; x_wconf 77' lang='grc'><strong>⁸⁸</strong></span> <span class='ocrx_word' id='word_1_923' title='bbox 2528 5510 2683 5567; x_wconf 80' lang='lat' dir='ltr'><strong>Joan.</strong></span> <span class='ocrx_word' id='word_1_924' title='bbox 2732 5526 2785 5575; x_wconf 93' lang='grc' dir='ltr'>ι,</span> <span class='ocrx_word' id='word_1_925' title='bbox 2823 5509 2878 5563; x_wconf 71' lang='grc'><strong>4.</strong></span> <span class='ocrx_word' id='word_1_926' title='bbox 2988 5506 3031 5535; x_wconf 74' lang='grc'><strong>’⁷</strong></span> <span class='ocrx_word' id='word_1_927' title='bbox 3062 5504 3218 5558; x_wconf 70' lang='lat' dir='ltr'><strong>itaut.</strong></span> <span class='ocrx_word' id='word_1_928' title='bbox 3269 5519 3386 5570; x_wconf 81' lang='lat' dir='ltr'><strong>vut,</strong></span> <span class='ocrx_word' id='word_1_929' title='bbox 3443 5509 3535 5558; x_wconf 54' lang='grc' dir='ltr'>ιιμ</span> 
     </span>
    </p>
   </div>
   <div class='ocr_carea' id='block_1_118' title="bbox 2726 5730 2745 5755">
    <p class='ocr_par' dir='ltr' id='par_1_118' title="bbox 2726 5730 2745 5755">
     <span class='ocr_line' id='line_1_120' title="bbox 2726 5730 2745 5755; baseline 0 0"><span class='ocrx_word' id='word_1_930' title='bbox 2726 5730 2745 5755; x_wconf 57' lang='grc' dir='ltr'><strong>κ</strong></span> 
     </span>
    </p>
   </div>
   <div class='ocr_carea' id='block_1_119' title="bbox 326 5780 3227 5870">
    <p class='ocr_par' dir='ltr' id='par_1_119' title="bbox 326 5780 3227 5870">
     <span class='ocr_line' id='line_1_121' title="bbox 326 5780 3227 5870; baseline -0.006 -13"><span class='ocrx_word' id='word_1_931' title='bbox 326 5803 408 5870; x_wconf 74' lang='lat' dir='ltr'><strong>(tt)</strong></span> <span class='ocrx_word' id='word_1_932' title='bbox 444 5801 603 5869; x_wconf 84' lang='lat' dir='ltr'><strong>Quod</strong></span> <span class='ocrx_word' id='word_1_933' title='bbox 648 5802 693 5857; x_wconf 85' lang='lat' dir='ltr'><strong>si</strong></span> <span class='ocrx_word' id='word_1_934' title='bbox 729 5798 867 5855; x_wconf 86' lang='lat' dir='ltr'><strong>nihil</strong></span> <span class='ocrx_word' id='word_1_935' title='bbox 916 5797 1060 5855; x_wconf 85' lang='lat' dir='ltr'><strong>aliud</strong></span> <span class='ocrx_word' id='word_1_936' title='bbox 1095 5807 1177 5855; x_wconf 83' lang='lat' dir='ltr'><strong>est</strong></span> <span class='ocrx_word' id='word_1_937' title='bbox 1212 5811 1372 5869; x_wconf 87' lang='lat' dir='ltr'><strong>quam</strong></span> <span class='ocrx_word' id='word_1_938' title='bbox 1410 5797 1538 5861; x_wconf 88' lang='lat' dir='ltr'><strong>vita,</strong></span> <span class='ocrx_word' id='word_1_939' title='bbox 1582 5803 1727 5847; x_wconf 89' lang='lat' dir='ltr'><strong>totus</strong></span> <span class='ocrx_word' id='word_1_940' title='bbox 1756 5799 1839 5846; x_wconf 67' lang='lat' dir='ltr'><strong>est</strong></span> <span class='ocrx_word' id='word_1_941' title='bbox 1864 5799 1994 5855; x_wconf 77' lang='lat' dir='ltr'><strong>Vita,</strong></span> <span class='ocrx_word' id='word_1_942' title='bbox 2033 5800 2086 5842; x_wconf 88' lang='lat' dir='ltr'><strong>et</strong></span> <span class='ocrx_word' id='word_1_943' title='bbox 2110 5803 2204 5843; x_wconf 87' lang='lat' dir='ltr'><strong>sua</strong></span> <span class='ocrx_word' id='word_1_944' title='bbox 2238 5796 2344 5841; x_wconf 78' lang='lat' dir='ltr'><strong>Vita</strong></span> <span class='ocrx_word' id='word_1_945' title='bbox 2376 5798 2429 5841; x_wconf 86' lang='lat' dir='ltr'><strong>et</strong></span> <span class='ocrx_word' id='word_1_946' title='bbox 2453 5802 2610 5841; x_wconf 84' lang='lat' dir='ltr'><strong>suum</strong></span> <span class='ocrx_word' id='word_1_947' title='bbox 2638 5799 2782 5850; x_wconf 88' lang='lat' dir='ltr'><strong>esse,</strong></span> <span class='ocrx_word' id='word_1_948' title='bbox 2816 5800 2869 5837; x_wconf 76' lang='lat' dir='ltr'><strong>et</strong></span> <span class='ocrx_word' id='word_1_949' title='bbox 2900 5798 3005 5835; x_wconf 87' lang='lat' dir='ltr'><strong>non</strong></span> <span class='ocrx_word' id='word_1_950' title='bbox 3035 5780 3227 5841; x_wconf 80' lang='lat' dir='ltr'><strong>lactus.</strong></span> 
     </span>
    </p>
   </div>
  </div>
