3892 6192
350 5739 402 5783 1k

527 342 628 402 $47

1674 346 2004 404 thtANNtS
2044 343 2617 410 CYPARISSIOTAE
3598 363 3684 424 943

531 451 761 513 spiritus
789 451 943 513 vitae;
977 460 1027 503 et
1054 464 1170 517 quae
1201 450 1303 503 vita
1331 453 1352 502 ?
1388 467 1517 504 sane
1538 452 1809 517 Christus,
1844 457 1934 523 qui
1971 457 2086 511 ait:
2119 463 2162 520 Α
2194 459 2420 527 Magnus
2458 462 2690 515 Basilius
2722 465 2960 517 scribens
2987 465 3050 520 ad
3103 467 3442 523 Ctesarienses
3485 488 3498 522 :
3530 469 3578 523 Si
3599 478 3696 544 Vnnu'

523 541 639 612 Ego
670 559 786 595 sum
826 543 1019 595 veritas
1037 552 1083 593 et
1108 542 1213 593 vita
1249 545 1312 594 ³³.
1348 544 1567 596 Christo
1599 544 1761 613 igitur
1805 549 1969 613 legem
2014 549 2090 602 fe-

522 641 696 694 rente,
725 631 959 697 Spiritus
987 631 1316 700 ejusutpote
1346 650 1408 687 ex
1439 636 1578 703 ipso,
1613 647 1666 688 et
1695 637 1746 688 in
1785 639 1900 700 ipso
1927 650 2088 692 natu-

521 724 713 775 raliter
736 723 1196 784 etsistensleaem
1238 726 1359 779 fert.
1405 727 1627 795 Magnus
1653 730 2003 792 Athanasius,
2029 732 2085 786 in

447 877 449 879 _
521 828 626 865 uno
666 828 731 864 ex
764 812 914 866 libris
962 823 1147 868 contra
1193 817 1416 869 Arianos
1449 834 1466 871 :
1502 819 1604 872 Sed
1664 820 1835 888 impii,
1889 823 2081 902 inquit,

527 917 632 954 non
659 905 966 958 cont-edunt
1002 920 1123 958 esse
1157 906 1349 960 Filium
1393 907 1645 966 Verbum.
1698 922 1751 963 et
1805 914 2086 965 consilium

521 993 735 1052 vivens.
774 1009 955 1047 verum
995 995 1201 1064 lingunt
1229 1000 1474 1052 accidere
1511 1000 1620 1052 Deo
1649 1003 1884 1056 humano
1939 1019 2087 1056 more

522 1084 677 1144 velle,
709 1093 760 1136 et
793 1086 1114 1149 sapientiam
1172 1099 1423 1152 tanquam
1469 1092 1704 1145 habitum
1761 1095 2000 1160 habere;
2034 1106 2087 1150 et

519 1174 698 1226 omnia
731 1185 942 1228 movent
965 1192 1026 1229 ac
1057 1177 1322 1232 Valentini
1351 1182 1752 1246 intelliguntiatn
1791 1194 1843 1236 et
1894 1185 2086 1239 volun-

523 1274 690 1318 tatem
719 1267 1001 1334 objiciunt.
1043 1271 1274 1324 Sanctus
1321 1271 1552 1341 Cyrillus
1591 1275 1639 1326 in
1664 1274 1955 1335 Thesauris
1987 1293 2004 1329 :
2034 1278 2086 1332 Si

519 1357 828 1416 consilium,
862 1358 1129 1425 inquit,et
1163 1362 1414 1414 voluntas
1476 1363 1654 1415 Patris
1681 1375 1763 1418 est
1797 1365 1986 1430 Filius,
2022 1378 2080 1421 ιιι

520 1447 737 1512 quidem
771 1458 873 1512 est,
903 1453 1172 1516 quomodo
1206 1453 1455 1505 voluntas
1490 1458 1759 1509 antecedit
1787 1462 2080 1512 essentiam

519 1540 634 1600 ejus
662 1536 685 1588 ?
740 1538 802 1590 Et
833 1556 1019 1592 rursus
1053 1542 1102 1593 itt
1129 1543 1330 1595 eisdem
1362 1561 1374 1594 :
1414 1545 1518 1597 Aut
1558 1547 1698 1598 enim
1729 1563 1950 1601 necesse
2001 1561 2084 1603 est

519 1641 613 1678 vos
648 1627 803 1680 aliam
843 1631 1044 1697 [ingere
1073 1634 1417 1699 sapiet-niam,
1449 1636 1498 1687 in
1563 1651 1695 1702 qua,
1735 1654 1853 1690 cum
1894 1642 2082 1704 voluit,

519 1716 712 1768 Filium
737 1722 969 1786 peperit,
1006 1732 1058 1774 ιιι
1093 1738 1188 1776 vos
1217 1725 1436 1791 dicitis;
1469 1739 1557 1780 aut
1584 1729 1627 1781 si
1676 1732 1776 1782 alia
1828 1727 1932 1783 non
1979 1741 2082 1794 est,

2193 560 2296 613 est,
2328 551 2522 618 inquit,
2576 555 2798 619 simplex
2836 553 3069 621 Spiritus
3119 568 3352 621 sanctus,
3405 561 3687 626 compositus

2193 650 2362 695 estex
2403 645 2726 705 snbstantia,
2761 653 2814 696 et
2851 657 2917 697 ex
2950 645 3276 700 sanctitate:
3310 656 3357 699 at
3405 648 3598 716 quisita
3625 666 3693 702 re-

2193 746 2316 786 cors
2350 743 2452 795 est,
2487 745 2541 786 ιιι
2569 717 2926 799 centpositutn
2950 734 3094 791 dicat
3117 738 3370 803 Spiritum
3400 750 3694 802 sanctutn,et

2198 838 2304 875 non
2329 824 2628 891 simplicem
2657 825 2680 876 ?
2733 826 2792 876 Et
2823 825 3114 918 Greg‘oritts
3145 828 3475 895 Theologus:
3506 828 3555 882 Si
3583 831 3695 882 enim

2195 914 2299 967 alia
2331 917 2702 970 estsanctitas
2759 914 2982 984 praeter"
3009 917 3263 985 Spiritum
3311 931 3560 976 sanctum.
3605 936 3697 987 qua:

2197 992 2309 1059 haec
2347 1007 2699 1075 intelligatur,
2757 1010 2901 1061 dicat
2937 1011 3228 1077 quispiam.
3261 1012 3484 1064 Sanctus
3507 1011 3700 1080 Cyrillus

2193 1095 2469 1149 disserens
2509 1097 2574 1149 de
2601 1099 3063 1163 Spirilusancto:
3105 1099 3241 1163 Quid
3274 1114 3404 1164 opus
3448 1110 3521 1152 est
3576 1101 3699 1168 longe

2191 1182 2417 1236 circuitu
2443 1186 2724 1236 verborum
2754 1195 2805 1236 et
2826 1185 3215 1252 multiplicibus
3233 1186 3558 1239 nationibus?
3576 1187 3692 1239 lllatu

2191 1273 2333 1322 enim
2363 1271 2530 1337 ipsam
2565 1273 2814 1326 virtutem
2842 1275 3266 1327 sanctilicantetn
3290 1289 3352 1326 ex
3401 1275 3546 1325 Patre
3591 1289 3692 1340 pro.
3743 1329 3746 1343 τ

2193 1359 2646 1426 cedentem.qute
2713 1361 3101 1425 perfectionem
3151 1360 3472 1426 imperfectis
3525 1361 3698 1421 tribuit,

2191 1447 2422 1503 dicimus
2445 1465 2565 1504 esse
2589 1450 2846 1517 Spiritum
2869 1463 3140 1504 sanctum.
3169 1452 3231 1504 Et
3257 1467 3470 1519 magnus
3501 1451 3702 1502 Athana-

2191 1541 2325 1603 sius,
2387 1542 2437 1593 in
2470 1541 2836 1611 disputatione
2887 1542 3189 1596 Orthodoxi
3235 1553 3288 1595 et
3341 1543 3567 1596 Anomtei
3610 1543 3702 1593 ait:

2191 1630 2280 1683 Sic
2318 1631 2452 1685 dicis
2480 1633 2672 1685 hOntttn
2698 1632 2956 1702 Spiritum
2998 1635 3143 1688 sicut
3173 1635 3381 1688 Patrem
3421 1643 3469 1685 et
3507 1631 3710 1684 Filium?

2191 1722 2360 1776 Cum.
2427 1724 2678 1778 Maxime.
2734 1724 2968 1792 Spiritus
3029 1725 3172 1778 enim
3232 1725 3284 1776 in
3344 1725 3707 1792 ριιτιῑοῐρειιὶοιιις

519 1805 612 1858 sed
644 1815 728 1858 est
755 1807 866 1875 ipse
894 1809 1038 1862 solus
1065 1814 1328 1881 sapientia
1357 1814 1566 1880 Patris,
1630 1818 1743 1885 ipse
1790 1829 1871 1872 est
1902 1830 1956 1873 et
1995 1837 2086 1872 vo-
2123 1811 2161 1866 Β
2195 1813 2452 1867 bonitatis
2477 1815 2551 1882 (1)
2587 1817 2782 1867 bonum
2827 1826 2929 1876 est.
2976 1815 3068 1870 sed
3110 1830 3298 1868 rursus
3331 1816 3539 1876 bonum,
3565 1815 3607 1865 id
3629 1822 3708 1870 est,

517 1894 720 1951 luntas.
750 1898 814 1949 Et
847 1899 896 1951 in
940 1901 1003 1954 iis
1036 1918 1154 1963 qua!
1191 1906 1255 1957 de
1311 1906 1517 1972 Spiritu
1555 1922 1742 1963 saneto
1802 1913 2022 1980 scripsit
2068 1929 2080 1964 :

521 1985 759 2055 Spiritus
828 2003 1067 2057 sanctus,
1120 1998 1308 2063 inquit,
1367 2000 1456 2068 qui
1524 2011 1608 2054 est
1662 2018 1812 2056 utens
1862 2004 2084 2067 Christi,

519 2079 697 2131 Omnia
720 2096 840 2149 quae
871 2083 921 2135 in
949 2084 1064 2149 ipso
1095 2095 1241 2147 sunt.
1275 2089 1524 2142 edisserit
1551 2092 1856 2159 discipulis,
1893 2111 1997 2146 non
2030 2097 2080 2148 in

519 2175 735 2240 propria
771 2176 1000 2240 quadam
1033 2177 1327 2238 voluntate,
1379 2197 1552 2249 neque
1583 2199 1770 2237 rursus
1800 2186 1851 2236 in
1888 2186 2084 2242 aliena.

518 2267 610 2317 sed
647 2276 901 2332 tanquam
927 2282 990 2319 ex
1021 2268 1318 2322 substantia
1346 2273 1458 2338 ejus
1492 2275 1808 2339 procedens,
1835 2284 1890 2328 et
1915 2286 2078 2330 totam

518 2354 633 2419 ejus
659 2356 1006 2420 voluntatem,
1042 2360 1182 2413 sicut
1212 2371 1264 2414 et
1291 2366 1666 2430 operationem
1727 2366 1952 2421 habens.
2022 2368 2086 2421 Et

523 2447 741 2501 divinus
797 2447 1219 2504 Damasceuus:
1280 2453 1324 2507 Ο
1388 2457 1706 2510 miraculum
1772 2475 1965 2512 novum
2021 2477 2085 2514 ex

520 2537 776 2591 omnibus
798 2539 928 2592 olim
961 2541 1277 2597 miraculis!
1317 2546 1406 2596 Dei
1462 2550 1602 2602 enim
1661 2552 1944 2604 consilium
1983 2563 2085 2618 est,

520 2627 611 2690 qui
648 2627 698 2679 in
739 2638 890 2682 utero
921 2642 1161 2694 gestatus
1195 2645 1300 2697 est,
1335 2647 1391 2687 ιιι
1442 2638 1641 2690 infans.
1691 2639 1753 2691 Et
1789 2641 2086 2708 Gregorius

527 2716 858 2787 Theologus,
890 2721 942 2772 in
968 2724 1216 2777 oratione
1247 2727 1298 2777 itt
1325 2727 1533 2780 laudem
1563 2729 1808 2796 Gregorii
1834 2735 2085 2802 fiysseni,

523 2809 678 2876 cujus
716 2811 1043 2878 principium
1081 2824 1186 2879 est,
1226 2816 1397 2869 Amici
1427 2818 1595 2882 ﬁdelis
1629 2837 1641 2872 :
1694 2822 1854 2886 Dens,
1889 2827 2084 2893 inquit,

519 2900 691 2969 pacis,
731 2903 819 2968 qui
852 2905 1215 2957 reconciliavit
1241 2922 1338 2960 nos
1365 2923 1455 2973 per
1478 2925 1714 2973 crucem,
1749 2915 1836 2979 qui
1871 2927 2088 2982 propter

519 3002 805 3060 peccaturo
877 3007 1092 3049 eramus
1149 3000 1486 3065 oppugnati:
1544 3003 1634 3069 qtti
1694 3005 2084 3072 evangelizavit

520 3097 706 3152 pacem
744 3085 806 3136 iis
843 3086 929 3153 qtti
961 3086 1134 3152 longe,
1173 3098 1225 3139 et
1250 3088 1315 3140 iis
1345 3089 1436 3157 qui
1508 3107 1691 3161 prope,
1740 3095 1806 3148 iis
1854 3097 1942 3162 qui
1987 3077 2124 3162 sub",

520 3174 658 3243 lege,
698 3175 952 3243 etiisqui
990 3189 1137 3230 extra
1169 3180 1338 3248 legem
1376 3194 1554 3249 erant,
1595 3184 1752 3238 Pater
1777 3187 2082 3252 charitatis,

520 3266 804 3330 ηυδε-ηοω
852 3267 932 3320 his
957 3269 1098 3319 enim
1136 3272 1444 3326 nominibus
1511 3290 1618 3342 pne
1669 3282 1879 3334 cat-teris
1905 3282 2087 3333 vocari

521 3359 741 3426 gaudet.
771 3357 1064 3436 Gregorius
1098 3360 1373 3430 Nysscnus
1407 3365 1458 3417 itt
1480 3364 1916 3424 Commentariiis
1944 3373 2088 3425 Can-

524 3450 618 3504 tici
647 3452 982 3504 canticorum
1017 3469 1030 3504 :
1063 3453 1199 3518 Quia
1229 3453 1391 3522 igitur
1430 3472 1595 3509 unum
1622 3468 1702 3511 est
1737 3463 2087 3526 connubium,

523 3552 576 3597 ct
617 3559 720 3596 una
743 3557 966 3610 sponsa,
999 3553 1053 3597 et
1080 3560 1189 3598 uno
1224 3561 1426 3614 sponso
1481 3548 1782 3609 imponitur
1836 3568 2033 3606 corona
2068 3572 2085 3621 ;

525 3635 659 3688 nihil
692 3637 833 3688 enim
867 3637 1081 3705 penitus
1114 3637 1359 3702 interest,
1419 3640 1496 3691 vel
1527 3639 1718 3692 Filium
1779 3643 1870 3695 Dei
1900 3661 2089 3700 vocare

524 3727 862 3790 unigenitum
901 3727 1159 3791 Verbum,
1222 3729 1304 3782 vel
1348 3729 1542 3784 Filium
1605 3733 1910 3789 dilectionis
1945 3737 2085 3803 ejus,

524 3829 582 3868 nt
618 3819 768 3872 Pauli
808 3835 937 3873 voce
973 3829 1191 3873 utamur
1221 3822 1288 3874 ³ο.
1322 3820 1381 3872 Et
1417 3832 1636 3876 sanctus
1682 3824 1932 3892 Cyrillus,
1969 3845 2086 3882 cum

526 3907 594 3959 de
635 3907 841 3976 Spiritu
885 3919 1074 3963 sancto
1103 3911 1292 3964 scribit
1327 3929 1341 3964 :
1373 3911 1642 3976 Quantam
1703 3915 2086 3985 benignitatem

525 3997 579 4048 in
615 3996 768 4050 nobis
803 4011 1060 4066 operatus
1113 4011 1196 4053 est
1254 4004 1495 4054 omnium
1552 4005 1827 4067 Dominus,
1891 4011 2089 4065 docens

522 4087 721 4140 Paulus
750 4088 821 4140 ait
859 4107 872 4141 :
907 4089 1043 4151 Quia
1081 4090 1310 4143 Charitas
1335 4091 1425 4144 Dei
1459 4093 1652 4161 diffusa
1670 4107 1741 4147 est
1770 4097 1824 4147 in
1844 4098 2088 4153 cordibus

525 4176 717 4227 nostris
746 4193 836 4239 per
862 4174 1120 4242 Spiritum
1144 4189 1410 4243 sanctum,
1441 4185 1529 4248 qui
1561 4184 1721 4236 datus
1749 4196 1823 4239 est
1854 4189 1999 4242 nobis
2019 4190 2084 4243 ³⁸.

529 4263 585 4316 Si
614 4265 776 4332 igitur
813 4265 954 4319 Detts
985 4267 1227 4322 charitas
1258 4279 1360 4335 est,
1388 4281 1445 4323 ut
1478 4270 1717 4327 Joannes
1754 4276 1991 4344 loquitur
2021 4281 2089 4346 ³³,

526 4362 579 4403 et
613 4368 714 4406 non
749 4366 832 4408 est
867 4355 1009 4406 aliud
1044 4355 1177 4422 ipse,
1204 4366 1257 4411 et
1296 4357 1442 4412 aliud
1482 4359 1620 4426 quod
1653 4361 1706 4413 in
1733 4362 1849 4430 ipso
1874 4373 1956 4416 est
1986 4366 2091 4431 (est

2191 1904 2404 1958 bonitas
2434 1917 2537 1960 est.
2569 1907 2710 1960 Sane
2752 1906 3036 1960 Matlhtcus
3079 1907 3297 1973 quidem
3331 1906 3632 1971 evangeliSIa
3655 1907 3711 1955 ait

2186 1997 2388 2050 dixisse
2412 1999 2686 2050 Dominum
2723 2014 2736 2049 :
2763 1997 2821 2052 Si
2848 1999 3009 2066 igitur
3039 2013 3129 2051 vos
3159 2014 3277 2049 cum
3309 1997 3431 2048 muli
3465 1997 3589 2052 sitis,
3639 2011 3712 2043 no-

2188 2091 2282 2140 stis
2315 2091 2449 2142 bona
2477 2091 2603 2141 data
2629 2091 2756 2143 dare
2775 2091 2901 2157 ﬁliis
2929 2093 3112 2144 vestris
3135 2105 3153 2142 :
3193 2072 3388 2158 quanto
3411 2089 3561 2157 magis
3585 2085 3715 2138 Pater

2189 2182 2410 2234 caelestis
2428 2183 2576 2234 dabit
2593 2183 2726 2234 bona
2744 2183 3036 2250 petentibus
3059 2198 3179 2234 eum
3209 2182 3253 2213 ³³
3275 2181 3298 2234 ?
3318 2183 3498 2237 Audis.
3524 2179 3561 2230 si
3583 2191 3715 2228 aures

2192 2274 2398 2326 habes?
2462 2274 2601 2338 qutid
2659 2273 3008 2337 evangelista:
3083 2287 3208 2324 cum
3255 2271 3453 2324 scirent
3497 2267 3716 2335 Spiritum

2187 2364 2326 2414 idem
2362 2377 2483 2416 esse
2513 2363 2653 2427 quod
2687 2362 2920 2419 bonitas.
2967 2372 3021 2414 et
3071 2363 3377 2414 bonitatem
3431 2360 3561 2412 idem
3591 2357 3711 2425 quod

2189 2455 2465 2520 Spiritus;
2517 2454 2605 2506 ille
2649 2453 2861 2514 quidem
2896 2456 3029 2507 bona
3075 2454 3216 2506 dixit
3257 2453 3424 2519 ipsum
3470 2450 3714 2515 Sjirtllitli,

2189 2551 2323 2600 alius
2368 2562 2495 2600 vero
2527 2546 2782 2614 Spiritum
2809 2522 2919 2611 ipsa
2955 2547 3116 2597 bona.
3157 2545 3379 2609 Magnus
3423 2543 3644 2603 Basilius,
3673 2541 3714 2589 in

2188 2637 2454 2703 capitibus
2481 2637 2564 2688 De'
2597 2634 2798 2702 Spiritu
2827 2644 3008 2686 sancto
3041 2649 3058 2686 :
3094 2632 3276 2684 Bonus
3319 2632 3557 2698 Spititus.
3601 2629 3714 2679 sicut

2189 2731 2364 2782 bonus
2395 2728 2578 2790 Pater,
2610 2738 2664 2780 et
2697 2728 2870 2779 bonus
2898 2741 2961 2778 ex
2988 2726 3126 2778 bono
3159 2727 3372 2793 genitus
3402 2720 3711 2776 substantiam

2189 2823 2393 2875 habens
2430 2821 2601 2886 ipsam
2638 2818 2954 2871 bonitatem.
2994 2816 3233 2868 Sanctus
3265 2815 3490 2884 (lyrinus
3507 2809 3716 2863 Scriberis

2188 2916 2253 2966 de
2291 2912 2490 2979 Spiritu
2511 2920 2699 2967 sancto
2726 2927 2739 2962 :
2775 2909 3018 2966 Accedit.
3045 2910 3244 2974 inquit,
3274 2906 3481 2975 quidam
3503 2905 3548 2956 ιιι
3568 2903 3718 2954 Evan-

2187 3003 2361 3070 geliis,
2388 3013 2437 3054 et
2461 3002 2594 3055 dicit
2620 3001 2848 3055 Domino
2873 3011 2925 3054 et
2958 3001 3066 3052 Deo
3099 3010 3288 3053 nostro
3317 2999 3444 3052 Jesu
3475 2997 3661 3048 Christo
3694 3005 3706 3041 :

2192 3093 2444 3162 Magister
2475 3093 2622 3146 bone.
2658 3095 2735 3145 Ad
2795 3091 3176 3172 hoeﬁhristus
3231 3090 3499 3156 respondit
3547 3102 3561 3137 :
3595 3080 3711 3172 Quid

2192 3203 2271 3237 me
2298 3187 2429 3237 dicis
2459 3187 2646 3237 bonum
2677 3184 2702 3236 ?
2742 3171 3120 3243 Neutoibonus,
3179 3183 3282 3233 nisi
3331 3195 3458 3232 imus
3505 3177 3625 3228 Drus
3661 3171 3743 3221 “.-

2191 3279 2407 3329 Christo
2438 3277 2601 3342 igitur
2631 3273 2849 3327 dicente
2875 3290 3036 3326 unum
3071 3287 3196 3326 esse
3227 3286 3350 3326 vere
3384 3282 3434 3324 ct
3493 3269 3713 3323 substan-

2194 3368 2395 3420 tialiter
2419 3367 2638 3427 bonum,
2678 3364 2839 3418 David
2873 3368 2949 3418 ait
2980 3381 2993 3416 :
3030 3365 3268 3429 Spiritus
3315 3373 3432 3414 tuus
3465 3362 3609 3413 bonus
3648 3357 3718 3406 de-

2191 3464 2343 3514 (lucet
2361 3478 2440 3513 me
2465 3463 2515 3511 in
2544 3469 2735 3512 terram
2758 3470 2948 3512 rectam.
2978 3456 3106 3510 “.Si
3134 3471 3265 3525 ergo
3291 3455 3428 3520 Filii,
3448 3454 3619 3522 quiest
3647 3449 3716 3500 bo-

2193 3535 2337 3616 num,
2357 3552 2589 3619 Spiritus
2612 3561 2690 3603 est
2731 3551 2950 3610 bonum,
2970 3550 3138 3616 liquet
3167 3549 3366 3599 divinae
3390 3555 3579 3597 natura!
3599 3553 3714 3599 esse,

2193 3648 2260 3701 de
2288 3646 2483 3713 quibus
2512 3660 2637 3696 vere
2659 3645 2858 3696 dicitur
2885 3643 3080 3694 bonum
3119 3641 3341 3709 proprie
3398 3647 3449 3690 et
3497 3629 3715 3698 singulari

2194 3741 2372 3792 modo.
2402 3739 2623 3807 Magnus
2649 3736 2936 3804 Apustde
2961 3751 2973 3784 τ
3001 3733 3103 3797 Qui
3137 3750 3255 3785 εει-η
3281 3733 3332 3784 in
3353 3734 3538 3799 forma,
3557 3723 3714 3792 inquit.

2193 3831 2286 3884 Dei
2311 3839 2460 3891 esset,
2485 3846 2583 3881 non
2607 3829 2840 3894 rapinam
2859 3827 3152 3877 arbitratus
3181 3835 3255 3877 est
3291 3839 3400 3875 esse
3423 3838 3474 3873 se
3508 3815 3719 3886 a’qtmlc’m

2194 3921 2300 3973 Dea
2326 3922 2388 3975 ³⁸.
2419 3920 2642 3988 Magnus
2667 3917 2895 3969 Basilius
2924 3934 2936 3968 :
2971 3916 3101 3968 lilnd
3133 3917 3185 3966 in
3225 3915 3393 3983 [arma
3429 3909 3526 3966 Dei.
3558 3906 3723 3972 inquii»

2192 4015 2510 4066 substantize
2542 4009 2631 4062 Dei
2660 4020 2780 4074 est;
2810 4024 2912 4061 non
2950 4009 3093 4060 enim
3153 4005 3300 4058 aliud
3349 4012 3428 4058 est
3463 4001 3631 4053 forma.
3681 4000 3723 4044 ct

2194 4105 2337 4157 aliud
2376 4102 2673 4155 subsrantia
2703 4098 2832 4162 Dei,
2891 4113 2956 4151 ne
3017 4097 3380 4165 compositum
3408 4095 3494 4146 sit.
3524 4090 3611 4156 Qui
3642 4085 3722 4150 lgi-

2195 4205 2282 4249 tttr
2308 4205 2390 4248 cst
2420 4193 2712 4249 secundum
2743 4190 2972 4242 formam
3003 4190 3258 4256 tequalis,
3295 4187 3577 4241 secundum
3614 4182 3724 4231 sult-

2193 4289 2448 4341 stantiam
2501 4295 2716 4349 queque
2765 4281 2984 4348 :rqualis
3018 4289 3128 4333 est.
3194 4279 3426 4333 Sanctus
3475 4269 3725 4340 Gregmius

2193 4377 2471 4449 Nyssenus
2536 4389 2659 4428 cum
2701 4373 2957 4440 explanat
3013 4369 3142 4423 illud
3181 4387 3194 4420 :
3242 4369 3493 4423 Adveniet
3542 4373 3724 4428 regnum

523 4443 666 4494 enim
693 4443 947 4512 simplex,
993 4453 1046 4497 et
1077 4459 1268 4512 expers
1293 4448 1756 4520 compositionis),
1783 4452 1976 4507 ditTusa
2011 4449 2091 4508 est
2127 4475 2175 4532 ο
2207 4443 2351 4522 “ium
2379 4484 2398 4522 ς
2447 4467 2730 4525 creatura,
2792 4465 2984 4532 inquit,
3047 4465 3259 4528 servit,
3305 4458 3529 4514 servitus
3574 4459 3724 4504 autem

526 4544 702 4588 autem
731 4551 825 4604 per
851 4536 1111 4604 Spiritum
1143 4541 1387 4591 sanctum
1435 4539 1767 4596 habitantem
1796 4545 1846 4596 iu
1885 4547 2040 4600 nobis
2074 4562 2090 4598 :

527 4627 796 4694 estigitur
821 4630 1060 4680 cbaritas
1090 4627 1327 4699 Spiritus
1379 4641 1624 4696 sanctus,
1685 4634 1774 4702 qui
1835 4643 2092 4704 tanquam

527 4718 668 4769 Deus
691 4719 742 4770 in
772 4720 930 4773 nobis
965 4719 1169 4772 habitat
1196 4763 1212 4786 ,
1233 4733 1286 4773 et
1314 4721 1517 4777 idcirco
1550 4723 1706 4791 plane
1762 4726 1918 4782 Deus.
1949 4730 2093 4784 Idem

525 4807 662 4860 libro
688 4811 860 4876 primo
892 4809 954 4860 ad
990 4809 1260 4862 llermiam
1307 4825 1320 4860 :
1355 4810 1472 4877 Ipse
1501 4813 1668 4876 enim,
1697 4817 1788 4882 qui
1853 4828 1936 4870 est
1967 4820 2092 4886 pul-

523 4901 773 4953 chritudo
807 4902 1114 4967 incorrupta
1143 4901 1231 4953 Dei
1268 4901 1462 4970 Patris,
1523 4919 1730 4958 summa
1789 4908 2087 4974 beatitudo,

523 5005 571 5044 et
601 4991 792 5051 forma,
832 5003 990 5060 atque
1022 4994 1270 5060 species;
1330 4995 1418 5061 qui
1473 5011 1534 5047 ex
1568 4996 1704 5064 ipso,
1758 5007 1811 5051 et
1878 5000 1928 5050 itt
1976 5002 2095 5068 ipso

523 5085 661 5140 Deus
724 5084 950 5137 Verbum
1001 5085 1196 5151 abjeeit
1249 5085 1484 5154 seipsutn
1536 5090 1585 5139 ιιι
1641 5091 2089 5150 exinanitionem.

593 5219 957 5292 "dOJlltX‘lV,
980 5220 1049 5292 ,6.
1085 5278 1089 5282 _
1128 5221 1173 5252 ³ο
1203 5220 1419 5292 Coloss.
1452 5222 1602 5292 L715.
1679 5223 1720 5254 ³¹
1777 5223 1930 5281 Rom.
1965 5245 2018 5292 v,
2045 5228 2097 5286 5.

525 5289 610 5355 18,
644 5290 726 5346 l9.
803 5291 848 5322 ³⁸
870 5289 1012 5344 Psal.
1040 5304 1209 5353 chtt,
1241 5289 1324 5342 tO.
1404 5290 1449 5321 ³⁸
1478 5291 1708 5361 Philipp.
1737 5309 1794 5359 tt,
1819 5297 1871 5348 6.

2174 5229 2218 5260 ³¹
2248 5229 2266 5287 Ι
2293 5228 2447 5282 Joan.
2486 5243 2560 5290 Iv,
2602 5225 2686 5279 16.

2196 4570 2406 4612 nonest
2439 4571 2702 4625 regnum,
2734 4554 2879 4620 atqui
2923 4569 3148 4619 regnum
3216 4559 3300 4605 est
3354 4549 3575 4618 Spiritus
3617 4555 3728 4636 san:

2194 4655 2350 4709 ctus;
2389 4662 2608 4714 regnum
2652 4660 2781 4699 vero
2813 4643 2966 4713 plane
2990 4653 3206 4710 regnat,
3241 4656 3348 4694 non
3384 4646 3623 4707 reguntur
3647 4647 3662 4695 ἱ
3689 4643 3724 4678 ⁸⁸

2196 4738 2363 4805 igitur
2433 4750 2656 4803 regnum
2715 4743 2802 4786 est
2886 4733 3125 4798 Spiritus
3199 4741 3442 4791 sanctus,
3495 4720 3728 4822 quoii)???

2197 4830 2368 4897 ipsum
2399 4837 2601 4879 naturm
2631 4825 2887 4879 servienti
2916 4833 3277 4878 annnmcraut
3327 4821 3496 4875 insani
3527 4815 3606 4868 isti
3629 4812 3649 4864 3
3673 4809 3728 4860 Ει

2207 4923 2497 4992 Gregorius
2547 4920 2852 4986 Tlicologus
2900 4937 2911 4971 :
2968 4917 3060 4970 His
3111 4916 3332 4983 quidem
3400 4900 3728 5006 quit-"Idl"0d

2200 5013 2442 5081 expromi
2479 5027 2580 5063 non
2619 5018 2816 5078 potest,
2851 5009 3111 5067 succedit,
3146 5014 3202 5057 et
3272 5000 3636 5065 contemplatio
3661 5005 3728 5044 ἴθ’

2201 5103 2333 5171 galis
2360 5098 2643 5152 Trinitatis
2676 5097 3005 5166 splendentis
3028 5096 3232 5149 clarius
3259 5105 3311 5149 et
3341 5092 3536 5161 purius,
3559 5095 3609 5139 ει
3633 5093 3730 5150 qm“

2766 5225 2810 5255 ³⁸
2843 5223 3029 5278 Matth.
3079 5239 3176 5286 ιιι,
3206 5226 3285 5278 tt.
3365 5217 3556 5272 "Luc.
3597 5222 3725 5266 XVIII.

2022 5406 2303 5468 Scholia.

594 5504 670 5572 (il
717 5503 950 5573 Spiritus
1001 5505 1054 5557 in
1105 5506 1508 5573 participatione
1591 5506 1837 5559 bonitatis
1891 5507 2082 5560 bonum

455 5625 463 5634 ,
523 5587 619 5628 est.
656 5575 711 5628 id
745 5585 848 5635 est,
882 5576 932 5627 in
965 5576 1373 5642 participatione
1407 5587 1585 5629 nostra
1619 5575 1873 5630 bonitatis
1896 5587 2091 5631 creatae

524 5654 604 5698 0st
640 5645 812 5697 bonus
851 5643 1085 5710 Spiritus
1122 5655 1374 5711 tanquam
1404 5656 1590 5698 auctor
1614 5657 1665 5697 et
1692 5657 1907 5699 creator
1934 5647 2087 5698 boni-

529 5715 656 5766 tatis
681 5727 709 5764 a
738 5712 893 5764 nobis
924 5714 1282 5782 participalte;
1323 5716 1436 5784 ipse
1471 5730 1594 5768 vero
1632 5715 1864 5783 Spiritus
1896 5726 2087 5769 natura

2203 5517 2284 5560 est
2320 5507 2433 5574 ipsa
2464 5506 2677 5559 bonitas
2702 5520 2864 5571 supra
2898 5505 3217 5563 bonitatem,
3246 5504 3424 5566 itaque
3453 5515 3510 5574 ea
3543 5513 3647 5574 quia
3670 5498 3721 5574 de

2200 5578 2308 5630 Deo
2344 5567 2396 5630 et
2427 5578 2491 5628 de
2532 5567 2796 5628 creatutis
2827 5574 3393 5652 'cquivocctlicuutttr.
3415 5573 3502 5652 ‘de
3544 5571 3636 5618 Deo
3662 5567 3722 5652 d':

2195 5655 2396 5699 cuntur
2425 5645 2720 5698 secundum
2758 5653 3048 5710 naturam,
3097 5645 3160 5696 tle
3197 5645 3455 5696 creaturis
3503 5654 3618 5691 vero
3643 5647 3722 5704 ρετ

2195 5716 2680 5780 participationem.
