4016 6204
555 329 664 394 955

1683 329 2010 389 ,ΙΟΛΝΝΞΞ
2043 323 2625 386 (ἹΥΡΛΙΗΞὸΙΟΤεΕ

3650 328 3740 390 956

555 446 857 500 coincilians
886 446 952 500 “.
1003 445 1282 514 Proprium
1341 446 1553 514 quidem
1590 445 1906 498 substantiae
1943 444 2117 497 Ihm-is
2155 454 2190 504 Α
2226 441 2332 491 mnl
2363 426 2800 492 cernunturesse
2837 452 2952 504 qum
2987 435 3133 489 illam
3172 435 3441 491 deﬁniunt.
3475 435 3593 489 Cum
3620 444 3738 492 enim

556 549 639 588 est
666 538 851 597 Filius,
890 538 940 589 in
972 554 1076 605 quo
1118 547 1364 590 creatura
1400 537 1507 590 Deo
1539 537 1880 590 reconciliata
1909 549 2012 599 est,
2044 537 2122 589 sic

556 644 677 697 quae
725 629 1047 695 operabatur
1100 625 1289 692 Filius,
1339 643 1500 694 opera
1540 627 1713 680 Patris
1747 637 1897 689 sunt,
1950 627 2118 679 forma

556 720 696 772 enim
737 719 1036 772 divinitatis
1063 717 1238 770 Patris
1268 729 1349 771 cst
1374 719 1540 772 Filius
1567 737 1578 782 ;
1613 730 1666 774 et
1696 729 1916 784 paterna
1948 719 2118 770 forma

554 807 606 859 itt
640 807 779 875 ipso,
813 809 1145 860 demonstrat
1187 809 1237 860 itt
1276 809 1392 876 ipso
1424 810 1634 862 Patrem
1673 825 1686 860 :
1735 818 1899 875 atque
1932 810 2003 861 ita
2039 816 2119 860 est

554 895 715 951 Pater
756 898 809 951 in
851 897 1005 959 Filio,
1033 912 1083 952 et
1115 901 1418 967 proprietas
1454 909 1614 969 atque
1647 892 1899 953 divinitas
1929 915 1992 953 ex
2023 898 2122 950 Pa-

556 1003 638 1043 tre
669 991 720 1042 in
751 990 910 1053 Filio,
945 994 1278 1044 detumtstrat
1324 992 1514 1044 Filium
1569 993 1619 1044 in
1653 993 1808 1045 Patre
1841 994 2118 1058 insepara-

555 1077 715 1130 bilem
757 1078 822 1129 ab
855 1092 940 1130 eo.
972 1077 1044 1130 Ex
1077 1079 1158 1131 his
1196 1081 1396 1145 patetit.
1421 1079 1562 1144 quod
1604 1079 1656 1130 in
1683 1077 1970 1142 Trinitate,
2001 1095 2120 1148 qua:

547 1183 711 1233 supra
771 1168 1130 1221 substantiam
1176 1179 1278 1231 est,
1339 1169 1580 1238 exceptis
1633 1170 1805 1223 tribus
1870 1170 2119 1235 personis

551 1259 781 1319 deilicis.
815 1276 936 1330 quae
968 1275 1073 1313 non
1106 1262 1532 1326 reciprocantur,
1580 1261 1699 1314 aliis
1729 1263 2116 1324 remeantibus,

555 1355 698 1420 quod
744 1361 828 1406 est
871 1367 974 1406 una
1009 1368 1258 1417 persona,
1295 1353 1396 1404 hoc
1445 1351 1618 1418 ipsum
1675 1360 1757 1404 est
1811 1352 1958 1414 alia;
1993 1353 2116 1419 quia

554 1451 683 1493 sunt
725 1457 828 1493 una
881 1451 936 1495 et
987 1441 1096 1495 sola
1130 1443 1291 1493 trium
1346 1455 1698 1509 personarum
1741 1441 2019 1494 essentia:
2065 1450 2120 1494 et

550 1530 695 1597 quod
741 1542 824 1583 est
857 1531 1036 1594 unius,
1075 1533 1176 1584 hoc
1221 1531 1359 1584 idem
1391 1540 1473 1584 est
1505 1531 1828 1598 reliquarum
1861 1546 2117 1597 persona-

551 1636 669 1673 rum
703 1621 820 1674 sine
855 1620 960 1674 ulla
1004 1622 1290 1682 varietate,
1347 1621 1487 1674 sicut
1527 1623 1956 1674 demonstratum
2010 1629 2114 1674 est.

547 1711 726 1776 Quare
760 1711 805 1764 si
836 1713 1071 1766 essentia
1109 1712 1226 1766 Filii
1278 1722 1358 1764 est
1407 1714 1537 1774 vita,
1587 1713 1892 1766 necessario
1936 1712 2111 1767 Patris

544 1815 600 1854 et
627 1801 868 1872 Spiritus
894 1805 1064 1857 sancti
1093 1813 1176 1858 est
1215 1804 1401 1859 eadem
1433 1805 1564 1868 vita,
1589 1821 1709 1874 qua:
1739 1815 1855 1860 erat
1877 1806 2112 1859 essentia

547 1893 689 1947 Filii.
722 1892 825 1958 Qui
874 1896 1105 1960 amplius
1137 1896 1355 1962 quaerit,
1407 1896 1450 1948 si
1499 1894 1666 1948 Filius
1710 1894 1869 1948 habet
1898 1895 2115 1961 sapien-

545 1984 676 2036 tiam
705 1981 944 2045 Patrem,
971 1986 1062 2039 ubi
1095 1997 1178 2038 est
1210 1986 1368 2054 hujus
1429 1986 1544 2039 Filii
1579 1987 1884 2055 sapientia?
1928 1987 2114 2042 fatuus

547 2075 706 2144 plane
733 2085 788 2129 et
815 2077 1073 2145 insipiens
1102 2087 1202 2141 est,
1237 2093 1359 2130 cum
1395 2078 1600 2141 audiat,
1628 2079 1789 2132 vitam
1823 2095 1981 2145 quam
2020 2081 2112 2133 ha-

543 2166 633 2220 bet
662 2165 840 2229 Pater,
876 2183 982 2220 non
1019 2181 1137 2220 esse
1173 2167 1330 2220 aliam
1365 2169 1524 2222 ullam
1557 2181 1752 2236 praeter
1795 2169 2012 2231 Filium.
2058 2181 2111 2225 et

541 2259 706 2312 vitam
751 2259 803 2312 in
839 2257 974 2315 Filio
1017 2275 1121 2314 non
1183 2275 1304 2314 esse
1345 2261 1508 2314 ullam
1574 2262 1731 2316 aliam
1775 2276 1972 2330 prteter
2009 2264 2104 2318 Pa-

541 2360 702 2414 trem,
734 2361 788 2404 et
827 2367 1011 2405 verum
1047 2353 1226 2406 dicere
1259 2357 1348 2422 qui
1382 2355 1514 2407 dicit
1542 2373 1554 2408 :
1595 2355 1704 2424 Ego
1735 2356 1786 2408 in
1843 2356 2022 2416 Putre.
2058 2367 2107 2410 et

540 2442 703 2495 Pater
734 2444 788 2495 in
823 2459 902 2496 me
928 2443 994 2497 “.
1032 2444 1142 2498 Una
1183 2447 1350 2509 enim,
1381 2455 1438 2500 ιιι
1470 2447 1729 2512 diximus,
1759 2458 1840 2502 est
1871 2451 2108 2503 essentia

540 2533 849 2597 Trinitatis,
877 2546 931 2588 et
963 2553 1066 2589 una
1097 2537 1268 2590 solum
1301 2552 1534 2606 semper.
1580 2537 1706 2593 Haec
1729 2541 1894 2608 igitur
1921 2557 2106 2595 essen-

543 2627 615 2679 tia
645 2628 852 2694 singula
866 2628 1076 2681 rissima
1111 2634 1290 2689 tritnn,
1323 2643 1604 2683 assumens
1630 2631 1978 2685 ineﬂ'abiliter
2008 2648 2105 2684 nn-

543 2731 664 2769 men
723 2718 916 2782 Patris,
971 2720 1111 2788 quod
1163 2730 1243 2771 est
1290 2735 1449 2786 supra
1495 2723 1881 2787 substantiam,
1927 2725 2102 2776 solum

539 2808 756 2863 Patrem
792 2823 1138 2878 generante-tt
1183 2809 1374 2865 Filium
1408 2815 1740 2878 manifestat,
1793 2831 1984 2870 rursus
2019 2833 2108 2872 as-

543 2915 766 2954 sumens
812 2916 1140 2969 supraquam
1199 2903 1421 2973 intelligi
1469 2914 1663 2972 potest,
1716 2923 1907 2961 nomen
1959 2909 2101 2973 Filii,

539 2992 682 3058 quod
713 2999 795 3044 est
831 3006 992 3060 supra
1035 2994 1416 3052 substantiam.
1450 2995 1622 3050 solum
1652 2997 1843 3050 Filium
1878 3002 2102 3053 detnon-
2133 2975 2175 3023 δ

535 3090 671 3134 atrat
704 3091 1016 3149 generatum
1056 3100 1084 3136 a
1118 3084 1312 3150 Patre;
1354 3101 1540 3140 rursus
1569 3091 1681 3143 haec
1721 3089 1834 3158 ipsa
1865 3096 2101 3148 essentia

533 3185 820 3249 assumens
860 3189 1053 3227 nomen
1092 3175 1346 3244 Spiritus,
1371 3179 1514 3245 quod
1555 3189 1636 3233 est
1662 3196 1820 3250 supra
1853 3185 2105 3237 subs-tau-

533 3260 686 3324 tiatn,
715 3261 978 3330 Spiritum
1011 3274 1218 3317 tantum
1263 3266 1504 3320 declarat
1539 3282 1566 3320 a
1599 3267 1756 3323 Patre
1804 3275 2103 3335 proceden-

530 3356 640 3401 tem
682 3364 775 3416 per
802 3349 1016 3413 Filium,
1046 3363 1101 3404 ιιι
1126 3360 1171 3406 st
1206 3355 1433 3422 exempli
1461 3360 1632 3424 gratia
1675 3374 1727 3411 et
1760 3361 1974 3427 quidem
2019 3373 2097 3415 te-

531 3441 655 3496 nuis
683 3442 946 3508 dicamus,
997 3457 1187 3498 natura
1231 3448 1532 3512 hominum,
1581 3467 1698 3518 qua:
1745 3433 1848 3505 una
1888 3465 1992 3516 est,
2046 3456 2096 3508 in

527 3534 726 3600 quibus
773 3535 948 3588 solum
997 3540 1224 3590 assumit
1274 3539 1526 3593 virtutem
1579 3542 1807 3609 gignenti
1853 3583 1866 3605 ,
1918 3557 2099 3611 patres

529 3634 739 3678 tantum
768 3627 997 3682 declarat
1029 3647 1044 3694 ;
1079 3631 1129 3682 in
1155 3631 1353 3699 quibus
1379 3647 1556 3686 autem
1584 3637 1811 3688 assumit
1831 3639 2090 3706 genitum,

529 3717 669 3772 ﬁlios
701 3719 896 3786 solum,
921 3729 1006 3776 est
1052 3723 1427 3787 nihilominus,
1477 3741 1578 3779 una
1619 3737 1812 3780 natura
1862 3732 2094 3782 humana

534 3822 746 3874 patrum
777 3823 828 3864 et
863 3816 1118 3867 tiliortttn.
1140 3815 1271 3867 Cum
1299 3819 1459 3886 igitur
1481 3817 1707 3870 dicimus
1729 3834 1850 3874 esse
1878 3820 2090 3887 Filium,

461 3909 466 3912 ’
529 3903 581 3954 itt
620 3919 684 3956 eo
715 3906 856 3970 quod
892 3918 1072 3958 manet
1121 3906 1288 3959 Filius
1332 3919 1562 3968 tantum,
1610 3910 1770 3962 simul
1819 3912 2096 3967 inducitur

525 4008 646 4045 esse
679 3993 892 4045 Patrem
925 3994 1024 4061 (l),
1052 4005 1105 4048 et
1141 3993 1399 4062 Spiritum
1433 4007 1710 4062 sanctum;
1749 4001 1876 4066 quia
1907 4018 2092 4054 essen-

527 4085 596 4135 tia
621 4098 805 4136 eontm
845 4095 930 4137 est
959 4100 1058 4136 una
1087 4101 1101 4149 ;
1134 4086 1385 4139 similiter
1410 4088 1612 4140 tttravis
1646 4088 1872 4142 aliarum
1907 4108 2094 4157 perso-

527 4190 716 4225 narmn
759 4185 1008 4241 ponatur,
1049 4178 1354 4230 necessario
1389 4179 1636 4245 sequitur
1688 4182 1922 4250 reliquas
1953 4184 2089 4238 duas

2236 531 2471 583 essentia
2497 529 2724 597 alicujus
2753 529 3176 590 demonstratur,
3206 529 3540 594 pr0prietates
3568 545 3670 597 qnze
3688 536 3741 584 a-t

2224 621 2370 672 illam
2415 621 2708 686 pertinent,
2765 618 2924 671 simul
2974 619 3233 687 pateﬁunt
3273 637 3286 671 :
3329 628 3384 672 ut
3430 621 3560 686 quod
3609 622 3740 674 habet

2226 722 2336 766 tres
2389 711 2616 777 angulos
2675 711 2910 778 aequales
2967 712 3174 765 duobus
3230 713 3408 774 rectis,
3476 716 3741 765 necessario

2223 805 2400 858 omnis
2447 803 2703 871 trianguli
2769 811 3018 855 naturam
3072 789 3324 856 ostendit.
3364 802 3471 856 Nisi
3506 804 3616 870 quis
3663 805 3741 856 hoc

2224 906 2370 948 reete
2400 894 2566 957 dicat,
2599 894 2818 948 omnino
2865 894 2967 947 hoc
2996 894 3286 947 dissentire
3339 895 3402 945 ab
3451 895 3665 961 imagine
3705 906 3745 944 ct

2223 985 2579 1038 similitudine
2630 986 2789 1038 unius
2838 997 2893 1038 et
2944 985 3185 1052 ejusdem
3240 993 3435 1036 natura:
3481 983 3744 1046 Ttinitatis,

2221 1090 2341 1142 quae
2365 1089 2529 1142 supra
2555 1083 2831 1138 naturam,
2858 1083 2908 1126 et
2941 1090 3101 1142 supra
3135 1075 3313 1126 omnia
3345 1075 3522 1125 eadem
3549 1085 3637 1125 est.
3669 1075 3748 1124 Per

2222 1182 2279 1218 se
2313 1168 2457 1231 ipsas
2495 1167 2657 1234 igitur
2689 1179 2742 1220 et
2785 1169 2838 1220 itt
2870 1180 2928 1219 se
2960 1165 3090 1234 ipsis
3121 1165 3355 1218 vicissim
3389 1164 3571 1217 divinae
3600 1180 3749 1230 perso-

2222 1275 2304 1311 na:
2347 1269 2550 1322 meant,
2587 1267 2640 1311 et
2673 1274 2775 1312 una
2827 1261 3022 1328 posita,
3077 1258 3384 1311 necessario
3412 1265 3516 1310 tota
3547 1255 3750 1311 Trinitas

2222 1351 2552 1412 declaratur,
2586 1350 2727 1404 sicut
2761 1362 2983 1404 ostenso
3016 1350 3188 1403 solum
3220 1348 3394 1413 radio,
3434 1351 3583 1402 tacite
3617 1350 3748 1402 solet

2221 1439 2309 1492 lux
2353 1441 2510 1491 simul
2537 1443 2898 1493 ostenduntur
2933 1456 2948 1496 :
2993 1442 3074 1493 vel
3104 1439 3620 1493 sicnt'dctuonstrata
3644 1441 3747 1491 cha-

2222 1531 2401 1592 ritate,
2449 1533 2540 1596 qui
2586 1532 2766 1596 diligit
2795 1542 2850 1586 et
2893 1533 3034 1598 quod
3069 1533 3332 1598 diligitur,
3368 1531 3520 1585 simul
3563 1531 3750 1584 demon-

2221 1631 2505 1676 strantnr:
2556 1624 2636 1676 vel
2675 1624 2818 1677 sicut
2868 1625 3046 1692 posito
3081 1623 3252 1687 fonte,
3305 1623 3490 1676 ﬂuvius
3523 1632 3571 1674 et
3615 1636 3746 1687 aqua,

2219 1723 2271 1766 et
2311 1729 2646 1784 quaecunque
2676 1716 2794 1769 alia:
2824 1716 3086 1785 imagines
3125 1731 3298 1769 sacra:
3332 1726 3382 1769 ct
3416 1713 3749 1767 similitudines

2224 1805 2386 1872 “llius
2442 1809 2518 1862 rei
2571 1823 2635 1862 ex
2684 1809 2855 1863 sacris
2908 1810 3206 1876 Scripturis
3263 1806 3548 1876 symbolice
3591 1805 3742 1873 expri-

2230 1914 2278 1951 III
2289 1915 2318 1951 υ
2328 1915 2358 1952 II
2369 1909 2419 1952 tu
2431 1915 2472 1951 I'.

2858 1986 3087 2041 CAPUT
3129 1987 3198 2041 Χ.

2216 2079 2368 2144 Quod
2411 2098 2569 2149 supra
2615 2097 2816 2132 omnem
2859 2082 3115 2133 rationem
3164 2089 3214 2132 et
3262 2092 3473 2132 mentem
3516 2089 3588 2132 ea!
3628 2095 3751 2131 omne

2285 2154 2422 2218 quod
2473 2155 2525 2203 in
2577 2151 2857 2207 Triuitate.
2907 2168 3024 2218 qua'
3075 2166 3236 2208 supra
3291 2149 3622 2200 substantiam
3663 2159 3753 2210 est,

2287 2221 2699 2286 (autenm/antur
2728 2261 2738 2280 ,
2783 2230 2829 2272 et
2877 2221 3078 2278 uenirus
3128 2220 3470 2283 iurogttitum,
3513 2231 3556 2269 et
3598 2220 3754 2268 intuiti.

2280 2290 2449 2358 gentia
2470 2290 3224 2360 ittcomprehensum,quomodo
3246 2306 3350 2340 una
3372 2300 3416 2340 at
3437 2290 3599 2339 eadem
3615 2303 3759 2360 emt.-

2286 2361 2359 2412 tia
2395 2364 2522 2412 etin
2553 2359 2864 2428 unaquaque
2894 2376 3114 2419 persona
3149 2375 3212 2411 ea:
3249 2361 3415 2409 tribus
3457 2369 3553 2407 tota
3584 2370 3622 2407 ει
3665 2359 3754 2428 sola

2280 2439 2448 2494 exuet
2480 2432 2530 2480 in
2554 2426 2714 2480 tribus
2746 2426 2902 2480 simul
2923 2431 3101 2480 eodem
3135 2438 3247 2479 tota
3269 2441 3315 2480 et
3335 2430 3475 2490 solo;
3502 2441 3542 2478 et
3570 2428 3616 2476 in
3641 2426 3754 2475 nulla

2275 2517 2495 2568 persona
2539 2501 2648 2550 ulla
2683 2502 2732 2549 in
2765 2515 2815 2550 re
2849 2516 2878 2550 a
2920 2501 3032 2549 sola
3071 2507 3117 2549 et
3149 2510 3263 2550 tota
3303 2501 3612 2555 tt'imoretur,
3645 2498 3753 2544 triuc

2278 2569 2436 2622 simul
2481 2578 2530 2621 et
2569 2569 2912 2637 singulariter
2957 2571 3122 2620 culta.

2870 2698 2976 2736 AUT
3010 2697 3089 2735 SlC
3115 2698 3128 2734 ζ

2211 2772 2363 2837 Quod
2392 2772 2754 2846 ianriuitate,
2794 2791 2910 2836 ωιτη
2951 2791 3113 2840 supra
3156 2775 3522 2846 substantiam
3545 2782 3628 2832 est,
3674 2785 3755 2846 utut

2279 2845 2559 2895 secundum
2595 2845 2806 2912 dei/icas
2838 2860 3084 2907 personas
3115 2846 3190 2913 (5)
3223 2847 3447 2897 essentia
3478 2843 3580 2910 ejus
3604 2841 3752 2913 tert'ui-

2283 2925 2471 2976 uatur;
2504 2920 2590 2964 sed
2621 2927 2694 2966 est
2721 2930 3045 2982 supraqnam
3072 2917 3284 2968 ratione
3315 2912 3659 2981 comprehendi
3681 2925 3754 2974 po-

2281 2995 2402 3048 test,
2453 3001 2556 3036 una
2611 2995 2767 3036 trtutu
2805 2995 3048 3037 esseutm.

2279 3103 2509 3154 Sanetus
2566 3099 2830 3152 Maximus
2895 3102 2944 3151 in
2991 3099 3231 3152 centuria
3287 3099 3380 3161 IV,
3425 3113 3538 3167 cap.
3583 3099 3626 3159 l,
3660 3098 3755 3148 ait:

2207 3191 2383 3246 Uuuttt
2401 3201 2486 3245 est
2512 3193 2710 3246 bonum
2746 3207 3074 3259 supraquatn
3115 3191 3229 3242 sine
3251 3192 3534 3260 principio.
3555 3203 3603 3245 et
3621 3204 3757 3254 supra

2204 3284 2582 3342 Substantiatn,
2603 3290 2786 3336 sancta
2807 3283 3012 3335 scilicet
3037 3283 3200 3334 trium
3225 3297 3568 3343 personarum
3589 3282 3754 3340 unitas,

2204 3373 2586 3439 Pater,Fi|ius,
2616 3387 2667 3430 et
2689 3374 2926 3443 Spiritus
2954 3383 3198 3438 sanctus,
3235 3380 3396 3428 trium
3429 3374 3515 3445 qtti
3547 3369 3757 3426 immensi

2202 3476 2346 3526 Sunt,
2398 3467 2657 3518 immensa
2707 3470 2912 3518 natura:
2957 3466 3318 3526 consociatio,
3359 3482 3476 3532 quae
3527 3464 3750 3514 rationem

2199 3558 2452 3611 essentia:
2504 3573 2634 3618 sate,
2669 3568 2722 3610 et
2772 3558 3061 3625 quomodo,
3108 3573 3171 3610 ac
3213 3559 3368 3625 quid,
3416 3565 3468 3609 et
3501 3556 3662 3621 qualis
3701 3561 3756 3602 sit

2200 3651 2359 3701 nullis
2399 3651 2608 3718 penitus
2653 3651 2888 3716 perviam
2931 3648 3013 3701 fac
3038 3661 3077 3711 t,
3119 3649 3392 3716 siquidem
3451 3663 3650 3701 omn-tn
3679 3657 3755 3695 na-

2200 3741 2398 3791 tionem
2452 3736 2875 3808 intelligentium'
2909 3738 3061 3807 fugit,
3118 3742 3462 3806 nequaquam
3496 3753 3558 3791 ex
3604 3738 3754 3789 abdito

2197 3843 2249 3883 et
2281 3833 2535 3896 penetrali
2567 3843 2770 3884 natura:
2804 3847 2912 3885 sua:
2935 3833 3251 3899 egrediens,
3282 3841 3335 3885 et
3361 3849 3569 3886 omnem
3595 3829 3751 3892 eugri-

2200 3921 2400 3974 tionem
2447 3937 2713 3974 summam
2760 3933 2813 3975 et
2849 3922 3372 3976 excellentissimam
3425 3924 3476 3976 in
3522 3921 3750 3974 inﬁnitum

2197 4021 2436 4076 superat.
2483 4012 2625 4065 Idem
2671 4014 2721 4064 in
2783 4013 2971 4066 eadem
3030 4015 3279 4066 centuria
3343 4031 3464 4081 cap.
3511 4013 3578 4064 4:
3631 4011 3755 4063 Unus

2201 4100 2344 4155 Dens
2397 4103 2559 4157 unius
2599 4105 2720 4157 Filii
2768 4107 2981 4174 genitor
3025 4104 3209 4165 Pater,
3252 4113 3309 4157 et
3351 4107 3508 4158 unius
3549 4103 3754 4170 Spiritus

2199 4194 2369 4246 Sancti
2407 4193 2548 4257 fons,
2581 4195 2760 4248 unitas
2791 4197 2908 4267 sine
2936 4197 3280 4260 c0nfusioue,
3317 4206 3369 4250 et
3400 4196 3626 4248 Trinitas
3652 4190 3754 4242 sine

521 4281 684 4330 esse;
715 4267 860 4335 quod
891 4267 1034 4320 enim
1079 4277 1164 4322 est
1195 4268 1423 4336 alicujus
1469 4273 1701 4326 essentia
1739 4274 1840 4344 (2),
1878 4277 1977 4331 hoc
2018 4280 2090 4332 si-
2124 4291 2165 4344 ι)
2195 4284 2483 4350 divisione,
2519 4303 2674 4341 mens
2710 4288 2824 4342 sine
2875 4289 3164 4358 principio,
3209 4293 3362 4343 solus
3411 4287 3572 4341 solius
3617 4280 3752 4333 Verbi

587 4452 634 4486 "
684 4454 724 4509 ll
763 4454 887 4510 Cor.
915 4472 968 4520 ν,
1008 4457 1094 4511 19.
1174 4458 1220 4490 ⁸⁸
1247 4456 1404 4514 Joan.
1451 4475 1564 4524 xw,
1595 4461 1680 4517 Η.

2021 4586 2297 4647 Schoha.

584 4699 660 4767 (li
687 4697 859 4771 Simul
883 4699 1153 4752 inducitur
1171 4715 1282 4754 esse
1312 4699 1543 4765 Patrem,
1571 4715 1625 4757 et
1650 4704 1915 4771 Spiritum
1969 4723 2091 4760 san-

509 4768 806 4824 ctnm.Nun
840 4770 942 4822 hoc
971 4771 1341 4835 accipiendum
1375 4783 1455 4825 cst
1485 4775 1592 4828 dici
1626 4768 1923 4828 secundum
1955 4777 2092 4828 rela-

510 4841 549 4890 ti
577 4854 754 4903 vnetu;
785 4844 861 4892 sic
896 4840 1080 4913 Aenim‘
1098 4839 1265 4893 Filius
1303 4858 1406 4894 non
1447 4845 1684 4897 refertur
1714 4847 1776 4897 ad
1828 4847 2088 4913 Spiritum

509 4917 783 4981 sanciunt,
815 4910 906 4962 scil
954 4912 1017 4959 atl
1053 4907 1264 4962 Patrem!
1301 4923 1530 4976 latllttttt,
1577 4917 1670 4968 soil
1715 4907 2088 4981 accipientium

508 4990 593 5050 est
635 4977 741 5030 dici
794 4981 1093 5050 secundum
1137 4982 1738 5050 cirrumittcessioncm,
1769 4977 1888 5050 quae
1928 5001 2087 5050 περι-

508 5047 750 5120 χὼρηξις
795 5063 824 5100 a
873 5047 1078 5120 Griecis
1134 5049 1380 5104 Patribns
1417 5053 1632 5112 dicitur,
1685 5047 1808 5120 quia
1854 5056 1903 5107 in
1956 5047 2090 5107 Filio

418 5177 425 5184 ,
508 5128 634 5188 sunt
670 5116 850 5188 Pater.
878 5129 932 5173 et
972 5119 1182 5188 Spritus
1214 5133 1472 5185 sanctus;
1506 5135 1557 5176 et
1601 5116 1772 5178 Fili-us
1819 5127 1868 5176 itt
1901 5126 2080 5186 Patre,

505 5198 560 5238 et
597 5187 801 5248 Spiritu
841 5187 1069 5255 sancto;
1103 5201 1156 5245 et
1192 5189 1423 5259 Spiritus
1459 5196 1510 5246 itt
1548 5194 1722 5251 Pattc.
1757 5205 1808 5247 et
1841 5198 1889 5245 ιιι
1925 5194 2079 5257 Filio,

503 5264 561 5310 el
591 5259 845 5329 denique
893 5273 1228 5328 unaqnatqtte
1278 5276 1503 5329 persona
1552 5265 1601 5315 in
1647 5265 1766 5318 aliis
1820 5265 2083 5318 vicissim.

578 5326 656 5398 (2)
693 5329 844 5401 Quod
873 5331 1011 5382 enim
1035 5341 1115 5383 est
1144 5326 1372 5400 alicujus
1403 5335 1648 5386 essentia.
1685 5335 1838 5388 Sicut
1868 5335 1955 5401 qui
1996 5335 2090 5386 ho-

505 5396 706 5450 minent
755 5400 1111 5463 demonsuat,
1170 5396 1367 5455 animal
1418 5404 1677 5456 rationale
1723 5396 2087 5460 demonstrat.

506 5469 631 5533 quia
666 5469 898 5522 essentia
941 5470 1175 5526 hominis
1206 5483 1286 5524 est
1321 5474 1522 5524 animal
1562 5473 1862 5540 rationale;
1897 5476 1972 5526 sic
2002 5477 2089 5538 qui

507 5552 668 5589 unam
703 5553 982 5603 personam
1022 5540 1256 5594 divinam
1298 5541 1657 5605 demonstrat,
1697 5545 1932 5608 reliquas
1963 5547 2092 5596 duas

505 5608 780 5682 ostendit:
803 5608 924 5675 quia
951 5609 1141 5678 tigttra,
1172 5627 1289 5678 qua:
1321 5613 1474 5665 habet
1508 5624 1616 5666 tres
1641 5617 1883 5682 angulos,
1912 5630 2092 5679 :cqtta-

507 5673 586 5726 lcs
625 5673 842 5752 duobus,
866 5673 1046 5740 rectis,
1090 5673 1266 5734 nuituis
1307 5686 1555 5752 trianguli
1586 5673 1832 5749 naturam
1874 5673 2099 5735 demon-

503 5754 670 5809 ilt'ttl,
696 5746 820 5817 quia
848 5762 948 5801 una
977 5760 1030 5803 ct
1059 5753 1242 5804 eadem
1277 5746 1742 5826 naturali-tango“
1773 5767 1851 5809 cst
1887 5755 1940 5809 itt
1975 5770 2095 5809 ont-

2193 4709 2351 4762 uiltus
2383 4709 2703 4778 triangulis:
2741 4710 2820 4762 sic
2862 4725 2966 4763 una
3011 4724 3238 4778 persona
3277 4710 3516 4776 reliquas
3558 4708 3754 4760 domou-

2190 4790 2348 4840 strat,
2389 4782 2511 4846 quia
2552 4796 2654 4832 una
2689 4790 2735 4830 et
2771 4786 2958 4832 eadem
3003 4793 3193 4832 natura
3232 4796 3310 4832 PS!
3359 4783 3409 4831 ιιι
3449 4781 3644 4838 tribus;
3686 4788 3753 4825 ιτα·

2191 4852 2345 4900 tuetsi
2379 4852 2586 4902 intinito
2622 4851 2904 4902 intervallo
2935 4853 3130 4904 absunt
3167 4853 3280 4903 hare
3312 4851 3552 4917 exempta
3579 4866 3606 4898 a
3637 4846 3754 4897 divi-

2191 4921 2271 4992 nis
2318 4921 2586 4986 personis,
2629 4935 2748 4988 quze
2788 4936 2896 4973 non
2941 4933 3165 4988 possunt
3202 4919 3440 4992 deliniri,
3487 4919 3607 4992 quia
3647 4923 3750 4992 sunt

2191 4990 2444 5042 inﬁnitae:
2483 4999 2536 5042 et
2572 4987 2762 5042 natura
2799 4992 2848 5042 itt
2882 4987 2962 5043 eis
2997 5005 3099 5042 non
3130 4991 3398 5043 dividitur
3437 4987 3749 5054 proprietati-

2193 5061 2288 5110 btts
2324 5060 2697 5129 hypostaticis,
2729 5060 2872 5114 sicut
2915 5061 2966 5112 in
3004 5061 3294 5116 creaturis.
3352 5059 3446 5111 sed
3478 5068 3559 5110 cst
3593 5054 3748 5108 ἁπάν-

2189 5147 2295 5179 των
2326 5131 2581 5182 ἐπέκεινα
2611 5131 2896 5198 ταυτότης,
2925 5130 2976 5184 id
3002 5139 3106 5194 est,
3130 5140 3213 5185 est
3239 5131 3378 5183 idem
3405 5143 3565 5196 supra
3591 5129 3748 5178 omnia

2191 5201 2404 5251 eadem.

2267 5270 2339 5337 (5)
2371 5268 2485 5322 Non
2521 5271 2814 5325 secundum
2846 5288 3102 5339 personas
3135 5273 3356 5326 deiticas
3385 5265 3642 5322 delinitur
3668 5275 3745 5315 cs-

2199 5341 2372 5391 sentia
2421 5339 2746 5408 Trinitatis;
2785 5343 3107 5395 dri‘tniretur
3149 5355 3354 5401 autem,
3410 5341 3451 5390 si
3499 5339 3617 5403 quia
3670 5340 3741 5386 est

2200 5425 2306 5481 una
2336 5420 2386 5461 et
2415 5411 2626 5468 eadem.
2661 5421 2713 5464 et
2755 5422 2862 5465 tota
2892 5413 2943 5465 in
2982 5426 3310 5481 unaquaque
3333 5448 3346 5471 ,
3373 5422 3478 5481 non
3514 5414 3647 5459 esset
3670 5416 3747 5454 cae

2199 5479 2320 5552 dem
2373 5485 2481 5530 tota
2531 5482 2579 5531 iit
2622 5483 2793 5533 tribus
2839 5483 3040 5542 simul;
3075 5491 3183 5534 ‘attt
3223 5478 3301 5543 'si,
3353 5478 3480 5546 quia
3519 5485 3593 5527 est
3634 5488 3743 5552 una.

2201 5551 2388 5600 eadem
2425 5561 2473 5600 et
2511 5560 2614 5602 tota
2654 5552 2704 5602 in
2730 5553 2924 5610 tribus.
2966 5569 3069 5606 non
3103 5564 3243 5605 esset
3281 5554 3473 5603 eadem
3501 5555 3604 5594 tota
3642 5551 3744 5595 sine

2206 5619 2312 5670 ulla
2358 5620 2655 5673 variatione
2687 5634 2737 5673 et
2770 5623 3070 5674 dilfcrentia
3115 5623 3166 5674 in
3204 5619 3454 5688 singulis.
3496 5615 3743 5666 Personas

2208 5691 2426 5740 deitieas
2467 5700 2644 5756 vocat,
2679 5694 2728 5743 Ed
2776 5704 2879 5756 est,
2925 5693 3153 5755 divinas,
3201 5694 3326 5760 quia
3367 5702 3591 5756 persona
3642 5699 3744 5751 qttx

2209 5761 2335 5813 deos
2368 5760 2519 5824 facit,
2551 5778 2653 5814 non
2688 5775 2862 5831 pUlL‘SI
2888 5777 3011 5818 esse
3038 5763 3142 5819 nisi
3179 5764 3340 5817 Deus.
