4016 6204
236 361 341 421 957

1122 368 1359 429 θεοιδ
1405 369 1506 429 IX.
1549 390 1616 423 μ-
1659 371 1756 431 ns
1803 371 2259 434 mrmmrs
2306 377 2380 435 lN
2432 376 2633 459 nso,

3383 369 3497 435 958

237 477 355 530 sine
373 475 1312 545 principioSecundumsubstantiam
1333 480 1814 550 gnttitor,ctsoli:ts
1852 485 1883 536 Δ
1916 482 2139 550 Caipha,
2170 497 2222 553 et
2251 485 2471 549 Jndaais,
2513 496 2671 554 atque
2703 482 2939 538 Sabellto
2967 483 3223 545 sentiunt,
3260 483 3495 543 incidat:

241 566 458 621 aeternae
492 567 617 621 vita!
654 577 907 637 tanquam
946 569 1179 638 Spiritus
1219 575 1389 625 sancti
1428 571 1566 626 fons.
1607 572 1734 625 Item
1768 575 1820 625 in

242 664 480 715 set-unda
512 664 758 717 centuria
787 679 910 732 cap.
948 665 1012 718 l:
1048 665 1200 721 Unus
1232 666 1395 727 Deus,
1430 668 1683 731 quoniam
1718 684 1820 720 una

240 754 501 807 divinitas
525 773 540 821 ;
568 756 746 810 unitas
771 759 888 831 sine
912 759 1203 827 principio,
1235 770 1283 813 et
1312 761 1562 828 simplex,
1587 772 1638 814 et
1661 776 1823 828 supra

242 844 627 907 substantiam,
658 859 712 901 et
742 864 935 914 expers
982 851 1168 916 partis.
1199 860 1251 904 et
1292 851 1590 916 individua,
1633 853 1825 905 eadem

247 938 524 998 unitas,'cl
548 938 809 1002 Trinitas,
834 949 943 993 tota
968 943 1157 995 eadem
1184 944 1385 1002 unitas.
1414 954 1469 997 et
1502 950 1615 997 tota
1636 944 1824 997 eadem

245 1028 533 1095 Trinitas;
591 1033 769 1086 unitas
837 1042 944 1086 tota
973 1034 1160 1087 eadem
1216 1036 1513 1089 secundum
1565 1036 1825 1091 substan—

243 1120 405 1181 tiam,
456 1132 509 1175 et
540 1130 650 1176 tota
684 1125 871 1178 eadem
898 1124 1139 1180 Trinitas
1168 1126 1465 1180 secundum
1523 1142 1823 1189 personas;

246 1210 411 1267 Pater
442 1215 583 1265 enim
624 1222 678 1265 et
716 1213 908 1277 Filius,
953 1226 1003 1268 et
1047 1217 1285 1284 Spiritus
1331 1219 1622 1273 divinitas:
1676 1230 1728 1271 et
1771 1218 1824 1271 iu

245 1301 428 1366 Patre,
468 1312 519 1356 et
564 1303 721 1368 Filio,
767 1316 820 1358 et
874 1305 1075 1374 Spiritu
1124 1318 1315 1361 sancto
1365 1298 1662 1370 divinitas;
1718 1319 1827 1362 tota

243 1393 436 1446 eadem
470 1394 523 1447 in
558 1404 668 1447 toto
706 1394 885 1456 Patre,
917 1405 969 1446 et
1004 1396 1057 1447 in
1093 1397 1281 1450 eadem
1315 1408 1422 1449 tota
1457 1408 1602 1453 totus
1630 1398 1829 1461 Pater;

245 1493 299 1536 et
336 1493 446 1537 tota
477 1486 661 1538 eadem
696 1487 745 1537 in
781 1498 892 1539 toto
935 1486 1094 1549 Filio,
1130 1502 1182 1540 et
1214 1488 1267 1540 in
1300 1488 1495 1543 eadem'
1536 1499 1640 1541 tota
1685 1500 1830 1543 totus

246 1575 443 1638 Filius;
486 1587 540 1629 et
583 1588 689 1631 tota
721 1579 907 1631 eadem
943 1579 994 1631 in
1028 1588 1141 1634 toto
1174 1564 1419 1645 Spiritu.
1442 1593 1652 1641 sancto,
1678 1592 1729 1634 et
1776 1582 1851 1636 in.

246 1673 359 1722 tota
408 1667 596 1720 eadem
647 1678 792 1724 lotus
843 1668 1076 1737 Spiritus
1122 1683 1374 1733 sanctus,
1409 1680 1519 1725 tota
1554 1672 1734 1736 Pater,
1778 1677 1847 1727 ρι’

242 1758 299 1812 in
334 1766 451 1811 toto
492 1758 691 1825 Patre;
730 1770 778 1814 et
814 1772 957 1814 IOHIS
986 1761 1039 1814 in
1068 1774 1175 1816 tota
1224 1762 1401 1826 Pater,
1436 1774 1488 1816 et
1530 1773 1636 1816 tota
1685 1774 1830 1817 totus

240 1847 448 1915 Pater;
477 1860 525 1903 et
564 1860 672 1904 tota
709 1854 893 1905 eadem
937 1861 1080 1905 totus
1127 1853 1285 1916 (ilius,
1321 1863 1375 1907 et
1407 1864 1525 1920 tota
1556 1855 1741 1907 eadem
1773 1854 1827 1907 in

245 1945 367 1991 toto
404 1935 561 2000 Filio,
599 1949 651 1991 et
680 1948 823 1992 totus
869 1948 1000 2003 tota,
1048 1951 1100 1993 et
1129 1943 1180 1995 in
1226 1952 1332 1996 tota
1381 1941 1566 1995 eadem
1619 1941 1785 1996 Filius
1813 1983 1827 2005 ,

240 2039 300 2083 et
329 2030 443 2081 trita
476 2029 662 2081 eadem
710 2027 942 2096 Spiritus
991 2040 1233 2097 sanctus,
1283 2032 1414 2085 etin
1466 2042 1575 2085 toto
1625 2031 1829 2102 Spiritu

239 2129 466 2183 sancto,
492 2129 547 2172 et
570 2129 713 2172 lotus
738 2120 971 2188 Spiritus
999 2130 1217 2177 sant-tus
1243 2132 1373 2188 tota,
1401 2133 1454 2178 et
1479 2132 1618 2178 totus
1643 2127 1694 2177 in
1721 2134 1829 2178 tuta

239 2206 439 2263 eadem
475 2210 702 2278 Spiritus
730 2222 969 2265 sanctus.
996 2211 1114 2264 Non
1139 2212 1282 2265 enim
1310 2229 1372 2267 ex
1401 2225 1553 2280 parte
1582 2213 1833 2267 divinitas

241 2301 297 2352 in
336 2301 519 2363 Patre,
546 2312 635 2353 aut
665 2316 728 2354 ex
774 2314 927 2370 parte
977 2302 1116 2357 Deus
1147 2304 1307 2358 Pater
1336 2320 1434 2358 nec
1488 2320 1549 2359 ex
1606 2314 1754 2372 parte
1780 2306 1830 2356 in

247 2391 466 2460 Spiritu
494 2393 982 2450 s'ncto'tliiinitas.
1012 2406 1100 2448 aut
1132 2412 1197 2448 ex
1241 2407 1391 2462 parte
1435 2397 1571 2449 Deus
1604 2396 1834 2464 Spiritus

241 2491 513 2535 sanctus:
554 2498 650 2534 nec
676 2482 819 2534 enim
862 2484 1129 2550 partiliilis
1158 2497 1236 2536 est
1270 2485 1544 2545 divinitas,
1589 2502 1685 2539 nec
1726 2488 1827 2539 im-

242 2574 527 2643 perfectus
550 2574 691 2628 Deus
712 2573 885 2635 Pater,
914 2575 994 2627 vel
1016 2575 1294 2629 Filiusvel
1319 2575 1550 2645 Spiritus
1574 2589 1832 2641 sanctus;

241 2666 344 2718 sed
378 2664 561 2730 potius
596 2675 703 2718 tota
740 2676 819 2718 est
846 2666 1055 2741 eadem,
1090 2665 1326 2734 perfecta
1363 2667 1597 2735 perfecte
1630 2670 1679 2719 in
1713 2685 1833 2737 per-

246 2758 396 2809 tecto
415 2754 609 2819 Patre;
642 2765 694 2809 et
724 2763 828 2808 tota
871 2756 1106 2825 perfecta
1140 2757 1374 2823 perfecte
1412 2760 1596 2812 eadem
1631 2760 1683 2812 in
1710 2776 1830 2827 per-

246 2840 399 2903 l’uc’o
420 2848 590 2912 Filio;
622 2858 673 2900 et
707 2856 814 2900 tota
863 2851 1097 2916 perfecta
1136 2849 1321 2902 eadem
1355 2851 1406 2901 iu
1438 2850 1675 2918 perferto
1710 2851 1833 2912 Spi-

227 2946 363 2997 ‘rim
408 2952 618 3003 san'tu,
674 2949 816 2995 totus
856 2942 997 2994 Pltim
1048 2942 1097 2993 in
1144 2949 1254 2994 tuto
1298 2940 1478 3004 Patre,
1529 2952 1583 2995 et
1630 2942 1832 3009 Spiritu

241 3044 442 3089 sancto
479 3033 713 3100 perfecte
745 3042 826 3085 est
860 3030 1067 3115 Silius;
1117 3042 1170 3084 et
1209 3040 1353 3085 totus
1385 3032 1437 3085 in
1490 3041 1602 3084 toto
1649 3033 1831 3099 Patre,

1927 594 2097 644 neque
2118 579 2233 645 plus
2258 579 2340 633 liis
2357 579 2643 646 excogitat.
2670 592 2739 631 ne
2761 578 2824 629 ad
2850 577 3243 631 multitudinem
3269 579 3495 630 deorum

1926 682 2048 721 eum
2093 668 2384 737 gentilibus
2410 668 2676 723 volvatur.
2707 668 2771 720 Et
2819 668 2956 734 quod
2991 670 3102 721 luce
3135 668 3205 721 sit
3245 666 3499 721 Ecclesiae

1931 759 2081 820 lides,
2124 758 2427 826 intelligant
2460 759 2735 828 quomodo
2777 759 3056 823 Dominus,
3099 776 3223 812 cum
3263 760 3501 812 mitteret

1934 857 2228 921 apostolos,
2282 858 2534 924 przecepit
2586 857 2663 910 eis
2697 854 2879 923 jacere
2936 860 3035 911 hoc
3066 857 3498 927 ittndantelttttttt

1928 946 2218 999 Eeclesim:
2258 943 2477 1008 Etcum,
2504 946 2697 1015 inquit,
2726 949 2903 1001 docete
2937 964 3113 1002 omnes
3147 960 3340 1017 gentes,
3378 947 3503 1011 (mp-

1930 1039 2153 1089 tizantes
2181 1052 2268 1089 eos
2316 1037 2371 1088 in
2404 1037 2615 1090 nomine
2661 1034 2841 1091 Putris
2889 1047 2937 1088 et
2989 1035 3139 1099 Filii,
3171 1047 3219 1089 et
3269 1037 3503 1101 Spiritus

1930 1131 2098 1184 sancti
2137 1130 2205 1182 “.
2261 1129 2501 1195 Apostoli
2553 1138 2729 1182 autem
2773 1129 2996 1198 profecti
3041 1130 3120 1184 sic
3165 1129 3490 1182 docuerunt

1931 1222 1995 1273 Et
2037 1222 2150 1272 hac
2172 1228 2256 1272 est
2289 1219 2340 1271 in
2374 1221 2623 1273 universa
2658 1219 2899 1273 Ecclesia
2930 1235 3049 1287 quas
3084 1220 3188 1273 sub
3217 1220 3358 1273 cce-lo
3397 1228 3501 1279 est,

1932 1311 2274 1378 pra-dicatio:
2304 1318 2357 1362 ut
2390 1310 2491 1362 hoc
2515 1320 2598 1365 est
2625 1309 3031 1363 {titulamentum
3064 1311 3184 1363 tidci
3228 1309 3503 1364 ΕοιΙυδῖπδ.

1934 1401 2010 1454 Ex
2044 1402 2125 1455 his
2158 1401 2371 1468 planum
2414 1399 2490 1463 iit,
2536 1402 2674 1469 quod
2714 1401 2891 1455 Omnis
2921 1400 3193 1468 plenitudo
3233 1400 3493 1453 divinita-

1936 1494 2004 1549 tis
2032 1503 2115 1549 ρει
2146 1492 2329 1557 Pater,
2361 1490 2550 1554 Filius,
2583 1502 2636 1546 et
2664 1492 2899 1560 Spiritus
2941 1501 3183 1556 sanctus;
3221 1499 3326 1544 tota
3360 1490 3502 1543 enim

1933 1596 1990 1641 et
2010 1587 2123 1639 sola
2172 1586 2422 1639 divinitas
2463 1588 2526 1637 de
2575 1599 2900 1653 ultaquaque
2950 1584 3108 1637 trium
3155 1596 3505 1651 personarum

1942 1677 2060 1730 sine
2097 1674 2403 1730 differentia
2437 1674 2565 1735 ulla,
2591 1685 2639 1725 et
2673 1690 2737 1726 ex
2778 1672 2922 1726 omni
2974 1684 3126 1740 parte
3159 1671 3506 1740 praedicatur,
3578 1670 3587 1681 '

1936 1772 1989 1817 et
2015 1764 2386 1832 reciprocatur
2430 1761 2741 1829 praadii-atio
2785 1760 2854 1814 de
2883 1760 3107 1823 eodem;
3140 1774 3242 1813 nec
3271 1757 3509 1811 variatur

1935 1855 1984 1906 in
2014 1853 2117 1905 ulla
2154 1867 2231 1917 re,
2275 1852 2378 1905 nisi
2414 1851 2464 1902 in
2515 1850 2901 1919 hypostaticis:
2941 1860 3101 1916 atque
3136 1846 3236 1900 hoc
3265 1856 3345 1901 est
3377 1846 3503 1901 illud

1930 1943 2128 1997 mirum
2152 1944 2202 1996 in
2229 1942 2443 1995 modum
2468 1941 2652 2007 ingens
2681 1947 2733 1992 ct
2756 1923 3033 1999 arcanum,
3054 1947 3212 2006 atque
3236 1936 3498 1994 abditum.

1931 2042 1983 2089 et
2012 2034 2155 2102 quod
2189 2032 2317 2086 nulli
2364 2044 2570 2086 natura:
2612 2031 2662 2082 in
2694 2029 2800 2082 ulla
2840 2043 2896 2081 re
2923 2027 3207 2096 contingit,
3238 2024 3510 2094 quomodo

1933 2125 2092 2179 trium
2126 2138 2499 2193 personarum,
2522 2132 2571 2176 et
2607 2121 2673 2189 (si
2708 2121 2788 2175 fas
2826 2128 2908 2173 est
2938 2118 3136 2187 dicere)
3176 2118 3333 2171 trium
3372 2117 3501 2169 sub-

1925 2214 2197 2280 jectorum
2230 2226 2336 2266 una
2359 2220 2439 2265 est
2468 2207 2699 2262 essentia
2731 2217 2878 2268 actu,
2915 2206 3029 2259 sola
3064 2213 3119 2256 et
3148 2212 3258 2256 tota
3293 2202 3344 2253 in
3373 2214 3508 2254 una-

1933 2318 2144 2373 quaque
2161 2310 2479 2371 persona,ut
2493 2299 2534 2353 si
2556 2315 2659 2351 una
2680 2310 2906 2365 persona
2929 2292 3177 2347 absolute
3192 2292 3507 2344 exsisteret:

1934 2410 2097 2449 unam
2147 2393 2438 2469 essentiam
2473 2402 2593 2445 actu
2631 2390 2747 2442 dico
2778 2388 2948 2456 magis
2978 2402 3165 2449 unam,
3199 2399 3357 2452 quam
3394 2395 3513 2448 quae

1933 2496 2015 2540 est
2039 2485 2271 2538 maxime
2308 2483 2548 2536 omnium
2580 2479 2890 2549 singularis.
2922 2470 3189 2529 Utautem
3223 2477 3514 2541 repetendo

1936 2579 2251 2633 summatim
2285 2574 2572 2630 manifesta
2608 2575 2698 2626 liat
2729 2570 2996 2639 expositio
3034 2556 3367 2632 m'at'eriaria,
3390 2581 3512 2634 qua:

1936 2672 2036 2726 hac
2063 2669 2266 2724 decade
2287 2668 2614 2726 continetur,
2637 2665 3062 2717 demonstratum
3090 2670 3167 2712 est
3198 2675 3290 2727 per
3314 2673 3512 2724 propo-

1935 2762 2158 2815 sitiones
2184 2757 2537 2813 aﬂirmantes,
2561 2752 2699 2820 quod
2722 2768 2826 2805 non
2852 2760 2932 2805 est
2958 2749 3081 2812 alia,
3104 2760 3153 2801 et
3181 2748 3292 2801 sola
3324 2755 3514 2799 natura

1937 2869 2040 2907 non
2073 2859 2276 2910 creata,
2309 2847 2409 2901 nisi
2458 2846 2605 2900 solus
2652 2842 2835 2903 Pater,
2872 2851 2925 2894 et
2960 2839 3157 2899 Filius,
3185 2847 3238 2891 et
3281 2835 3515 2905 Spiritus

1938 2953 2197 3003 sanctus;
2231 2952 2331 2992 nec
2377 2937 2480 2989 alia
2528 2933 2801 2995 divinitas,
2837 2939 2891 2984 et
2920 2931 3116 2992 virtus,
3147 2937 3195 2981 et
3242 2927 3513 2994 operatio,

1898 3024 1913 3043 ’
1941 3038 2042 3092 nisi
2070 3035 2218 3090 solus
2247 3034 2385 3087 idem
2419 3033 2663 3091 P.itet',et
2697 3025 2882 3084 Filius,
2909 3033 2963 3077 et
2993 3023 3225 3091 Spiritus
3254 3028 3512 3082 sanctus,

241 3134 291 3177 ct
328 3123 477 3177 Filio
507 3123 745 3189 perferte
767 3132 849 3176 est
890 3111 1129 3191 Spiritus
1178 3132 1438 3187 sanctus;
1487 3126 1835 3191 quamobrem
1856 3138 1909 3193 Ὀ
1946 3143 2041 3179 nec
2075 3135 2157 3179 est
2204 3123 2309 3176 alia
2357 3122 2542 3176 unitos
2588 3133 2912 3187 supraquam
2946 3117 3144 3172 divina.
3182 3115 3280 3167 nisi
3334 3111 3514 3173 Pater,

242 3225 296 3268 et
333 3229 484 3268 unus
517 3211 653 3265 Deus
698 3211 878 3274 Pater,
909 3223 961 3267 et
1001 3210 1189 3277 Filius,
1231 3223 1283 3267 ct
1312 3213 1546 3282 Spiritus
1584 3225 1826 3280 sanctus,

243 3322 355 3359 una
391 3305 537 3359 enim
564 3314 612 3353 tu
650 3304 837 3380 eadem
874 3305 1196 3366 substantia,
1222 3314 1273 3359 et
1305 3306 1493 3370 virtus,
1521 3317 1566 3359 et
1594 3308 1834 3376 operatio

242 3398 460 3463 Patris,
488 3410 536 3447 ρι
569 3397 710 3460 Filii,
742 3406 795 3449 et
837 3395 1079 3467 Spiritus
1108 3398 1298 3463 sancti,
1329 3412 1449 3451 eum
1483 3398 1661 3451 nullus
1712 3400 1832 3452 sine

242 3490 429 3543 altero
464 3487 561 3548 sit,
592 3495 684 3538 ant
725 3486 1077 3555 intelligatur.
1111 3467 1335 3555 Magnus
1383 3487 1735 3555 Athanasius,
1781 3486 1835 3540 iu

242 3577 484 3647 cpistola
515 3576 580 3629 ad
613 3575 999 3645 Serapionem:
1056 3574 1341 3631 Videamus
1387 3593 1520 3631 vero
1576 3589 1833 3646 praetcrea

166 3667 176 3675 ’
246 3668 431 3739 ipsam
457 3669 619 3722 etiam
648 3684 676 3721 a
704 3668 969 3737 principio
990 3668 1226 3722 relictam
1256 3668 1618 3733 traditionem,
1661 3682 1711 3723 et
1747 3672 1840 3722 do-

247 3767 489 3822 ctrinam
515 3775 675 3832 atque
707 3762 862 3817 (idem
892 3760 1149 3817 Ecclesiae
1181 3763 1462 3827 catholicae
1491 3780 1504 3825 ;
1535 3779 1693 3829 quam
1738 3764 1840 3817 Do-

248 3859 442 3910 minus
490 3855 704 3923 quidem
750 3853 919 3916 dcdit,
958 3851 1190 3921 apostoli
1225 3868 1353 3907 vero
1389 3855 1838 3922 praidicaveruut,

246 3959 293 4000 ct
330 3947 529 4002 Patres
551 3954 857 3998 servarunt.
882 3942 940 3995 lu
960 3942 1061 3995 hac
1083 3943 1226 3995 enim
1254 3942 1357 3996 {ide
1387 3941 1622 3996 Ecclesia
1652 3943 1841 3997 funda-

248 4048 303 4090 ta
332 4047 444 4098 est,
477 4036 546 4087 ab
576 4036 675 4088 hac
715 4035 805 4103 qui
839 4034 1126 4091 exciderit,
1160 4049 1260 4087 nec
1294 4034 1393 4085 erit
1429 4048 1600 4100 neque
1635 4034 1843 4088 dicetur

249 4128 616 4181 Christianus.
648 4125 885 4179 Trinitas
906 4126 1068 4194 igitur
1096 4137 1281 4177 saucia
1312 4135 1359 4178 et
1397 4124 1637 4193 perfecta
1667 4137 1750 4179 est
1783 4126 1837 4179 in

250 4216 441 4276 Patre,
474 4216 531 4267 νι
549 4214 708 4291 Filio,
735 4224 789 4268 et
820 4215 1024 4284 Spiritu
1058 4226 1268 4281 sancto,
1302 4215 1435 4268 nihil
1463 4216 1718 4275 alienum,
1746 4229 1843 4266 nec

251 4310 607 4361 extrinsecus
634 4307 916 4360 Collectum
953 4306 1180 4366 habens,
1214 4322 1311 4359 nec
1342 4321 1405 4358 cx
1442 4317 1685 4360 creatore
1712 4320 1841 4359 con-

253 4410 438 4458 stans,
473 4398 568 4450 sed
605 4406 720 4449 tota
750 4397 1008 4458 creatrix,
1041 4407 1093 4449 et
1125 4394 1408 4459 effectrix;
1437 4397 1518 4448 sui
1550 4395 1761 4458 similis,
1790 4402 1844 4447 et

1934 3219 2126 3277 Filius,
2160 3226 2212 3269 et
2242 3211 2476 3282 Spiritu’s
2511 3220 2768 3264 sanctus:
2801 3223 2898 3262 nec
2926 3216 3009 3260 est
3037 3206 3134 3258 alia
3166 3206 3216 3258 in
3247 3203 3515 3257 Trinitate

1936 3307 2209 3367 discretio,
2232 3305 2331 3358 nisi
2359 3305 2409 3356 in
2440 3319 2505 3354 eo
2531 3302 2673 3367 quod
2700 3309 2780 3352 est
2805 3312 2922 3351 esse
2949 3298 3185 3355 Patrem,
3213 3303 3265 3349 et
3293 3293 3514 3363 Filium,

1938 3408 1993 3451 et
2023 3396 2284 3464 Spiritum
2315 3399 2602 3451 sanctum;
2634 3405 2729 3441 nec
2750 3398 2828 3439 est
2855 3386 2907 3439 in
2931 3384 3199 3439 Trinitate
3227 3384 3367 3438 alius
3392 3383 3512 3436 fons

1938 3497 1991 3543 et
2036 3486 2353 3556 principium
2402 3468 2567 3555 totius
2618 3478 2933 3534 divinitatis.
2970 3476 3071 3529 nisi
3120 3476 3266 3528 solus
3312 3475 3513 3538 Pater;

1939 3591 1992 3634 et
2027 3578 2166 3648 quod
2220 3575 2495 3630 naturales
2543 3579 2595 3623 et
2631 3569 3011 3623 substantiales
3059 3566 3402 3634 Operationes
3448 3580 3513 3618 ex

1940 3675 2057 3740 ipso
2084 3669 2408 3739 prodeuntes
2435 3674 2559 3717 sunt
2582 3662 2770 3719 Filius.
2792 3670 2843 3712 et
2869 3661 2984 3728 ejus
3010 3658 3242 3723 Spiritus
3267 3667 3519 3721 sanctus;

1941 3777 2041 3817 nec
2077 3761 2176 3814 alia
2209 3768 2289 3812 est
2317 3756 2584 3825 operatio.
2614 3764 2665 3807 et
2696 3766 2908 3814 manus,
2942 3759 2993 3803 et
3029 3750 3226 3816 digitus
3258 3748 3395 3815 ejus,
3424 3749 3517 3814 qui

1942 3863 2023 3907 est
2049 3866 2205 3918 supra
2234 3852 2431 3902 bonum
2454 3863 2550 3914 per
2567 3860 2720 3911 quem
2749 3842 2926 3894 omnia
2958 3841 3096 3894 Deus
3119 3838 3517 3906 operatnrutisi

1942 3943 2056 4011 ejus
2102 3939 2291 4000 Filius,
2326 3935 2647 4007 principium
2689 3931 2971 3985 deitlcandi
3017 3944 3134 3994 nos,
3182 3937 3235 3982 et
3284 3927 3518 3999 Sp‘ritus

1942 4041 2199 4095 sanctus:
2235 4042 2407 4095 neque
2444 4038 2779 4093 qua-cunque
2812 4021 3126 4088 singulatim
3158 4019 3435 4073 naturales
3463 4030 3520 4071 et

1942 4088 2324 4177 substantiales
2348 4116 2599 4186 energim,
2625 4116 2734 4167 sive
2762 4114 3104 4183 operationes
3124 4111 3214 4165 Dei
3248 4112 3520 4174 dicuntur,

1943 4214 2062 4277 alim
2093 4221 2218 4265 sunt
2246 4220 2435 4278 praeter
2468 4207 2683 4266 Filium,
2724 4215 2775 4259 et
2802 4213 3043 4257 sanctum
3076 4204 3192 4269 ejus
3224 4201 3521 4268 Spiritum;

1945 4319 2118 4372 neque
2138 4314 2477 4371 quarumque
2504 4312 2612 4349 uno
2640 4297 2803 4347 verbo
2832 4292 3093 4346 naturalia
3120 4302 3172 4346 et
3200 4293 3526 4346 substantia-

1948 4394 2016 4447 lia
2058 4393 2146 4447 Dei
2177 4393 2449 4454 dicuntur,
2480 4388 2583 4440 alta
2617 4397 2739 4440 sunt
2782 4394 2977 4455 praeter
3012 4385 3232 4448 Filium,
3261 4393 3316 4438 et
3351 4383 3525 4448 Spiri-

250 4489 561 4543 srcundnm
590 4494 834 4541 naturam
860 4487 1160 4554 individua,
1190 4498 1238 4539 et
1273 4503 1375 4540 una
1407 4488 1565 4553 hujus
1592 4485 1852 4558 opt-ratio.
1889 4466 1930 4520 υ
1961 4495 2070 4537 tum
2104 4491 2393 4544 sanetum;
2425 4492 2598 4545 neque
2629 4490 2965 4543 quwcuuque
3002 4476 3053 4526 in
3086 4475 3351 4527 'l‘rinitate
3387 4475 3524 4525 reci-

250 4581 427 4635 l‘ater
454 4580 598 4634 enim
620 4594 713 4647 per
734 4580 964 4631 Verbum
989 4581 1040 4632 in
1068 4579 1270 4648 Spiritu
1295 4589 1484 4633 sancto
1505 4580 1682 4632 otnnia
1704 4578 1852 4637 facit,

247 4681 303 4725 rt
333 4675 426 4726 sic
446 4681 692 4724 servatur
721 4669 901 4722 unitas
923 4656 1244 4733 Trinitatis;
1278 4681 1331 4720 et
1356 4670 1434 4722 sic
1464 4685 1604 4722 unus
1633 4669 1773 4723 Deus
1800 4669 1849 4721 iu

252 4761 513 4817 Ecclesia
554 4759 905 4828 praedicatur,
958 4760 1050 4827 qui
1090 4770 1171 4814 est
1226 4776 1388 4829 super
1428 4761 1631 4821 omnia,
1668 4772 1722 4813 et
1757 4775 1851 4828 per

249 4853 470 4910 outttia,
494 4859 549 4903 et
573 4852 625 4902 iu
647 4851 929 4914 omnibus;
955 4867 1117 4919 snper
1136 4851 1314 4903 omnia
1338 4849 1575 4921 quidem,
1597 4862 1650 4903 ut
1670 4850 1847 4911 Pater,

252 4951 314 4995 ut
345 4940 706 5010 principium,
728 4948 787 4993 ut
813 4940 955 5005 toris;
977 4956 1071 5010 per
1095 4942 1275 4995 omnia
1302 4955 1432 4994 vero
1459 4955 1554 5008 per
1582 4938 1848 5004 Verbum;

253 5034 310 5086 in
347 5031 614 5087 omnibus
655 5042 833 5085 autem
872 5032 925 5084 in
965 5032 1168 5100 Spiritu
1202 5040 1413 5086 sancto.
1447 5031 1689 5086 Trinitas
1721 5016 1851 5085 vero

253 5132 338 5175 est
387 5135 499 5174 non
532 5121 647 5173 solo
677 5122 968 5182 nomine,et
1005 5122 1218 5174 lictioue
1247 5120 1522 5185 Verbi,sed
1557 5121 1780 5175 veritate
1797 5130 1852 5176 et

254 5212 591 5270 exsistentia
614 5209 674 5265 Tt
692 5212 873 5266 initas.
897 5212 1042 5265 Sicut
1071 5215 1214 5266 enim
1240 5214 1329 5281 qui
1358 5211 1717 5273 cst,estPater
1737 5229 1753 5277 ;
1774 5214 1858 5267 sic

254 5306 351 5375 qui
377 5310 489 5360 est.
511 5298 593 5357 est
616 5318 777 5372 super
795 5303 974 5356 omnia
1002 5301 1158 5356 Deus.
1185 5305 1273 5370 qui
1302 5312 1382 5356 est
1418 5302 1575 5368 hujus
1591 5300 1858 5366 Verbum;

256 5406 317 5450 et
346 5393 598 5463 Spiritus
624 5404 845 5446 sanctus
870 5405 976 5444 non
1004 5402 1088 5446 est
1116 5407 1219 5445 non
1248 5392 1540 5451 exsistens,
1560 5390 1654 5443 sed
1680 5393 1861 5458 potius

256 5486 485 5542 exsistit
531 5494 584 5537 et
628 5481 889 5537 subsistit
913 5498 1058 5537 vere.
1108 5480 1292 5551 Neque
1341 5481 1520 5535 minus
1564 5482 1648 5535 bis
1694 5482 1859 5536 sentit

259 5576 521 5632 Ecclesia
553 5574 844 5641 catholica,
880 5587 946 5627 ne
985 5574 1038 5627 in
1072 5588 1310 5628 errorem
1345 5589 1557 5639 eorum,
1590 5573 1679 5643 qui
1729 5588 1849 5627 cum

343 5751 398 5784 “
431 5749 620 5804 Matth.
661 5763 852 5811 Xl'tttl,
898 5701 985 5805 {8;

1956 4584 2265 4643 precantur,
2292 4574 2439 4641 pium
2475 4578 2558 4624 est
2590 4570 2769 4622 dicere
2797 4569 3088 4636 quidquam
3120 4566 3170 4618 in
3206 4568 3286 4619 eis
3321 4580 3439 4617 CSse
3469 4575 3524 4617 et

1952 4657 2059 4720 dici
2093 4666 2252 4718 unius
2279 4656 2544 4731 personue,
2571 4659 2714 4728 quod
2741 4675 2844 4711 non
2872 4658 2941 4710 sit
2966 4664 3019 4709 et
3045 4656 3256 4708 dicatur
3284 4654 3519 4706 essentia

1951 4758 2205 4810 alterius:
2239 4766 2412 4821 neque
2434 4764 2554 4819 qua!
2585 4757 2711 4802 sunt
2741 4761 2985 4815 personae
3010 4745 3237 4808 deitiezr,
3261 4752 3312 4795 et
3340 4757 3523 4796 esseu-

1949 4849 2023 4901 tia
2069 4844 2397 4907 Trinitatis;
2419 4842 2564 4912 pium
2596 4850 2701 4894 .est
2743 4838 2923 4891 dicere
2976 4838 3205 4890 alterum
3250 4849 3355 4887 non
3398 4848 3522 4886 esse

1947 4937 2242 4993 essentiam
2273 4933 2541 4995 alterius;
2574 4945 2739 4998 supra
2778 4941 2994 4982 omnem
3038 4940 3167 4980 vero
3203 4932 3434 4976 utentem
3467 4930 3523 4973 (ιι

1950 5031 2214 5083 rationem
2259 5026 2311 5079 in
2353 5024 2527 5077 tribus
2569 5019 2837 5090 personis,
2864 5018 2979 5072 sive
3008 5014 3270 5084 suhjeetis
3302 5028 3405 5066 una
3438 5020 3521 5063 est

1950 5130 2004 5175 et
2053 5131 2184 5183 tota,
2228 5125 2282 5170 et
2310 5118 2425 5171 sola
2480 5115 2632 5166 trina:
2679 5126 2839 5180 supra
2892 5117 3161 5171 naturam,
3196 5116 3247 5158 et
3300 5103 3523 5157 inﬁnita:

1957 5209 2180 5264 unitatis
2204 5204 2436 5260 essentia
2463 5215 2792 5271 supraquam
2825 5199 3027 5252 divina.
3058 5196 3305 5252 Perfecta
3338 5194 3522 5259 itaque

1958 5312 2083 5355 sunt
2107 5316 2225 5360 quzc
2252 5298 2306 5351 in
2337 5298 2437 5349 hac
2484 5294 2684 5348 decade
2726 5298 2977 5345 contexta
3019 5299 3141 5342 sont
3172 5297 3225 5338 et
3253 5284 3520 5353 exposita,

1958 5393 2029 5444 ita
2061 5400 2116 5442 ut
2149 5388 2280 5442 nihil
2310 5387 2469 5441 desit.
2501 5385 2590 5440 Est
2624 5394 2802 5439 autem
2832 5382 3092 5449 inscripta
3127 5381 3309 5441 ducas,
3341 5375 3414 5428 De
3438 5377 3524 5426 in-

1955 5484 2157 5547 ﬁnitate
2182 5481 2234 5531 in
2260 5475 2386 5535 Deo,
2417 5476 2538 5542 quia
2573 5473 2749 5528 omnis
2781 5472 3019 5525 inlicitas
3050 5470 3103 5521 in
3136 5468 3241 5521 Deo
3270 5474 3352 5520 est
3389 5461 3516 5516 Tri-

1951 5573 2114 5634 nitas,
2141 5583 2259 5638 qna:
2293 5581 2453 5636 supra
2487 5576 2760 5627 naturam,
2791 5570 2843 5616 ct
2883 5574 3207 5630 Supraquam
3246 5554 3520 5623 incognita
