4016 6204
250 288 347 357 961

1145 290 1383 355 DECAS
1424 290 1494 355 Χ..
1520 291 1710 354 Δ--ΌΕ
1750 282 2020 355 DIVINA
2060 280 2620 356 SIMPLIC'iTATE.

3402 282 3512 352 962

179 453 187 459 .
252 410 497 466 minibus
545 409 891 484 signiﬁcatis,
919 414 1229 482 teportcbat
1262 424 1451 469 utnon
1505 414 1822 470 scriberetis
1856 412 1905 472 A
1935 412 2150 473 tiones;
2189 413 2288 466 n'ec
2334 428 2401 466 an
2443 413 2549 466 sint
2586 411 2731 464 circa
2770 410 2941 478 ipsam
2983 408 3161 478 aliqua
3206 412 3504 472 naturalia,

248 518 371 569 vos,
397 517 466 558 ex
500 504 666 558 Patre
692 503 888 560 Filium
928 507 1170 575 genitura
1203 521 1345 570 esse,
1381 508 1474 562 sed
1500 521 1565 561 ex
1596 498 1683 559 bis
1709 521 1829 574 quae

248 597 398 651 circa
424 597 624 665 ipsum,
652 596 733 650 vel
766 598 821 650 itt
856 597 974 666 ipso
1020 607 1178 660 snnt;
1227 608 1284 652 ut
1315 613 1438 653 cum
1497 598 1743 667 refugitis
1796 611 1824 650 a

249 687 482 742 dicendo
518 701 645 742 vere
699 686 914 742 Patrem
954 687 1147 753 Deum,
1191 696 1247 744 et
1295 705 1420 743 eum
1460 690 1552 759 qui
1602 690 1830 758 simplex

248 791 355 841 est,
392 780 751 851 compositum
799 788 854 833 et
891 795 1212 849 corporeum
1260 781 1533 849 cogitatis.
1567 793 1827 832 novarum

251 873 711 942 blasphemiarum
745 874 1059 927 inventores
1085 873 1452 940 reperiamiui.
1486 872 1622 926 Cum
1648 882 1829 925 autem

252 965 335 1019 sic
364 965 639 1033 cogitatis,
666 965 971 1018 necessario
993 966 1153 1017 etiam
1183 966 1406 1037 v_erbum
1439 977 1545 1016 non
1576 963 1833 1017 substan-

253 1059 409 1120 tiam,
442 1058 537 1111 sed
574 1071 769 1111 nomen
803 1057 976 1110 solum
1004 1056 1353 1117 existimatis,
1383 1057 1623 1125 denique
1659 1068 1831 1124 usque

252 1148 319 1202 ad
361 1149 579 1201 nomina
629 1148 937 1217 opinionem
974 1154 1210 1202 vestram
1240 1147 1444 1202 alienis
1470 1167 1482 1211 ;
1512 1159 1568 1202 et
1597 1162 1717 1216 quae
1746 1148 1830 1200 di-

251 1240 399 1302 citis,
421 1255 530 1294 non
559 1240 785 1294 creditis
815 1255 956 1303 esse,
990 1241 1081 1295 sed
1112 1244 1289 1305 potius
1315 1252 1422 1294 non
1447 1255 1567 1294 esse
1592 1240 1827 1293 sentitis.

252 1328 380 1384 llam
406 1340 587 1383 autem
608 1330 831 1383 audacia
861 1329 1283 1384 Sadducteorum
1313 1330 1491 1398 potius
1522 1330 1620 1398 (i),
1658 1337 1707 1381 rt
1743 1346 1834 1382 eo.

254 1437 375 1475 rum
403 1421 495 1490 qui
521 1422 662 1491 apud
697 1422 931 1487 g’cntiles
956 1424 1074 1475 sine
1098 1422 1206 1475 Deo
1230 1432 1375 1486 sunt,
1411 1422 1648 1477 rxsi~tit.
1681 1423 1830 1489 Quo-

252 1515 398 1567 circa
434 1528 607 1583 neque
651 1515 822 1580 ipsam
864 1523 1173 1566 creaturam
1208 1513 1376 1581 ipsius
1408 1514 1517 1585 qui
1552 1514 1691 1567 Dens
1725 1525 1829 1578 est,

254 1604 522 1659 fabric‘am
558 1619 679 1659 esse
713 1604 929 1668 dicetis,
960 1603 1006 1658 si
1039 1606 1142 1659 hoc
1185 1618 1379 1657 nomen
1419 1604 1575 1658 Pater
1607 1615 1657 1658 et
1692 1604 1831 1661 Deus

251 1710 363 1751 non
408 1695 579 1763 ipsam
611 1709 835 1748 causam
884 1708 1070 1748 eorum
1128 1706 1248 1762 qum
1296 1704 1446 1760 sunt,
1497 1695 1826 1764 signiﬁcant,

1933 519 1987 561 et
2020 509 2338 561 substantia:
2378 508 2598 577 propria
2635 507 2700 560 ad
2727 504 3108 569 complendum
3139 504 3504 557 substantiam

1934 599 2104 666 ipsam
2132 615 2146 651 :
2182 599 2283 652 nisi
2317 597 2456 651 forte
2481 614 2509 651 a
2537 598 2697 651 nobis
2720 599 2800 650 sic
2830 595 3087 650 dicuntur
3112 593 3513 648 consuetudine

1933 688 2305 757 intelligentia:
2334 698 2574 752 nostra;
2608 696 2663 741 et
2703 687 2833 757 quia
2871 698 2978 740 non
3010 697 3297 753 possumus
3347 682 3513 736 aliter

1933 779 2258 849 intelligere,
2286 781 2375 847 qui
2399 795 2541 835 nunc
2556 780 2723 834 vitam
2748 792 2845 849 per
2868 777 3171 847 speculum,
3192 785 3247 831 et
3266 774 3320 831 in
3344 774 3515 847 aenig-

1935 882 2080 925 mate
2113 870 2492 943 transigimus.

2554 959 2784 1017 CAPUT
2822 959 2888 1015 ll.

1921 1073 2089 1141 'Quod
2138 1091 2241 1128 non
2272 1084 2472 1140 oportet
2528 1090 2761 1144 qumrere
2807 1075 2862 1127 in
2912 1073 3172 1128 Trinitate
3219 1074 3512 1128 accidentia

2006 1146 2285 1212 qutrpiam,
2324 1161 2441 1215 qua:
2488 1146 2541 1197 in
2590 1145 2890 1215 substantia
2934 1145 3047 1212 ejus
3087 1149 3341 1198 exsistant
3367 1161 3385 1198 :
3425 1161 3516 1198 nec

2006 1215 2336 1281 cli/ferentia:
2362 1214 2744 1268 substantiales
2783 1216 2838 1267 in
2871 1216 2985 1271 ἔνθα
3005 1216 3317 1282 intelligere,
3354 1216 3515 1277 siqni-

2005 1285 2122 1336 dem
2149 1296 2194 1336 et
2234 1286 2285 1338 in
2318 1286 2659 1352 iuret-porcis,
2689 1300 2804 1351 qua:
2838 1285 2902 1337 ab
2940 1286 3051 1353 ipsa
3083 1286 3341 1346 producta
3366 1298 3511 1348 sunt,

2007 1371 2107 1406 non
2151 1365 2348 1422 oportet
2392 1371 2628 1423 qua'rere
2678 1355 3035 1423 di/fo'rentimu
3085 1355 3417 1414 substantias,
3452 1366 3513 1423 ret

1932 1430 1937 1435 ‘
2006 1427 2247 1493 energia’,
2281 1422 2443 1489 neque
2465 1434 2717 1494 tanquam
2748 1422 2899 1477 aliud
2933 1424 2985 1476 in
3004 1424 3110 1477 alio
3137 1426 3240 1477 ista
3267 1435 3323 1477 ut
3348 1422 3514 1478 exsis-

2008 1504 2144 1558 tant,
2177 1496 2434 1548 accidere.

2007 1609 2239 1663 Sanctus
2292 1608 2527 1678 Cyrillus
2559 1606 2650 1662 lib.
2690 1622 2813 1661 xxxi
2849 1606 3239 1678 Thesaurorunt
3266 1621 3285 1660 :
3319 1604 3374 1660 Si
3407 1605 3515 1674 igi-

1934 1707 2021 1753 tur
2051 1716 2155 1753 non
2194 1714 2549 1767 quaecumque
2608 1699 2867 1753 dicuntur
2899 1677 3154 1751 inesse'iu
3185 1698 3292 1751 Deo
3313 1710 3510 1751 secun-

251 1788 349 1841 sed
379 1786 529 1841 aliud
574 1786 852 1855 quidpiam
901 1786 1045 1855 quod
1079 1801 1174 1841 vos
1218 1784 1464 1856 lingitis:
1510 1801 1691 1841 verum
1733 1788 1832 1842 boc
1868 1771 1909 1829 Β
1938 1794 2065 1845 dum
2107 1806 2379 1858 naturam,
2426 1792 2541 1846 haec
2569 1792 2791 1859 omnino
2821 1803 2975 1843 erunt
3010 1791 3317 1844 substantia
3368 1790 3511 1859 ejus,

252 1881 600 1942 indecorum,
633 1891 686 1933 et
711 1879 1107 1948 valdeitnpium
1133 1889 1215 1934 est
1241 1882 1321 1934 vel
1362 1880 1534 1934 soi'um
1572 1883 1831 1949 cogitare.

253 1970 354 2024 Sin
388 1978 571 2023 autent
602 1986 725 2023 cum
758 1970 1008 2024 audimus
1040 1988 1053 2024 :
1092 1966 1205 2039 Ego
1235 1985 1351 2023 sum
1384 1971 1473 2039 qui
1494 1986 1612 2023 sum
1637 1972 1681 2004 ⁸⁸
1703 1974 1717 1993 ⁶
1744 1988 1756 2034 ;
1781 1979 1837 2026 et

248 2062 409 2121 illud,
450 2062 518 2115 In
540 2063 801 2130 principio
826 2063 946 2128 fecit
979 2061 1114 2115 Deus
1142 2061 1323 2114 coelum
1349 2074 1394 2115 et
1429 2073 1624 2117 terram
1646 2064 1711 2127 ⁸⁸,
1736 2076 1790 2117 et
1818 2083 1834 2122 :

252 2152 628 2218 AudiJsrael,
644 2154 903 2207 Dominus
925 2154 1063 2208 Deus
1085 2166 1225 2217 tuas,
1249 2153 1505 2208 Dominus
1529 2171 1664 2209 unus
1686 2157 1834 2221 est",

248 2256 304 2300 et
335 2245 498 2308 illud,
534 2243 663 2299 11αέ
688 2245 819 2298 dicit
857 2245 1111 2299 Dominus
1152 2249 1478 2317 omnipotens
1502 2288 1518 2313 ,
1554 2263 1659 2302 non
1689 2248 1836 2303 aliud

250 2345 629 2405 praeterquam
671 2336 1005 2406 simplicem,
1040 2347 1094 2391 et
1130 2339 1369 2400 beatam,
1418 2349 1473 2392 et
1513 2338 1840 2407 incompre-

248 2429 490 2481 ltenSam
527 2429 647 2495 ejus
685 2429 777 2497 qui
810 2418 1029 2497 proprie
1064 2438 1171 2495 est,
1221 2432 1582 2483 substantiam
1631 2430 1835 2483 iltlt'lli-

242 2518 429 2583 gimus
485 2517 626 2587 (etsi
677 2519 818 2571 enim
870 2535 977 2574 non
1028 2535 1315 2588 possumus
1381 2521 1841 2590 coinprchcndere
1886 2563 1891 2567 .

246 2612 387 2679 quid
420 2615 634 2665 tandem
657 2622 762 2677 est,
802 2623 978 2666 tamen
1006 2629 1129 2667 cutn
1161 2614 1470 2667 audivimus
1494 2614 1595 2667 dici
1620 2612 1836 2667 Patrem

246 2711 305 2757 et
339 2700 568 2764 Filium,
606 2713 658 2756 et
691 2705 1143 2774 omnipotentem,
1178 2706 1309 2758 nihil
1341 2705 1487 2758 aliud
1512 2722 1677 2775 quam
1710 2706 1841 2760 sub-

247 2796 522 2849 stantiam
572 2797 747 2865 ipsam
788 2797 907 2867 ejus
957 2800 1045 2867 qui
1083 2808 1187 2863 est,
1238 2799 1531 2868 signiﬁcari
1585 2799 1839 2872 intelligi-

247 2904 420 2952 mus;
448 2898 507 2943 et
535 2905 625 2943 vos
651 2890 868 2945 dixistis
893 2907 961 2945 ex
991 2892 1096 2947 Deo
1129 2892 1345 2958 Filium,
1376 2893 1589 2948 scilicet
1614 2909 1679 2947 ex
1713 2900 1841 2948 sub-

247 2983 466 3035 stantia
488 2982 671 3035 Patris
705 2998 829 3035 eum
857 2983 1088 3048 dixistis,
1116 2984 1244 3054 quia
1271 2993 1325 3037 et
1355 2993 1485 3037 ante
1517 2999 1617 3039 nos
1649 2986 1839 3039 dicunt

1947 1886 2268 1956 rrlinquitur
2300 1896 2357 1938 ut
2389 1886 2637 1939 dicamus
2664 1898 2780 1937 esse
2825 1896 2888 1936 ea
2934 1882 3234 1935 accidentia
3268 1886 3519 1935 substan-

1940 1981 2027 2032 ti:e
2069 1980 2147 2032 sic
2186 1993 2320 2033 vom
2355 1990 2509 2031 tenus
2559 1975 2828 2029 intellecta
2859 1973 2958 2041 ta).
2992 1972 3109 2026 Non
3138 1976 3282 2025 enim
3338 1982 3517 2042 potest

1940 2080 2131 2123 natura
2185 2071 2417 2124 humana
2474 2067 2674 2135 aliquid
2726 2067 2901 2136 majus
2937 2066 3011 2134 (ὁ)
3062 2065 3114 2117 in
3154 2066 3260 2118 Deo
3311 2066 3515 2129 dicere,
3578 2048 3585 2053 ’

1942 2178 2104 2230 quam
2138 2162 2434 2217 secundum
2470 2175 2526 2212 se
2558 2158 2681 2228 (2);
2722 2159 2926 2211 ideirco
2964 2156 3359 2211 consuetudine
3391 2173 3516 2225 pro-

1945 2255 2059 2324 pria
2102 2253 2326 2317 utimur,
2378 2268 2499 2306 cum
2542 2267 2605 2305 ea
2639 2266 2760 2318 quae
2809 2261 3019 2305 natur-.8
3073 2260 3271 2304 noStra:
3317 2264 3522 2302 conve-

1942 2348 2123 2407 niunt,
2157 2346 2424 2414 majorum
2457 2360 2639 2397 rerum
2668 2344 2917 2411 exempla
2950 2343 3207 2405 iacimus,
3251 2352 3310 2397 ut
3339 2342 3429 2411 qui
3462 2342 3520 2398 in

1942 2454 2104 2508 parva
2150 2438 2327 2492 taliula
2359 2439 2553 2491 orbem
2592 2437 2715 2491 coeli
2765 2436 3101 2490 describunt.
3146 2436 3287 2489 idem
3343 2437 3394 2489 in
3428 2451 3521 2489 eo-

1938 2532 2058 2586 detn
2087 2529 2261 2584 libro:
2294 2528 2572 2597 Sapientis
2601 2536 2684 2583 est
2718 2528 2924 2590 dicere,
2950 2528 3083 2581 nihil
3115 2528 3362 2582 accidere
3393 2529 3520 2581 sub-

1940 2624 2157 2677 stantim
2206 2622 2323 2683 Dei,
2376 2604 2509 2689 quia
2552 2621 2713 2674 habet
2749 2635 2813 2675 ex
2853 2636 2911 2673 se
2939 2621 3055 2688 ipsa
3095 2619 3510 2688 perfectionem,

1939 2698 2034 2768 sed
2084 2714 2339 2767 videmus
2371 2713 2512 2782 quod
2554 2712 2720 2764 multa
2762 2712 2899 2765 ratio
2932 2721 3090 2780 coget
3123 2726 3219 2763 nos
3258 2713 3323 2763 ad
3364 2714 3520 2763 intel-

1942 2805 2215 2873 ligendum
2256 2804 2308 2857 in
2337 2804 2443 2857 Deo
2466 2812 2721 2871 tanquam
2751 2802 3052 2857 accidentia
3084 2818 3145 2857 ea
3182 2820 3300 2871 qtzzr
3330 2801 3517 2870 hujus-

1942 2897 2085 2951 tnodi
2120 2905 2267 2960 sunt,
2321 2896 2423 2949 etsi
2472 2898 2689 2964 penitus
2738 2910 2845 2948 non
2894 2894 3233 2952 acciderunt.
3265 2897 3330 2951 Et
3375 2896 3516 2950 idem

1943 2966 2156 3040 adhuc:
2217 2985 2270 3039 Si
2323 2988 2720 3055 ergoqutedam
2776 2998 2864 3037 res
2914 2994 3169 3051 tanquam
3218 2988 3518 3041 accidentia

249 3072 566 3139 bcriptura:
601 3073 882 3125 Dominum
934 3072 1132 3128 Filium
1186 3076 1387 3137 Patris,
1428 3086 1481 3130 et
1518 3085 1642 3129 ante
1692 3077 1908 3170 ipsasc
1948 3079 2076 3141 Deo,
2136 3076 2532 3142 intelliguntur,
2587 3077 2714 3144 quid
2772 3074 2976 3127 frustra
3027 3076 3361 3130 contenditis
3410 3095 3515 3131 non

246 3164 397 3221 idem
425 3165 592 3219 Pater
607 3165 745 3219 dixit
767 3182 780 3218 :
806 3165 905 3220 llic
934 3178 1010 3221 est
1040 3164 1211 3220 Filius
1239 3184 1381 3222 meus
1408 3168 1690 3222 dilectus“
1715 3186 1733 3233 ;
1776 3170 1837 3221 ti-

248 3257 367 3312 lius
390 3268 577 3310 autem
610 3259 747 3311 nibll
774 3258 915 3311 aliud
941 3270 1041 3320 est,
1080 3259 1178 3313 risi
1205 3260 1346 3313 fetus
1376 3274 1440 3312 ex
1464 3262 1677 3329 .patre),
1702 3240 1842 3328 quo-

254 3348 430 3403 modo
458 3363 569 3402 non
590 3350 843 3403 videntur
865 3347 1052 3403 Patres
1071 3352 1204 3405 bene
1231 3350 1433 3405 dixisse
1450 3366 1511 3403 ex
1537 3352 1839 3406 substantia

250 3439 439 3494 Patris
463 3455 585 3495 esse
617 3439 831 3506 Filium,
867 3451 1015 3495 recte
1052 3442 1298 3495 arbitrati
1338 3442 1477 3495 idem
1511 3456 1631 3495 esse
1659 3443 1842 3494 dicere

247 3547 316 3586 ex
346 3531 484 3595 Deo,
517 3542 572 3585 et
606 3533 787 3586 dicere
816 3550 883 3588 ex
921 3533 1229 3587 substantia
1268 3533 1406 3586 Dei?
1444 3532 1519 3585 Ex
1552 3533 1748 3602 quibus
1778 3534 1836 3584 iit

250 3605 617 3678 manifesmm
670 3627 811 3695 quod
864 3626 915 3677 in
951 3624 1180 3688 unitate,
1218 3638 1335 3692 qua:
1371 3636 1533 3693 supra
1583 3623 1837 3677 substan-

254 3714 389 3767 tiam
431 3722 539 3778 cst,
575 3727 679 3767 non
715 3723 932 3783 oportet
972 3728 1217 3784 quaarcre
1250 3711 1466 3767 habitus
1512 3720 1565 3766 et
1601 3711 1836 3780 disposi-

332 3867 417 3899 “'
451 3862 626 3920 Exod.
683 3875 764 3928 ut,
816 3860 902 3915 H.
980 3860 1026 3893 ⁶⁶
1077 3859 1215 3917 Gen.
1254 3876 1294 3923 t,
1353 3858 1401 3913 Ι.

1478 3858 1520 3891 ⁸⁷
1563 3856 1720 3915 Deut.
1754 3875 1832 3921 Vl,
1868 3858 1922 3913 ι.

1943 3183 2062 3222 esse
2094 3168 2379 3221 dicendum
2417 3166 2686 3219 accidisse
2721 3166 2828 3217 Deo
2862 3164 3162 3231 ingenitum
3217 3182 3357 3226 esse,
3394 3182 3514 3220 eum

1942 3259 2185 3327 quaedam
2216 3258 2520 3325 hujusmodi
2557 3265 2872 3325 appareant,
2909 3270 3029 3323 qua:
3059 3264 3185 3307 sunt
3217 3271 3293 3309 se.
3315 3260 3515 3308 nudum

1944 3349 2304 3402 Stlbslatllittttt
2335 3348 2495 3416 ejus?
2524 3345 2591 3398 Et
2623 3361 2814 3399 rursus
2863 3346 3001 3398 idem
3036 3361 3049 3399 :
3086 3345 3200 3399 Non
3248 3347 3391 3399 enim
3432 3356 3516 3400 est

1942 3440 2246 3494 Subsutntia
2296 3437 2385 3490 Dei
2424 3439 2744 3505 ingenitum,
2797 3446 2891 3488 aut
2940 3437 3376 3504 iurorruptibie,
3427 3447 3521 3492 aut
3601 3506 3611 3516 .

1946 3530 2273 3591 immortale,
2309 3528 2392 3581 vel
2441 3528 2854 3596 inaspeclabile,
2893 3544 3015 3580 nam
3061 3530 3104 3581 si
3164 3533 3514 3596 unumquod-

1945 3637 2050 3692 que
2083 3621 2271 3673 borum
2318 3619 2681 3674 snbsmntiam
2712 3619 2788 3688 (5)
2836 3620 3125 3693 signiﬁcat,
3162 3636 3225 3673 ex
3274 3630 3353 3674 tot
3384 3622 3517 3675 sub-

1943 3713 2163 3769 stantiis
2196 3710 2534 3780 compositus
2580 3710 2688 3763 erit
2722 3708 2886 3777 Deus,
2917 3722 3051 3780 quot
3091 3720 3221 3764 sunt
3267 3712 3368 3767 ista
3399 3730 3521 3783 qua:

2003 3859 2049 3903 ‘9
2092 3857 2285 3912 Mattb.
2317 3872 2449 3919 xvn,
2482 3855 2538 3910 5.

1768 3993 2048 4057 Schona.

257 4140 517 4195 tauquam
561 4124 841 4195 complens
880 4122 1240 4179 substantiam
1293 4118 1449 4189 ejus,
1483 4120 1578 4174 sed
1624 4119 1829 4189 aliquid

257 4194 404 4253 circa
437 4200 613 4264 ipsutn
660 4194 1024 4255 extrinsecus,
1075 4202 1133 4247 ut
1161 4194 1557 4264 indumentum,
1584 4202 1642 4243 ut
1670 4194 1831 4258 paulo

259 4283 424 4334 supra
460 4262 671 4319 dixerat
704 4265 843 4319 idem
873 4265 1247 4334 Athanasius.
1341 4262 1379 4334 “

338 4329 409 4407 (1)
448 4334 866 4391 δαάάειεωονιιηι
896 4336 1089 4407 potius.
1127 4330 1351 4401 Antiqui
1386 4330 1693 4407 ignorantes
1723 4329 1829 4407 vim

265 4400 622 4476 intelligendi,
667 4417 719 4460 et
757 4420 862 4458 non
890 4405 1290 4476 distinguentes
1332 4416 1546 4476 sensum
1679 4400 1836 4476 intelf

262 4470 855 4539 lecttt,'existititat‘unt
883 4476 1017 4527 ttibil
1046 4470 1163 4527 esse
1197 4474 1249 4523 itt
1283 4472 1505 4533 ntuudo,
1538 4470 1644 4523 nisi
1691 4470 1832 4537 quod

258 4564 431 4600 sensu
466 4550 520 4599 ei
550 4546 835 4613 phantasia
867 4542 1250 4613 cetnprcltcudi
1285 4551 1462 4609 posset
1493 4543 1747 4613 ;_et_quia
1784 4542 1833 4591 in

258 4610 612 4686 pliatitasiattt
656 4632 760 4668 non
805 4616 948 4666 cadit
992 4610 1097 4665 nisi
1148 4626 1343 4686 corpus
1379 4650 1392 4671 ,
1456 4610 1843 4686 existimarunt

258 4681 471 4738 nullam
508 4700 620 4737 rem
662 4700 781 4739 esse
810 4686 860 4735 in
905 4686 1105 4735 mundo
1137 4681 1237 4733 nisi
1270 4694 1492 4748 corpus,
1564 4689 1624 4731 ut
1672 4681 1837 4748 Arist.

258 4772 316 4811 tv
364 4755 577 4824 Physic.
611 4756 774 4827 tradit
802 4769 819 4817 ;
848 4753 916 4827 ab
945 4752 1063 4807 istis
1098 4747 1381 4820 profectus
1402 4758 1489 4827 est
1519 4761 1676 4827 error
1705 4747 1843 4827 Sad-

262 4818 612 4889 duca-orum,
664 4823 756 4893 qui
809 4825 1054 4893 aiebant,
1089 4818 1195 4893 non
1248 4833 1370 4872 esse
1400 4818 1843 4893 Spitittttit,__lncc

262 4898 332 4949 ὃ.
355 4896 550 4948 Titum.
583 4910 596 4948 ι
624 4889 867 4962 ρ.’‹ι.50,
902 4905 1004 4946 art.
1035 4890 1059 4944 i
1089 4908 1104 4943 :
1135 4892 1279 4943 Idem
1313 4895 1493 4940 etcutt
1524 4889 1841 4962 getttilibus,

259 4967 362 5033 qui
389 4967 504 5016 sine
527 4958 638 5018 Deo
656 4958 814 5017 erant
844 4958 1268 5033 colentesopera
1290 4958 1842 5033 mauuutthoininutu

346 5035 427 5105 ('1)
468 5034 583 5087 lloc
618 5045 700 5087 est.
731 5034 873 5101 quod
906 5034 1034 5087 dicit
1070 5026 1360 5105 δμοίΤιιιιιιι.
1404 5028 1415 5079 i
1449 5043 1498 5093 p.
1538 5042 1590 5091 ti.
1626 5026 1718 5092 59,
1750 5036 1855 5105 art.

257 5110 325 5175 2,
354 5096 508 5174 "quod
533 5118 676 5175 θωνα
704 5096 836 5156 alias
869 5105 1080 5175 repetit,
1106 5100 1410 5155 intellectus
1444 5107 1627 5149 noster
1660 5112 1745 5150 res
1777 5096 1858 5147 tli-

258 5172 425 5234 viuas
451 5173 709 5237 nominat,
738 5189 842 5227 non
878 5172 1174 5227 secundum
1220 5174 1434 5223 modum
1465 5180 1651 5219 earnm
1680 5204 1695 5228 ,
1728 5179 1855 5234 quia

263 5252 356 5307 sic
398 5261 492 5300 cas
528 5258 1008 5314 cognoscerenon
1046 5251 1244 5313 potest,
1278 5238 1372 5293 sed
1404 5238 1700 5290 secundum
1741 5251 1856 5289 uto-

259 5322 404 5375 dum
440 5331 493 5368 tu
533 5322 698 5368 rebus
727 5313 925 5367 creatis
974 5315 1272 5365 inventum.

340 5387 425 5457 (3)
470 5382 528 5439 Si
584 5382 1226 5457 uitantquothue__ltorunt
1290 5379 1645 5457 substantiam
1685 5376 1855 5457 signi-

258 5446 447 5528 ﬁcat,
497 5469 561 5508 ex
607 5464 681 5509 tot
746 5446 1061 5508 substantiis
1121 5446 1446 5518 compositus
1504 5452 1629 5530 erit.
1673 5446 1853 5507 Deus,

345 5661 425 5728 la)
451 5658 505 5712 id
534 5666 616 5730 est
665 5653 962 5730 secundum
1003 5652 1231 5730 modum.
1281 5650 1619 5721 significandi
1646 5660 1700 5705 et
1756 5650 1841 5704 in-

259 5727 543 5798 telligendi
591 5727 745 5781 nobis
774 5731 1085 5779 consttctum
1118 5727 1281 5790 capit.

1929 4127 2051 4188 quot
2094 4128 2213 4171 sunt
2262 4118 2365 4171 ista
2416 4134 2530 4188 qua;
2589 4116 2919 4187 reperiantur
2969 4118 3240 4172 convenire
3284 4119 3367 4173 illi
3426 4137 3523 4176 na-

1931 4187 2192 4243 turaliter.
2224 4190 2422 4241 Contra
2487 4187 2807 4240 Eunomiunt
2877 4188 3155 4254 disputans
3198 4190 3300 4243 hoc
3350 4195 3521 4258 dicit;

1932 4261 2023 4313 ille
2047 4262 2214 4321 enim,
2245 4260 2366 4326 quia
2403 4258 2695 4326 ingenitum
2739 4258 2935 4312 dicitur
2995 4258 3061 4311 de
3097 4259 3204 4312 Deo
3255 4261 3417 4316 Patre
3467 4276 3523 4316 et

1898 4361 1902 4365 -
1930 4330 2223 4398 ingenitum
2256 4328 2400 4381 aliud
2434 4344 2627 4381 nomen
2655 4338 2737 4383 est
2795 4343 2822 4380 a
2852 4329 3033 4396 genito
3054 4370 3069 4392 ,
3103 4333 3522 4398 argumentabit-

1946 4410 2037 4452 tur
2076 4399 2234 4451 aliam
2274 4400 2629 4451 substantiam
2677 4398 2990 4466 signiﬁcare
3037 4400 3354 4467 ingenitum,
3384 4412 3435 4455 rt
3460 4420 3522 4455 a-

1947 4469 2073 4521 liain
2116 4470 2357 4537 genitum
2384 4508 2400 4533 ,
2432 4469 2584 4537 quasi
2619 4485 2719 4520 una
2757 4469 3057 4537 substantia
3087 4484 3193 4519 non
3232 4482 3407 4535 posset
3438 4473 3523 4522 ιΙῘ-

1949 4536 2462 4591 νειδὶδίιιιιιιιιιιίιιιιδ
2504 4536 2663 4589 allici.
2700 4536 2789 4588 Sic
2822 4536 2962 4587 enim
3001 4549 3223 4588 sanctus
3260 4537 3524 4593 Maximus

1954 4606 2583 4687 inﬁcilucubrationis
2622 4606 2807 4681 prima:
2864 4604 3113 4687 Gregorii
3166 4604 3523 4674 Nazianzeni,

1943 4677 2009 4729 de
2028 4672 2184 4739 Filio,
2211 4675 2296 4727 ubi
2320 4676 2515 4745 quaerit
2546 4674 2842 4745 Eunomius
2863 4716 2877 4737 ,
2894 4677 3037 4745 quid
3058 4672 3218 4729 Pater
3233 4672 3520 4745 signiﬁcet,

1942 4746 2221 4813 expltcans
2252 4761 2396 4797 cum:
2434 4743 2862 4810 lnterrogabanl,
2891 4741 3087 4810 inquit,
3126 4741 3389 4811 btet-utili,
3429 4741 3524 4802 list

1946 4831 2011 4868 ne
2046 4815 2203 4866 Pater
2236 4829 2429 4867 nomen
2448 4813 2783 4879 substantiae,
2811 4828 2878 4865 an
2909 4816 3169 4882 energtze?
3199 4828 3253 4867 ut
3286 4816 3328 4870 si
3367 4819 3521 4871 dixe-

1949 4885 2115 4937 rimus
2146 4900 2267 4936 csse
2320 4898 2513 4935 nomen
2569 4882 2906 4947 substantiae,
2942 4882 3066 4936 binc
3117 4886 3391 4953 colligant,
3430 4884 3522 4939 Fi-

1944 4952 2069 5005 lium
2101 4968 2220 5007 esse
2251 4954 2517 5006 dthrsatn
2549 4953 2904 5005 substantiam
2935 4969 2960 5002 a
2990 4956 3291 5007 substantia
3327 4956 3522 5010 l’atris:

1954 5024 2028 5085 ὡς
2052 5024 2150 5093 τῆς
2183 5023 2354 5103 adtigi
2381 5021 2565 5103 eiiciat;
2597 5022 2689 5103 ξδξο
2727 5026 2801 5103 μὴ
2830 5021 3218 5101 ἐπιᾷεχομένης
3262 5027 3354 5077 καὶ
3404 5027 3524 5079 διὰ·

1954 5092 2313 5163 φοραίκυριως
2332 5092 2652 5159 ὀνόματα,ἰι1
2676 5105 2758 5144 est
2787 5092 2943 5160 quasi
2975 5108 3081 5145 una
3103 5099 3396 5147 substantia
3420 5112 3525 5151 non

1954 5167 2220 5231 reciperet
2269 5166 2377 5215 duo
2417 5172 2469 5214 et
2516 5164 2731 5215 diuersa
2773 5163 2988 5231 proprie
3023 5165 3262 5229 ttdmina,
3305 5167 3347 5217 si
3381 5174 3527 5219 enim

1955 5245 2105 5301 pater
2128 5246 2211 5287 est
2236 5249 2428 5286 nomen
2450 5234 2793 5302 substantiae,
2820 5248 3090 5299 nunquam
3116 5236 3360 5302 ejusdem
3395 5239 3524 5290 sub-

1953 5300 2167 5355 atanttu:
2202 5317 2399 5355 nomen
2436 5306 2540 5355 erit
2580 5300 2771 5356 Filius.
2804 5302 3076 5355 Hactenus
3102 5300 3321 5358 sanctus
3352 5304 3525 5360 Maxi-

1955 5389 2093 5438 mus,
2134 5383 2187 5424 ot
2223 5375 2410 5426 beatus
2444 5370 2674 5427 Basilius
2703 5370 2840 5425 libro
2871 5385 2905 5424 il
2928 5367 3125 5425 Contra
3149 5375 3465 5428 Eunomium
3503 5393 3523 5431 :

1954 5446 2230 5508 Quomodo
2269 5443 2455 5511 igitur,
2499 5442 2694 5509 inquit,
2736 5457 2768 5495 ο
2802 5443 3224 5511 sapientissime,
3262 5447 3312 5501 si
3340 5446 3524 5501 diver-

2030 5646 2106 5715 tlr)
2139 5646 2322 5711 idest,
2362 5646 2564 5713 aliquid
2593 5645 2789 5716 majus,
2817 5662 2979 5716 quam
3013 5656 3069 5699 ttt
3091 5663 3157 5702 ex
3184 5647 3349 5703 rebus
3374 5663 3523 5703 creas

1959 5719 2027 5775 tis
2054 5720 2258 5783 didicit,
2284 5734 2347 5771 ex
2402 5718 2595 5787 quibus
2625 5722 2908 5772 scietttiam
2943 5718 3107 5778 capit.
