4016 6204
330 277 437 346 969

1187 275 1426 340 DECAS
1468 276 1542 342 Χ.
1588 299 1653 313 -
1719 275 1816 335 DE
1857 273 2128 336 DIVINA
2173 277 2732 340 SIMPLICITATE.

3479 280 3587 346 970

324 399 478 452 diens
516 397 569 450 in
600 395 767 460 bono,
808 402 862 451 et
882 409 944 450 ex
975 394 1119 450 bono
1148 395 1201 448 itt
1227 401 1510 450 creaturas
1557 407 1808 457 manans,
1843 399 1896 445 et
1923 390 1971 451 Α
2002 402 2082 447 est
2112 393 2328 463 prodire
2353 411 2415 449 ex
2448 409 2508 450 se
2535 410 2650 464 ipsa
2678 395 2794 449 sine
2827 394 3106 463 distantia,
3130 403 3186 452 et
3233 396 3350 453 sine
3399 413 3584 466 causa,

326 505 512 544 rursus
539 489 594 542 in
625 489 824 543 bonum
865 501 1134 551 remeans,
1171 488 1224 541 in
1258 503 1367 556 quo
1395 497 1447 540 et
1473 487 1581 543 iine
1611 497 1667 541 et
1693 484 1898 556 princi-

325 583 411 652 pio
437 595 628 636 carere
659 580 876 634 divinus
911 594 1064 634 amor
1098 579 1316 649 egregie
1353 579 1715 644 demonstrat,
1757 578 1898 634 sicut

323 671 542 741 quidam
567 681 862 739 perpetuus
888 678 940 725 et
966 670 1336 739 sempiternus
1367 669 1519 724 orbis
1537 679 1758 738 propter
1798 669 1897 722 bo-

324 779 451 817 num
481 760 840 815 conversione
872 760 1160 814 inerrante
1183 775 1245 816 se
1281 759 1742 826 circutnvolvcus,
1764 767 1817 814 et
1847 759 1898 812 in

323 855 511 910 eodem
537 853 835 909 secundum
857 851 996 908 idem
1025 863 1079 906 et
1109 853 1409 923 procedens
1443 866 1675 921 semper,
1706 861 1761 906 et
1783 866 1902 905 ma-

325 959 480 1012 nens,
511 955 568 1000 et
583 955 884 1002 revertens.
930 943 1166 1000 Sanctus
1189 943 1462 1000 Maximus
1512 945 1570 999 in
1593 943 1820 999 scholiis
1850 943 1900 996 iu

259 1033 278 1039 ’
326 1037 642 1108 Dionysium
679 1037 801 1100 c.l,
840 1036 914 1091 De
942 1036 1132 1090 divinis
1165 1036 1417 1091 nominib.
1443 1051 1456 1089 :
1482 1034 1539 1090 in
1588 1035 1902 1090 universum

325 1125 498 1202 igitur.
516 1144 643 1184 non
673 1140 758 1183 cst
787 1131 1097 1184 audendum
1138 1129 1286 1198 loqui
1335 1142 1508 1196 neque
1564 1127 1808 1198 cogitare
1838 1125 1904 1179 de

320 1222 609 1276 divinitate
653 1235 820 1289 supra
851 1221 1238 1288 substantiam,
1277 1231 1331 1278 et
1387 1221 1592 1275 abdita.
1639 1218 1904 1274 Divinitas

323 1317 469 1370 enim
503 1314 669 1369 solius
701 1312 793 1368 Dei
834 1313 1091 1369 omnibus
1122 1313 1338 1368 occulta
1387 1312 1560 1368 virtus
1597 1322 1682 1367 est
1737 1311 1904 1382 θεαρ-

325 1407 461 1478 χικὴ
511 1420 702 1461 eorum
743 1406 836 1476 qui
904 1405 976 1460 dii
1024 1404 1310 1472 dicuntur,
1374 1413 1488 1458 tum
1529 1403 1734 1474 angeli,
1789 1414 1902 1456 tum

325 1497 599 1563 homines,
686 1502 955 1564 quatenus
1027 1492 1275 1548 eﬂ'ectrix
1369 1501 1453 1546 est
1560 1504 1746 1545 eorum
1814 1489 1903 1556 qui

321 1586 744 1659 particimtione
827 1584 1136 1639 eﬂiciuntur
1205 1584 1333 1648 dii;
1404 1584 1543 1652 ipsa,
1603 1597 1722 1650 qua)
1778 1569 1905 1634 ve're

319 1695 388 1735 ex
421 1694 481 1735 se
507 1690 562 1734 ct
588 1680 707 1734 sine
734 1691 904 1733 causa
936 1688 1018 1732 est
1043 1692 1140 1748 per
1163 1691 1226 1732 se
1255 1674 1540 1729 divinitas.
1607 1673 1901 1745 Gregorius

322 1772 636 1842 Theologus
663 1790 678 1826 :
712 1770 778 1826 Et
804 1770 870 1824 ad
893 1785 1086 1834 unum,
1118 1783 1312 1824 eorum
1344 1767 1435 1837 qui
1465 1783 1532 1822 ex
1573 1768 1711 1836 ipso,
1771 1781 1902 1820 con-

316 1880 539 1922 sensus.
569 1865 740 1931 Quem
774 1863 954 1918 locem
990 1876 1112 1916 cum
1169 1860 1424 1916 edisserit
1466 1872 1687 1915 sanctus
1736 1857 1905 1911 Maxi-

315 1975 447 2015 mus
477 1978 491 2014 :
523 1957 637 2012 Nisi
666 1956 848 2022 fallor,
873 1955 1072 2023 inquit,
1113 1967 1276 2008 unam
1340 1953 1472 2008 dicit
1525 1951 1902 2016 divinitatem;

311 2065 386 2102 ex
423 2049 543 2118 ipso
567 2055 747 2101 autem
770 2060 875 2100 uno
901 2056 1011 2100 tres
1052 2058 1338 2114 personas.
1401 2041 1627 2097 Divinus
1713 2040 1907 2094 Dama-

315 2151 574 2196 scenus:
630 2137 976 2192 Divinitatem
1006 2137 1060 2192 in
1116 2137 1291 2191 tribus
1346 2135 1742 2206 splendentem,
1800 2149 1907 2188 uno

311 2231 619 2300 splendore
641 2244 706 2285 ex
748 2245 854 2282 una
885 2228 1179 2282 Divinitate
1221 2228 1382 2281 trium
1423 2240 1778 2295 personarum
1806 2225 1908 2279 lul-

312 2335 518 2394 gente.
541 2320 760 2376 Patrem
783 2321 903 2374 sine
925 2319 1216 2391 principio,
1239 2319 1484 2389 ejusdem
1518 2328 1728 2378 natura:
1759 2316 1908 2372 .Ver-

314 2416 448 2471 bum
480 2413 682 2478 Patris,
715 2422 772 2468 et
799 2422 1228 2482 conregnantem
1288 2411 1533 2481 ejusdem
1586 2411 1907 2468 substantiae

317 2508 610 2577 Spiritum.
640 2505 880 2562 Sanctus
900 2502 1264 2574 Theophanes
1297 2522 1310 2558 :
1339 2501 1516 2557 Unum
1546 2504 1703 2557 trium
1734 2502 1907 2570 fulgo-

314 2615 436 2656 rem
462 2598 844 2654 subsistentem
861 2611 925 2652 ex
940 2611 1042 2650 una
1069 2596 1420 2665 prodeuntem
1441 2593 1742 2658 divinitate,
1764 2593 1903 2649 idem

313 2694 502 2751 tribus
539 2693 840 2765 fulgoribus
872 2690 1164 2759 splendens
1192 2704 1257 2744 ex
1289 2705 1394 2744 una
1437 2689 1722 2744 divinitate
1775 2704 1904 2758 pro-

311 2788 632 2842 deuntibus.
659 2785 726 2841 Et
757 2786 954 2842 iterum
983 2801 997 2839 :
1036 2782 1321 2852 Tanquam
1363 2783 1521 2844 enim,
1554 2797 1619 2837 ex
1640 2796 1747 2836 uno
1790 2782 1906 2837 sole

315 2880 567 2936 Trinitas
603 2878 915 2948 splendens.
985 2877 1042 2933 In
1075 2877 1216 2932 actis
1263 2883 1434 2930 sextae
1491 2875 1682 2947 synodi
1749 2888 1901 2929 ωου-

315 2976 575 3039 menicat,
610 2971 907 3042 Utriusque
936 2981 1166 3037 naturae,
1230 2970 1426 3039 inquit,
1462 2979 1750 3040 utramque
1777 2984 1903 3038 ope-

2007 495 2060 541 et
2088 487 2208 542 sine
2240 487 2538 555 divisione;
2575 490 2697 543 utsi
2721 496 2863 544 esset
2889 488 3062 544 virtus
3098 490 3340 558 quadam
3372 491 3591 546 ab50|ti~

2011 590 2083 646 ta,
2106 587 2160 635 et
2178 589 2352 637 motus
2377 581 2629 650 simplex:
2655 597 2750 652 per
2765 581 2842 637 sei
2861 595 3011 650 psam
3033 581 3261 645 mobilis,
3279 598 3372 652 per
3387 599 3446 640 se
3465 600 3544 654 ονε
3562 614 3590 628 -

2011 689 2157 738 rans,
2191 690 2256 730 ex
2279 690 2336 730 se
2359 675 2494 745 ipsa,
2521 689 2617 745 per
2639 690 2696 730 se
2729 674 2918 745 ipsam,
2939 675 3004 730 ad
3029 689 3088 731 se
3115 675 3286 744 ipsam
3309 689 3587 735 revertens

2010 776 2063 820 et
2083 766 2151 820 ad
2180 767 2592 837 ipsamsemper
2630 768 2820 842 eodem
2856 768 3014 822 modo
3063 782 3122 822 se
3151 766 3432 825 revolvens
3460 810 3474 835 ,
3531 781 3586 826 et

2012 859 2372 915 conversione
2411 859 2688 914 inerrante
2749 859 3098 915 circumiens.
3167 858 3341 915 Simul
3405 871 3585 918 tamen

2013 956 2448 1009 demonstratum
2482 963 2692 1008 estnon
2714 963 2965 1022 oportere
3019 955 3332 1026 ubicunque
3381 956 3586 1026 aliquid

2012 1059 2078 1099 ex
2107 1046 2290 1112 aliquo
2323 1045 2811 1113 dicitur,quazrere
2858 1043 3217 1099 dilTereutiam
3275 1061 3476 1107 causae.
3536 1055 3590 1099 et

2013 1147 2078 1186 ex
2109 1147 2269 1186 causa
2294 1132 2725 1200 protlciscentis;
2754 1132 3212 1198 demonstratum,
3240 1135 3481 1204 inquam,
3508 1142 3592 1189 est

2012 1238 2119 1277 non
2146 1223 2319 1278 solum
2355 1238 2420 1278 ex
2459 1223 2524 1277 iis
2549 1237 2668 1292 qua:
2692 1223 2842 1292 prius
2875 1223 3133 1291 diximus,
3160 1225 3253 1280 sed
3285 1227 3450 1280 etiam
3517 1241 3583 1280 ex

2014 1317 2082 1371 iis
2110 1330 2228 1384 quae
2258 1317 2418 1370 modo
2452 1314 2695 1384 subjecta
2739 1323 2888 1381 sunt,
2913 1316 3112 1385 quibus
3136 1317 3441 1371 ostenditur
3457 1331 3589 1371 eon-

2013 1408 2274 1462 lltendunt
2308 1421 2428 1462 esse
2462 1416 2575 1462 tres
2636 1421 2899 1476 personas
2959 1422 3022 1462 ex
3121 1423 3226 1460 una
3302 1407 3590 1461 divinitate

2013 1500 2253 1569 prodire.
2292 1499 2348 1553 Si
2374 1514 2502 1570 ergo
2534 1499 2639 1554 dici
2673 1515 2738 1554 ex
2762 1499 2964 1568 aliquo,
2999 1500 3201 1568 ubique
3224 1498 3586 1552 tlill‘erentiatn

2013 1605 2211 1655 causae,
2237 1598 2291 1646 et
2344 1606 2566 1645 causam
2605 1590 2890 1656 habentis,
2956 1591 3347 1656 introduceret,
3397 1607 3591 1646 neces—
3671 1652 3676 1656 ,

2013 1683 2158 1738 sario
2190 1692 2296 1737 tota
2325 1681 2566 1736 Trinitas
2592 1697 2812 1736 causam
2847 1682 3072 1736 haberet
3104 1700 3115 1746 ;
3145 1697 3206 1737 ex
3256 1699 3361 1753 quo
3412 1684 3587 1747 ﬂeret.

2011 1785 2069 1830 ut
2098 1775 2332 1830 Paterin
2368 1775 2636 1831 Trinitate
2661 1789 2725 1829 ex
2758 1790 2920 1829 causa
2979 1774 3260 1844 prolectus
3300 1785 3482 1840 esset;
3537 1789 3586 1827 ιιι

2011 1868 2115 1923 hoc
2143 1869 2440 1923 absurdum
2481 1876 2584 1921 est.
2630 1865 2745 1921 Non
2802 1867 2966 1937 igitur
3008 1867 3118 1935 jam
3173 1867 3587 1940 ubicunque‘ex

2011 1958 2216 2028 aliquo,
2243 1956 2298 2011 in
2334 1957 2532 2012 divinis
2558 1956 2778 2023 dicitur,
2819 1957 2894 2011 ibi
2939 1955 3248 2013 differentia
3313 1971 3510 2022 causae,
3540 1966 3591 2011 τι

2011 2065 2075 2104 ex
2140 2065 2305 2105 causa
2369 2047 2778 2118 proficiscentis
2841 2050 3180 2117 Ostenditur;
3223 2065 3288 2106 ac
3327 2057 3586 2120 prmterea

2011 2143 2230 2212 prodire
2253 2142 2307 2197 in
2360 2143 2556 2197 divinis
2603 2144 2720 2196 sine
2773 2143 3044 2196 divisione
3099 2145 3437 2197 tantumdem
3485 2152 3590 2207 cst,

2009 2245 2272 2306 quantum
2323 2235 2442 2289 sine
2493 2235 2774 2300 distantia,
2818 2236 2937 2290 sive
2993 2233 3321 2302 differentia,
3371 2247 3426 2288 et
3478 2235 3596 2290 sine

2010 2342 2174 2382 causa
2198 2341 2341 2392 esse,
2375 2325 2642 2395 siquidem
2667 2326 2844 2394 quoad
2871 2321 3222 2392 Trinitatem,
3269 2340 3388 2393 quae
3425 2341 3589 2395 supra

2010 2418 2370 2474 substantiam
2414 2427 2522 2484 ‘cst,
2577 2427 2845 2486 quatenus
2915 2415 3157 2473 Trinitas
3194 2418 3427 2485 colitur,
3484 2435 3590 2472 non

2013 2511 2173 2565 habet
2198 2511 2248 2564 itt
2266 2525 2329 2564 ea
2351 2509 2529 2564 locum
2585 2510 2644 2562 τὸ
2699 2509 3029 2577 ἀδιαίρετον,
3057 2510 3112 2564 id
3149 2521 3254 2577 est,
3307 2511 3435 2565 illttd
3478 2511 3594 2565 sine

2009 2601 2295 2666 divisione,
2334 2601 2464 2670 quin
2528 2602 2708 2670 potius
2757 2600 3018 2656 dividitur
3055 2601 3255 2656 divinis
3275 2609 3328 2656 et
3385 2602 3594 2656 deiﬁcis

2010 2694 2300 2765 personis:
2336 2695 2569 2763 eritque,
2598 2701 2874 2761 quatenus
2914 2690 3157 2746 Trinitas
3184 2703 3288 2759 εει,
3319 2707 3447 2747 vere
3483 2695 3594 2749 dis-

2009 2798 2153 2843 creta
2189 2785 2450 2849 Trinitas,
2509 2784 2683 2839 sicubi
2738 2797 2864 2838 vero
2927 2783 3140 2838 dicatur
3189 2785 3432 2840 Trinitas
3483 2800 3592 2839 non

2009 2881 2210 2945 divisa,
2265 2894 2370 2932 non
2407 2887 2676 2948 quatenus
2700 2876 2942 2932 Trinitas
2968 2876 3187 2943 dicitur,
3211 2878 3303 2931 sed
3329 2887 3595 2947 quatenus

2012 2975 2124 3044 ipsa
2155 2970 2396 3025 Trinitas
2420 2971 2603 3026 unitas
2630 2980 2713 3024 est
2743 2986 2758 3035 ;
2792 2969 2958 3039 igitur
2984 2985 3090 3023 non
3121 2983 3240 3025 esse
3273 2971 3594 3027 divisionem

313 3066 594 3122 rationem
617 3067 843 3132 scimus.
875 3063 1179 3126 naturalem
1214 3061 1359 3126 dico,
1379 3071 1432 3118 et
1453 3061 1895 3121 substantialcm.
1930 3094 1970 3148 ο
2011 3068 2062 3122 in
2079 3065 2261 3120 divina
2294 3066 2522 3124 unitate,
2541 3073 2623 3115 est
2649 3076 2752 3114 non
2772 3074 2890 3114 esse
2912 3059 3275 3116 diucrentiam
3302 3063 3354 3116 in
3379 3076 3465 3127 ea,
3491 3077 3593 3117 nec

311 3171 366 3216 et
411 3174 707 3229 congruam
744 3157 866 3212 sine
894 3155 1158 3212 divisione
1183 3156 1259 3228 (l)
1283 3171 1347 3212 ex
1378 3164 1608 3226 utraque
1642 3155 1898 3211 substan-

313 3255 394 3306 tia
414 3262 470 3307 et
498 3260 694 3304 natura
747 3248 1106 3318 prodeuntem
1161 3247 1460 3302 secundum
1526 3247 1902 3315 operationem

311 3353 367 3397 et
406 3342 728 3413 qualitatem
756 3339 1081 3395 naturaliter
1114 3339 1331 3394 insitam
1373 3337 1446 3408 (α)
1482 3356 1495 3404 ;
1529 3347 1584 3392 et
1617 3337 1778 3391 simul
1807 3353 1904 3390 nco

309 3452 430 3508 que
458 3435 791 3505 partibilcm,
832 3448 1006 3505 neque
1055 3433 1340 3489 confusam
1406 3431 1718 3486 alterutrius
1775 3432 1906 3485 sub.

307 3527 548 3582 stantia:
581 3526 960 3595 Operationem
999 3525 1296 3595 coniuncte
1325 3523 1406 3594 (Ξ)
1443 3524 1745 3588 inductam,
1808 3523 1913 3577 hoc

315 3620 461 3673 facit
495 3616 861 3672 diﬂ‘erentiatn
886 3617 1266 3686 operationum
1310 3616 1363 3669 in
1399 3612 1639 3680 Christo,
1706 3613 1916 3668 sicutet

317 3710 696 3765 diﬂerentiam
736 3721 1078 3763 naturarum.
1103 3707 1180 3761 Ex
1211 3707 1411 3774 quibus
1455 3704 1686 3761 ellieitnr
1747 3709 1917 3759 mani-

321 3804 555 3867 festmn,
604 3805 659 3856 in
719 3802 947 3864 unitate,
1009 3816 1127 3868 (tua!
1173 3815 1335 3869 supra
1396 3801 1759 3854 substantiam
1814 3806 1917 3864 est,

309 3893 435 3951 non
489 3905 744 3964 oportere
801 3894 1148 3949 considerare
1209 3893 1354 3962 quod
1416 3908 1480 3947 ex
1540 3907 1600 3948 se
1662 3893 1775 3959 ipsa
1829 3909 1922 3946 ea-

317 3994 524 4048 sistere
569 3991 812 4054 dicitur,
869 3989 953 4043 vel
1012 4003 1076 4042 ex
1129 4001 1190 4042 se
1241 3987 1357 4056 ipsa
1419 3989 1598 4056 prodit
1643 3991 1920 4058 operatio;

320 4085 405 4137 vel
471 4098 537 4137 ex
606 4097 665 4135 se
718 4083 855 4150 ipsa,
911 4095 1006 4150 per
1052 4094 1111 4134 se
1161 4079 1357 4150 ipsam,
1393 4081 1444 4134 in
1489 4096 1546 4134 se
1596 4081 1768 4150 ipsam
1837 4095 1923 4133 rc-

323 4177 572 4231 volvitur
607 4215 622 4237 ,
661 4185 714 4228 et
773 4174 976 4228 idcirco
1038 4171 1398 4228 diﬁ'ercutiam
1463 4188 1639 4228 causae
1684 4185 1737 4230 et
1787 4191 1919 4229 cau-

321 4285 446 4323 sam
530 4266 776 4322 habentis
842 4267 1054 4336 sequi:
1115 4266 1243 4337 quin
1322 4266 1500 4336 potius
1568 4269 1917 4321 manifestum

2005 3171 2124 3214 esse
2153 3169 2368 3212 cauattttt
2396 3155 2531 3222 ejus.

2607 3261 2840 3320 CAPUT
2877 3266 2966 3320 IV.

2017 3407 2168 3471 Quod
2191 3406 2244 3457 in
2271 3407 2474 3457 imitate
2510 3402 2788 3456 Trinitatis
2825 3419 2925 3454 nou
2951 3409 3151 3458 oportet
3181 3417 3414 3468 qua'rcre
3439 3402 3590 3455 aliud

2083 3476 2456 3534 substantiam,
2495 3484 2540 3526 et
2572 3474 2718 3524 aliud
2749 3473 3016 3533 etterqimn
3038 3475 3142 3524 sive
3193 3474 3544 3538 operationem
3575 3489 3594 3528 :

2007 3545 2010 3547 “
2086 3561 2245 3612 neque
2273 3546 2374 3611 tegi
2417 3543 2751 3610 homouymia
2790 3539 2928 3594 verbi
2958 3543 3225 3608 ettet‘gire,
3260 3557 3351 3594 nec
3410 3544 3595 3596 existi-

2089 3625 2234 3696 ntere
2257 3631 2360 3668 non
2425 3615 2558 3667 idem
2612 3613 2794 3666 esscin
2828 3628 2888 3665 ra
2953 3612 3300 3665 substantiam
3350 3621 3397 3664 et
3449 3629 3595 3665 emr-

2086 3701 2229 3755 gtam
2246 3725 2260 3738 .

2089 3806 2326 3860 Sanetus
2403 3802 2696 3873 Gregorius
2752 3801 3052 3870 Nyssenus,
3118 3799 3255 3855 libro
3285 3815 3338 3852 ιχ
3393 3797 3594 3854 Contra

2022 3897 2376 3951 Enuomt'um:
2409 3895 2544 3961 Quis
2577 3899 2678 3957 cst,
2709 3893 2903 3962 inquit,
2928 3893 3011 3946 die
3044 3892 3197 3956 milti,
3235 3891 3414 3946 Deus?
3473 3893 3596 3960 qni-

2021 3991 2119 4045 bus
2151 3989 2484 4052 dominatur,
2518 3985 2607 4055 qui
2675 3995 2758 4039 est
2811 3984 2955 4037 aliud
2985 3984 3112 4052 quid
3167 3995 3361 4055 prgater
3413 3995 3599 4054 potem

2019 4081 2198 4136 tiam?
2233 4079 2291 4134 Si
2317 4079 2650 4141 dominatur,
2699 4087 2754 4130 et
2809 4075 2950 4128 aliud
2976 4083 3060 4128 est
3111 4074 3372 4143 potentia,
3435 4077 3599 4142 igitur

2019 4173 2255 4230 Vincitur
2283 4172 2522 4240 potentia
2561 4183 2588 4221 a
2618 4185 2724 4222 non
2793 4169 3032 4237 potentia
3067 4185 3081 4232 ;
3115 4168 3258 4236 quod
3310 4168 3456 4222 enim
3514 4179 3599 4220 est

2019 4270 2165 4324 aliud
2199 4282 2356 4336 quant
2381 4263 2620 4334 potentia
2655 4262 2756 4330 (ὖ),
2782 4261 3016 4330 potentia
3053 4275 3282 4330 p:orsus
3331 4277 3439 4315 non
3463 4271 3546 4314 est
3582 4278 3594 4312 :

1758 4377 1780 4396 ⁰
1844 4381 2112 4444 Scholia.

400 4486 644 4560 (l)Sine
666 4484 952 4560 divisione.
1018 4483 1570 4560 Scilicetpersonaa;
1618 4496 1722 4536 non
1778 4483 1922 4560 enim

325 4553 963 4631 propter__di_ll‘eretttiat_tt_
991 4557 1425 4631 substantiarum
1452 4553 1682 4631 diving
1705 4561 1758 4604 et
1816 4553 1919 4604 litt-

324 4623 509 4684 ittatite
543 4627 752 4681 divisus
781 4623 1178 4684 est‘Cltristus.
1209 4625 1337 4692 quin
1395 4624 1570 4689 potius
1636 4623 1774 4675 idem
1836 4632 1920 4674 est

323 4698 617 4770 perfectus
671 4695 920 4770 Deus,et
973 4691 1245 4770 pet-fectus
1298 4693 1494 4755 homo;
1545 4705 1733 4745 rursus
1801 4691 1916 4769 sine

323 4764 628 4832 divisione,
657 4766 784 4836 quia
817 4764 1057 4832 operatio
1099 4764 1527 4836 divinaenaturzn
1547 4771 1629 4836 est
1667 4764 1913 4830 Operatio

326 4841 502 4893 trium
536 4832 915 4904 personarum,
950 4848 1177 4904 quarum
1202 4832 1402 4904 punitas
1425 4832 1694 4897 essentite,
1726 4841 1783 4884 ut
1832 4841 1917 4904 est

327 4909 386 4962 itt
427 4902 643 4976 synodo
676 4915 854 4969 sexta,
909 4903 1122 4976 actione
1192 4902 1280 4976 ll,
1312 4917 1417 4976 non
1468 4911 1669 4976 potest
1704 4902 1915 4976 partiri,

326 4995 440 5034 nec
463 4971 618 5030 alteri
649 4977 840 5029 uttitati
874 4973 1133 5041 copulari,
1165 4975 1260 5026 sed
1292 4971 1788 5042 p0tius'siugularis
1813 4981 1914 5034 est,

327 5061 493 5105 extra
526 5060 741 5100 omnem
772 5058 996 5097 liUlllCl‘ll
1006 5057 1078 5096 1η.

349 5173 352 5176 ,
407 5120 487 5190 (2)
511 5111 1226 5190 Operatiouemalterutrius
1263 5112 1593 5190 _substantiw
1622 5111 1918 5179 conjuncta:

324 5182 612 5246 inductam
649 5189 799 5249 dicit,
836 5183 961 5252 quia
992 5185 1070 5236 sic
1093 5182 1420 5251 operabatur
1444 5194 1677 5252 utraque
1721 5195 1916 5234 natura

323 5264 482 5332 quod
515 5260 973 5332 propriuuterat,
1040 5263 1096 5307 ut
1155 5252 1325 5332 altera
1377 5253 1539 5332 simul
1601 5261 1919 5332 aperarctur

321 5323 726 5388 éotttteiticnter
751 5325 878 5386 sibi,
914 5335 968 5377 et
1000 5333 1055 5376 ιιι
1081 5341 1140 5377 se
1180 5323 1432 5388 decebat;
1463 5324 1577 5376 sive
1611 5323 1753 5375 enim
1789 5335 1915 5390 ope-

326 5403 588 5456 rationes
622 5407 803 5451 essent
846 5395 955 5449 Deo
1005 5394 1412 5457 convenientes,
1465 5404 1522 5446 ut
1571 5393 1910 5455 miraculum,

325 5485 471 5526 caro
490 5469 822 5536 operabatur
846 5502 860 5529 ,
896 5475 955 5518 ut
1011 5480 1132 5536 eum
1191 5473 1457 5536 potestate
1487 5464 1668 5516 divina
1707 5462 1910 5536 __retnit-

329 5543 490 5597 lebat
525 5530 770 5608 peccata,
802 5547 852 5589 et
878 5549 972 5589 ore
993 5530 1230 5598 dicebat,
1281 5534 1634 5589 “emittuntur
1675 5530 1769 5587 (ibi
1795 5546 1912 5598 pec.

406 5706 491 5771 (α)
531 5700 858 5766 Qualitatem
917 5699 1216 5754 naturalem
1269 5703 1424 5748 vocat
1460 5698 1841 5766 proprietatem
1879 5692 2160 5762 utriusque
2185 5705 2409 5748 naturze.

667 5795 938 5855 PATROL.
986 5796 1102 5853 Gtt.
1150 5789 1330 5852 CLll.

2038 4492 2158 4535 cata
2195 4489 2308 4542 tua,
2342 4487 2394 4530 et
2430 4484 2699 4544 potestate
2726 4473 2905 4527 divina
2947 4473 3266 4527 restituebat
3312 4473 3515 4544 _visnm,
3547 4486 3600 4524 ιιι

2035 4567 2197 4604 manu
2227 4561 2280 4600 et
2309 4542 2468 4615 sputo
2502 4547 2695 4597 liuihat
2730 4545 2917 4595 oculos
2942 4559 2955 4606 ;
2985 4546 3096 4615 sive
3119 4542 3459 4615 apet'ationes
3495 4542 3595 4591 litt-

2034 4635 2204 4674 tnaua!
2245 4611 2449 4670 natura:
2481 4617 2856 4675 convenirent,
2893 4623 2948 4664 ttt
3008 4613 3178 4672 sitire,
3241 4611 3464 4668 esttrire,
3520 4612 3596 4662 la-

2027 4690 2204 4760 tigari,
2239 4688 2468 4740 Verbum
2500 4683 2828 4760 operabatur
2869 4682 3248 4760 permittendo,
3277 4689 3338 4759 et.
3367 4681 3596 4760 volando

2025 4749 2139 4815 sive
2161 4749 2502 4826 operationes
2536 4749 2722 4826 essent
2754 4749 3167 4826 IiliSlickitltﬁi,
3204 4752 3400 4826 partim
3464 4750 3598 4802 di'vi-

2028 4848 2130 4894 me,
2169 4821 2359 4899 partim
2397 4826 2668 4899 humanm,
2690 4823 2791 4874 hoc
2837 4833 2922 4874 est
2954 4822 3061 4875 lico
3091 4821 3494 4899 convruicntes,
3525 4832 3598 4899 ,ιιι

2031 4891 2237 4956 homini
2269 4916 2282 4963 ;
2325 4908 2380 4950 ut
2412 4894 2688 4948 ambulare
2721 4907 2886 4959 super
2919 4906 3108 4963 mare;
3144 4891 3419 4963 ambulare
3450 4891 3594 4943 enim

2037 4969 2241 5026 lietuini
2266 4961 2642 5026 Conveniebat,
2707 4977 2810 5014 non
2866 4961 3094 5027 deprimi
3129 4961 3457 5013 ambulando
3509 4976 3597 5011 sn-

2031 5056 2126 5108 per
2167 5052 2334 5108 mare,
2385 5035 2548 5088 Deum
2594 5033 2852 5108 decebat,
2883 5047 3005 5108 qua:
3035 5030 3382 5108 Operationes
3412 5030 3598 5108 ⁸Οερεν-

2027 5099 2211 5182 ὂρικαί
2237 5106 2540 5176 aDtonysio
2575 5103 2849 5165 dicuntur,
2881 5104 2932 5155 id
2986 5114 3089 5165 est,
3122 5099 3280 5154 simul
3315 5099 3511 5152 divina:
3544 5109 3598 5149 rt

2028 5182 2301 5234 humanm.

2100 5251 2176 5320 (5)
2218 5249 2357 5302 licus
2388 5258 2469 5301 est
2497 5261 2654 5320 suum
2689 5259 2872 5320 posse,
2899 5253 2952 5320 et
2989 5258 3146 5296 suum
3181 5255 3323 5320 esse,
3357 5249 3411 5320 e_t
3441 5255 3598 5293 suum

2025 5310 2258 5386 operari,
2287 5326 2340 5370 et
2379 5334 2482 5371 non
2518 5326 2594 5369 est
2629 5310 2767 5368 ineo
2799 5316 2944 5368 altttd
3004 5328 3186 5386 posse,
3246 5310 3391 5363 aliud
3455 5325 3598 5372 esse,

2023 5383 2174 5443 aliud
2209 5389 2444 5458 operari,
2469 5389 2571 5458 sed
2592 5387 2768 5453 potius
2795 5401 2934 5438 unus
2955 5383 3399 5458 simplicissimus
3423 5389 3596 5458 :tcltto,

2019 5471 2074 5514 et
2109 5475 2215 5512 una
2247 5450 2668 5526 'sitttplicissinta
2701 5455 3005 5512 substantia
3033 5467 3097 5507 ac
3159 5453 3422 5520 potentia,
3482 5450 3599 5504 sive

2018 5542 2212 5586 ιιίτιιις.

3095 5781 3170 5839 31
