4016 6204
466 340 566 405 97ὶ
1630 348 1950 409 JOANNIS
2011 350 2283 431 CYPABI
2294 352 2577 416 SSIOTJE

3622 355 3728 419 972

468 471 632 529 atque
658 459 729 516 ita
801 462 1094 532 repet-itur,
1155 471 1425 531 quatenus
1468 465 1709 533 potentia
1774 480 1881 520 non
1935 476 2039 532 est,
2071 474 2119 532 Α
2147 473 2481 539 fundere,'et
2506 462 2736 529 obscura
2788 473 3098 541 relinquere
3126 486 3212 537 ea,
3243 472 3309 527 de
3334 472 3530 541 quibus
3589 487 3730 541 qua}.

470 554 736 609 dominari
762 555 1031 625 potentias.
1073 550 1320 610 Justinus
1354 568 1557 625 martyr
1581 556 1632 609 in
1672 556 1739 610 iis
1768 571 1886 626 qua:
1906 555 2048 613 Pho-

475 649 904 722 tinspalriart-ha
937 665 1000 703 ex
1045 663 1108 703 eo
1138 649 1352 714 recitat,
1380 649 1502 703 Alia
1553 649 1794 717 quidem,
1851 653 2045 722 inquit,

476 741 712 808 potentia
737 720 863 791 sunt
898 740 1210 807 aliquando,
1232 750 1286 793 et
1322 749 1445 794 actu
1477 759 1490 806 ;
1526 739 1665 795 Deus
1724 720 1937 807 autem,
1994 754 2051 797 ιη

479 846 627 884 tuens
653 832 933 898 perspicax
959 832 1258 901 intelligere
1292 841 1489 903 potest,
1510 847 1727 903 semper
1750 844 1832 911 est
1864 846 2050 888 ener-

474 924 581 991 gia,
609 922 660 974 id
697 932 811 986 est,
845 934 991 987 actu,
1029 940 1133 978 non
1161 925 1305 979 enim
1335 942 1399 979 ex
1428 925 1748 994 imperfecto
1803 927 1871 983 ad
1923 942 2050 997 per-

472 1014 671 1068 fectum
711 1017 990 1083 procedit;
1024 1032 1121 1070 llCt'.
1153 1018 1299 1071 aliud
1332 1019 1622 1087 quidquam
1655 1027 1849 1089 praeter
1879 1019 2051 1088 ipsum

474 1123 565 1176 per
596 1124 653 1162 se
685 1119 887 1173 actum,
921 1119 1003 1162 cst
1037 1110 1152 1177 ipsa
1188 1125 1283 1176 per
1316 1125 1375 1164 se
1416 1110 1743 1165 substantia.
1797 1109 2052 1167 Theodo-

476 1216 565 1251 rus
598 1211 955 1266 cognomento
977 1200 1085 1253 τῶν
1122 1200 1387 1271 Γραπτῶν
1409 1243 1424 1268 ,
1463 1202 1514 1255 in
1550 1217 1646 1256 sua
1672 1200 1871 1257 Contra
1892 1218 2054 1273 oppu-

472 1304 716 1359 gnatores
765 1295 1054 1362 imaginum
1101 1296 1479 1349 tractatione:
1536 1294 1674 1359 Non,
1733 1295 1932 1364 inquit,
1995 1305 2054 1350 ut

474 1384 694 1449 quidam
734 1386 861 1438 olim
894 1385 1074 1452 nugati
1106 1396 1253 1447 sunt,
1283 1384 1450 1441 caelos
1486 1400 1515 1438 a
1547 1401 1775 1456 persona
1808 1402 1907 1443 sua
1958 1403 2050 1443 γδ-

480 1493 614 1531 cuos
642 1493 765 1531 cum
796 1494 1013 1533 Cttrncttl
1043 1480 1362 1546 assumpsit,
1398 1478 1580 1536 facere
1607 1480 1794 1545 voluit,
1822 1494 2053 1549 esseque

476 1569 755 1622 nobiscum
793 1570 1089 1623 secundum
1122 1570 1506 1636 substantiam,
1542 1571 1762 1639 energia
1804 1586 1935 1627 vero
2000 1581 2054 1626 et

474 1660 737 1728 dignitate
772 1662 912 1727 apud
945 1661 1111 1714 Deum
1144 1660 1381 1726 Patrem,
1418 1664 1542 1728 quia
1603 1662 1748 1715 aliud
1796 1663 2054 1717 substan-

479 1756 626 1812 tiam,
659 1754 801 1805 aliud
826 1755 1124 1821 cnergiam,
1161 1764 1219 1806 ut
1253 1753 1304 1807 in
1334 1755 1400 1808 iis
1469 1738 1592 1823 qua:
1619 1769 1877 1823 corporea
1934 1770 2055 1810 esse
2100 1792 2106 1803 ε

2151 570 2259 623 stio
2284 579 2410 625 est:
2444 569 2589 636 quod
2639 565 2857 635 quidem
2894 565 3127 620 alienum
3162 575 3246 620 est
3281 565 3351 619 ab
3372 565 3596 619 homine
3642 580 3727 618 ra-

2154 659 2319 715 tionis
2340 658 2626 728 participe.
2652 656 2823 712 ldem'
2856 657 2911 711 in
2962 657 3200 712 eodem:
3262 654 3524 724 Superius
3573 656 3726 710 etiam

2153 752 2359 808 dictum
2413 760 2519 817 est,
2561 760 2815 821 Oportere
2840 764 2962 805 eum
2993 750 3085 819 qui
3118 752 3183 804 de
3218 750 3451 805 veritate
3489 749 3725 806 disserit.

2152 844 2488 913 distinguere
2513 858 2700 899 eorum
2734 856 2854 911 qua:
2885 842 3158 907 dicuntur,
3209 841 3537 912 signiﬁcata,
3608 856 3725 909 pm.

2154 941 2553 1005 pter‘errorem
2595 949 2663 990 ex
2693 934 3038 1005 homonymia
3091 925 3546 1003 proﬁciscentem.
3598 930 3729 985 Sane

2153 1036 2272 1082 ctus
2298 1028 2623 1083 Anastasius
2681 1027 3057 1082 Antiochenus
3111 1026 3164 1079 in
3225 1026 3366 1083 libro
3403 1027 3495 1096 qui
3542 1027 3729 1081 inscri-

2153 1116 2322 1180 bitur,
2355 1114 2513 1180 Quod
2554 1115 2699 1170 Deus
2730 1127 2806 1170 est
2840 1116 3335 1184 incircumscriptus
3356 1131 3375 1169 :
3408 1115 3728 1184 Tripliciter,

2155 1208 2350 1276 inquit,
2384 1208 2586 1263 dicitur
2618 1209 2868 1276 energia,
2909 1219 3177 1276 potestas,
3229 1208 3347 1263 sive
3373 1208 3479 1272 vis,
3534 1222 3730 1261 secuti-

2156 1299 2285 1354 dum
2319 1316 2478 1370 quam
2512 1300 2761 1355 naturale
2786 1311 2865 1354 est
2896 1300 3008 1355 Deo
3053 1300 3308 1369 operari;
3361 1308 3416 1354 et
3474 1299 3731 1353 habitudo

2155 1391 2431 1459 operantis
2452 1390 2518 1442 ad
2544 1405 2679 1458 opus
2708 1389 2912 1444 factum
2934 1430 2951 1455 ,
2983 1401 3038 1445 et
3069 1390 3243 1459 ipsum
3300 1390 3430 1445 illud
3483 1405 3619 1458 opus
3650 1388 3728 1442 ia-

2156 1493 2326 1539 ctum.
2356 1482 2623 1537 Praeterea
2656 1491 2877 1537 sanctus
2894 1481 3129 1537 Joannes
3157 1482 3522 1536 Damascenns
3550 1480 3730 1533 inser-

2159 1589 2317 1628 mone
2352 1575 2631 1642 inscripto,
2663 1573 2739 1627 De
2771 1572 3182 1641 proprietatibus
3211 1572 3413 1627 Christi
3441 1572 3728 1641 :Energia,

2160 1664 2354 1733 inquit,
2401 1664 2691 1734 aliquando
2716 1664 2987 1735 signiﬁcat
3035 1666 3290 1719 virtutem
3311 1664 3598 1734 operandi,
3631 1665 3731 1717 ali-

2160 1758 2383 1825 quando
2404 1759 2645 1827 operari,
2675 1757 2967 1827 aliquando
2997 1772 3136 1826 opus
3188 1757 3461 1812 eﬂ’ecttnn.
3516 1755 3734 1827 Magnus

474 1847 808 1915 cngitantur,
834 1847 914 1898 sic
943 1848 995 1899 in
1022 1844 1201 1900 Verbo
1236 1846 1328 1900 Dei
1363 1850 1633 1914 ponebant
1659 1863 1673 1911 ;
1733 1848 1878 1917 quod
1936 1849 2059 1916 (μή-
2088 1830 2131 1884 Β
2167 1849 2399 1905 Basilius
2426 1850 2479 1903 in
2502 1864 2555 1904 ν.
2593 1850 3014 1921 Ἀντιρῤητικῶν
3042 1865 3060 1903 :
3088 1850 3221 1905 Illud
3240 1864 3305 1903 ex
3335 1848 3516 1919 aliquo
3537 1848 3733 1914 accipi-

475 1939 598 1992 dem
625 1939 695 2007 pii
725 1946 942 2005 negant.
979 1938 1172 1991 Sciunt
1193 1939 1334 1993 enim
1363 1940 1414 1992 in
1475 1939 1814 2008 simplicibus
1871 1950 1923 1995 et
1974 1942 2057 1995 in-

477 2031 755 2100 corporcis
784 2030 859 2100 (I)
888 2030 1024 2084 nihil
1052 2030 1154 2085 ista
1187 2030 1404 2085 dill'erre
1438 2047 1452 2085 :
1486 2032 1617 2100 quia
1644 2047 1754 2087 non
1780 2042 1909 2088 sunt
1945 2035 2058 2089 haec

476 2126 619 2178 inter
642 2140 701 2178 se
735 2123 1119 2187 discernenda,
1148 2138 1217 2177 ne
1275 2122 1417 2191 quod
1479 2134 1563 2178 est
1614 2140 1783 2197 supra
1839 2140 2055 2180 onmem

478 2217 904 2286 simplicitatem.
938 2216 1297 2284 compositum
1362 2232 1481 2271 esse
1527 2218 1875 2288 intelligatur.
1923 2218 2059 2272 San-

476 2322 595 2365 ctus
628 2309 890 2364 Maximus
922 2308 974 2362 in
1020 2307 1371 2362 adnotatione
1415 2310 1757 2363 extrinsecus
1790 2304 2055 2377 apposita

477 2402 543 2455 ad
578 2416 697 2470 cap.
726 2402 1027 2455 secundum
1064 2400 1325 2453 centuriae
1350 2399 1561 2467 primas:
1587 2399 1817 2467 Bonum,
1856 2401 2054 2469 inquit,

421 2535 424 2538 .
480 2495 695 2563 proprie
718 2493 1010 2547 secundum
1044 2491 1402 2548 substantiam
1430 2507 1497 2547 ex
1530 2492 1597 2548 iis
1619 2509 1740 2564 qua:
1758 2502 1903 2559 sunt,
1964 2509 2056 2549 co-

479 2586 789 2654 gnoscimus
825 2595 1199 2637 creaturarum
1236 2582 1568 2649 eil'ectorem,
1608 2586 1752 2653 quod
1783 2597 1887 2649 εει,
1951 2600 2055 2639 non

408 2728 415 2733 ,
479 2678 603 2744 quid
632 2678 927 2729 secundum
953 2684 1199 2730 naturam
1236 2685 1345 2741 est,
1374 2676 1670 2744 plurimum
1695 2678 1840 2731 enim
1878 2677 2057 2733 diﬂ’ert

477 2768 703 2822 credere
755 2766 955 2833 aliquid
982 2782 1124 2831 esse,
1170 2767 1238 2823 ab
1275 2784 1338 2822 eo
1377 2769 1521 2836 quod
1561 2778 1664 2834 est,
1740 2770 1880 2824 scire
1930 2771 2056 2839 quid

481 2860 695 2914 demum
723 2859 943 2912 esthoc.
984 2858 1061 2913 Ex
1093 2859 1339 2913 bonitate
1388 2859 1555 2928 igitur
1608 2870 1664 2914 et
1716 2861 1954 2931 energia,
2004 2872 2052 2914 et

479 2970 546 3007 ex
576 2953 830 3021 operibus
859 2952 1215 3019 providentia:
1238 2953 1472 3021 propriis
1503 2952 1856 3019 cognoscitur
1884 2952 2053 3015 Deus,
2093 3025 2099 3031 _

479 3047 572 3101 sed
604 3063 708 3100 non
745 3060 808 3099 ex
840 3046 1168 3100 substantia.
1217 3046 1506 3114 Encrgiam
1540 3059 1799 3100 vocamus
1861 3045 1948 3099 hic
1992 3061 2055 3099 o-

479 3154 627 3207 pera,
663 3154 766 3192 non
794 3144 972 3191 autem
1004 3135 1325 3204 potentiam,
1366 3136 1482 3190 sive
1542 3135 1799 3189 virtutem
1856 3150 2053 3204 opera-

483 3219 679 3294 tionis;
711 3228 824 3282 harc
854 3227 997 3281 enim
1024 3227 1156 3280 nihil
1186 3225 1329 3279 aliud
1355 3235 1460 3290 est,
1510 3235 1865 3295 praeterquam
1925 3228 2057 3281 sub-

482 3322 679 3374 Stantia
705 3319 818 3382 θεῖ,
845 3335 908 3372 ne
939 3317 1264 3386 compositio
1297 3317 1352 3371 in
1392 3317 1502 3371 Deo
1535 3332 1656 3372 esse
1691 3318 2055 3373 existimetur.

482 3409 707 3477 Magnus
730 3408 1055 3461 Athanasius
1102 3406 1241 3461 libro
1309 3407 1487 3474 primo
1540 3416 1741 3465 contra
1782 3409 2052 3463 Arianos:

483 3503 840 3569 interrogent,
886 3500 1079 3567 inquit,
1122 3498 1363 3565 Grmcos,
1398 3508 1454 3551 ut
1478 3514 1599 3552 cum
1625 3500 1898 3553 audierint
1927 3512 2054 3567 quot

483 3594 909 3661 signiﬁcationes
936 3591 1099 3647 habet
1128 3592 1380 3657 verbum,
1412 3590 1626 3647 discant
1667 3606 1727 3647 se
1765 3608 1872 3647 non
1927 3593 2061 3646 bene

484 3685 627 3740 scire
660 3686 725 3738 de
757 3684 953 3753 quibus
1009 3683 1326 3752 loquuntur.
1358 3681 1425 3737 Et
1458 3682 1515 3738 in
1547 3683 1772 3752 epistola
1806 3684 1872 3737 ad
1902 3683 2063 3738 Sera-

483 3773 700 3839 pionem
735 3789 749 3825 :
775 3770 909 3825 Cum
942 3773 1056 3826 haec
1078 3771 1159 3826 sic
1183 3773 1312 3838 sint,
1350 3782 1406 3828 et
1440 3782 1591 3843 tanta
1612 3772 1914 3828 dilferentia
1941 3774 2058 3842 spi-

484 3865 680 3919 rituum
706 3864 1048 3930 ostendatur,
1076 3864 1330 3921 meliores
1385 3865 1607 3933 essetis,
1667 3865 1712 3919 si
1756 3867 1821 3919 de
1874 3876 2062 3920 creato

484 3958 677 4025 spiritu
702 3955 1006 4021 audientes,
1046 3956 1115 4013 de
1149 3972 1255 4012 uno
1305 3959 1560 4028 quopiam
1622 3974 1687 4013 ex
1715 3958 1905 4014 dictis
1942 3972 2063 4014 scn-

485 4049 681 4102 tirt-tis.
717 4046 781 4100 Et
808 4058 1029 4102 sanctus
1060 4046 1351 4113 Maximus,
1385 4050 1440 4103 in
1469 4050 1839 4119 disputatione
1864 4061 2053 4106 contra

486 4139 790 4209 l‘yrrhutn:
832 4139 1047 4206 Dicere,
1081 4139 1283 4211 inquit,
1314 4150 1369 4194 et
1409 4157 1513 4196 non
1552 4144 1704 4211 prius
1735 4142 2067 4213 distinguere

483 4232 787 4299 signiﬁcata
824 4229 997 4294 verbi,
1033 4229 1170 4285 nihil
1201 4229 1348 4285 aliud
1375 4242 1638 4302 estquam
1671 4233 1890 4288 omnino
1936 4225 2069 4290 coit-

558 4409 601 4441 ⁸³
630 4410 777 4469 Psal.
815 4427 924 4480 cxx,
958 4413 1011 4467 5.
1089 4411 1135 4444 ὀ
1162 4411 1321 4471 Joan.
1352 4428 1464 4479 xvr,
1496 4410 1589 4463 27.

2161 1952 2269 2006 tur,
2298 1942 2492 2012 inquit,
2525 1942 2605 1997 vel
2637 1952 2907 2013 quatenus
2941 1944 3173 2011 pertinet
3201 1942 3269 1996 ad
3294 1942 3648 2005 creationem,
3682 1952 3736 1993 ut

2162 2048 2282 2088 cum
2313 2034 2547 2088 dicimus
2586 2035 2769 2088 omnia
2797 2050 2861 2088 ex
2899 2038 3007 2091 Deo
3040 2052 3054 2098 ;
3082 2034 3165 2089 vel
3203 2036 3270 2087 ad
3332 2034 3737 2102 generationem

2162 2134 2219 2178 ut
2248 2126 2374 2179 illud
2410 2142 2423 2178 :
2460 2124 2545 2179 Ea:
2579 2138 2723 2179 utero
2761 2136 2880 2180 ante
2922 2126 3199 2195 luciferum
3226 2125 3379 2196 genui
3403 2136 3451 2177 te
3486 2124 3565 2177 "z
3604 2124 3741 2176 etil-

2161 2215 2253 2269 lud
2289 2215 2436 2285 :Ego
2463 2219 2601 2269 enim
2630 2232 2694 2269 ex
2725 2216 2832 2270 Deo
2862 2218 2997 2270 exivi
3030 2218 3073 2248 "°
3105 2233 3121 2283 ;
3156 2217 3239 2270 vel
3267 2216 3610 2277 naturaliter,
3681 2226 3740 2266 ut

2160 2325 2283 2361 cum
2308 2308 2566 2373 dicimus,
2588 2308 2823 2377 Energia
2858 2319 3042 2363 nostra
3069 2324 3134 2363 es
3156 2308 3309 2363 nobis
3334 2316 3415 2362 est
3438 2307 3539 2377 (α),
3564 2306 3744 2374 splen-

2158 2401 2259 2453 dor
2290 2399 2420 2454 solis
2445 2415 2510 2455 ex
2545 2400 2682 2469 ipso.
2724 2399 2779 2455 Si
2808 2402 2976 2472 igitur
3006 2416 3206 2469 corpus
3253 2400 3457 2454 Christi
3492 2400 3743 2453 divinum

2158 2508 2224 2547 ex
2253 2491 2459 2561 Spiritu
2490 2502 2682 2579 sgncto
2712 2503 2817 2559 est,
2850 2509 2958 2548 non
2981 2504 3161 2564 potest
3214 2506 3344 2548 esse
3366 2508 3431 2547 ex
3467 2507 3535 2546 eo
3589 2493 3747 2561 geni-

2161 2594 2298 2649 tum,
2327 2586 2453 2654 quia
2497 2587 2639 2654 quod
2678 2594 2859 2639 natum
2908 2595 2992 2640 est
3020 2601 3085 2640 ex
3140 2599 3328 2649 carne,
3383 2599 3588 2654 corpus
3623 2593 3745 2645 est;

2159 2677 2307 2745 quod
2345 2688 2525 2730 autem
2549 2692 2615 2730 ex
2651 2677 2876 2746 Spiritu,
2901 2676 3150 2744 spiritus,
3181 2688 3356 2743 neque
3424 2687 3615 2727 rursus
3654 2686 3749 2728 na-

2161 2769 2408 2822 turaliter
2432 2784 2497 2822 ex
2524 2769 2640 2837 ipso
2671 2784 2814 2834 esse,
2854 2769 2996 2822 sicut
3032 2767 3249 2837 energia
3292 2766 3437 2836 ejus,
3486 2765 3748 2834 quoniam

2162 2861 2212 2914 in
2237 2859 2462 2927 simplici
2488 2861 2560 2928 (ἓ)
2582 2870 2633 2911 et
2658 2861 2729 2913 int
2747 2876 2971 2928 orporea
2994 2867 3185 2915 natura
3209 2859 3455 2915 eamdem
3486 2859 3750 2913 rationem

2160 2954 2305 3005 subit
2330 2952 2631 3006 substantia
2665 2962 2721 3006 et
2768 2953 2986 3022 energia
3029 2953 3191 3022 ejus;
3223 2950 3550 3021 relinquitur
3582 2952 3751 3021 igitur
3830 2996 3839 3003 .

2162 3062 2223 3098 cx
2248 3046 2365 3112 ipso
2393 3060 2515 3100 esse
2544 3054 2798 3113 tanquam
2847 3055 3157 3101 creaturam
3203 3045 3346 3137 ejus.
3404 3046 3549 3100 idem
3614 3043 3752 3099 libro

2161 3136 2400 3191 secunth
2434 3158 2445 3189 ;
2479 3134 2537 3189 Si
2587 3138 2805 3204 quidem
2858 3136 2988 3191 nihil
3043 3134 3333 3192 commune
3380 3136 3547 3191 habet
3576 3135 3753 3191 virtus

2167 3245 2290 3284 cum
2322 3232 2648 3297 substantia,
2673 3233 2943 3300 quomodo
2973 3248 3035 3287 ex
3092 3232 3380 3295 creaturis,
3436 3245 3562 3300 qua:
3623 3239 3753 3285 sunt

2164 3320 2387 3375 eil‘ectus
2414 3321 2651 3382 virtutis.
2676 3323 2741 3375 ad
2770 3322 3134 3392 cognitionem
3165 3323 3284 3390 ejus
3336 3321 3471 3376 facta
3505 3330 3590 3375 est
3623 3320 3752 3375 via?

2163 3410 2256 3467 Sin
2300 3426 2476 3467 autem
2518 3414 2658 3468 idem
2706 3424 2791 3469 est
2839 3416 3146 3469 substantia
3183 3425 3344 3484 atque
3375 3414 3573 3479 virtus,
3610 3416 3753 3483 quod

2173 3507 2433 3560 virtutem
2464 3514 2660 3577 signat,
2689 3508 2919 3574 signabit
2962 3510 3122 3577 plane
3158 3509 3321 3564 etiam
3360 3509 3751 3564 substantiam.

2171 3594 2394 3650 Divinus
2413 3594 2729 3651 Theodorus
2779 3607 3139 3666 cognomento
3183 3596 3451 3667 Γραπτὸς,
3508 3607 3753 3652 tractans

2168 3687 2370 3741 dictum
2402 3685 2587 3741 Basilii
2624 3705 2639 3741 :
2679 3685 2791 3751 Sic,
2830 3686 3024 3756 inquit,
3050 3688 3139 3757 pie
3165 3686 3505 3755 intelligatur
3564 3688 3753 3743 divina

2170 3778 2391 3848 energia
2430 3779 2547 3833 sive
2576 3780 2821 3848 operatio
2850 3789 3053 3834 aeterna
3087 3779 3258 3848 :quin
3310 3777 3488 3849 potius
3514 3779 3633 3848 ipsa
3664 3794 3754 3849 per

2170 3883 2231 3924 se
2264 3870 2504 3938 energia,
2538 3880 2596 3922 ut
2639 3885 2742 3926 non
2794 3870 3155 3939 distinguatur
3178 3885 3209 3925 a
3251 3870 3559 3926 substantia
3587 3910 3603 3934 ,
3662 3870 3756 3927 sed

2172 3962 2351 4029 potius
2379 3961 2628 4017 eamdem
2661 3962 2929 4017 rationem
2968 3963 3167 4017 habeat
3194 3969 3414 4031 propter
3445 3960 3756 4029 proprieta-

2174 4064 2279 4107 tem
2306 4052 2693 4121 simplicitatis,
2747 4061 2803 4107 et
2846 4052 3185 4121 incorporea:
3240 4058 3471 4107 natura.
3524 4048 3757 4122 Magnus

2173 4145 2527 4209 Athanasius,
2558 4146 2610 4199 in
2644 4144 3014 4213 disputatione
3034 4144 3287 4199 Anotuati
3321 4143 3419 4214 (5),
3441 4144 3493 4199 in
3514 4159 3753 4214 persona

2175 4234 2476 4293 adversarii
2506 4253 2519 4289 :
2548 4236 2663 4301 Dic,
2690 4236 2967 4305 inquiunt,
3016 4235 3254 4305 energia:
3302 4236 3598 4306 imaginem
3649 4236 3751 4306 (Δ).

1979 4498 2257 4561 Scholia.

557 4632 632 4696 (I)
667 4629 727 4681 In
762 4628 1088 4697 simplicibus
1109 4641 1155 4683 et
1179 4630 1498 4696 incorporeis
1530 4626 1661 4698 nihil
1696 4626 1797 4679 ista
1829 4623 2067 4698 dri/ferre.
2100 4628 2150 4686 ι)
2179 4639 2278 4698 rp.
2309 4640 2366 4696 q.
2396 4626 2481 4681 54.
2519 4632 2576 4680 ln
2645 4629 2835 4698 angelo
2856 4630 2998 4685 enim
3067 4647 3176 4687 non
3228 4640 3311 4688 est
3337 4633 3476 4687 idem
3513 4640 3755 4687 essentia

483 4698 702 4754 Scilicet
729 4695 1091 4752 substantiam
1120 4708 1173 4754 et
1204 4695 1515 4769 energima.
1545 4697 1810 4765 Loquitur
1840 4697 1905 4750 de
1934 4695 2063 4750 sim-

484 4771 714 4840 plicibus
746 4778 799 4821 et
828 4770 1181 4836 incorporeis,
1240 4786 1359 4840 qua:
1382 4777 1509 4824 sunt
1546 4783 1706 4823 suum
1755 4778 1899 4829 esse,
1966 4778 2060 4840 cu-

479 4837 719 4906 jusmodi
799 4851 926 4891 sunt
983 4855 1229 4906 personae
1257 4837 1479 4901 divinae,
1513 4851 1853 4907 unaquaeque
1919 4837 2065 4889 enim

485 4925 672 4962 carum
705 4917 787 4963 est
812 4924 965 4963 suum
1010 4924 1150 4973 csse,
1184 4922 1237 4964 et
1264 4922 1418 4963 actus
1447 4916 1616 4976 puros
1642 4948 1655 4972 ,
1695 4915 1748 4958 et
1808 4906 1926 4976 ideo
1959 4921 2063 4958 non

488 4988 806 5048 potestesse
842 4978 981 5033 Deus
1012 4980 1316 5049 subjectum
1378 4975 1706 5042 accidentis;
1757 4975 2064 5049 subjectum

463 5046 628 5127 ⁴ἐςηίιιι
728 5063 1079 5118 comparatur
1114 5046 1127 5049 ’
1151 5050 1218 5104 ad
1255 5051 1529 5114 accidens,
1561 5049 1703 5103 sicut
1742 5046 1977 5115 potentia
2002 5046 2067 5099 ad

485 5132 689 5175 actum.

560 5191 636 5258 (2)
668 5188 729 5243 1η
764 5190 989 5257 simplici
1016 5200 1063 5243 et
1095 5192 1404 5257 incorporea
1428 5198 1625 5242 natura
1678 5187 1921 5241 eamdem
1980 5199 2065 5237 ra-

486 5260 684 5313 tionem
718 5262 862 5313 subit
904 5260 1209 5314 substantia
1241 5271 1295 5313 et
1343 5259 1580 5329 energia.
1650 5258 1703 5310 Id
1758 5266 1863 5317 est,
1919 5258 2060 5308 idem

487 5339 613 5382 sunt
644 5332 879 5384 essentia
920 5340 972 5382 et
1009 5330 1178 5383 virtus
1203 5331 1318 5397 ejus
1348 5330 1652 5395 Operandi;
1686 5329 1752 5380 de
1809 5328 2065 5379 substan-

488 5411 557 5452 tia
592 5402 846 5468 simplici,
876 5417 997 5470 qua:
1030 5413 1108 5455 est
1160 5415 1324 5468 purus
1374 5412 1527 5452 actus
1559 5401 1649 5467 qui
1706 5398 1854 5451 solus
1925 5398 2065 5470 Deus

485 5480 588 5540 est,
616 5467 1021 5540 intelligendum
1049 5482 1133 5526 cst
1162 5467 1314 5526 isicut
1380 5470 1797 5540 intelligendum
1817 5476 1898 5520 est
1919 5467 2064 5535 quod

486 5538 621 5591 dixit
707 5538 946 5604 Boetius,
1023 5542 1253 5596 fortnam
1342 5538 1642 5608 simplicem
1734 5553 1837 5590 non
1904 5552 2065 5605 posse

487 5622 609 5662 esse
680 5611 1018 5677 subjectum;
1052 5614 1130 5666 sic
1191 5607 1581 5681 interpretatus
1638 5620 1721 5664 est
1778 5607 2063 5663 S.’l‘bom.

2174 4697 2314 4772 ejus,
2369 4705 2424 4751 et
2505 4698 2678 4772 virtus
2725 4697 2864 4768 ejus
2941 4701 3309 4772 intellectiva;
3406 4703 3501 4756 sed
3574 4708 3759 4772 potius

2169 4768 2283 4822 lucc
2329 4776 2409 4822 est
2468 4768 2716 4829 accidens
2762 4785 2791 4822 a
2850 4775 3080 4825 materia
3115 4771 3342 4828 liberum
3395 4774 3450 4827 in
3504 4768 3751 4829 essentia

2168 4835 2621 4911 angelitanqnam
2665 4841 2713 4911 in
2738 4840 2987 4908 subjecto
3013 4853 3249 4911 recepta.

2242 4907 2318 4975 ('5)
2346 4908 2404 4982 In
2437 4908 2799 4982 diSpntatione
2820 4907 3057 4965 Ληουιαεὶ
3080 4907 3150 4965 εί
3172 4912 3493 4976 Orthodoxi,
3522 4928 3653 4982 qua:
3681 4924 3762 4968 to-

2174 4988 2223 5050 ta
2255 4986 2339 5030 cst
2366 4977 2431 5050 de
2460 4979 2722 5050 ingenito,
2753 4989 2808 5031 et
2838 4982 3043 5050 genito,
3092 4985 3418 5037 Anomtnum
3453 4977 3620 5037 vocat
3683 4988 3759 5039 A-

2177 5047 2464 5123 thanasius
2504 5047 2931 5123 Eunomium,'et
2956 5050 3186 5118 IEtium,
3219 5053 3310 5123 qui
3344 5052 3541 5107 Filium
3594 5054 3762 5109 facie-

2176 5120 2305 5170 bant
2339 5116 2653 5193 dissimilem
2683 5117 2852 5186 Patri,
2908 5122 3008 5177 hoc
3056 5116 3202 5177 enim
3236 5116 3535 5193 'signiticat
3612 5126 3763 5179 am-

2170 5203 2343 5255 μοιος,
2378 5189 2491 5240 sive
2521 5189 2843 5244 Anomteus.

2158 5288 2165 5294 -
2240 5256 2473 5337 (θρῖα.
2508 5259 2784 5337 inquiunt:
2826 5263 3050 5337 energia.’
3100 5264 3403 5337 imaginem.
3468 5266 3763 5331 Quatenus

2169 5330 2388 5404 energia
2418 5340 2522 5404 est
2544 5332 2714 5404 virtus
2752 5330 2854 5404 [lci
2903 5333 3173 5397 t-ﬂ‘ectrix,
3215 5330 3373 5388 'idem
3436 5349 3519 5388 est
3595 5348 3763 5404 atque

2168 5398 2465 5475 substantia
2494 5399 2628 5475 hei;
2660 5398 2926 5475 etﬂFilius
2958 5414 3039 5457 est
3105 5405 3282 5472 imago
3340 5406 3581 5475 encrgim
3644 5398 3761 5459 lict.

2169 5469 2308 5540 sient
2333 5479 2413 5540 est
2448 5468 2784 5524 invariabilis
2812 5472 2988 5540 imago
3020 5468 3362 5538 substantia,
3395 5468 3640 5538 consilii,
3671 5490 3764 5524 rn-

2176 5538 2431 5613 luntatis,
2452 5541 2685 5613 virtutis,
2711 5541 2825 5593 sive
2857 5538 3193 5608 potentite,et
3220 5545 3422 5613 gloria,
3479 5548 3629 5600 sicut
3687 5544 3762 5595 ait

2178 5608 2317 5662 idem
2348 5611 2675 5664 Athanasius
2710 5613 2763 5664 in
2809 5616 2997 5666 eadem
3049 5608 3419 5682 disputatione
3474 5614 3760 5679 AthIIKEi.

553 5784 630 5858 (ω)
660 5786 892 5857 Eacrgia
916 5803 1100 5843 nostra
1132 5806 1193 5843 cx
1227 5792 1401 5855 nobis,
1436 5802 1490 5845 ιιι
1526 5788 1831 5858 respiratio,
1861 5787 1964 5843 cibi
1994 5785 2274 5844 concocuo
2296 5794 2349 5842 et
2389 5788 2595 5845 similes
2633 5789 2999 5859 Operationcs.
