  <div class='ocr_page' id='page_1' title='image "/cluster/home/n/w/nwhite01/storage/ocr_20150623/152/hvd.32044073502635/499.png"; bbox 0 0 4016 6204; ppageno 0'>
   <div class='ocr_carea' id='block_1_1' title="bbox 492 332 599 401">
    <p class='ocr_par' dir='ltr' id='par_1_1' title="bbox 492 332 599 401">
     <span class='ocr_line' id='line_1_1' title="bbox 492 332 599 401; baseline 0.037 -5"><span class='ocrx_word' id='word_1_1' title='bbox 492 332 599 401; x_wconf 81' lang='grc'><strong>975</strong></span> 
     </span>
    </p>
   </div>
   <div class='ocr_carea' id='block_1_2' title="bbox 1644 329 2579 392">
    <p class='ocr_par' dir='ltr' id='par_1_2' title="bbox 1644 329 2579 392">
     <span class='ocr_line' id='line_1_2' title="bbox 1644 329 2579 392; baseline -0.002 0"><span class='ocrx_word' id='word_1_2' title='bbox 1644 330 1966 392; x_wconf 83' lang='lat' dir='ltr'><strong>JOANNIS</strong></span> <span class='ocrx_word' id='word_1_3' title='bbox 2004 329 2579 392; x_wconf 68' lang='lat' dir='ltr'><strong>CYPARISSIOTIE</strong></span> 
     </span>
    </p>
   </div>
   <div class='ocr_carea' id='block_1_3' title="bbox 3591 334 3683 397">
    <p class='ocr_par' dir='ltr' id='par_1_3' title="bbox 3591 334 3683 397">
     <span class='ocr_line' id='line_1_3' title="bbox 3591 334 3683 397; baseline 0.033 -3"><span class='ocrx_word' id='word_1_4' title='bbox 3591 334 3683 397; x_wconf 76' lang='lat'><strong>976</strong></span> 
     </span>
    </p>
   </div>
   <div class='ocr_carea' id='block_1_4' title="bbox 493 441 3687 515">
    <p class='ocr_par' dir='ltr' id='par_1_4' title="bbox 493 441 3687 515">
     <span class='ocr_line' id='line_1_4' title="bbox 493 441 3687 515; baseline -0 -12"><span class='ocrx_word' id='word_1_5' title='bbox 493 462 616 505; x_wconf 87' lang='lat' dir='ltr'><strong>esse</strong></span> <span class='ocrx_word' id='word_1_6' title='bbox 644 444 784 515; x_wconf 90' lang='lat' dir='ltr'><strong>quod</strong></span> <span class='ocrx_word' id='word_1_7' title='bbox 821 460 883 500; x_wconf 87' lang='lat' dir='ltr'><strong>ex</strong></span> <span class='ocrx_word' id='word_1_8' title='bbox 920 459 985 501; x_wconf 94' lang='lat' dir='ltr'><strong>eo</strong></span> <span class='ocrx_word' id='word_1_9' title='bbox 1013 445 1155 514; x_wconf 89' lang='lat' dir='ltr'><strong>quod</strong></span> <span class='ocrx_word' id='word_1_10' title='bbox 1185 457 1288 498; x_wconf 91' lang='lat' dir='ltr'><strong>non</strong></span> <span class='ocrx_word' id='word_1_11' title='bbox 1314 454 1417 510; x_wconf 82' lang='lat' dir='ltr'><strong>est,</strong></span> <span class='ocrx_word' id='word_1_12' title='bbox 1454 446 1717 499; x_wconf 78' lang='lat' dir='ltr'><strong>nascitur.</strong></span> <span class='ocrx_word' id='word_1_13' title='bbox 1746 446 1883 502; x_wconf 87' lang='lat' dir='ltr'><strong>Cum</strong></span> <span class='ocrx_word' id='word_1_14' title='bbox 1912 447 2053 500; x_wconf 89' lang='lat' dir='ltr'><strong>enim</strong></span> <span class='ocrx_word' id='word_1_15' title='bbox 2082 445 2133 506; x_wconf 83' lang='lat' dir='ltr'><strong>A</strong></span> <span class='ocrx_word' id='word_1_16' title='bbox 2160 453 2315 500; x_wconf 89' lang='lat' dir='ltr'><strong>vetur</strong></span> <span class='ocrx_word' id='word_1_17' title='bbox 2346 460 2359 496; x_wconf 92' lang='lat'><strong>:</strong></span> <span class='ocrx_word' id='word_1_18' title='bbox 2394 446 2571 515; x_wconf 72' lang='lat' dir='ltr'><strong>etqui</strong></span> <span class='ocrx_word' id='word_1_19' title='bbox 2604 441 2850 498; x_wconf 89' lang='lat' dir='ltr'><strong>meminit</strong></span> <span class='ocrx_word' id='word_1_20' title='bbox 2874 443 3172 513; x_wconf 67' lang='lat' dir='ltr'><strong>oper-antis,</strong></span> <span class='ocrx_word' id='word_1_21' title='bbox 3226 444 3508 513; x_wconf 71' lang='lat' dir='ltr'><strong>energiam,</strong></span> <span class='ocrx_word' id='word_1_22' title='bbox 3543 446 3589 501; x_wconf 88' lang='lat' dir='ltr'><strong>id</strong></span> <span class='ocrx_word' id='word_1_23' title='bbox 3616 458 3687 502; x_wconf 81' lang='lat' dir='ltr'><strong>est</strong></span> 
     </span>
    </p>
   </div>
   <div class='ocr_carea' id='block_1_5' title="bbox 493 535 2059 608">
    <p class='ocr_par' dir='ltr' id='par_1_5' title="bbox 493 535 2059 608">
     <span class='ocr_line' id='line_1_5' title="bbox 493 535 2059 608; baseline -0.003 -14"><span class='ocrx_word' id='word_1_24' title='bbox 493 542 670 608; x_wconf 90' lang='lat' dir='ltr'><strong>ipsum</strong></span> <span class='ocrx_word' id='word_1_25' title='bbox 726 551 831 591; x_wconf 92' lang='lat' dir='ltr'><strong>non</strong></span> <span class='ocrx_word' id='word_1_26' title='bbox 880 546 984 600; x_wconf 87' lang='lat' dir='ltr'><strong>est,</strong></span> <span class='ocrx_word' id='word_1_27' title='bbox 1037 535 1304 603; x_wconf 89' lang='lat' dir='ltr'><strong>quomodo</strong></span> <span class='ocrx_word' id='word_1_28' title='bbox 1330 535 1473 589; x_wconf 85' lang='lat' dir='ltr'><strong>aliud</strong></span> <span class='ocrx_word' id='word_1_29' title='bbox 1510 550 1574 589; x_wconf 82' lang='lat' dir='ltr'><strong>ex</strong></span> <span class='ocrx_word' id='word_1_30' title='bbox 1607 537 1721 604; x_wconf 89' lang='lat' dir='ltr'><strong>ipso</strong></span> <span class='ocrx_word' id='word_1_31' title='bbox 1757 551 1852 606; x_wconf 89' lang='lat' dir='ltr'><strong>per</strong></span> <span class='ocrx_word' id='word_1_32' title='bbox 1881 550 1939 590; x_wconf 90' lang='lat' dir='ltr'><strong>se</strong></span> <span class='ocrx_word' id='word_1_33' title='bbox 1969 551 2059 590; x_wconf 84' lang='lat' dir='ltr'><strong>ex-</strong></span> 
     </span>
    </p>
   </div>
   <div class='ocr_carea' id='block_1_6' title="bbox 493 627 2062 696">
    <p class='ocr_par' dir='ltr' id='par_1_6' title="bbox 493 627 2062 696">
     <span class='ocr_line' id='line_1_6' title="bbox 493 627 2062 696; baseline -0.003 -11"><span class='ocrx_word' id='word_1_34' title='bbox 493 630 681 685; x_wconf 84' lang='lat' dir='ltr'><strong>sistet?</strong></span> <span class='ocrx_word' id='word_1_35' title='bbox 714 629 766 680; x_wconf 84' lang='lat' dir='ltr'><strong>Si</strong></span> <span class='ocrx_word' id='word_1_36' title='bbox 800 628 938 680; x_wconf 84' lang='lat' dir='ltr'><strong>enim</strong></span> <span class='ocrx_word' id='word_1_37' title='bbox 979 642 1081 679; x_wconf 91' lang='lat' dir='ltr'><strong>non</strong></span> <span class='ocrx_word' id='word_1_38' title='bbox 1117 637 1198 678; x_wconf 86' lang='lat' dir='ltr'><strong>est</strong></span> <span class='ocrx_word' id='word_1_39' title='bbox 1228 628 1279 679; x_wconf 91' lang='lat' dir='ltr'><strong>in</strong></span> <span class='ocrx_word' id='word_1_40' title='bbox 1307 627 1608 681; x_wconf 84' lang='lat' dir='ltr'><strong>substantia</strong></span> <span class='ocrx_word' id='word_1_41' title='bbox 1649 628 1865 696; x_wconf 90' lang='lat' dir='ltr'><strong>propria</strong></span> <span class='ocrx_word' id='word_1_42' title='bbox 1907 642 2062 681; x_wconf 90' lang='lat' dir='ltr'><strong>ener-</strong></span> 
     </span>
    </p>
   </div>
   <div class='ocr_carea' id='block_1_7' title="bbox 492 715 2059 788">
    <p class='ocr_par' dir='ltr' id='par_1_7' title="bbox 492 715 2059 788">
     <span class='ocr_line' id='line_1_7' title="bbox 492 715 2059 788; baseline 0.001 -18"><span class='ocrx_word' id='word_1_43' title='bbox 492 724 598 788; x_wconf 75' lang='lat' dir='ltr'><strong>gia,</strong></span> <span class='ocrx_word' id='word_1_44' title='bbox 631 734 751 784; x_wconf 74' lang='lat' dir='ltr'><strong>qua:</strong></span> <span class='ocrx_word' id='word_1_45' title='bbox 804 717 967 770; x_wconf 91' lang='lat' dir='ltr'><strong>Deum</strong></span> <span class='ocrx_word' id='word_1_46' title='bbox 1003 718 1219 785; x_wconf 80' lang='lat' dir='ltr'><strong>quidem</strong></span> <span class='ocrx_word' id='word_1_47' title='bbox 1252 718 1605 784; x_wconf 89' lang='lat' dir='ltr'><strong>consequitur</strong></span> <span class='ocrx_word' id='word_1_48' title='bbox 1632 756 1645 780; x_wconf 91' lang='lat'><strong>,</strong></span> <span class='ocrx_word' id='word_1_49' title='bbox 1682 715 1878 769; x_wconf 81' lang='lat' dir='ltr'><strong>Filium</strong></span> <span class='ocrx_word' id='word_1_50' title='bbox 1932 732 2059 772; x_wconf 83' lang='lat' dir='ltr'><strong>vero</strong></span> 
     </span>
    </p>
   </div>
   <div class='ocr_carea' id='block_1_8' title="bbox 490 809 2063 877">
    <p class='ocr_par' dir='ltr' id='par_1_8' title="bbox 490 809 2063 877">
     <span class='ocr_line' id='line_1_8' title="bbox 490 809 2063 877; baseline -0.001 -14"><span class='ocrx_word' id='word_1_51' title='bbox 490 809 667 873; x_wconf 84' lang='lat' dir='ltr'><strong>elIicit,</strong></span> <span class='ocrx_word' id='word_1_52' title='bbox 702 810 820 875; x_wconf 92' lang='lat' dir='ltr'><strong>quis</strong></span> <span class='ocrx_word' id='word_1_53' title='bbox 852 819 955 859; x_wconf 88' lang='lat' dir='ltr'><strong>tam</strong></span> <span class='ocrx_word' id='word_1_54' title='bbox 987 823 1160 861; x_wconf 75' lang='lat' dir='ltr'><strong>ea&#39;cus</strong></span> <span class='ocrx_word' id='word_1_55' title='bbox 1193 819 1291 870; x_wconf 82' lang='lat' dir='ltr'><strong>est,</strong></span> <span class='ocrx_word' id='word_1_56' title='bbox 1326 819 1382 861; x_wconf 88' lang='lat' dir='ltr'><strong>ut</strong></span> <span class='ocrx_word' id='word_1_57' title='bbox 1413 824 1517 860; x_wconf 92' lang='lat' dir='ltr'><strong>non</strong></span> <span class='ocrx_word' id='word_1_58' title='bbox 1547 809 1741 872; x_wconf 90' lang='lat' dir='ltr'><strong>videat,</strong></span> <span class='ocrx_word' id='word_1_59' title='bbox 1763 824 1882 877; x_wconf 76' lang='lat' dir='ltr'><strong>qua:</strong></span> <span class='ocrx_word' id='word_1_60' title='bbox 1918 809 2063 863; x_wconf 78' lang='lat' dir='ltr'><strong>blas-</strong></span> 
     </span>
    </p>
   </div>
   <div class='ocr_carea' id='block_1_9' title="bbox 493 899 2059 971">
    <p class='ocr_par' dir='ltr' id='par_1_9' title="bbox 493 899 2059 971">
     <span class='ocr_line' id='line_1_9' title="bbox 493 899 2059 971; baseline -0.001 -17"><span class='ocrx_word' id='word_1_61' title='bbox 493 901 705 970; x_wconf 85' lang='lat' dir='ltr'><strong>phemia</strong></span> <span class='ocrx_word' id='word_1_62' title='bbox 759 900 1078 953; x_wconf 77' lang='lat' dir='ltr'><strong>conﬁciatur</strong></span> <span class='ocrx_word' id='word_1_63' title='bbox 1108 899 1231 971; x_wconf 60' lang='lat' dir='ltr'><strong>to)?</strong></span> <span class='ocrx_word' id='word_1_64' title='bbox 1288 900 1475 952; x_wconf 75' lang='lat' dir='ltr'><strong>Adhuc</strong></span> <span class='ocrx_word' id='word_1_65' title='bbox 1513 900 1650 953; x_wconf 88' lang='lat' dir='ltr'><strong>idem</strong></span> <span class='ocrx_word' id='word_1_66' title='bbox 1709 899 1763 953; x_wconf 91' lang='lat' dir='ltr'><strong>in</strong></span> <span class='ocrx_word' id='word_1_67' title='bbox 1811 900 2059 953; x_wconf 87' lang='lat' dir='ltr'><strong>eisdem:</strong></span> 
     </span>
    </p>
   </div>
   <div class='ocr_carea' id='block_1_10' title="bbox 492 988 2063 1058">
    <p class='ocr_par' dir='ltr' id='par_1_10' title="bbox 492 988 2063 1058">
     <span class='ocr_line' id='line_1_10' title="bbox 492 988 2063 1058; baseline -0.001 -16"><span class='ocrx_word' id='word_1_68' title='bbox 492 992 548 1042; x_wconf 83' lang='lat' dir='ltr'><strong>Si</strong></span> <span class='ocrx_word' id='word_1_69' title='bbox 585 991 726 1043; x_wconf 88' lang='lat' dir='ltr'><strong>enim</strong></span> <span class='ocrx_word' id='word_1_70' title='bbox 772 988 861 1058; x_wconf 89' lang='lat' dir='ltr'><strong>qui</strong></span> <span class='ocrx_word' id='word_1_71' title='bbox 911 991 1022 1042; x_wconf 62' lang='lat' dir='ltr'><strong>haec</strong></span> <span class='ocrx_word' id='word_1_72' title='bbox 1061 989 1291 1041; x_wconf 86' lang='lat' dir='ltr'><strong>absurda</strong></span> <span class='ocrx_word' id='word_1_73' title='bbox 1331 989 1552 1053; x_wconf 84' lang='lat' dir='ltr'><strong>devitat,</strong></span> <span class='ocrx_word' id='word_1_74' title='bbox 1604 989 1876 1057; x_wconf 79' lang='lat' dir='ltr'><strong>energiam</strong></span> <span class='ocrx_word' id='word_1_75' title='bbox 1931 989 2063 1044; x_wconf 81' lang='lat' dir='ltr'><strong>dicit</strong></span> 
     </span>
    </p>
   </div>
   <div class='ocr_carea' id='block_1_11' title="bbox 490 1077 2063 1149">
    <p class='ocr_par' dir='ltr' id='par_1_11' title="bbox 490 1077 2063 1149">
     <span class='ocr_line' id='line_1_11' title="bbox 490 1077 2063 1149; baseline -0.001 -16"><span class='ocrx_word' id='word_1_76' title='bbox 490 1096 609 1134; x_wconf 87' lang='lat' dir='ltr'><strong>esse</strong></span> <span class='ocrx_word' id='word_1_77' title='bbox 644 1095 754 1135; x_wconf 85' lang='lat' dir='ltr'><strong>rem</strong></span> <span class='ocrx_word' id='word_1_78' title='bbox 787 1082 1075 1149; x_wconf 84' lang='lat' dir='ltr'><strong>quamdam</strong></span> <span class='ocrx_word' id='word_1_79' title='bbox 1113 1095 1218 1132; x_wconf 91' lang='lat' dir='ltr'><strong>non</strong></span> <span class='ocrx_word' id='word_1_80' title='bbox 1251 1095 1344 1147; x_wconf 75' lang='lat' dir='ltr'><strong>per</strong></span> <span class='ocrx_word' id='word_1_81' title='bbox 1375 1095 1433 1132; x_wconf 90' lang='lat' dir='ltr'><strong>se</strong></span> <span class='ocrx_word' id='word_1_82' title='bbox 1468 1080 1815 1132; x_wconf 83' lang='lat' dir='ltr'><strong>exsistentem</strong></span> <span class='ocrx_word' id='word_1_83' title='bbox 1842 1119 1858 1144; x_wconf 91' lang='lat'><strong>,</strong></span> <span class='ocrx_word' id='word_1_84' title='bbox 1906 1077 2063 1149; x_wconf 82' lang='lat' dir='ltr'><strong>cujus</strong></span> 
     </span>
    </p>
   </div>
   <div class='ocr_carea' id='block_1_12' title="bbox 489 1170 2064 1238">
    <p class='ocr_par' dir='ltr' id='par_1_12' title="bbox 489 1170 2064 1238">
     <span class='ocr_line' id='line_1_12' title="bbox 489 1170 2064 1238; baseline -0.003 -11"><span class='ocrx_word' id='word_1_85' title='bbox 489 1174 739 1230; x_wconf 77' lang='lat' dir='ltr'><strong>elfeetum</strong></span> <span class='ocrx_word' id='word_1_86' title='bbox 773 1189 889 1227; x_wconf 80' lang='lat' dir='ltr'><strong>esse</strong></span> <span class='ocrx_word' id='word_1_87' title='bbox 906 1171 1097 1227; x_wconf 83' lang='lat' dir='ltr'><strong>Filiqu</strong></span> <span class='ocrx_word' id='word_1_88' title='bbox 1126 1171 1392 1235; x_wconf 81' lang='lat' dir='ltr'><strong>decernit,</strong></span> <span class='ocrx_word' id='word_1_89' title='bbox 1417 1170 1561 1224; x_wconf 82' lang='lat' dir='ltr'><strong>dicat</strong></span> <span class='ocrx_word' id='word_1_90' title='bbox 1584 1186 1770 1223; x_wconf 88' lang='lat' dir='ltr'><strong>rursus</strong></span> <span class='ocrx_word' id='word_1_91' title='bbox 1796 1171 2064 1238; x_wconf 85' lang='lat' dir='ltr'><strong>quomodo</strong></span> 
     </span>
    </p>
   </div>
   <div class='ocr_carea' id='block_1_13' title="bbox 489 1261 2064 1335">
    <p class='ocr_par' dir='ltr' id='par_1_13' title="bbox 489 1261 2064 1335">
     <span class='ocr_line' id='line_1_13' title="bbox 489 1261 2064 1335; baseline -0.003 -15"><span class='ocrx_word' id='word_1_92' title='bbox 489 1270 732 1335; x_wconf 79' lang='lat' dir='ltr'><strong>sequitur</strong></span> <span class='ocrx_word' id='word_1_93' title='bbox 762 1282 826 1319; x_wconf 75' lang='lat' dir='ltr'><strong>ex</strong></span> <span class='ocrx_word' id='word_1_94' title='bbox 863 1280 926 1317; x_wconf 89' lang='lat' dir='ltr'><strong>eo</strong></span> <span class='ocrx_word' id='word_1_95' title='bbox 956 1265 1097 1333; x_wconf 82' lang='lat' dir='ltr'><strong>quod</strong></span> <span class='ocrx_word' id='word_1_96' title='bbox 1130 1279 1232 1316; x_wconf 90' lang='lat' dir='ltr'><strong>non</strong></span> <span class='ocrx_word' id='word_1_97' title='bbox 1262 1273 1367 1328; x_wconf 83' lang='lat' dir='ltr'><strong>est,</strong></span> <span class='ocrx_word' id='word_1_98' title='bbox 1397 1263 1447 1314; x_wconf 88' lang='lat' dir='ltr'><strong>id</strong></span> <span class='ocrx_word' id='word_1_99' title='bbox 1472 1263 1613 1330; x_wconf 85' lang='lat' dir='ltr'><strong>quod</strong></span> <span class='ocrx_word' id='word_1_100' title='bbox 1644 1262 1765 1316; x_wconf 68' lang='lat' dir='ltr'><strong>est?</strong></span> <span class='ocrx_word' id='word_1_101' title='bbox 1792 1261 2064 1330; x_wconf 87' lang='lat' dir='ltr'><strong>quomodo</strong></span> 
     </span>
    </p>
   </div>
   <div class='ocr_carea' id='block_1_14' title="bbox 488 1359 2064 1428">
    <p class='ocr_par' dir='ltr' id='par_1_14' title="bbox 488 1359 2064 1428">
     <span class='ocr_line' id='line_1_14' title="bbox 488 1359 2064 1428; baseline -0.002 -19"><span class='ocrx_word' id='word_1_102' title='bbox 488 1359 630 1428; x_wconf 88' lang='lat' dir='ltr'><strong>quod</strong></span> <span class='ocrx_word' id='word_1_103' title='bbox 668 1372 771 1410; x_wconf 90' lang='lat' dir='ltr'><strong>non</strong></span> <span class='ocrx_word' id='word_1_104' title='bbox 808 1359 1022 1409; x_wconf 85' lang='lat' dir='ltr'><strong>exsistit</strong></span> <span class='ocrx_word' id='word_1_105' title='bbox 1058 1370 1152 1424; x_wconf 91' lang='lat' dir='ltr'><strong>per</strong></span> <span class='ocrx_word' id='word_1_106' title='bbox 1186 1368 1263 1419; x_wconf 90' lang='lat' dir='ltr'><strong>se,</strong></span> <span class='ocrx_word' id='word_1_107' title='bbox 1309 1364 1566 1422; x_wconf 85' lang='lat' dir='ltr'><strong>operatur</strong></span> <span class='ocrx_word' id='word_1_108' title='bbox 1613 1369 1675 1408; x_wconf 87' lang='lat' dir='ltr'><strong>ea</strong></span> <span class='ocrx_word' id='word_1_109' title='bbox 1712 1367 1830 1422; x_wconf 65' lang='lat' dir='ltr'><strong>qua!</strong></span> <span class='ocrx_word' id='word_1_110' title='bbox 1878 1368 1974 1422; x_wconf 89' lang='lat' dir='ltr'><strong>per</strong></span> <span class='ocrx_word' id='word_1_111' title='bbox 2003 1366 2064 1407; x_wconf 85' lang='lat' dir='ltr'><strong>se</strong></span> 
     </span>
    </p>
   </div>
   <div class='ocr_carea' id='block_1_15' title="bbox 490 1434 2063 1516">
    <p class='ocr_par' dir='ltr' id='par_1_15' title="bbox 490 1434 2063 1516">
     <span class='ocr_line' id='line_1_15' title="bbox 490 1434 2063 1516; baseline -0.004 -11"><span class='ocrx_word' id='word_1_112' title='bbox 490 1452 660 1505; x_wconf 79' lang='lat' dir='ltr'><strong>sunt?</strong></span> <span class='ocrx_word' id='word_1_113' title='bbox 713 1451 1076 1516; x_wconf 85' lang='lat' dir='ltr'><strong>Reperientnr</strong></span> <span class='ocrx_word' id='word_1_114' title='bbox 1125 1452 1268 1501; x_wconf 89' lang='lat' dir='ltr'><strong>enim</strong></span> <span class='ocrx_word' id='word_1_115' title='bbox 1322 1451 1374 1501; x_wconf 89' lang='lat' dir='ltr'><strong>in</strong></span> <span class='ocrx_word' id='word_1_116' title='bbox 1418 1449 1499 1503; x_wconf 91' lang='lat' dir='ltr'><strong>his</strong></span> <span class='ocrx_word' id='word_1_117' title='bbox 1539 1434 1796 1515; x_wconf 85' lang='lat' dir='ltr'><strong>consequi</strong></span> <span class='ocrx_word' id='word_1_118' title='bbox 1845 1447 2063 1515; x_wconf 83' lang='lat' dir='ltr'><strong>quidem</strong></span> 
     </span>
    </p>
   </div>
   <div class='ocr_carea' id='block_1_16' title="bbox 492 1541 2063 1610">
    <p class='ocr_par' dir='ltr' id='par_1_16' title="bbox 492 1541 2063 1610">
     <span class='ocr_line' id='line_1_16' title="bbox 492 1541 2063 1610; baseline -0.001 -17"><span class='ocrx_word' id='word_1_119' title='bbox 492 1541 659 1595; x_wconf 86' lang='lat' dir='ltr'><strong>Deum</strong></span> <span class='ocrx_word' id='word_1_120' title='bbox 691 1556 810 1609; x_wconf 81' lang='lat' dir='ltr'><strong>quae</strong></span> <span class='ocrx_word' id='word_1_121' title='bbox 846 1555 949 1593; x_wconf 91' lang='lat' dir='ltr'><strong>non</strong></span> <span class='ocrx_word' id='word_1_122' title='bbox 988 1551 1112 1595; x_wconf 85' lang='lat' dir='ltr'><strong>Sttnl</strong></span> <span class='ocrx_word' id='word_1_123' title='bbox 1138 1582 1151 1605; x_wconf 91' lang='lat'><strong>,</strong></span> <span class='ocrx_word' id='word_1_124' title='bbox 1184 1554 1245 1593; x_wconf 86' lang='lat' dir='ltr'><strong>ea</strong></span> <span class='ocrx_word' id='word_1_125' title='bbox 1291 1555 1419 1593; x_wconf 86' lang='lat' dir='ltr'><strong>vero</strong></span> <span class='ocrx_word' id='word_1_126' title='bbox 1447 1555 1568 1610; x_wconf 75' lang='lat' dir='ltr'><strong>qua:</strong></span> <span class='ocrx_word' id='word_1_127' title='bbox 1599 1555 1702 1592; x_wconf 92' lang='lat' dir='ltr'><strong>non</strong></span> <span class='ocrx_word' id='word_1_128' title='bbox 1734 1550 1897 1603; x_wconf 82' lang='lat' dir='ltr'><strong>sunt,</strong></span> <span class='ocrx_word' id='word_1_129' title='bbox 1931 1553 2063 1595; x_wconf 85' lang='lat' dir='ltr'><strong>cau-</strong></span> 
     </span>
    </p>
   </div>
   <div class='ocr_carea' id='block_1_17' title="bbox 489 1630 2065 1699">
    <p class='ocr_par' dir='ltr' id='par_1_17' title="bbox 489 1630 2065 1699">
     <span class='ocr_line' id='line_1_17' title="bbox 489 1630 2065 1699; baseline -0.003 -12"><span class='ocrx_word' id='word_1_130' title='bbox 489 1648 603 1687; x_wconf 86' lang='lat' dir='ltr'><strong>sam</strong></span> <span class='ocrx_word' id='word_1_131' title='bbox 655 1648 777 1686; x_wconf 81' lang='lat' dir='ltr'><strong>esse</strong></span> <span class='ocrx_word' id='word_1_132' title='bbox 817 1647 1005 1689; x_wconf 81' lang='lat' dir='ltr'><strong>eorum</strong></span> <span class='ocrx_word' id='word_1_133' title='bbox 1043 1645 1161 1699; x_wconf 83' lang='lat' dir='ltr'><strong>quae</strong></span> <span class='ocrx_word' id='word_1_134' title='bbox 1196 1641 1354 1695; x_wconf 88' lang='lat' dir='ltr'><strong>sunt;</strong></span> <span class='ocrx_word' id='word_1_135' title='bbox 1408 1638 1462 1682; x_wconf 84' lang='lat' dir='ltr'><strong>et</strong></span> <span class='ocrx_word' id='word_1_136' title='bbox 1496 1645 1614 1699; x_wconf 79' lang='lat' dir='ltr'><strong>quae</strong></span> <span class='ocrx_word' id='word_1_137' title='bbox 1656 1645 1759 1685; x_wconf 89' lang='lat' dir='ltr'><strong>non</strong></span> <span class='ocrx_word' id='word_1_138' title='bbox 1794 1630 2065 1685; x_wconf 81' lang='lat' dir='ltr'><strong>exsistunt</strong></span> 
     </span>
    </p>
   </div>
   <div class='ocr_carea' id='block_1_18' title="bbox 2162 536 3687 606">
    <p class='ocr_par' dir='ltr' id='par_1_18' title="bbox 2162 536 3687 606">
     <span class='ocr_line' id='line_1_18' title="bbox 2162 536 3687 606; baseline -0.001 -13"><span class='ocrx_word' id='word_1_139' title='bbox 2162 537 2530 606; x_wconf 85' lang='lat' dir='ltr'><strong>operationem</strong></span> <span class='ocrx_word' id='word_1_140' title='bbox 2570 536 2734 593; x_wconf 87' lang='lat' dir='ltr'><strong>simul</strong></span> <span class='ocrx_word' id='word_1_141' title='bbox 2774 550 2897 592; x_wconf 90' lang='lat' dir='ltr'><strong>cum</strong></span> <span class='ocrx_word' id='word_1_142' title='bbox 2936 550 3003 592; x_wconf 89' lang='lat' dir='ltr'><strong>eo</strong></span> <span class='ocrx_word' id='word_1_143' title='bbox 3034 537 3193 592; x_wconf 88' lang='lat' dir='ltr'><strong>tacite</strong></span> <span class='ocrx_word' id='word_1_144' title='bbox 3222 536 3562 605; x_wconf 75' lang='lat' dir='ltr'><strong>significavit;</strong></span> <span class='ocrx_word' id='word_1_145' title='bbox 3608 539 3687 594; x_wconf 83' lang='lat' dir='ltr'><strong>sed</strong></span> 
     </span>
    </p>
   </div>
   <div class='ocr_carea' id='block_1_19' title="bbox 2164 627 3690 699">
    <p class='ocr_par' dir='ltr' id='par_1_19' title="bbox 2164 627 3690 699">
     <span class='ocr_line' id='line_1_19' title="bbox 2164 627 3690 699; baseline 0.003 -19"><span class='ocrx_word' id='word_1_146' title='bbox 2164 627 2526 694; x_wconf 76' lang='lat' dir='ltr'><strong>manifestius,</strong></span> <span class='ocrx_word' id='word_1_147' title='bbox 2555 630 2697 699; x_wconf 84' lang='lat' dir='ltr'><strong>quod</strong></span> <span class='ocrx_word' id='word_1_148' title='bbox 2729 628 2957 683; x_wconf 87' lang='lat' dir='ltr'><strong>dicimus</strong></span> <span class='ocrx_word' id='word_1_149' title='bbox 2985 668 2999 694; x_wconf 92' lang='lat'><strong>,</strong></span> <span class='ocrx_word' id='word_1_150' title='bbox 3046 628 3302 697; x_wconf 81' lang='lat' dir='ltr'><strong>exemplis</strong></span> <span class='ocrx_word' id='word_1_151' title='bbox 3334 628 3439 683; x_wconf 81' lang='lat' dir='ltr'><strong>ﬁet.</strong></span> <span class='ocrx_word' id='word_1_152' title='bbox 3485 629 3690 685; x_wconf 84' lang='lat' dir='ltr'><strong>Dicimus</strong></span> 
     </span>
    </p>
   </div>
   <div class='ocr_carea' id='block_1_20' title="bbox 2163 717 3691 788">
    <p class='ocr_par' dir='ltr' id='par_1_20' title="bbox 2163 717 3691 788">
     <span class='ocr_line' id='line_1_20' title="bbox 2163 717 3691 788; baseline -0.001 -15"><span class='ocrx_word' id='word_1_153' title='bbox 2163 720 2452 788; x_wconf 82' lang='lat' dir='ltr'><strong>quemdam</strong></span> <span class='ocrx_word' id='word_1_154' title='bbox 2486 717 2853 783; x_wconf 79' lang='lat' dir='ltr'><strong>fabrefacere,</strong></span> <span class='ocrx_word' id='word_1_155' title='bbox 2890 726 2982 773; x_wconf 91' lang='lat' dir='ltr'><strong>aut</strong></span> <span class='ocrx_word' id='word_1_156' title='bbox 3011 720 3277 774; x_wconf 63' lang='lat' dir='ltr'><strong>aedificare</strong></span> <span class='ocrx_word' id='word_1_157' title='bbox 3302 758 3318 784; x_wconf 93' lang='lat'><strong>,</strong></span> <span class='ocrx_word' id='word_1_158' title='bbox 3371 719 3567 775; x_wconf 88' lang='lat' dir='ltr'><strong>aliudve</strong></span> <span class='ocrx_word' id='word_1_159' title='bbox 3607 721 3691 773; x_wconf 84' lang='lat' dir='ltr'><strong>ali-</strong></span> 
     </span>
    </p>
   </div>
   <div class='ocr_carea' id='block_1_21' title="bbox 2162 810 3695 880">
    <p class='ocr_par' dir='ltr' id='par_1_21' title="bbox 2162 810 3695 880">
     <span class='ocr_line' id='line_1_21' title="bbox 2162 810 3695 880; baseline 0.001 -16"><span class='ocrx_word' id='word_1_160' title='bbox 2162 811 2291 877; x_wconf 88' lang='lat' dir='ltr'><strong>quid</strong></span> <span class='ocrx_word' id='word_1_161' title='bbox 2321 826 2508 865; x_wconf 91' lang='lat' dir='ltr'><strong>eorum</strong></span> <span class='ocrx_word' id='word_1_162' title='bbox 2534 827 2653 880; x_wconf 72' lang='lat' dir='ltr'><strong>quin</strong></span> <span class='ocrx_word' id='word_1_163' title='bbox 2684 811 2807 865; x_wconf 87' lang='lat' dir='ltr'><strong>talia</strong></span> <span class='ocrx_word' id='word_1_164' title='bbox 2834 823 2981 877; x_wconf 88' lang='lat' dir='ltr'><strong>sunt,</strong></span> <span class='ocrx_word' id='word_1_165' title='bbox 3014 810 3224 880; x_wconf 87' lang='lat' dir='ltr'><strong>operari</strong></span> <span class='ocrx_word' id='word_1_166' title='bbox 3246 826 3262 870; x_wconf 73' lang='grc' dir='ltr'>ς</span> <span class='ocrx_word' id='word_1_167' title='bbox 3288 826 3390 865; x_wconf 90' lang='lat' dir='ltr'><strong>una</strong></span> <span class='ocrx_word' id='word_1_168' title='bbox 3413 811 3561 880; x_wconf 70' lang='lat' dir='ltr'><strong>igitur</strong></span> <span class='ocrx_word' id='word_1_169' title='bbox 3582 826 3695 866; x_wconf 83' lang='lat' dir='ltr'><strong>voce</strong></span> 
     </span>
    </p>
   </div>
   <div class='ocr_carea' id='block_1_22' title="bbox 2163 895 3694 973">
    <p class='ocr_par' dir='ltr' id='par_1_22' title="bbox 2163 895 3694 973">
     <span class='ocr_line' id='line_1_22' title="bbox 2163 895 3694 973; baseline 0.001 -17"><span class='ocrx_word' id='word_1_170' title='bbox 2163 911 2216 956; x_wconf 91' lang='lat' dir='ltr'><strong>et</strong></span> <span class='ocrx_word' id='word_1_171' title='bbox 2239 895 2551 973; x_wconf 73' lang='lat' dir='ltr'><strong>energiam,</strong></span> <span class='ocrx_word' id='word_1_172' title='bbox 2591 901 2645 955; x_wconf 93' lang='lat' dir='ltr'><strong>id</strong></span> <span class='ocrx_word' id='word_1_173' title='bbox 2674 911 2759 955; x_wconf 89' lang='lat' dir='ltr'><strong>est</strong></span> <span class='ocrx_word' id='word_1_174' title='bbox 2791 902 3186 972; x_wconf 83' lang='lat' dir='ltr'><strong>operationem,</strong></span> <span class='ocrx_word' id='word_1_175' title='bbox 3210 912 3262 955; x_wconf 92' lang='lat' dir='ltr'><strong>et</strong></span> <span class='ocrx_word' id='word_1_176' title='bbox 3289 916 3408 957; x_wconf 91' lang='lat' dir='ltr'><strong>eum</strong></span> <span class='ocrx_word' id='word_1_177' title='bbox 3437 903 3524 971; x_wconf 87' lang='lat' dir='ltr'><strong>qui</strong></span> <span class='ocrx_word' id='word_1_178' title='bbox 3549 914 3694 957; x_wconf 81' lang='lat' dir='ltr'><strong>artem</strong></span> 
     </span>
    </p>
   </div>
   <div class='ocr_carea' id='block_1_23' title="bbox 2164 992 3696 1061">
    <p class='ocr_par' dir='ltr' id='par_1_23' title="bbox 2164 992 3696 1061">
     <span class='ocr_line' id='line_1_23' title="bbox 2164 992 3696 1061; baseline 0 -14"><span class='ocrx_word' id='word_1_179' title='bbox 2164 994 2434 1056; x_wconf 82' lang='lat' dir='ltr'><strong>exercuit,</strong></span> <span class='ocrx_word' id='word_1_180' title='bbox 2472 1008 2567 1061; x_wconf 91' lang='lat' dir='ltr'><strong>per</strong></span> <span class='ocrx_word' id='word_1_181' title='bbox 2592 1008 2653 1047; x_wconf 90' lang='lat' dir='ltr'><strong>se</strong></span> <span class='ocrx_word' id='word_1_182' title='bbox 2682 992 2857 1047; x_wconf 88' lang='lat' dir='ltr'><strong>oratio</strong></span> <span class='ocrx_word' id='word_1_183' title='bbox 2890 992 3292 1059; x_wconf 66' lang='lat' dir='ltr'><strong>repraesentavit</strong></span> <span class='ocrx_word' id='word_1_184' title='bbox 3333 1008 3348 1045; x_wconf 87' lang='lat'><strong>:</strong></span> <span class='ocrx_word' id='word_1_185' title='bbox 3382 992 3450 1046; x_wconf 87' lang='lat' dir='ltr'><strong>ita</strong></span> <span class='ocrx_word' id='word_1_186' title='bbox 3480 1002 3531 1046; x_wconf 92' lang='lat' dir='ltr'><strong>ut</strong></span> <span class='ocrx_word' id='word_1_187' title='bbox 3565 994 3605 1048; x_wconf 84' lang='lat' dir='ltr'><strong>si</strong></span> <span class='ocrx_word' id='word_1_188' title='bbox 3632 996 3696 1048; x_wconf 86' lang='lat' dir='ltr'><strong>al-</strong></span> 
     </span>
    </p>
   </div>
   <div class='ocr_carea' id='block_1_24' title="bbox 2166 1082 3697 1153">
    <p class='ocr_par' dir='ltr' id='par_1_24' title="bbox 2166 1082 3697 1153">
     <span class='ocr_line' id='line_1_24' title="bbox 2166 1082 3697 1153; baseline 0.001 -15"><span class='ocrx_word' id='word_1_189' title='bbox 2166 1093 2343 1139; x_wconf 91' lang='lat' dir='ltr'><strong>terum</strong></span> <span class='ocrx_word' id='word_1_190' title='bbox 2372 1094 2675 1152; x_wconf 88' lang='lat' dir='ltr'><strong>separetur,</strong></span> <span class='ocrx_word' id='word_1_191' title='bbox 2710 1098 2815 1138; x_wconf 89' lang='lat' dir='ltr'><strong>non</strong></span> <span class='ocrx_word' id='word_1_192' title='bbox 2866 1084 3130 1138; x_wconf 87' lang='lat' dir='ltr'><strong>subsistat</strong></span> <span class='ocrx_word' id='word_1_193' title='bbox 3178 1084 3461 1153; x_wconf 90' lang='lat' dir='ltr'><strong>reliquum.</strong></span> <span class='ocrx_word' id='word_1_194' title='bbox 3489 1082 3697 1140; x_wconf 73' lang='lat' dir='ltr'><strong>Sanctus</strong></span> 
     </span>
    </p>
   </div>
   <div class='ocr_carea' id='block_1_25' title="bbox 2164 1174 3694 1247">
    <p class='ocr_par' dir='ltr' id='par_1_25' title="bbox 2164 1174 3694 1247">
     <span class='ocr_line' id='line_1_25' title="bbox 2164 1174 3694 1247; baseline -0.002 -16"><span class='ocrx_word' id='word_1_195' title='bbox 2164 1174 2396 1247; x_wconf 80' lang='lat' dir='ltr'><strong>Cyrilius</strong></span> <span class='ocrx_word' id='word_1_196' title='bbox 2426 1214 2441 1239; x_wconf 88' lang='lat'><strong>,</strong></span> <span class='ocrx_word' id='word_1_197' title='bbox 2481 1175 2617 1230; x_wconf 91' lang='lat' dir='ltr'><strong>libro</strong></span> <span class='ocrx_word' id='word_1_198' title='bbox 2664 1190 2738 1231; x_wconf 84' lang='lat' dir='ltr'><strong>vn</strong></span> <span class='ocrx_word' id='word_1_199' title='bbox 2771 1175 2854 1229; x_wconf 82' lang='lat' dir='ltr'><strong>Ad</strong></span> <span class='ocrx_word' id='word_1_200' title='bbox 2894 1174 3170 1229; x_wconf 78' lang='lat' dir='ltr'><strong>llermiam</strong></span> <span class='ocrx_word' id='word_1_201' title='bbox 3197 1193 3217 1230; x_wconf 91' lang='lat'><strong><em>:</em></strong></span> <span class='ocrx_word' id='word_1_202' title='bbox 3250 1176 3500 1245; x_wconf 81' lang='lat' dir='ltr'><strong>Simplex,</strong></span> <span class='ocrx_word' id='word_1_203' title='bbox 3531 1187 3576 1230; x_wconf 90' lang='lat' dir='ltr'><strong>et</strong></span> <span class='ocrx_word' id='word_1_204' title='bbox 3606 1193 3694 1231; x_wconf 89' lang='lat' dir='ltr'><strong>non</strong></span> 
     </span>
    </p>
   </div>
   <div class='ocr_carea' id='block_1_26' title="bbox 2166 1268 3699 1338">
    <p class='ocr_par' dir='ltr' id='par_1_26' title="bbox 2166 1268 3699 1338">
     <span class='ocr_line' id='line_1_26' title="bbox 2166 1268 3699 1338; baseline 0 -15"><span class='ocrx_word' id='word_1_205' title='bbox 2166 1269 2498 1333; x_wconf 88' lang='lat' dir='ltr'><strong>compositus</strong></span> <span class='ocrx_word' id='word_1_206' title='bbox 2538 1269 2756 1338; x_wconf 85' lang='lat' dir='ltr'><strong>proprie</strong></span> <span class='ocrx_word' id='word_1_207' title='bbox 2786 1278 2843 1323; x_wconf 90' lang='lat' dir='ltr'><strong>et</strong></span> <span class='ocrx_word' id='word_1_208' title='bbox 2871 1268 3103 1337; x_wconf 84' lang='lat' dir='ltr'><strong>primum</strong></span> <span class='ocrx_word' id='word_1_209' title='bbox 3140 1268 3299 1333; x_wconf 87' lang='lat' dir='ltr'><strong>Deus,</strong></span> <span class='ocrx_word' id='word_1_210' title='bbox 3330 1284 3361 1323; x_wconf 90' lang='grc' dir='ltr'>ο</span> <span class='ocrx_word' id='word_1_211' title='bbox 3390 1268 3580 1322; x_wconf 79' lang='lat' dir='ltr'><strong>amice!</strong></span> <span class='ocrx_word' id='word_1_212' title='bbox 3612 1284 3699 1323; x_wconf 91' lang='lat' dir='ltr'><strong>non</strong></span> 
     </span>
    </p>
   </div>
   <div class='ocr_carea' id='block_1_27' title="bbox 2167 1358 3697 1430">
    <p class='ocr_par' dir='ltr' id='par_1_27' title="bbox 2167 1358 3697 1430">
     <span class='ocr_line' id='line_1_27' title="bbox 2167 1358 3697 1430; baseline -0.001 -16"><span class='ocrx_word' id='word_1_213' title='bbox 2167 1374 2235 1414; x_wconf 86' lang='lat' dir='ltr'><strong>ex</strong></span> <span class='ocrx_word' id='word_1_214' title='bbox 2263 1368 2457 1413; x_wconf 86' lang='lat' dir='ltr'><strong>natura</strong></span> <span class='ocrx_word' id='word_1_215' title='bbox 2498 1368 2553 1413; x_wconf 90' lang='lat' dir='ltr'><strong>et</strong></span> <span class='ocrx_word' id='word_1_216' title='bbox 2578 1358 2820 1428; x_wconf 77' lang='lat' dir='ltr'><strong>energia,</strong></span> <span class='ocrx_word' id='word_1_217' title='bbox 2851 1370 3110 1430; x_wconf 89' lang='lat' dir='ltr'><strong>tanquam</strong></span> <span class='ocrx_word' id='word_1_218' title='bbox 3155 1360 3259 1413; x_wconf 88' lang='lat' dir='ltr'><strong>alia</strong></span> <span class='ocrx_word' id='word_1_219' title='bbox 3288 1370 3475 1427; x_wconf 71' lang='lat' dir='ltr'><strong>praeter</strong></span> <span class='ocrx_word' id='word_1_220' title='bbox 3515 1361 3665 1429; x_wconf 84' lang='lat' dir='ltr'><strong>ipsum</strong></span> <span class='ocrx_word' id='word_1_221' title='bbox 3685 1400 3697 1424; x_wconf 91' lang='lat'><strong>,</strong></span> 
     </span>
    </p>
   </div>
   <div class='ocr_carea' id='block_1_28' title="bbox 2168 1451 3701 1522">
    <p class='ocr_par' dir='ltr' id='par_1_28' title="bbox 2168 1451 3701 1522">
     <span class='ocr_line' id='line_1_28' title="bbox 2168 1451 3701 1522; baseline -0.001 -16"><span class='ocrx_word' id='word_1_222' title='bbox 2168 1451 2499 1519; x_wconf 80' lang='lat' dir='ltr'><strong>compositus</strong></span> <span class='ocrx_word' id='word_1_223' title='bbox 2540 1466 2660 1505; x_wconf 85' lang='lat' dir='ltr'><strong>esse</strong></span> <span class='ocrx_word' id='word_1_224' title='bbox 2688 1451 3028 1520; x_wconf 78' lang='lat' dir='ltr'><strong>intelligitur,</strong></span> <span class='ocrx_word' id='word_1_225' title='bbox 3066 1453 3159 1506; x_wconf 87' lang='lat' dir='ltr'><strong>sed</strong></span> <span class='ocrx_word' id='word_1_226' title='bbox 3202 1453 3378 1522; x_wconf 88' lang='lat' dir='ltr'><strong>potius</strong></span> <span class='ocrx_word' id='word_1_227' title='bbox 3412 1467 3564 1505; x_wconf 90' lang='lat' dir='ltr'><strong>unum</strong></span> <span class='ocrx_word' id='word_1_228' title='bbox 3596 1452 3701 1521; x_wconf 87' lang='lat' dir='ltr'><strong>quid</strong></span> 
     </span>
    </p>
   </div>
   <div class='ocr_carea' id='block_1_29' title="bbox 2168 1541 3697 1598">
    <p class='ocr_par' dir='ltr' id='par_1_29' title="bbox 2168 1541 3697 1598">
     <span class='ocr_line' id='line_1_29' title="bbox 2168 1541 3697 1598; baseline -0.001 -1"><span class='ocrx_word' id='word_1_229' title='bbox 2168 1558 2290 1598; x_wconf 89' lang='lat' dir='ltr'><strong>esse</strong></span> <span class='ocrx_word' id='word_1_230' title='bbox 2326 1558 2509 1598; x_wconf 90' lang='lat' dir='ltr'><strong>omne.</strong></span> <span class='ocrx_word' id='word_1_231' title='bbox 2559 1542 2624 1596; x_wconf 88' lang='lat' dir='ltr'><strong>Et</strong></span> <span class='ocrx_word' id='word_1_232' title='bbox 2664 1552 2892 1598; x_wconf 88' lang='lat' dir='ltr'><strong>sanctus</strong></span> <span class='ocrx_word' id='word_1_233' title='bbox 2942 1541 3209 1597; x_wconf 76' lang='lat' dir='ltr'><strong>Maximus</strong></span> <span class='ocrx_word' id='word_1_234' title='bbox 3257 1542 3555 1597; x_wconf 88' lang='lat' dir='ltr'><strong>edisserens</strong></span> <span class='ocrx_word' id='word_1_235' title='bbox 3588 1542 3697 1595; x_wconf 86' lang='lat' dir='ltr'><strong>bant</strong></span> 
     </span>
    </p>
   </div>
   <div class='ocr_carea' id='block_1_30' title="bbox 2173 1632 3703 1703">
    <p class='ocr_par' dir='ltr' id='par_1_30' title="bbox 2173 1632 3703 1703">
     <span class='ocr_line' id='line_1_30' title="bbox 2173 1632 3703 1703; baseline 0 -17"><span class='ocrx_word' id='word_1_236' title='bbox 2173 1634 2433 1689; x_wconf 88' lang='lat' dir='ltr'><strong>rationem</strong></span> <span class='ocrx_word' id='word_1_237' title='bbox 2470 1648 2485 1684; x_wconf 91' lang='lat'><strong>:</strong></span> <span class='ocrx_word' id='word_1_238' title='bbox 2516 1632 2710 1698; x_wconf 87' lang='lat' dir='ltr'><strong>Omne,</strong></span> <span class='ocrx_word' id='word_1_239' title='bbox 2744 1632 2941 1702; x_wconf 87' lang='lat' dir='ltr'><strong>inquit,</strong></span> <span class='ocrx_word' id='word_1_240' title='bbox 2977 1633 3121 1703; x_wconf 91' lang='lat' dir='ltr'><strong>quod</strong></span> <span class='ocrx_word' id='word_1_241' title='bbox 3157 1634 3322 1687; x_wconf 85' lang='lat' dir='ltr'><strong>habet</strong></span> <span class='ocrx_word' id='word_1_242' title='bbox 3353 1633 3543 1701; x_wconf 85' lang='lat' dir='ltr'><strong>aliquid</strong></span> <span class='ocrx_word' id='word_1_243' title='bbox 3569 1632 3703 1686; x_wconf 87' lang='lat' dir='ltr'><strong>simul</strong></span> 
     </span>
    </p>
   </div>
   <div class='ocr_carea' id='block_1_31' title="bbox 486 1722 3697 1802">
    <p class='ocr_par' dir='ltr' id='par_1_31' title="bbox 486 1722 3697 1802">
     <span class='ocr_line' id='line_1_31' title="bbox 486 1722 3697 1802; baseline -0.002 -23"><span class='ocrx_word' id='word_1_244' title='bbox 486 1740 584 1794; x_wconf 90' lang='lat' dir='ltr'><strong>per</strong></span> <span class='ocrx_word' id='word_1_245' title='bbox 611 1740 668 1778; x_wconf 89' lang='lat' dir='ltr'><strong>se</strong></span> <span class='ocrx_word' id='word_1_246' title='bbox 698 1734 888 1778; x_wconf 88' lang='lat' dir='ltr'><strong>natura</strong></span> <span class='ocrx_word' id='word_1_247' title='bbox 920 1739 1040 1789; x_wconf 85' lang='lat' dir='ltr'><strong>sua,</strong></span> <span class='ocrx_word' id='word_1_248' title='bbox 1076 1722 1304 1777; x_wconf 86' lang='lat' dir='ltr'><strong>delinire</strong></span> <span class='ocrx_word' id='word_1_249' title='bbox 1333 1732 1387 1775; x_wconf 92' lang='lat' dir='ltr'><strong>et</strong></span> <span class='ocrx_word' id='word_1_250' title='bbox 1421 1722 1872 1777; x_wconf 85' lang='lat' dir='ltr'><strong>circumscribere</strong></span> <span class='ocrx_word' id='word_1_251' title='bbox 1905 1731 2062 1776; x_wconf 90' lang='lat' dir='ltr'><strong>natu-</strong></span> <span class='ocrx_word' id='word_1_252' title='bbox 2094 1742 2141 1802; x_wconf 74' lang='grc' dir='ltr'><strong>Β</strong></span> <span class='ocrx_word' id='word_1_253' title='bbox 2171 1724 2469 1795; x_wconf 75' lang='lat' dir='ltr'><strong>cogitatum</strong></span> <span class='ocrx_word' id='word_1_254' title='bbox 2507 1725 2574 1778; x_wconf 87' lang='lat' dir='ltr'><strong>ad</strong></span> <span class='ocrx_word' id='word_1_255' title='bbox 2605 1724 3024 1779; x_wconf 79' lang='lat' dir='ltr'><strong>declarationem</strong></span> <span class='ocrx_word' id='word_1_256' title='bbox 3055 1737 3167 1778; x_wconf 67' lang='lat' dir='ltr'><strong>suae</strong></span> <span class='ocrx_word' id='word_1_257' title='bbox 3207 1723 3436 1792; x_wconf 81' lang='lat' dir='ltr'><strong>propriae</strong></span> <span class='ocrx_word' id='word_1_258' title='bbox 3463 1723 3697 1775; x_wconf 73' lang='lat' dir='ltr'><strong>exsistan-</strong></span> 
     </span>
    </p>
   </div>
   <div class='ocr_carea' id='block_1_32' title="bbox 493 1818 2066 1886">
    <p class='ocr_par' dir='ltr' id='par_1_32' title="bbox 493 1818 2066 1886">
     <span class='ocr_line' id='line_1_32' title="bbox 493 1818 2066 1886; baseline -0.002 -15"><span class='ocrx_word' id='word_1_259' title='bbox 493 1834 606 1872; x_wconf 88' lang='lat' dir='ltr'><strong>ram</strong></span> <span class='ocrx_word' id='word_1_260' title='bbox 643 1833 832 1872; x_wconf 89' lang='lat' dir='ltr'><strong>eorum</strong></span> <span class='ocrx_word' id='word_1_261' title='bbox 861 1832 982 1886; x_wconf 74' lang='lat' dir='ltr'><strong>qua:</strong></span> <span class='ocrx_word' id='word_1_262' title='bbox 1012 1824 1135 1869; x_wconf 90' lang='lat' dir='ltr'><strong>sunt</strong></span> <span class='ocrx_word' id='word_1_263' title='bbox 1167 1832 1181 1868; x_wconf 92' lang='lat'><strong>:</strong></span> <span class='ocrx_word' id='word_1_264' title='bbox 1217 1826 1269 1870; x_wconf 92' lang='lat' dir='ltr'><strong>et</strong></span> <span class='ocrx_word' id='word_1_265' title='bbox 1300 1818 1490 1878; x_wconf 85' lang='lat' dir='ltr'><strong>virtus,</strong></span> <span class='ocrx_word' id='word_1_266' title='bbox 1518 1831 1639 1885; x_wconf 75' lang='lat' dir='ltr'><strong>qua:</strong></span> <span class='ocrx_word' id='word_1_267' title='bbox 1664 1830 1880 1869; x_wconf 91' lang='lat' dir='ltr'><strong>omnem</strong></span> <span class='ocrx_word' id='word_1_268' title='bbox 1913 1830 2066 1869; x_wconf 74' lang='lat' dir='ltr'><strong>crea-</strong></span> 
     </span>
    </p>
   </div>
   <div class='ocr_carea' id='block_1_33' title="bbox 491 1904 2062 1975">
    <p class='ocr_par' dir='ltr' id='par_1_33' title="bbox 491 1904 2062 1975">
     <span class='ocr_line' id='line_1_33' title="bbox 491 1904 2062 1975; baseline 0 -16"><span class='ocrx_word' id='word_1_269' title='bbox 491 1915 667 1961; x_wconf 86' lang='lat' dir='ltr'><strong>turam</strong></span> <span class='ocrx_word' id='word_1_270' title='bbox 701 1906 862 1960; x_wconf 76' lang='lat' dir='ltr'><strong>ellicit</strong></span> <span class='ocrx_word' id='word_1_271' title='bbox 899 1916 953 1959; x_wconf 92' lang='lat' dir='ltr'><strong>et</strong></span> <span class='ocrx_word' id='word_1_272' title='bbox 989 1913 1158 1969; x_wconf 87' lang='lat' dir='ltr'><strong>creat,</strong></span> <span class='ocrx_word' id='word_1_273' title='bbox 1189 1906 1578 1973; x_wconf 78' lang='lat' dir='ltr'><strong>comprehensa</strong></span> <span class='ocrx_word' id='word_1_274' title='bbox 1606 1906 1708 1960; x_wconf 91' lang='lat' dir='ltr'><strong>erit</strong></span> <span class='ocrx_word' id='word_1_275' title='bbox 1737 1906 1788 1958; x_wconf 93' lang='lat' dir='ltr'><strong>in</strong></span> <span class='ocrx_word' id='word_1_276' title='bbox 1821 1919 1886 1958; x_wconf 90' lang='lat' dir='ltr'><strong>eo</strong></span> <span class='ocrx_word' id='word_1_277' title='bbox 1916 1904 2062 1975; x_wconf 87' lang='lat' dir='ltr'><strong>quod</strong></span> 
     </span>
    </p>
   </div>
   <div class='ocr_carea' id='block_1_34' title="bbox 488 1997 2062 2066">
    <p class='ocr_par' dir='ltr' id='par_1_34' title="bbox 488 1997 2062 2066">
     <span class='ocr_line' id='line_1_34' title="bbox 488 1997 2062 2066; baseline -0.001 -13"><span class='ocrx_word' id='word_1_278' title='bbox 488 2000 788 2053; x_wconf 84' lang='lat' dir='ltr'><strong>secundum</strong></span> <span class='ocrx_word' id='word_1_279' title='bbox 830 1997 1104 2066; x_wconf 82' lang='lat' dir='ltr'><strong>propriam</strong></span> <span class='ocrx_word' id='word_1_280' title='bbox 1155 1998 1418 2050; x_wconf 80' lang='lat' dir='ltr'><strong>rationein</strong></span> <span class='ocrx_word' id='word_1_281' title='bbox 1469 2011 1575 2050; x_wconf 90' lang='lat' dir='ltr'><strong>non</strong></span> <span class='ocrx_word' id='word_1_282' title='bbox 1626 1999 1859 2053; x_wconf 89' lang='lat' dir='ltr'><strong>exsistit.</strong></span> <span class='ocrx_word' id='word_1_283' title='bbox 1918 1997 2062 2051; x_wconf 89' lang='lat' dir='ltr'><strong>idem</strong></span> 
     </span>
    </p>
   </div>
   <div class='ocr_carea' id='block_1_35' title="bbox 490 2089 2071 2159">
    <p class='ocr_par' dir='ltr' id='par_1_35' title="bbox 490 2089 2071 2159">
     <span class='ocr_line' id='line_1_35' title="bbox 490 2089 2071 2159; baseline -0.002 -14"><span class='ocrx_word' id='word_1_284' title='bbox 490 2091 664 2145; x_wconf 88' lang='lat' dir='ltr'><strong>adhuc</strong></span> <span class='ocrx_word' id='word_1_285' title='bbox 694 2091 743 2143; x_wconf 94' lang='lat' dir='ltr'><strong>in</strong></span> <span class='ocrx_word' id='word_1_286' title='bbox 771 2090 971 2144; x_wconf 88' lang='lat' dir='ltr'><strong>eisdem</strong></span> <span class='ocrx_word' id='word_1_287' title='bbox 1011 2106 1024 2143; x_wconf 87' lang='lat'><strong>:</strong></span> <span class='ocrx_word' id='word_1_288' title='bbox 1061 2089 1339 2143; x_wconf 81' lang='lat' dir='ltr'><strong>Hactenus</strong></span> <span class='ocrx_word' id='word_1_289' title='bbox 1368 2098 1547 2143; x_wconf 85' lang='lat' dir='ltr'><strong>autem</strong></span> <span class='ocrx_word' id='word_1_290' title='bbox 1580 2089 1799 2159; x_wconf 70' lang='lat' dir='ltr'><strong>dignum</strong></span> <span class='ocrx_word' id='word_1_291' title='bbox 1831 2098 1913 2144; x_wconf 89' lang='lat' dir='ltr'><strong>est</strong></span> <span class='ocrx_word' id='word_1_292' title='bbox 1943 2103 2071 2144; x_wconf 88' lang='lat' dir='ltr'><strong>con-</strong></span> 
     </span>
    </p>
   </div>
   <div class='ocr_carea' id='block_1_36' title="bbox 493 2179 2070 2249">
    <p class='ocr_par' dir='ltr' id='par_1_36' title="bbox 493 2179 2070 2249">
     <span class='ocr_line' id='line_1_36' title="bbox 493 2179 2070 2249; baseline -0.001 -12"><span class='ocrx_word' id='word_1_293' title='bbox 493 2181 822 2237; x_wconf 88' lang='lat' dir='ltr'><strong>sideratione</strong></span> <span class='ocrx_word' id='word_1_294' title='bbox 844 2220 860 2245; x_wconf 88' lang='lat'><strong>,</strong></span> <span class='ocrx_word' id='word_1_295' title='bbox 892 2181 1162 2249; x_wconf 88' lang='lat' dir='ltr'><strong>quomodo</strong></span> <span class='ocrx_word' id='word_1_296' title='bbox 1197 2179 1431 2248; x_wconf 67' lang='lat' dir='ltr'><strong>energire</strong></span> <span class='ocrx_word' id='word_1_297' title='bbox 1478 2186 1889 2247; x_wconf 83' lang='lat' dir='ltr'><strong>consequantur</strong></span> <span class='ocrx_word' id='word_1_298' title='bbox 1941 2181 2070 2235; x_wconf 92' lang='lat' dir='ltr'><strong>sub-</strong></span> 
     </span>
    </p>
   </div>
   <div class='ocr_carea' id='block_1_37' title="bbox 493 2270 2067 2339">
    <p class='ocr_par' dir='ltr' id='par_1_37' title="bbox 493 2270 2067 2339">
     <span class='ocr_line' id='line_1_37' title="bbox 493 2270 2067 2339; baseline 0 -14"><span class='ocrx_word' id='word_1_299' title='bbox 493 2272 755 2336; x_wconf 83' lang='lat' dir='ltr'><strong>stantias;</strong></span> <span class='ocrx_word' id='word_1_300' title='bbox 787 2280 841 2323; x_wconf 77' lang='lat' dir='ltr'><strong>et</strong></span> <span class='ocrx_word' id='word_1_301' title='bbox 872 2271 997 2339; x_wconf 89' lang='lat' dir='ltr'><strong>quid</strong></span> <span class='ocrx_word' id='word_1_302' title='bbox 1027 2270 1135 2323; x_wconf 88' lang='lat' dir='ltr'><strong>sint</strong></span> <span class='ocrx_word' id='word_1_303' title='bbox 1168 2272 1465 2329; x_wconf 89' lang='lat' dir='ltr'><strong>secundum</strong></span> <span class='ocrx_word' id='word_1_304' title='bbox 1498 2271 1769 2339; x_wconf 89' lang='lat' dir='ltr'><strong>propriam</strong></span> <span class='ocrx_word' id='word_1_305' title='bbox 1795 2280 2067 2338; x_wconf 88' lang='lat' dir='ltr'><strong>naturam,</strong></span> 
     </span>
    </p>
   </div>
   <div class='ocr_carea' id='block_1_38' title="bbox 494 2361 2070 2430">
    <p class='ocr_par' dir='ltr' id='par_1_38' title="bbox 494 2361 2070 2430">
     <span class='ocr_line' id='line_1_38' title="bbox 494 2361 2070 2430; baseline 0 -17"><span class='ocrx_word' id='word_1_306' title='bbox 494 2363 710 2416; x_wconf 74' lang='lat' dir='ltr'><strong>aliudue</strong></span> <span class='ocrx_word' id='word_1_307' title='bbox 738 2373 931 2430; x_wconf 56' lang='lat' dir='ltr'><strong>praeter</strong></span> <span class='ocrx_word' id='word_1_308' title='bbox 976 2361 1329 2423; x_wconf 76' lang='lat' dir='ltr'><strong>substantias.</strong></span> <span class='ocrx_word' id='word_1_309' title='bbox 1381 2376 1515 2430; x_wconf 89' lang='lat' dir='ltr'><strong>quas</strong></span> <span class='ocrx_word' id='word_1_310' title='bbox 1547 2371 1974 2430; x_wconf 90' lang='lat' dir='ltr'><strong>consequuntur,</strong></span> <span class='ocrx_word' id='word_1_311' title='bbox 2003 2376 2070 2413; x_wconf 91' lang='lat' dir='ltr'><strong>an</strong></span> 
     </span>
    </p>
   </div>
   <div class='ocr_carea' id='block_1_39' title="bbox 496 2452 2071 2522">
    <p class='ocr_par' dir='ltr' id='par_1_39' title="bbox 496 2452 2071 2522">
     <span class='ocr_line' id='line_1_39' title="bbox 496 2452 2071 2522; baseline 0.001 -18"><span class='ocrx_word' id='word_1_312' title='bbox 496 2471 619 2519; x_wconf 79' lang='lat' dir='ltr'><strong>pars</strong></span> <span class='ocrx_word' id='word_1_313' title='bbox 642 2455 876 2517; x_wconf 82' lang='lat' dir='ltr'><strong>illarum,</strong></span> <span class='ocrx_word' id='word_1_314' title='bbox 904 2461 957 2504; x_wconf 90' lang='lat' dir='ltr'><strong>et</strong></span> <span class='ocrx_word' id='word_1_315' title='bbox 981 2452 1218 2519; x_wconf 88' lang='lat' dir='ltr'><strong>ejusdem</strong></span> <span class='ocrx_word' id='word_1_316' title='bbox 1246 2452 1488 2506; x_wconf 60' lang='lat' dir='ltr'><strong>naturae?</strong></span> <span class='ocrx_word' id='word_1_317' title='bbox 1509 2452 1650 2522; x_wconf 91' lang='lat' dir='ltr'><strong>quod</strong></span> <span class='ocrx_word' id='word_1_318' title='bbox 1673 2454 1717 2506; x_wconf 89' lang='lat' dir='ltr'><strong>si</strong></span> <span class='ocrx_word' id='word_1_319' title='bbox 1747 2453 1893 2507; x_wconf 89' lang='lat' dir='ltr'><strong>aliud</strong></span> <span class='ocrx_word' id='word_1_320' title='bbox 1922 2462 2071 2517; x_wconf 89' lang='lat' dir='ltr'><strong>sunt;</strong></span> 
     </span>
    </p>
   </div>
   <div class='ocr_carea' id='block_1_40' title="bbox 494 2543 2073 2613">
    <p class='ocr_par' dir='ltr' id='par_1_40' title="bbox 494 2543 2073 2613">
     <span class='ocr_line' id='line_1_40' title="bbox 494 2543 2073 2613; baseline 0.002 -16"><span class='ocrx_word' id='word_1_321' title='bbox 494 2545 787 2613; x_wconf 87' lang='lat' dir='ltr'><strong>quomodo,</strong></span> <span class='ocrx_word' id='word_1_322' title='bbox 818 2553 869 2597; x_wconf 89' lang='lat' dir='ltr'><strong>et</strong></span> <span class='ocrx_word' id='word_1_323' title='bbox 898 2558 927 2595; x_wconf 89' lang='lat' dir='ltr'><strong>a</strong></span> <span class='ocrx_word' id='word_1_324' title='bbox 967 2543 1164 2612; x_wconf 86' lang='lat' dir='ltr'><strong>quibus</strong></span> <span class='ocrx_word' id='word_1_325' title='bbox 1213 2544 1531 2612; x_wconf 79' lang='lat' dir='ltr'><strong>productae?</strong></span> <span class='ocrx_word' id='word_1_326' title='bbox 1576 2545 1657 2597; x_wconf 89' lang='lat' dir='ltr'><strong>sin</strong></span> <span class='ocrx_word' id='word_1_327' title='bbox 1714 2554 1892 2600; x_wconf 89' lang='lat' dir='ltr'><strong>autem</strong></span> <span class='ocrx_word' id='word_1_328' title='bbox 1930 2545 2073 2600; x_wconf 86' lang='lat' dir='ltr'><strong>idem</strong></span> 
     </span>
    </p>
   </div>
   <div class='ocr_carea' id='block_1_41' title="bbox 497 2620 2075 2704">
    <p class='ocr_par' dir='ltr' id='par_1_41' title="bbox 497 2620 2075 2704">
     <span class='ocr_line' id='line_1_41' title="bbox 497 2620 2075 2704; baseline 0.001 -14"><span class='ocrx_word' id='word_1_329' title='bbox 497 2642 667 2690; x_wconf 76' lang='lat' dir='ltr'><strong>insunt</strong></span> <span class='ocrx_word' id='word_1_330' title='bbox 694 2671 709 2694; x_wconf 87' lang='lat'><strong>.</strong></span> <span class='ocrx_word' id='word_1_331' title='bbox 761 2635 1031 2701; x_wconf 86' lang='lat' dir='ltr'><strong>quomodo</strong></span> <span class='ocrx_word' id='word_1_332' title='bbox 1063 2620 1287 2687; x_wconf 73' lang='lat' dir='ltr'><strong>abscisae</strong></span> <span class='ocrx_word' id='word_1_333' title='bbox 1314 2674 1331 2700; x_wconf 89' lang='lat'><strong>,</strong></span> <span class='ocrx_word' id='word_1_334' title='bbox 1362 2649 1458 2701; x_wconf 80' lang='lat' dir='ltr'><strong>pro</strong></span> <span class='ocrx_word' id='word_1_335' title='bbox 1487 2650 1552 2690; x_wconf 94' lang='lat' dir='ltr'><strong>eo</strong></span> <span class='ocrx_word' id='word_1_336' title='bbox 1592 2637 1733 2704; x_wconf 88' lang='lat' dir='ltr'><strong>quod</strong></span> <span class='ocrx_word' id='word_1_337' title='bbox 1761 2637 1920 2691; x_wconf 84' lang='lat' dir='ltr'><strong>simul</strong></span> <span class='ocrx_word' id='word_1_338' title='bbox 1951 2652 2075 2692; x_wconf 88' lang='lat' dir='ltr'><strong>cum</strong></span> 
     </span>
    </p>
   </div>
   <div class='ocr_carea' id='block_1_42' title="bbox 498 2721 2075 2794">
    <p class='ocr_par' dir='ltr' id='par_1_42' title="bbox 498 2721 2075 2794">
     <span class='ocr_line' id='line_1_42' title="bbox 498 2721 2075 2794; baseline 0.002 -17"><span class='ocrx_word' id='word_1_339' title='bbox 498 2725 577 2777; x_wconf 75' lang='lat' dir='ltr'><strong>eis</strong></span> <span class='ocrx_word' id='word_1_340' title='bbox 603 2723 871 2777; x_wconf 79' lang='lat' dir='ltr'><strong>exsistere</strong></span> <span class='ocrx_word' id='word_1_341' title='bbox 899 2721 1169 2775; x_wconf 83' lang='lat' dir='ltr'><strong>debebant</strong></span> <span class='ocrx_word' id='word_1_342' title='bbox 1198 2763 1213 2787; x_wconf 97' lang='lat'><strong>,</strong></span> <span class='ocrx_word' id='word_1_343' title='bbox 1248 2738 1337 2777; x_wconf 87' lang='lat' dir='ltr'><strong>eas</strong></span> <span class='ocrx_word' id='word_1_344' title='bbox 1366 2725 1703 2780; x_wconf 79' lang='lat' dir='ltr'><strong>extrinsecus</strong></span> <span class='ocrx_word' id='word_1_345' title='bbox 1733 2741 2075 2794; x_wconf 67' lang='lat' dir='ltr'><strong>consequun-</strong></span> 
     </span>
    </p>
   </div>
   <div class='ocr_carea' id='block_1_43' title="bbox 502 2813 2081 2888">
    <p class='ocr_par' dir='ltr' id='par_1_43' title="bbox 502 2813 2081 2888">
     <span class='ocr_line' id='line_1_43' title="bbox 502 2813 2081 2888; baseline 0.005 -20"><span class='ocrx_word' id='word_1_346' title='bbox 502 2827 589 2868; x_wconf 86' lang='lat' dir='ltr'><strong>tur</strong></span> <span class='ocrx_word' id='word_1_347' title='bbox 610 2816 840 2869; x_wconf 58' lang='lat' dir='ltr'><strong>intrum</strong></span> <span class='ocrx_word' id='word_1_348' title='bbox 872 2813 1176 2868; x_wconf 83' lang='lat' dir='ltr'><strong>necessitas</strong></span> <span class='ocrx_word' id='word_1_349' title='bbox 1226 2816 1471 2884; x_wconf 75' lang='lat' dir='ltr'><strong>quaedam</strong></span> <span class='ocrx_word' id='word_1_350' title='bbox 1524 2818 1786 2873; x_wconf 72' lang='lat' dir='ltr'><strong>naturalis</strong></span> <span class='ocrx_word' id='word_1_351' title='bbox 1828 2822 1979 2888; x_wconf 81' lang='lat' dir='ltr'><strong>cogit</strong></span> <span class='ocrx_word' id='word_1_352' title='bbox 2022 2831 2081 2876; x_wconf 89' lang='lat' dir='ltr'><strong>ut</strong></span> 
     </span>
    </p>
   </div>
   <div class='ocr_carea' id='block_1_44' title="bbox 507 2902 2080 2977">
    <p class='ocr_par' dir='ltr' id='par_1_44' title="bbox 507 2902 2080 2977">
     <span class='ocr_line' id='line_1_44' title="bbox 507 2902 2080 2977; baseline 0.004 -21"><span class='ocrx_word' id='word_1_353' title='bbox 507 2902 867 2956; x_wconf 85' lang='lat' dir='ltr'><strong>involuntarie</strong></span> <span class='ocrx_word' id='word_1_354' title='bbox 888 2910 1147 2971; x_wconf 83' lang='lat' dir='ltr'><strong>sequatur</strong></span> <span class='ocrx_word' id='word_1_355' title='bbox 1170 2904 1529 2959; x_wconf 78' lang='lat' dir='ltr'><strong>substantiam</strong></span> <span class='ocrx_word' id='word_1_356' title='bbox 1559 2907 1802 2976; x_wconf 76' lang='lat' dir='ltr'><strong>energia,</strong></span> <span class='ocrx_word' id='word_1_357' title='bbox 1826 2923 2080 2977; x_wconf 62' lang='lat' dir='ltr'><strong>quaecun-</strong></span> 
     </span>
    </p>
   </div>
   <div class='ocr_carea' id='block_1_45' title="bbox 501 2994 2081 3068">
    <p class='ocr_par' dir='ltr' id='par_1_45' title="bbox 501 2994 2081 3068">
     <span class='ocr_line' id='line_1_45' title="bbox 501 2994 2081 3068; baseline 0.005 -22"><span class='ocrx_word' id='word_1_358' title='bbox 501 3010 609 3062; x_wconf 82' lang='lat' dir='ltr'><strong>que</strong></span> <span class='ocrx_word' id='word_1_359' title='bbox 639 2994 856 3050; x_wconf 83' lang='lat' dir='ltr'><strong>tandem</strong></span> <span class='ocrx_word' id='word_1_360' title='bbox 886 3010 949 3050; x_wconf 82' lang='lat' dir='ltr'><strong>ea</strong></span> <span class='ocrx_word' id='word_1_361' title='bbox 986 2995 1090 3060; x_wconf 85' lang='lat' dir='ltr'><strong>sit;</strong></span> <span class='ocrx_word' id='word_1_362' title='bbox 1134 2997 1280 3050; x_wconf 89' lang='lat' dir='ltr'><strong>sicut</strong></span> <span class='ocrx_word' id='word_1_363' title='bbox 1313 2996 1455 3050; x_wconf 86' lang='lat' dir='ltr'><strong>ustio</strong></span> <span class='ocrx_word' id='word_1_364' title='bbox 1503 2997 1681 3068; x_wconf 71' lang='lat' dir='ltr'><strong>ignem</strong></span> <span class='ocrx_word' id='word_1_365' title='bbox 1731 3000 1993 3067; x_wconf 89' lang='lat' dir='ltr'><strong>sequitur,</strong></span> <span class='ocrx_word' id='word_1_366' title='bbox 2028 3011 2081 3054; x_wconf 91' lang='lat' dir='ltr'><strong>et</strong></span> 
     </span>
    </p>
   </div>
   <div class='ocr_carea' id='block_1_46' title="bbox 2170 1813 3704 1885">
    <p class='ocr_par' dir='ltr' id='par_1_46' title="bbox 2170 1813 3704 1885">
     <span class='ocr_line' id='line_1_46' title="bbox 2170 1813 3704 1885; baseline -0.001 -17"><span class='ocrx_word' id='word_1_367' title='bbox 2170 1817 2276 1878; x_wconf 75' lang='lat' dir='ltr'><strong>tiae,</strong></span> <span class='ocrx_word' id='word_1_368' title='bbox 2301 1817 2663 1884; x_wconf 88' lang='lat' dir='ltr'><strong>compositum</strong></span> <span class='ocrx_word' id='word_1_369' title='bbox 2687 1824 2790 1879; x_wconf 89' lang='lat' dir='ltr'><strong>est,</strong></span> <span class='ocrx_word' id='word_1_370' title='bbox 2814 1824 2867 1868; x_wconf 88' lang='lat' dir='ltr'><strong>et</strong></span> <span class='ocrx_word' id='word_1_371' title='bbox 2898 1830 3005 1870; x_wconf 88' lang='lat' dir='ltr'><strong>non</strong></span> <span class='ocrx_word' id='word_1_372' title='bbox 3035 1814 3262 1884; x_wconf 82' lang='lat' dir='ltr'><strong>simplex</strong></span> <span class='ocrx_word' id='word_1_373' title='bbox 3291 1813 3518 1885; x_wconf 89' lang='lat' dir='ltr'><strong>proprie.</strong></span> <span class='ocrx_word' id='word_1_374' title='bbox 3546 1813 3612 1866; x_wconf 81' lang='lat' dir='ltr'><strong>Ex</strong></span> <span class='ocrx_word' id='word_1_375' title='bbox 3636 1813 3704 1866; x_wconf 89' lang='lat' dir='ltr'><strong>bis</strong></span> 
     </span>
    </p>
   </div>
   <div class='ocr_carea' id='block_1_47' title="bbox 2168 1905 3705 1977">
    <p class='ocr_par' dir='ltr' id='par_1_47' title="bbox 2168 1905 3705 1977">
     <span class='ocr_line' id='line_1_47' title="bbox 2168 1905 3705 1977; baseline -0.003 -16"><span class='ocrx_word' id='word_1_376' title='bbox 2168 1905 2395 1963; x_wconf 76' lang='lat' dir='ltr'><strong>eilicitur</strong></span> <span class='ocrx_word' id='word_1_377' title='bbox 2428 1907 2771 1961; x_wconf 79' lang='lat' dir='ltr'><strong>manifestum</strong></span> <span class='ocrx_word' id='word_1_378' title='bbox 2796 1947 2812 1970; x_wconf 91' lang='lat'><strong>,</strong></span> <span class='ocrx_word' id='word_1_379' title='bbox 2846 1910 2989 1977; x_wconf 92' lang='lat' dir='ltr'><strong>quod</strong></span> <span class='ocrx_word' id='word_1_380' title='bbox 3023 1908 3077 1961; x_wconf 89' lang='lat' dir='ltr'><strong>in</strong></span> <span class='ocrx_word' id='word_1_381' title='bbox 3109 1908 3315 1961; x_wconf 88' lang='lat' dir='ltr'><strong>unitate</strong></span> <span class='ocrx_word' id='word_1_382' title='bbox 3342 1946 3358 1972; x_wconf 92' lang='lat'><strong>,</strong></span> <span class='ocrx_word' id='word_1_383' title='bbox 3407 1921 3523 1975; x_wconf 77' lang='lat' dir='ltr'><strong>qua:</strong></span> <span class='ocrx_word' id='word_1_384' title='bbox 3569 1919 3705 1972; x_wconf 81' lang='lat' dir='ltr'><strong>supra</strong></span> 
     </span>
    </p>
   </div>
   <div class='ocr_carea' id='block_1_48' title="bbox 2170 1997 3705 2067">
    <p class='ocr_par' dir='ltr' id='par_1_48' title="bbox 2170 1997 3705 2067">
     <span class='ocr_line' id='line_1_48' title="bbox 2170 1997 3705 2067; baseline -0.003 -14"><span class='ocrx_word' id='word_1_385' title='bbox 2170 1998 2527 2055; x_wconf 87' lang='lat' dir='ltr'><strong>substantiam</strong></span> <span class='ocrx_word' id='word_1_386' title='bbox 2562 2006 2665 2063; x_wconf 91' lang='lat' dir='ltr'><strong>est,</strong></span> <span class='ocrx_word' id='word_1_387' title='bbox 2691 1999 2911 2053; x_wconf 90' lang='lat' dir='ltr'><strong>omnino</strong></span> <span class='ocrx_word' id='word_1_388' title='bbox 2958 1998 3251 2052; x_wconf 90' lang='lat' dir='ltr'><strong>absurdum</strong></span> <span class='ocrx_word' id='word_1_389' title='bbox 3302 2006 3420 2062; x_wconf 79' lang='lat' dir='ltr'><strong>est,</strong></span> <span class='ocrx_word' id='word_1_390' title='bbox 3464 1997 3705 2067; x_wconf 75' lang='lat' dir='ltr'><strong>energima</strong></span> 
     </span>
    </p>
   </div>
   <div class='ocr_carea' id='block_1_49' title="bbox 2168 2087 3707 2159">
    <p class='ocr_par' dir='ltr' id='par_1_49' title="bbox 2168 2087 3707 2159">
     <span class='ocr_line' id='line_1_49' title="bbox 2168 2087 3707 2159; baseline -0.001 -17"><span class='ocrx_word' id='word_1_391' title='bbox 2168 2091 2287 2159; x_wconf 89' lang='lat' dir='ltr'><strong>ejus</strong></span> <span class='ocrx_word' id='word_1_392' title='bbox 2322 2102 2439 2157; x_wconf 61' lang='lat' dir='ltr'><strong>quae</strong></span> <span class='ocrx_word' id='word_1_393' title='bbox 2468 2089 2709 2143; x_wconf 90' lang='lat' dir='ltr'><strong>omnium</strong></span> <span class='ocrx_word' id='word_1_394' title='bbox 2745 2087 3117 2143; x_wconf 76' lang='lat' dir='ltr'><strong>elﬁcacissima</strong></span> <span class='ocrx_word' id='word_1_395' title='bbox 3160 2099 3271 2153; x_wconf 88' lang='lat' dir='ltr'><strong>est,</strong></span> <span class='ocrx_word' id='word_1_396' title='bbox 3315 2099 3371 2143; x_wconf 92' lang='lat' dir='ltr'><strong>et</strong></span> <span class='ocrx_word' id='word_1_397' title='bbox 3414 2101 3707 2157; x_wconf 74' lang='lat' dir='ltr'><strong>supraquam</strong></span> 
     </span>
    </p>
   </div>
   <div class='ocr_carea' id='block_1_50' title="bbox 2171 2181 3710 2249">
    <p class='ocr_par' dir='ltr' id='par_1_50' title="bbox 2171 2181 3710 2249">
     <span class='ocr_line' id='line_1_50' title="bbox 2171 2181 3710 2249; baseline -0.003 -13"><span class='ocrx_word' id='word_1_398' title='bbox 2171 2182 2396 2236; x_wconf 58' lang='lat' dir='ltr'><strong>inlinit-ae</strong></span> <span class='ocrx_word' id='word_1_399' title='bbox 2422 2181 2659 2244; x_wconf 81' lang='lat' dir='ltr'><strong>virtutis,</strong></span> <span class='ocrx_word' id='word_1_400' title='bbox 2690 2196 2891 2249; x_wconf 90' lang='lat' dir='ltr'><strong>ponere</strong></span> <span class='ocrx_word' id='word_1_401' title='bbox 2920 2197 3027 2236; x_wconf 93' lang='lat' dir='ltr'><strong>non</strong></span> <span class='ocrx_word' id='word_1_402' title='bbox 3056 2195 3151 2249; x_wconf 86' lang='lat' dir='ltr'><strong>per</strong></span> <span class='ocrx_word' id='word_1_403' title='bbox 3172 2196 3232 2236; x_wconf 87' lang='lat' dir='ltr'><strong>se</strong></span> <span class='ocrx_word' id='word_1_404' title='bbox 3256 2183 3515 2236; x_wconf 76' lang='lat' dir='ltr'><strong>exsistere</strong></span> <span class='ocrx_word' id='word_1_405' title='bbox 3542 2195 3710 2235; x_wconf 67' lang='lat' dir='ltr'><strong>secuno</strong></span> 
     </span>
    </p>
   </div>
   <div class='ocr_carea' id='block_1_51' title="bbox 2171 2271 3709 2344">
    <p class='ocr_par' dir='ltr' id='par_1_51' title="bbox 2171 2271 3709 2344">
     <span class='ocr_line' id='line_1_51' title="bbox 2171 2271 3709 2344; baseline -0.001 -17"><span class='ocrx_word' id='word_1_406' title='bbox 2171 2272 2297 2327; x_wconf 90' lang='lat' dir='ltr'><strong>dum</strong></span> <span class='ocrx_word' id='word_1_407' title='bbox 2337 2273 2605 2344; x_wconf 87' lang='lat' dir='ltr'><strong>propriam</strong></span> <span class='ocrx_word' id='word_1_408' title='bbox 2636 2288 2786 2327; x_wconf 84' lang='lat' dir='ltr'><strong>suam</strong></span> <span class='ocrx_word' id='word_1_409' title='bbox 2820 2275 3109 2328; x_wconf 88' lang='lat' dir='ltr'><strong>rationem.</strong></span> <span class='ocrx_word' id='word_1_410' title='bbox 3140 2271 3238 2328; x_wconf 88' lang='lat' dir='ltr'><strong>Sin</strong></span> <span class='ocrx_word' id='word_1_411' title='bbox 3267 2288 3394 2329; x_wconf 88' lang='lat' dir='ltr'><strong>vero</strong></span> <span class='ocrx_word' id='word_1_412' title='bbox 3422 2289 3512 2342; x_wconf 88' lang='lat' dir='ltr'><strong>per</strong></span> <span class='ocrx_word' id='word_1_413' title='bbox 3532 2288 3587 2328; x_wconf 83' lang='lat' dir='ltr'><strong>se</strong></span> <span class='ocrx_word' id='word_1_414' title='bbox 3605 2287 3709 2327; x_wconf 81' lang='lat' dir='ltr'><strong>vero</strong></span> 
     </span>
    </p>
   </div>
   <div class='ocr_carea' id='block_1_52' title="bbox 2174 2354 3711 2435">
    <p class='ocr_par' dir='ltr' id='par_1_52' title="bbox 2174 2354 3711 2435">
     <span class='ocr_line' id='line_1_52' title="bbox 2174 2354 3711 2435; baseline -0.001 -16"><span class='ocrx_word' id='word_1_415' title='bbox 2174 2366 2406 2431; x_wconf 73' lang='lat' dir='ltr'><strong>exsistit,</strong></span> <span class='ocrx_word' id='word_1_416' title='bbox 2440 2366 2613 2433; x_wconf 80' lang='lat' dir='ltr'><strong>majus</strong></span> <span class='ocrx_word' id='word_1_417' title='bbox 2642 2365 2815 2419; x_wconf 88' lang='lat' dir='ltr'><strong>adhuc</strong></span> <span class='ocrx_word' id='word_1_418' title='bbox 2842 2365 3164 2430; x_wconf 88' lang='lat' dir='ltr'><strong>absurdum,</strong></span> <span class='ocrx_word' id='word_1_419' title='bbox 3202 2354 3258 2421; x_wconf 64' lang='lat' dir='ltr'><strong>dt</strong></span> <span class='ocrx_word' id='word_1_420' title='bbox 3307 2367 3474 2435; x_wconf 81' lang='lat' dir='ltr'><strong>magis</strong></span> <span class='ocrx_word' id='word_1_421' title='bbox 3520 2365 3711 2435; x_wconf 87' lang='lat' dir='ltr'><strong>impium</strong></span> 
     </span>
    </p>
   </div>
   <div class='ocr_carea' id='block_1_53' title="bbox 2174 2455 3714 2527">
    <p class='ocr_par' dir='ltr' id='par_1_53' title="bbox 2174 2455 3714 2527">
     <span class='ocr_line' id='line_1_53' title="bbox 2174 2455 3714 2527; baseline -0.003 -15"><span class='ocrx_word' id='word_1_422' title='bbox 2174 2465 2473 2527; x_wconf 89' lang='lat' dir='ltr'><strong>appareat,</strong></span> <span class='ocrx_word' id='word_1_423' title='bbox 2516 2455 2678 2511; x_wconf 88' lang='lat' dir='ltr'><strong>simul</strong></span> <span class='ocrx_word' id='word_1_424' title='bbox 2712 2470 2836 2509; x_wconf 89' lang='lat' dir='ltr'><strong>cum</strong></span> <span class='ocrx_word' id='word_1_425' title='bbox 2869 2455 2985 2524; x_wconf 83' lang='lat' dir='ltr'><strong>ipsa</strong></span> <span class='ocrx_word' id='word_1_426' title='bbox 3018 2457 3283 2510; x_wconf 88' lang='lat' dir='ltr'><strong>unitatem</strong></span> <span class='ocrx_word' id='word_1_427' title='bbox 3313 2497 3328 2522; x_wconf 92' lang='lat'><strong>,</strong></span> <span class='ocrx_word' id='word_1_428' title='bbox 3378 2472 3492 2525; x_wconf 72' lang='lat' dir='ltr'><strong>qua:</strong></span> <span class='ocrx_word' id='word_1_429' title='bbox 3527 2469 3714 2510; x_wconf 88' lang='lat' dir='ltr'><strong>omnem</strong></span> 
     </span>
    </p>
   </div>
   <div class='ocr_carea' id='block_1_54' title="bbox 2175 2548 3712 2620">
    <p class='ocr_par' dir='ltr' id='par_1_54' title="bbox 2175 2548 3712 2620">
     <span class='ocr_line' id='line_1_54' title="bbox 2175 2548 3712 2620; baseline -0.005 -15"><span class='ocrx_word' id='word_1_430' title='bbox 2175 2549 2577 2619; x_wconf 84' lang='lat' dir='ltr'><strong>simplicitatem</strong></span> <span class='ocrx_word' id='word_1_431' title='bbox 2613 2548 2802 2615; x_wconf 90' lang='lat' dir='ltr'><strong>vincit,</strong></span> <span class='ocrx_word' id='word_1_432' title='bbox 2839 2549 3101 2619; x_wconf 79' lang='lat' dir='ltr'><strong>cogitare,</strong></span> <span class='ocrx_word' id='word_1_433' title='bbox 3136 2548 3227 2604; x_wconf 86' lang='lat' dir='ltr'><strong>vel</strong></span> <span class='ocrx_word' id='word_1_434' title='bbox 3260 2565 3478 2620; x_wconf 84' lang='lat' dir='ltr'><strong>prorsus</strong></span> <span class='ocrx_word' id='word_1_435' title='bbox 3504 2550 3627 2602; x_wconf 84' lang='lat' dir='ltr'><strong>haue</strong></span> <span class='ocrx_word' id='word_1_436' title='bbox 3656 2548 3712 2599; x_wconf 87' lang='lat' dir='ltr'><strong>ab</strong></span> 
     </span>
    </p>
   </div>
   <div class='ocr_carea' id='block_1_55' title="bbox 2178 2638 3717 2713">
    <p class='ocr_par' dir='ltr' id='par_1_55' title="bbox 2178 2638 3717 2713">
     <span class='ocr_line' id='line_1_55' title="bbox 2178 2638 3717 2713; baseline -0.004 -15"><span class='ocrx_word' id='word_1_437' title='bbox 2178 2644 2280 2698; x_wconf 89' lang='lat' dir='ltr'><strong>hac</strong></span> <span class='ocrx_word' id='word_1_438' title='bbox 2302 2641 2655 2713; x_wconf 77' lang='lat' dir='ltr'><strong>distinguere,</strong></span> <span class='ocrx_word' id='word_1_439' title='bbox 2688 2641 3109 2711; x_wconf 78' lang='lat' dir='ltr'><strong>esistimareque</strong></span> <span class='ocrx_word' id='word_1_440' title='bbox 3129 2642 3278 2696; x_wconf 89' lang='lat' dir='ltr'><strong>aliud</strong></span> <span class='ocrx_word' id='word_1_441' title='bbox 3305 2656 3423 2697; x_wconf 82' lang='lat' dir='ltr'><strong>esse</strong></span> <span class='ocrx_word' id='word_1_442' title='bbox 3450 2655 3590 2695; x_wconf 85' lang='lat' dir='ltr'><strong>suam</strong></span> <span class='ocrx_word' id='word_1_443' title='bbox 3610 2638 3717 2693; x_wconf 85' lang='lat' dir='ltr'><strong>sub-</strong></span> 
     </span>
    </p>
   </div>
   <div class='ocr_carea' id='block_1_56' title="bbox 2180 2734 3718 2806">
    <p class='ocr_par' dir='ltr' id='par_1_56' title="bbox 2180 2734 3718 2806">
     <span class='ocr_line' id='line_1_56' title="bbox 2180 2734 3718 2806; baseline -0.005 -14"><span class='ocrx_word' id='word_1_444' title='bbox 2180 2736 2464 2803; x_wconf 87' lang='lat' dir='ltr'><strong>stantiam,</strong></span> <span class='ocrx_word' id='word_1_445' title='bbox 2500 2734 2645 2789; x_wconf 91' lang='lat' dir='ltr'><strong>aliud</strong></span> <span class='ocrx_word' id='word_1_446' title='bbox 2682 2748 2809 2788; x_wconf 86' lang='lat' dir='ltr'><strong>vero</strong></span> <span class='ocrx_word' id='word_1_447' title='bbox 2834 2748 2985 2789; x_wconf 84' lang='lat' dir='ltr'><strong>suam</strong></span> <span class='ocrx_word' id='word_1_448' title='bbox 3019 2735 3327 2806; x_wconf 78' lang='lat' dir='ltr'><strong>energiam,</strong></span> <span class='ocrx_word' id='word_1_449' title='bbox 3362 2735 3412 2787; x_wconf 88' lang='lat' dir='ltr'><strong>id</strong></span> <span class='ocrx_word' id='word_1_450' title='bbox 3445 2743 3522 2789; x_wconf 90' lang='lat' dir='ltr'><strong>est</strong></span> <span class='ocrx_word' id='word_1_451' title='bbox 3548 2773 3561 2799; x_wconf 92' lang='lat'><strong>,</strong></span> <span class='ocrx_word' id='word_1_452' title='bbox 3588 2744 3718 2787; x_wconf 81' lang='lat' dir='ltr'><strong>suam</strong></span> 
     </span>
    </p>
   </div>
   <div class='ocr_carea' id='block_1_57' title="bbox 2178 2824 3047 2895">
    <p class='ocr_par' dir='ltr' id='par_1_57' title="bbox 2178 2824 3047 2895">
     <span class='ocr_line' id='line_1_57' title="bbox 2178 2824 3047 2895; baseline -0.001 -14"><span class='ocrx_word' id='word_1_453' title='bbox 2178 2829 2431 2882; x_wconf 85' lang='lat' dir='ltr'><strong>virtutem</strong></span> <span class='ocrx_word' id='word_1_454' title='bbox 2464 2825 2738 2895; x_wconf 84' lang='lat' dir='ltr'><strong>propriam</strong></span> <span class='ocrx_word' id='word_1_455' title='bbox 2766 2824 3047 2893; x_wconf 88' lang='lat' dir='ltr'><strong>operandi.</strong></span> 
     </span>
    </p>
   </div>
   <div class='ocr_carea' id='block_1_58' title="bbox 2785 2962 3133 3020">
    <p class='ocr_par' dir='ltr' id='par_1_58' title="bbox 2785 2962 3133 3020">
     <span class='ocr_line' id='line_1_58' title="bbox 2785 2962 3133 3020; baseline 0 -1"><span class='ocrx_word' id='word_1_456' title='bbox 2785 2962 3014 3020; x_wconf 79' lang='lat' dir='ltr'><strong>CAPUT</strong></span> <span class='ocrx_word' id='word_1_457' title='bbox 3048 2964 3133 3019; x_wconf 73' lang='lat' dir='ltr'><strong>Vl.</strong></span> 
     </span>
    </p>
   </div>
   <div class='ocr_carea' id='block_1_59' title="bbox 500 3076 2069 3157">
    <p class='ocr_par' dir='ltr' id='par_1_59' title="bbox 500 3083 2069 3157">
     <span class='ocr_line' id='line_1_59' title="bbox 500 3083 2069 3157; baseline 0.004 -18"><span class='ocrx_word' id='word_1_458' title='bbox 500 3100 728 3154; x_wconf 82' lang='lat' dir='ltr'><strong>vapores</strong></span> <span class='ocrx_word' id='word_1_459' title='bbox 753 3094 913 3155; x_wconf 87' lang='lat' dir='ltr'><strong>atque</strong></span> <span class='ocrx_word' id='word_1_460' title='bbox 946 3083 1149 3139; x_wconf 89' lang='lat' dir='ltr'><strong>halitus</strong></span> <span class='ocrx_word' id='word_1_461' title='bbox 1182 3099 1410 3154; x_wconf 81' lang='lat' dir='ltr'><strong>corpora</strong></span> <span class='ocrx_word' id='word_1_462' title='bbox 1451 3085 1541 3139; x_wconf 87' lang='lat' dir='ltr'><strong>illa</strong></span> <span class='ocrx_word' id='word_1_463' title='bbox 1581 3099 1901 3157; x_wconf 86' lang='lat' dir='ltr'><strong>sequuntur,</strong></span> <span class='ocrx_word' id='word_1_464' title='bbox 1938 3092 2069 3146; x_wconf 76' lang='lat' dir='ltr'><strong>unde</strong></span> 
     </span>
    </p>
   </div>
   <div class='ocr_carea' id='block_1_60' title="bbox 2173 3076 3718 3157">
    <p class='ocr_par' dir='ltr' id='par_1_60' title="bbox 2185 3076 3718 3157">
     <span class='ocr_line' id='line_1_60' title="bbox 2185 3076 3718 3157; baseline -0.006 -22"><span class='ocrx_word' id='word_1_465' title='bbox 2185 3079 2341 3157; x_wconf 73' lang='lat' dir='ltr'><strong>Quod</strong></span> <span class='ocrx_word' id='word_1_466' title='bbox 2369 3080 2422 3133; x_wconf 86' lang='lat' dir='ltr'><strong>in</strong></span> <span class='ocrx_word' id='word_1_467' title='bbox 2447 3080 2649 3157; x_wconf 71' lang='lat' dir='ltr'><strong>unitate</strong></span> <span class='ocrx_word' id='word_1_468' title='bbox 2682 3077 2962 3157; x_wconf 65' lang='lat' dir='ltr'><strong>Trinitatis</strong></span> <span class='ocrx_word' id='word_1_469' title='bbox 2988 3093 3090 3157; x_wconf 75' lang='lat' dir='ltr'><strong>non</strong></span> <span class='ocrx_word' id='word_1_470' title='bbox 3119 3087 3325 3144; x_wconf 78' lang='lat' dir='ltr'><strong>Oportet</strong></span> <span class='ocrx_word' id='word_1_471' title='bbox 3357 3076 3718 3157; x_wconf 31' lang='lat' dir='ltr'><strong>qumrnereiol‘iud</strong></span> 
     </span>
    </p>
   </div>
   <div class='ocr_carea' id='block_1_61' title="bbox 501 3163 2078 3249">
    <p class='ocr_par' dir='ltr' id='par_1_61' title="bbox 501 3163 2078 3249">
     <span class='ocr_line' id='line_1_61' title="bbox 501 3163 2078 3249; baseline 0.003 -14"><span class='ocrx_word' id='word_1_472' title='bbox 501 3181 672 3235; x_wconf 79' lang='lat' dir='ltr'><strong>liunt‘.’</strong></span> <span class='ocrx_word' id='word_1_473' title='bbox 699 3163 754 3236; x_wconf 81' lang='lat' dir='ltr'><strong>at</strong></span> <span class='ocrx_word' id='word_1_474' title='bbox 796 3195 903 3234; x_wconf 89' lang='lat' dir='ltr'><strong>non</strong></span> <span class='ocrx_word' id='word_1_475' title='bbox 936 3190 1063 3249; x_wconf 90' lang='lat' dir='ltr'><strong>puto</strong></span> <span class='ocrx_word' id='word_1_476' title='bbox 1093 3179 1268 3247; x_wconf 89' lang='lat' dir='ltr'><strong>ipsum</strong></span> <span class='ocrx_word' id='word_1_477' title='bbox 1304 3180 1483 3235; x_wconf 87' lang='lat' dir='ltr'><strong>dicere</strong></span> <span class='ocrx_word' id='word_1_478' title='bbox 1529 3180 1657 3246; x_wconf 89' lang='lat' dir='ltr'><strong>hoc,</strong></span> <span class='ocrx_word' id='word_1_479' title='bbox 1697 3191 1754 3234; x_wconf 90' lang='lat' dir='ltr'><strong>ut</strong></span> <span class='ocrx_word' id='word_1_480' title='bbox 1800 3184 2078 3240; x_wconf 72' lang='lat' dir='ltr'><strong>existimet</strong></span> 
     </span>
    </p>
   </div>
   <div class='ocr_carea' id='block_1_62' title="bbox 498 3274 2076 3343">
    <p class='ocr_par' dir='ltr' id='par_1_62' title="bbox 498 3274 2076 3343">
     <span class='ocr_line' id='line_1_62' title="bbox 498 3274 2076 3343; baseline 0.004 -16"><span class='ocrx_word' id='word_1_481' title='bbox 498 3274 702 3329; x_wconf 75' lang='lat' dir='ltr'><strong>variam</strong></span> <span class='ocrx_word' id='word_1_482' title='bbox 735 3274 1028 3342; x_wconf 82' lang='lat' dir='ltr'><strong>quamdam</strong></span> <span class='ocrx_word' id='word_1_483' title='bbox 1069 3288 1179 3326; x_wconf 85' lang='lat' dir='ltr'><strong>rem</strong></span> <span class='ocrx_word' id='word_1_484' title='bbox 1204 3284 1261 3328; x_wconf 84' lang='lat' dir='ltr'><strong>et</strong></span> <span class='ocrx_word' id='word_1_485' title='bbox 1296 3276 1652 3343; x_wconf 87' lang='lat' dir='ltr'><strong>compositam</strong></span> <span class='ocrx_word' id='word_1_486' title='bbox 1684 3292 1804 3333; x_wconf 79' lang='lat' dir='ltr'><strong>esse</strong></span> <span class='ocrx_word' id='word_1_487' title='bbox 1827 3278 2076 3334; x_wconf 87' lang='lat' dir='ltr'><strong>substan-</strong></span> 
     </span>
    </p>
   </div>
   <div class='ocr_carea' id='block_1_63' title="bbox 498 3363 2079 3441">
    <p class='ocr_par' dir='ltr' id='par_1_63' title="bbox 498 3363 2079 3441">
     <span class='ocr_line' id='line_1_63' title="bbox 498 3363 2079 3441; baseline 0.005 -22"><span class='ocrx_word' id='word_1_488' title='bbox 498 3365 628 3421; x_wconf 85' lang='lat' dir='ltr'><strong>tiam</strong></span> <span class='ocrx_word' id='word_1_489' title='bbox 673 3363 787 3430; x_wconf 86' lang='lat' dir='ltr'><strong>Dei,</strong></span> <span class='ocrx_word' id='word_1_490' title='bbox 820 3380 937 3433; x_wconf 79' lang='lat' dir='ltr'><strong>qu:e</strong></span> <span class='ocrx_word' id='word_1_491' title='bbox 967 3365 1413 3434; x_wconf 83' lang='lat' dir='ltr'><strong>inseparabilem,</strong></span> <span class='ocrx_word' id='word_1_492' title='bbox 1448 3378 1503 3421; x_wconf 89' lang='lat' dir='ltr'><strong>et</strong></span> <span class='ocrx_word' id='word_1_493' title='bbox 1533 3382 1713 3422; x_wconf 85' lang='lat' dir='ltr'><strong>secum</strong></span> <span class='ocrx_word' id='word_1_494' title='bbox 1740 3371 1899 3424; x_wconf 81' lang='lat' dir='ltr'><strong>simul</strong></span> <span class='ocrx_word' id='word_1_495' title='bbox 1931 3374 2079 3441; x_wconf 43' lang='lat' dir='ltr'><strong>cogi:</strong></span> 
     </span>
    </p>
   </div>
   <div class='ocr_carea' id='block_1_64' title="bbox 500 3457 2076 3528">
    <p class='ocr_par' dir='ltr' id='par_1_64' title="bbox 500 3457 2076 3528">
     <span class='ocr_line' id='line_1_64' title="bbox 500 3457 2076 3528; baseline 0.003 -15"><span class='ocrx_word' id='word_1_496' title='bbox 500 3470 662 3525; x_wconf 84' lang='lat' dir='ltr'><strong>tatam</strong></span> <span class='ocrx_word' id='word_1_497' title='bbox 702 3460 977 3528; x_wconf 74' lang='lat' dir='ltr'><strong>energiam</strong></span> <span class='ocrx_word' id='word_1_498' title='bbox 1005 3457 1222 3520; x_wconf 82' lang='lat' dir='ltr'><strong>habent,</strong></span> <span class='ocrx_word' id='word_1_499' title='bbox 1257 3466 1315 3511; x_wconf 91' lang='lat' dir='ltr'><strong>ut</strong></span> <span class='ocrx_word' id='word_1_500' title='bbox 1348 3460 1602 3513; x_wconf 86' lang='lat' dir='ltr'><strong>accidens</strong></span> <span class='ocrx_word' id='word_1_501' title='bbox 1627 3460 1680 3513; x_wconf 91' lang='lat' dir='ltr'><strong>in</strong></span> <span class='ocrx_word' id='word_1_502' title='bbox 1711 3459 1953 3527; x_wconf 85' lang='lat' dir='ltr'><strong>subjecto</strong></span> <span class='ocrx_word' id='word_1_503' title='bbox 1983 3463 2076 3517; x_wconf 77' lang='lat' dir='ltr'><strong>de-</strong></span> 
     </span>
    </p>
   </div>
   <div class='ocr_carea' id='block_1_65' title="bbox 497 3538 2075 3618">
    <p class='ocr_par' dir='ltr' id='par_1_65' title="bbox 497 3538 2075 3618">
     <span class='ocr_line' id='line_1_65' title="bbox 497 3538 2075 3618; baseline 0.003 -13"><span class='ocrx_word' id='word_1_504' title='bbox 497 3538 848 3612; x_wconf 66' lang='lat' dir='ltr'><strong>monstretur,</strong></span> <span class='ocrx_word' id='word_1_505' title='bbox 876 3554 967 3603; x_wconf 73' lang='lat' dir='ltr'><strong>sed</strong></span> <span class='ocrx_word' id='word_1_506' title='bbox 1006 3563 1123 3601; x_wconf 77' lang='lat' dir='ltr'><strong>eam</strong></span> <span class='ocrx_word' id='word_1_507' title='bbox 1164 3550 1342 3618; x_wconf 89' lang='lat' dir='ltr'><strong>potius</strong></span> <span class='ocrx_word' id='word_1_508' title='bbox 1368 3551 1664 3606; x_wconf 87' lang='lat' dir='ltr'><strong>voluntarie</strong></span> <span class='ocrx_word' id='word_1_509' title='bbox 1693 3562 1748 3608; x_wconf 88' lang='lat' dir='ltr'><strong>et</strong></span> <span class='ocrx_word' id='word_1_510' title='bbox 1776 3554 1945 3610; x_wconf 88' lang='lat' dir='ltr'><strong>libere</strong></span> <span class='ocrx_word' id='word_1_511' title='bbox 1976 3571 2075 3610; x_wconf 80' lang='lat' dir='ltr'><strong>ex-</strong></span> 
     </span>
    </p>
   </div>
   <div class='ocr_carea' id='block_1_66' title="bbox 503 3642 2075 3712">
    <p class='ocr_par' dir='ltr' id='par_1_66' title="bbox 503 3642 2075 3712">
     <span class='ocr_line' id='line_1_66' title="bbox 503 3642 2075 3712; baseline 0.003 -15"><span class='ocrx_word' id='word_1_512' title='bbox 503 3644 752 3707; x_wconf 77' lang='lat' dir='ltr'><strong>citatam,</strong></span> <span class='ocrx_word' id='word_1_513' title='bbox 785 3643 1030 3711; x_wconf 74' lang='lat' dir='ltr'><strong>energies</strong></span> <span class='ocrx_word' id='word_1_514' title='bbox 1064 3650 1124 3694; x_wconf 93' lang='lat' dir='ltr'><strong>ut</strong></span> <span class='ocrx_word' id='word_1_515' title='bbox 1161 3642 1397 3709; x_wconf 86' lang='lat' dir='ltr'><strong>videtur,</strong></span> <span class='ocrx_word' id='word_1_516' title='bbox 1426 3642 1559 3698; x_wconf 87' lang='lat' dir='ltr'><strong>dicit</strong></span> <span class='ocrx_word' id='word_1_517' title='bbox 1592 3658 1687 3712; x_wconf 89' lang='lat' dir='ltr'><strong>per</strong></span> <span class='ocrx_word' id='word_1_518' title='bbox 1712 3659 1772 3700; x_wconf 82' lang='lat' dir='ltr'><strong>se</strong></span> <span class='ocrx_word' id='word_1_519' title='bbox 1802 3660 1924 3702; x_wconf 82' lang='lat' dir='ltr'><strong>esse</strong></span> <span class='ocrx_word' id='word_1_520' title='bbox 1960 3646 2075 3701; x_wconf 84' lang='lat' dir='ltr'><strong>elli-</strong></span> 
     </span>
    </p>
   </div>
   <div class='ocr_carea' id='block_1_67' title="bbox 497 3736 2072 3808">
    <p class='ocr_par' dir='ltr' id='par_1_67' title="bbox 497 3736 2072 3808">
     <span class='ocr_line' id='line_1_67' title="bbox 497 3736 2072 3808; baseline 0.001 -15"><span class='ocrx_word' id='word_1_521' title='bbox 497 3754 642 3794; x_wconf 88' lang='lat' dir='ltr'><strong>cere.</strong></span> <span class='ocrx_word' id='word_1_522' title='bbox 686 3738 887 3806; x_wconf 69' lang='lat' dir='ltr'><strong>Ecquis</strong></span> <span class='ocrx_word' id='word_1_523' title='bbox 934 3736 1076 3805; x_wconf 86' lang='lat' dir='ltr'><strong>quod</strong></span> <span class='ocrx_word' id='word_1_524' title='bbox 1124 3751 1189 3789; x_wconf 83' lang='lat' dir='ltr'><strong>ex</strong></span> <span class='ocrx_word' id='word_1_525' title='bbox 1242 3737 1582 3804; x_wconf 84' lang='lat' dir='ltr'><strong>providentia</strong></span> <span class='ocrx_word' id='word_1_526' title='bbox 1623 3739 1926 3795; x_wconf 86' lang='lat' dir='ltr'><strong>voluntarie</strong></span> <span class='ocrx_word' id='word_1_527' title='bbox 1975 3743 2072 3808; x_wconf 89' lang='lat' dir='ltr'><strong>lit,</strong></span> 
     </span>
    </p>
   </div>
   <div class='ocr_carea' id='block_1_68' title="bbox 511 3828 2075 3902">
    <p class='ocr_par' dir='ltr' id='par_1_68' title="bbox 511 3828 2075 3902">
     <span class='ocr_line' id='line_1_68' title="bbox 511 3828 2075 3902; baseline 0.002 -17"><span class='ocrx_word' id='word_1_528' title='bbox 511 3831 660 3900; x_wconf 87' lang='lat' dir='ltr'><strong>sequi</strong></span> <span class='ocrx_word' id='word_1_529' title='bbox 696 3832 824 3884; x_wconf 87' lang='lat' dir='ltr'><strong>dicit</strong></span> <span class='ocrx_word' id='word_1_530' title='bbox 859 3830 999 3885; x_wconf 88' lang='lat' dir='ltr'><strong>sicut</strong></span> <span class='ocrx_word' id='word_1_531' title='bbox 1037 3828 1245 3898; x_wconf 88' lang='lat' dir='ltr'><strong>aliquid</strong></span> <span class='ocrx_word' id='word_1_532' title='bbox 1294 3843 1480 3882; x_wconf 87' lang='lat' dir='ltr'><strong>eorum</strong></span> <span class='ocrx_word' id='word_1_533' title='bbox 1512 3844 1630 3897; x_wconf 62' lang='lat' dir='ltr'><strong>quae</strong></span> <span class='ocrx_word' id='word_1_534' title='bbox 1677 3829 1808 3886; x_wconf 79' lang='lat' dir='ltr'><strong>foris</strong></span> <span class='ocrx_word' id='word_1_535' title='bbox 1835 3848 2075 3902; x_wconf 85' lang='lat' dir='ltr'><strong>sequun-</strong></span> 
     </span>
    </p>
   </div>
   <div class='ocr_carea' id='block_1_69' title="bbox 497 3919 2075 3979">
    <p class='ocr_par' dir='ltr' id='par_1_69' title="bbox 497 3919 2075 3979">
     <span class='ocr_line' id='line_1_69' title="bbox 497 3919 2075 3979; baseline 0.001 -2"><span class='ocrx_word' id='word_1_536' title='bbox 497 3920 623 3977; x_wconf 81' lang='lat' dir='ltr'><strong>tur?</strong></span> <span class='ocrx_word' id='word_1_537' title='bbox 646 3919 756 3975; x_wconf 80' lang='lat' dir='ltr'><strong>Nec</strong></span> <span class='ocrx_word' id='word_1_538' title='bbox 783 3920 926 3973; x_wconf 75' lang='lat' dir='ltr'><strong>enim</strong></span> <span class='ocrx_word' id='word_1_539' title='bbox 950 3920 1244 3974; x_wconf 86' lang='lat' dir='ltr'><strong>seetmdum</strong></span> <span class='ocrx_word' id='word_1_540' title='bbox 1269 3932 1606 3974; x_wconf 88' lang='lat' dir='ltr'><strong>communem</strong></span> <span class='ocrx_word' id='word_1_541' title='bbox 1632 3924 2075 3979; x_wconf 82' lang='lat' dir='ltr'><strong>consuetudinem</strong></span> 
     </span>
    </p>
   </div>
   <div class='ocr_carea' id='block_1_70' title="bbox 502 4009 2078 4079">
    <p class='ocr_par' dir='ltr' id='par_1_70' title="bbox 502 4009 2078 4079">
     <span class='ocr_line' id='line_1_70' title="bbox 502 4009 2078 4079; baseline -0.001 -10"><span class='ocrx_word' id='word_1_542' title='bbox 502 4016 561 4069; x_wconf 87' lang='lat' dir='ltr'><strong>in</strong></span> <span class='ocrx_word' id='word_1_543' title='bbox 596 4012 896 4079; x_wconf 84' lang='lat' dir='ltr'><strong>lmjnsmndi</strong></span> <span class='ocrx_word' id='word_1_544' title='bbox 927 4012 1088 4063; x_wconf 84' lang='lat' dir='ltr'><strong>rebus</strong></span> <span class='ocrx_word' id='word_1_545' title='bbox 1121 4009 1223 4062; x_wconf 86' lang='lat' dir='ltr'><strong>hoc</strong></span> <span class='ocrx_word' id='word_1_546' title='bbox 1262 4009 1580 4064; x_wconf 84' lang='lat' dir='ltr'><strong>vocabulum</strong></span> <span class='ocrx_word' id='word_1_547' title='bbox 1617 4013 1801 4065; x_wconf 88' lang='lat' dir='ltr'><strong>tritum</strong></span> <span class='ocrx_word' id='word_1_548' title='bbox 1838 4028 1955 4069; x_wconf 89' lang='lat' dir='ltr'><strong>esse</strong></span> <span class='ocrx_word' id='word_1_549' title='bbox 1984 4029 2078 4070; x_wconf 80' lang='lat' dir='ltr'><strong>co-</strong></span> 
     </span>
    </p>
   </div>
   <div class='ocr_carea' id='block_1_71' title="bbox 499 4099 2076 4175">
    <p class='ocr_par' dir='ltr' id='par_1_71' title="bbox 499 4099 2076 4175">
     <span class='ocr_line' id='line_1_71' title="bbox 499 4099 2076 4175; baseline 0 -17"><span class='ocrx_word' id='word_1_550' title='bbox 499 4105 805 4175; x_wconf 76' lang='lat' dir='ltr'><strong>gnovimus,</strong></span> <span class='ocrx_word' id='word_1_551' title='bbox 833 4109 891 4153; x_wconf 89' lang='lat' dir='ltr'><strong>ut</strong></span> <span class='ocrx_word' id='word_1_552' title='bbox 919 4100 1157 4168; x_wconf 77' lang='lat' dir='ltr'><strong>energia,</strong></span> <span class='ocrx_word' id='word_1_553' title='bbox 1188 4099 1239 4152; x_wconf 91' lang='lat' dir='ltr'><strong>id</strong></span> <span class='ocrx_word' id='word_1_554' title='bbox 1264 4109 1374 4164; x_wconf 89' lang='lat' dir='ltr'><strong>est,</strong></span> <span class='ocrx_word' id='word_1_555' title='bbox 1402 4100 1645 4167; x_wconf 86' lang='lat' dir='ltr'><strong>operatio</strong></span> <span class='ocrx_word' id='word_1_556' title='bbox 1677 4100 1972 4159; x_wconf 83' lang='lat' dir='ltr'><strong>laborantis</strong></span> <span class='ocrx_word' id='word_1_557' title='bbox 1999 4104 2076 4175; x_wconf 88' lang='lat' dir='ltr'><strong>(l)</strong></span> 
     </span>
    </p>
   </div>
   <div class='ocr_carea' id='block_1_72' title="bbox 502 4191 2077 4263">
    <p class='ocr_par' dir='ltr' id='par_1_72' title="bbox 502 4191 2077 4263">
     <span class='ocr_line' id='line_1_72' title="bbox 502 4191 2077 4263; baseline 0.001 -13"><span class='ocrx_word' id='word_1_558' title='bbox 502 4199 555 4250; x_wconf 93' lang='lat' dir='ltr'><strong>in</strong></span> <span class='ocrx_word' id='word_1_559' title='bbox 588 4195 787 4263; x_wconf 91' lang='lat' dir='ltr'><strong>aliquo,</strong></span> <span class='ocrx_word' id='word_1_560' title='bbox 818 4194 1028 4246; x_wconf 87' lang='lat' dir='ltr'><strong>dicatur</strong></span> <span class='ocrx_word' id='word_1_561' title='bbox 1060 4192 1211 4260; x_wconf 88' lang='lat' dir='ltr'><strong>sequi</strong></span> <span class='ocrx_word' id='word_1_562' title='bbox 1257 4191 1631 4259; x_wconf 83' lang='lat' dir='ltr'><strong>laborantem;</strong></span> <span class='ocrx_word' id='word_1_563' title='bbox 1668 4208 1765 4248; x_wconf 92' lang='lat' dir='ltr'><strong>nec</strong></span> <span class='ocrx_word' id='word_1_564' title='bbox 1792 4196 1934 4249; x_wconf 91' lang='lat' dir='ltr'><strong>enim</strong></span> <span class='ocrx_word' id='word_1_565' title='bbox 1964 4196 2077 4253; x_wconf 80' lang='lat' dir='ltr'><strong>ﬁeri</strong></span> 
     </span>
    </p>
   </div>
   <div class='ocr_carea' id='block_1_73' title="bbox 501 4280 2079 4355">
    <p class='ocr_par' dir='ltr' id='par_1_73' title="bbox 501 4280 2079 4355">
     <span class='ocr_line' id='line_1_73' title="bbox 501 4280 2079 4355; baseline 0.003 -16"><span class='ocrx_word' id='word_1_566' title='bbox 501 4291 678 4355; x_wconf 89' lang='lat' dir='ltr'><strong>potest</strong></span> <span class='ocrx_word' id='word_1_567' title='bbox 703 4294 760 4337; x_wconf 92' lang='lat' dir='ltr'><strong>ut</strong></span> <span class='ocrx_word' id='word_1_568' title='bbox 784 4282 877 4352; x_wconf 87' lang='lat' dir='ltr'><strong>qni</strong></span> <span class='ocrx_word' id='word_1_569' title='bbox 908 4280 1135 4334; x_wconf 88' lang='lat' dir='ltr'><strong>alterum</strong></span> <span class='ocrx_word' id='word_1_570' title='bbox 1174 4282 1239 4335; x_wconf 88' lang='lat' dir='ltr'><strong>ab</strong></span> <span class='ocrx_word' id='word_1_571' title='bbox 1276 4280 1449 4335; x_wconf 90' lang='lat' dir='ltr'><strong>altero</strong></span> <span class='ocrx_word' id='word_1_572' title='bbox 1482 4280 1778 4351; x_wconf 83' lang='lat' dir='ltr'><strong>disjunsit,</strong></span> <span class='ocrx_word' id='word_1_573' title='bbox 1814 4288 1957 4353; x_wconf 88' lang='lat' dir='ltr'><strong>quod</strong></span> <span class='ocrx_word' id='word_1_574' title='bbox 1995 4304 2079 4343; x_wconf 89' lang='lat' dir='ltr'><strong>rc-</strong></span> 
     </span>
    </p>
   </div>
   <div class='ocr_carea' id='block_1_74' title="bbox 498 4372 2079 4445">
    <p class='ocr_par' dir='ltr' id='par_1_74' title="bbox 498 4372 2079 4445">
     <span class='ocr_line' id='line_1_74' title="bbox 498 4372 2079 4445; baseline 0.004 -17"><span class='ocrx_word' id='word_1_575' title='bbox 498 4375 782 4443; x_wconf 85' lang='lat' dir='ltr'><strong>linquitur,</strong></span> <span class='ocrx_word' id='word_1_576' title='bbox 812 4387 907 4442; x_wconf 88' lang='lat' dir='ltr'><strong>per</strong></span> <span class='ocrx_word' id='word_1_577' title='bbox 935 4388 993 4427; x_wconf 80' lang='lat' dir='ltr'><strong>se</strong></span> <span class='ocrx_word' id='word_1_578' title='bbox 1019 4372 1282 4442; x_wconf 73' lang='lat' dir='ltr'><strong>intelligat</strong></span> <span class='ocrx_word' id='word_1_579' title='bbox 1308 4388 1323 4425; x_wconf 87' lang='lat'><strong>:</strong></span> <span class='ocrx_word' id='word_1_580' title='bbox 1352 4374 1460 4427; x_wconf 85' lang='lat' dir='ltr'><strong>imo</strong></span> <span class='ocrx_word' id='word_1_581' title='bbox 1483 4375 1573 4442; x_wconf 82' lang='lat' dir='ltr'><strong>qui</strong></span> <span class='ocrx_word' id='word_1_582' title='bbox 1598 4375 1897 4445; x_wconf 73' lang='lat' dir='ltr'><strong>energiain,</strong></span> <span class='ocrx_word' id='word_1_583' title='bbox 1923 4378 1974 4432; x_wconf 90' lang='lat' dir='ltr'><strong>id</strong></span> <span class='ocrx_word' id='word_1_584' title='bbox 1998 4391 2079 4434; x_wconf 88' lang='lat' dir='ltr'><strong>est</strong></span> 
     </span>
    </p>
   </div>
   <div class='ocr_carea' id='block_1_75' title="bbox 500 4462 2077 4538">
    <p class='ocr_par' dir='ltr' id='par_1_75' title="bbox 500 4462 2077 4538">
     <span class='ocr_line' id='line_1_75' title="bbox 500 4462 2077 4538; baseline 0.004 -21"><span class='ocrx_word' id='word_1_585' title='bbox 500 4464 869 4533; x_wconf 69' lang='lat' dir='ltr'><strong>operationem</strong></span> <span class='ocrx_word' id='word_1_586' title='bbox 918 4462 1094 4528; x_wconf 89' lang='lat' dir='ltr'><strong>dixit,</strong></span> <span class='ocrx_word' id='word_1_587' title='bbox 1150 4462 1309 4516; x_wconf 86' lang='lat' dir='ltr'><strong>simul</strong></span> <span class='ocrx_word' id='word_1_588' title='bbox 1365 4462 1780 4533; x_wconf 81' lang='lat' dir='ltr'><strong>comprehendit</strong></span> <span class='ocrx_word' id='word_1_589' title='bbox 1821 4471 2031 4524; x_wconf 88' lang='lat' dir='ltr'><strong>ratione</strong></span> <span class='ocrx_word' id='word_1_590' title='bbox 2061 4512 2077 4538; x_wconf 90' lang='lat'><strong>,</strong></span> 
     </span>
    </p>
   </div>
   <div class='ocr_carea' id='block_1_76' title="bbox 2254 3146 3719 3215">
    <p class='ocr_par' dir='ltr' id='par_1_76' title="bbox 2254 3146 3719 3215">
     <span class='ocr_line' id='line_1_76' title="bbox 2254 3146 3719 3215; baseline -0.007 -11"><span class='ocrx_word' id='word_1_591' title='bbox 2254 3151 2624 3209; x_wconf 74' lang='lat' dir='ltr'><strong>substantiam.</strong></span> <span class='ocrx_word' id='word_1_592' title='bbox 2656 3158 2704 3202; x_wconf 87' lang='lat' dir='ltr'><strong>et</strong></span> <span class='ocrx_word' id='word_1_593' title='bbox 2743 3149 2891 3201; x_wconf 82' lang='lat' dir='ltr'><strong>aliud</strong></span> <span class='ocrx_word' id='word_1_594' title='bbox 2934 3148 3272 3213; x_wconf 80' lang='lat' dir='ltr'><strong>bonitatem;</strong></span> <span class='ocrx_word' id='word_1_595' title='bbox 3322 3164 3412 3200; x_wconf 83' lang='lat' dir='ltr'><strong>nec</strong></span> <span class='ocrx_word' id='word_1_596' title='bbox 3454 3146 3589 3200; x_wconf 82' lang='lat' dir='ltr'><strong>aliud</strong></span> <span class='ocrx_word' id='word_1_597' title='bbox 3625 3146 3719 3215; x_wconf 77' lang='lat' dir='ltr'><strong>{or-</strong></span> 
     </span>
    </p>
   </div>
   <div class='ocr_carea' id='block_1_77' title="bbox 2257 3218 3721 3282">
    <p class='ocr_par' dir='ltr' id='par_1_77' title="bbox 2257 3218 3721 3282">
     <span class='ocr_line' id='line_1_77' title="bbox 2257 3218 3721 3282; baseline -0.004 -9"><span class='ocrx_word' id='word_1_598' title='bbox 2257 3237 2396 3273; x_wconf 74' lang='lat' dir='ltr'><strong>mam</strong></span> <span class='ocrx_word' id='word_1_599' title='bbox 2420 3259 2434 3282; x_wconf 90' lang='lat'><strong>,</strong></span> <span class='ocrx_word' id='word_1_600' title='bbox 2462 3231 2506 3272; x_wconf 84' lang='lat' dir='ltr'><strong>et</strong></span> <span class='ocrx_word' id='word_1_601' title='bbox 2538 3218 2687 3271; x_wconf 81' lang='lat' dir='ltr'><strong>aliud</strong></span> <span class='ocrx_word' id='word_1_602' title='bbox 2718 3219 3071 3270; x_wconf 69' lang='lat' dir='ltr'><strong>substantiam</strong></span> <span class='ocrx_word' id='word_1_603' title='bbox 3097 3235 3115 3282; x_wconf 82' lang='lat'><strong>,°</strong></span> <span class='ocrx_word' id='word_1_604' title='bbox 3150 3232 3243 3271; x_wconf 73' lang='lat' dir='ltr'><strong>nec</strong></span> <span class='ocrx_word' id='word_1_605' title='bbox 3274 3218 3420 3270; x_wconf 82' lang='lat' dir='ltr'><strong>aliud</strong></span> <span class='ocrx_word' id='word_1_606' title='bbox 3449 3219 3625 3275; x_wconf 74' lang='lat' dir='ltr'><strong>vitam,</strong></span> <span class='ocrx_word' id='word_1_607' title='bbox 3657 3230 3721 3267; x_wconf 72' lang='lat' dir='ltr'><strong>ea</strong></span> 
     </span>
    </p>
   </div>
   <div class='ocr_carea' id='block_1_78' title="bbox 2255 3287 3718 3356">
    <p class='ocr_par' dir='ltr' id='par_1_78' title="bbox 2255 3287 3718 3356">
     <span class='ocr_line' id='line_1_78' title="bbox 2255 3287 3718 3356; baseline -0.005 -12"><span class='ocrx_word' id='word_1_608' title='bbox 2255 3290 2590 3356; x_wconf 74' lang='lat' dir='ltr'><strong>sapientiam,</strong></span> <span class='ocrx_word' id='word_1_609' title='bbox 2630 3288 2708 3341; x_wconf 83' lang='lat' dir='ltr'><strong>rel</strong></span> <span class='ocrx_word' id='word_1_610' title='bbox 2740 3291 2979 3353; x_wconf 58' lang='lat' dir='ltr'><strong>virtutem</strong></span> <span class='ocrx_word' id='word_1_611' title='bbox 3004 3326 3018 3353; x_wconf 95' lang='lat'><strong>,</strong></span> <span class='ocrx_word' id='word_1_612' title='bbox 3053 3288 3206 3341; x_wconf 85' lang='lat' dir='ltr'><strong>aliud</strong></span> <span class='ocrx_word' id='word_1_613' title='bbox 3259 3303 3376 3341; x_wconf 77' lang='lat' dir='ltr'><strong>vero</strong></span> <span class='ocrx_word' id='word_1_614' title='bbox 3404 3287 3718 3341; x_wconf 70' lang='lat' dir='ltr'><strong>substantiam</strong></span> 
     </span>
    </p>
   </div>
   <div class='ocr_carea' id='block_1_79' title="bbox 2251 3360 2503 3422">
    <p class='ocr_par' dir='ltr' id='par_1_79' title="bbox 2251 3360 2503 3422">
     <span class='ocr_line' id='line_1_79' title="bbox 2251 3360 2503 3422; baseline 0.008 -12"><span class='ocrx_word' id='word_1_615' title='bbox 2251 3360 2503 3422; x_wconf 78' lang='lat' dir='ltr'><strong>ejusdem.</strong></span> 
     </span>
    </p>
   </div>
   <div class='ocr_carea' id='block_1_80' title="bbox 2257 3469 3720 3538">
    <p class='ocr_par' dir='ltr' id='par_1_80' title="bbox 2257 3469 3720 3538">
     <span class='ocr_line' id='line_1_80' title="bbox 2257 3469 3720 3538; baseline -0.004 -15"><span class='ocrx_word' id='word_1_616' title='bbox 2257 3471 2515 3527; x_wconf 86' lang='lat' dir='ltr'><strong>Dominus</strong></span> <span class='ocrx_word' id='word_1_617' title='bbox 2546 3470 2597 3524; x_wconf 90' lang='lat' dir='ltr'><strong>in</strong></span> <span class='ocrx_word' id='word_1_618' title='bbox 2627 3469 2916 3538; x_wconf 68' lang='lat' dir='ltr'><strong>Evangelia</strong></span> <span class='ocrx_word' id='word_1_619' title='bbox 2940 3469 3015 3523; x_wconf 89' lang='lat' dir='ltr'><strong>ait</strong></span> <span class='ocrx_word' id='word_1_620' title='bbox 3046 3485 3061 3522; x_wconf 93' lang='lat'><strong>:</strong></span> <span class='ocrx_word' id='word_1_621' title='bbox 3090 3469 3257 3524; x_wconf 83' lang='lat' dir='ltr'><strong>Nemo</strong></span> <span class='ocrx_word' id='word_1_622' title='bbox 3281 3471 3461 3533; x_wconf 80' lang='lat' dir='ltr'><strong>bonus,</strong></span> <span class='ocrx_word' id='word_1_623' title='bbox 3485 3470 3581 3523; x_wconf 81' lang='lat' dir='ltr'><strong>nisi</strong></span> <span class='ocrx_word' id='word_1_624' title='bbox 3608 3480 3720 3520; x_wconf 75' lang='lat' dir='ltr'><strong>unus</strong></span> 
     </span>
    </p>
   </div>
   <div class='ocr_carea' id='block_1_81' title="bbox 2184 3561 3720 3632">
    <p class='ocr_par' dir='ltr' id='par_1_81' title="bbox 2184 3561 3720 3632">
     <span class='ocr_line' id='line_1_81' title="bbox 2184 3561 3720 3632; baseline -0.004 -17"><span class='ocrx_word' id='word_1_625' title='bbox 2184 3562 2328 3617; x_wconf 80' lang='lat' dir='ltr'><strong>Deus</strong></span> <span class='ocrx_word' id='word_1_626' title='bbox 2356 3564 2428 3616; x_wconf 82' lang='lat'><strong>“.</strong></span> <span class='ocrx_word' id='word_1_627' title='bbox 2464 3565 2523 3617; x_wconf 88' lang='lat' dir='ltr'><strong>S.</strong></span> <span class='ocrx_word' id='word_1_628' title='bbox 2552 3562 2803 3632; x_wconf 83' lang='lat' dir='ltr'><strong>Cyrillns,</strong></span> <span class='ocrx_word' id='word_1_629' title='bbox 2854 3563 2908 3616; x_wconf 90' lang='lat' dir='ltr'><strong>in</strong></span> <span class='ocrx_word' id='word_1_630' title='bbox 2963 3561 3251 3617; x_wconf 78' lang='lat' dir='ltr'><strong>Tltesauris</strong></span> <span class='ocrx_word' id='word_1_631' title='bbox 3302 3564 3436 3618; x_wconf 86' lang='lat' dir='ltr'><strong>libro</strong></span> <span class='ocrx_word' id='word_1_632' title='bbox 3480 3577 3571 3625; x_wconf 81' lang='lat' dir='ltr'><strong>stt,</strong></span> <span class='ocrx_word' id='word_1_633' title='bbox 3622 3573 3720 3625; x_wconf 83' lang='lat' dir='ltr'><strong>cap.</strong></span> 
     </span>
    </p>
   </div>
   <div class='ocr_carea' id='block_1_82' title="bbox 2186 3654 3722 3724">
    <p class='ocr_par' dir='ltr' id='par_1_82' title="bbox 2186 3654 3722 3724">
     <span class='ocr_line' id='line_1_82' title="bbox 2186 3654 3722 3724; baseline -0.006 -14"><span class='ocrx_word' id='word_1_634' title='bbox 2186 3657 2255 3710; x_wconf 73' lang='grc' dir='ltr'>Η</span> <span class='ocrx_word' id='word_1_635' title='bbox 2292 3673 2305 3707; x_wconf 93' lang='lat'>:</span> <span class='ocrx_word' id='word_1_636' title='bbox 2340 3655 2646 3721; x_wconf 86' lang='lat' dir='ltr'><strong>Quomodo,</strong></span> <span class='ocrx_word' id='word_1_637' title='bbox 2682 3654 2875 3724; x_wconf 84' lang='lat' dir='ltr'><strong>inquit,</strong></span> <span class='ocrx_word' id='word_1_638' title='bbox 2909 3662 2993 3707; x_wconf 85' lang='lat' dir='ltr'><strong>est</strong></span> <span class='ocrx_word' id='word_1_639' title='bbox 3026 3669 3167 3709; x_wconf 88' lang='lat' dir='ltr'><strong>unus</strong></span> <span class='ocrx_word' id='word_1_640' title='bbox 3198 3654 3395 3718; x_wconf 86' lang='lat' dir='ltr'><strong>bonus,</strong></span> <span class='ocrx_word' id='word_1_641' title='bbox 3439 3664 3495 3707; x_wconf 93' lang='lat' dir='ltr'><strong>ut</strong></span> <span class='ocrx_word' id='word_1_642' title='bbox 3538 3655 3637 3721; x_wconf 87' lang='lat' dir='ltr'><strong>ipse</strong></span> <span class='ocrx_word' id='word_1_643' title='bbox 3662 3661 3722 3702; x_wconf 83' lang='lat' dir='ltr'><strong>te-</strong></span> 
     </span>
    </p>
   </div>
   <div class='ocr_carea' id='block_1_83' title="bbox 2183 3740 3725 3817">
    <p class='ocr_par' dir='ltr' id='par_1_83' title="bbox 2183 3740 3725 3817">
     <span class='ocr_line' id='line_1_83' title="bbox 2183 3740 3725 3817; baseline -0.006 -14"><span class='ocrx_word' id='word_1_644' title='bbox 2183 3748 2395 3803; x_wconf 83' lang='lat' dir='ltr'><strong>statur?</strong></span> <span class='ocrx_word' id='word_1_645' title='bbox 2422 3762 2615 3816; x_wconf 87' lang='lat' dir='ltr'><strong>nempe</strong></span> <span class='ocrx_word' id='word_1_646' title='bbox 2649 3747 2773 3817; x_wconf 87' lang='lat' dir='ltr'><strong>quia</strong></span> <span class='ocrx_word' id='word_1_647' title='bbox 2803 3756 2986 3801; x_wconf 86' lang='lat' dir='ltr'><strong>sancta</strong></span> <span class='ocrx_word' id='word_1_648' title='bbox 3013 3746 3260 3803; x_wconf 88' lang='lat' dir='ltr'><strong>Trinitas</strong></span> <span class='ocrx_word' id='word_1_649' title='bbox 3287 3749 3339 3802; x_wconf 91' lang='lat' dir='ltr'><strong>in</strong></span> <span class='ocrx_word' id='word_1_650' title='bbox 3375 3759 3529 3801; x_wconf 88' lang='lat' dir='ltr'><strong>unam</strong></span> <span class='ocrx_word' id='word_1_651' title='bbox 3558 3740 3725 3799; x_wconf 78' lang='lat' dir='ltr'><strong>divini-</strong></span> 
     </span>
    </p>
   </div>
   <div class='ocr_carea' id='block_1_84' title="bbox 2185 3835 3721 3907">
    <p class='ocr_par' dir='ltr' id='par_1_84' title="bbox 2185 3835 3721 3907">
     <span class='ocr_line' id='line_1_84' title="bbox 2185 3835 3721 3907; baseline -0.006 -15"><span class='ocrx_word' id='word_1_652' title='bbox 2185 3848 2351 3895; x_wconf 83' lang='lat' dir='ltr'><strong>tatem</strong></span> <span class='ocrx_word' id='word_1_653' title='bbox 2385 3840 2521 3892; x_wconf 90' lang='lat' dir='ltr'><strong>redit</strong></span> <span class='ocrx_word' id='word_1_654' title='bbox 2550 3849 2768 3907; x_wconf 88' lang='lat' dir='ltr'><strong>propter</strong></span> <span class='ocrx_word' id='word_1_655' title='bbox 2810 3850 2969 3891; x_wconf 89' lang='lat' dir='ltr'><strong>unam</strong></span> <span class='ocrx_word' id='word_1_656' title='bbox 3009 3846 3063 3892; x_wconf 93' lang='lat' dir='ltr'><strong>et</strong></span> <span class='ocrx_word' id='word_1_657' title='bbox 3088 3838 3337 3893; x_wconf 83' lang='lat' dir='ltr'><strong>eamdem</strong></span> <span class='ocrx_word' id='word_1_658' title='bbox 3374 3835 3721 3896; x_wconf 75' lang='lat' dir='ltr'><strong>substantiam,</strong></span> 
     </span>
    </p>
   </div>
   <div class='ocr_carea' id='block_1_85' title="bbox 2184 3924 3724 3994">
    <p class='ocr_par' dir='ltr' id='par_1_85' title="bbox 2184 3924 3724 3994">
     <span class='ocr_line' id='line_1_85' title="bbox 2184 3924 3724 3994; baseline -0.006 -9"><span class='ocrx_word' id='word_1_659' title='bbox 2184 3940 2245 3985; x_wconf 91' lang='lat' dir='ltr'><strong>ut</strong></span> <span class='ocrx_word' id='word_1_660' title='bbox 2292 3939 2500 3984; x_wconf 89' lang='lat' dir='ltr'><strong>tantum</strong></span> <span class='ocrx_word' id='word_1_661' title='bbox 2543 3929 2724 3984; x_wconf 84' lang='lat' dir='ltr'><strong>divina</strong></span> <span class='ocrx_word' id='word_1_662' title='bbox 2785 3929 3087 3983; x_wconf 89' lang='lat' dir='ltr'><strong>substantia</strong></span> <span class='ocrx_word' id='word_1_663' title='bbox 3137 3928 3211 3982; x_wconf 89' lang='lat' dir='ltr'><strong>sit</strong></span> <span class='ocrx_word' id='word_1_664' title='bbox 3266 3930 3465 3985; x_wconf 89' lang='lat' dir='ltr'><strong>bonum</strong></span> <span class='ocrx_word' id='word_1_665' title='bbox 3513 3924 3724 3994; x_wconf 81' lang='lat' dir='ltr'><strong>proprie.</strong></span> 
     </span>
    </p>
   </div>
   <div class='ocr_carea' id='block_1_86' title="bbox 2184 4017 3727 4094">
    <p class='ocr_par' dir='ltr' id='par_1_86' title="bbox 2184 4017 3727 4094">
     <span class='ocr_line' id='line_1_86' title="bbox 2184 4017 3727 4094; baseline -0.007 -17"><span class='ocrx_word' id='word_1_666' title='bbox 2184 4022 2410 4094; x_wconf 72' lang='lat' dir='ltr'><strong>Magnus</strong></span> <span class='ocrx_word' id='word_1_667' title='bbox 2442 4021 2673 4076; x_wconf 84' lang='lat' dir='ltr'><strong>Basilius</strong></span> <span class='ocrx_word' id='word_1_668' title='bbox 2703 4037 2718 4075; x_wconf 93' lang='lat'><strong>:</strong></span> <span class='ocrx_word' id='word_1_669' title='bbox 2750 4018 2950 4086; x_wconf 89' lang='lat' dir='ltr'><strong>Bonus,</strong></span> <span class='ocrx_word' id='word_1_670' title='bbox 2983 4019 3178 4089; x_wconf 90' lang='lat' dir='ltr'><strong>inquit,</strong></span> <span class='ocrx_word' id='word_1_671' title='bbox 3214 4018 3467 4090; x_wconf 89' lang='lat' dir='ltr'><strong>Spiritus,</strong></span> <span class='ocrx_word' id='word_1_672' title='bbox 3494 4018 3623 4072; x_wconf 83' lang='lat' dir='ltr'><strong>sicut</strong></span> <span class='ocrx_word' id='word_1_673' title='bbox 3648 4017 3727 4067; x_wconf 88' lang='lat' dir='ltr'><strong>bo-</strong></span> 
     </span>
    </p>
   </div>
   <div class='ocr_carea' id='block_1_87' title="bbox 2187 4106 3728 4181">
    <p class='ocr_par' dir='ltr' id='par_1_87' title="bbox 2187 4106 3728 4181">
     <span class='ocr_line' id='line_1_87' title="bbox 2187 4106 3728 4181; baseline -0.006 -14"><span class='ocrx_word' id='word_1_674' title='bbox 2187 4129 2287 4168; x_wconf 91' lang='lat' dir='ltr'><strong>nus</strong></span> <span class='ocrx_word' id='word_1_675' title='bbox 2319 4113 2498 4177; x_wconf 85' lang='lat' dir='ltr'><strong>Pater,</strong></span> <span class='ocrx_word' id='word_1_676' title='bbox 2538 4119 2595 4167; x_wconf 89' lang='lat' dir='ltr'><strong>et</strong></span> <span class='ocrx_word' id='word_1_677' title='bbox 2644 4112 2784 4165; x_wconf 90' lang='lat' dir='ltr'><strong>sicut</strong></span> <span class='ocrx_word' id='word_1_678' title='bbox 2822 4113 2996 4166; x_wconf 88' lang='lat' dir='ltr'><strong>bonus</strong></span> <span class='ocrx_word' id='word_1_679' title='bbox 3041 4127 3108 4165; x_wconf 86' lang='lat' dir='ltr'><strong>ex</strong></span> <span class='ocrx_word' id='word_1_680' title='bbox 3146 4111 3295 4168; x_wconf 83' lang='lat' dir='ltr'><strong>bono</strong></span> <span class='ocrx_word' id='word_1_681' title='bbox 3336 4109 3566 4181; x_wconf 73' lang='lat' dir='ltr'><strong>genitus,</strong></span> <span class='ocrx_word' id='word_1_682' title='bbox 3594 4106 3728 4175; x_wconf 87' lang='lat' dir='ltr'><strong>cujus</strong></span> 
     </span>
    </p>
   </div>
   <div class='ocr_carea' id='block_1_88' title="bbox 2186 4190 3726 4273">
    <p class='ocr_par' dir='ltr' id='par_1_88' title="bbox 2186 4190 3726 4273">
     <span class='ocr_line' id='line_1_88' title="bbox 2186 4190 3726 4273; baseline -0.006 -13"><span class='ocrx_word' id='word_1_683' title='bbox 2186 4205 2486 4260; x_wconf 84' lang='lat' dir='ltr'><strong>substantia</strong></span> <span class='ocrx_word' id='word_1_684' title='bbox 2520 4212 2604 4258; x_wconf 90' lang='lat' dir='ltr'><strong>est</strong></span> <span class='ocrx_word' id='word_1_685' title='bbox 2634 4205 2749 4272; x_wconf 84' lang='lat' dir='ltr'><strong>ipsa</strong></span> <span class='ocrx_word' id='word_1_686' title='bbox 2778 4202 3013 4260; x_wconf 89' lang='lat' dir='ltr'><strong>bonitas.</strong></span> <span class='ocrx_word' id='word_1_687' title='bbox 3042 4202 3281 4259; x_wconf 88' lang='lat' dir='ltr'><strong>Sanctus</strong></span> <span class='ocrx_word' id='word_1_688' title='bbox 3308 4190 3594 4273; x_wconf 71' lang='lat' dir='ltr'><strong>Gregorius</strong></span> <span class='ocrx_word' id='word_1_689' title='bbox 3610 4198 3726 4268; x_wconf 77' lang='lat' dir='ltr'><strong>Nys-</strong></span> 
     </span>
    </p>
   </div>
   <div class='ocr_carea' id='block_1_89' title="bbox 2186 4295 3728 4365">
    <p class='ocr_par' dir='ltr' id='par_1_89' title="bbox 2186 4295 3728 4365">
     <span class='ocr_line' id='line_1_89' title="bbox 2186 4295 3728 4365; baseline -0.006 -14"><span class='ocrx_word' id='word_1_690' title='bbox 2186 4312 2373 4362; x_wconf 85' lang='lat' dir='ltr'><strong>senus,</strong></span> <span class='ocrx_word' id='word_1_691' title='bbox 2414 4298 2466 4350; x_wconf 89' lang='lat' dir='ltr'><strong>in</strong></span> <span class='ocrx_word' id='word_1_692' title='bbox 2517 4295 2654 4350; x_wconf 90' lang='lat' dir='ltr'><strong>libro</strong></span> <span class='ocrx_word' id='word_1_693' title='bbox 2688 4295 2764 4349; x_wconf 87' lang='lat' dir='ltr'><strong>De</strong></span> <span class='ocrx_word' id='word_1_694' title='bbox 2806 4297 2912 4349; x_wconf 75' lang='lat' dir='ltr'><strong>vita</strong></span> <span class='ocrx_word' id='word_1_695' title='bbox 2964 4296 3162 4365; x_wconf 73' lang='lat' dir='ltr'><strong>Hoyu&#39;s</strong></span> <span class='ocrx_word' id='word_1_696' title='bbox 3187 4336 3205 4362; x_wconf 92' lang='lat'><strong>,</strong></span> <span class='ocrx_word' id='word_1_697' title='bbox 3243 4298 3322 4352; x_wconf 90' lang='lat' dir='ltr'><strong>ait</strong></span> <span class='ocrx_word' id='word_1_698' title='bbox 3355 4319 3370 4353; x_wconf 84' lang='lat'><strong>:</strong></span> <span class='ocrx_word' id='word_1_699' title='bbox 3401 4297 3643 4359; x_wconf 83' lang='lat' dir='ltr'><strong>Primum,</strong></span> <span class='ocrx_word' id='word_1_700' title='bbox 3681 4298 3728 4343; x_wconf 90' lang='lat' dir='ltr'><strong>et</strong></span> 
     </span>
    </p>
   </div>
   <div class='ocr_carea' id='block_1_90' title="bbox 2187 4384 3725 4456">
    <p class='ocr_par' dir='ltr' id='par_1_90' title="bbox 2187 4384 3725 4456">
     <span class='ocr_line' id='line_1_90' title="bbox 2187 4384 3725 4456; baseline -0.003 -17"><span class='ocrx_word' id='word_1_701' title='bbox 2187 4386 2401 4456; x_wconf 86' lang='lat' dir='ltr'><strong>proprie</strong></span> <span class='ocrx_word' id='word_1_702' title='bbox 2431 4386 2654 4451; x_wconf 88' lang='lat' dir='ltr'><strong>bonum,</strong></span> <span class='ocrx_word' id='word_1_703' title='bbox 2682 4384 2836 4453; x_wconf 85' lang='lat' dir='ltr'><strong>cujus</strong></span> <span class='ocrx_word' id='word_1_704' title='bbox 2860 4395 3051 4440; x_wconf 87' lang='lat' dir='ltr'><strong>natura</strong></span> <span class='ocrx_word' id='word_1_705' title='bbox 3079 4396 3160 4440; x_wconf 88' lang='lat' dir='ltr'><strong>est</strong></span> <span class='ocrx_word' id='word_1_706' title='bbox 3185 4386 3432 4453; x_wconf 86' lang='lat' dir='ltr'><strong>bonitas,</strong></span> <span class='ocrx_word' id='word_1_707' title='bbox 3462 4389 3569 4456; x_wconf 89' lang='lat' dir='ltr'><strong>ipse</strong></span> <span class='ocrx_word' id='word_1_708' title='bbox 3586 4384 3725 4447; x_wconf 80' lang='lat' dir='ltr'><strong>Deus,</strong></span> 
     </span>
    </p>
   </div>
   <div class='ocr_carea' id='block_1_91' title="bbox 2190 4478 3728 4551">
    <p class='ocr_par' dir='ltr' id='par_1_91' title="bbox 2190 4478 3728 4551">
     <span class='ocr_line' id='line_1_91' title="bbox 2190 4478 3728 4551; baseline -0.003 -20"><span class='ocrx_word' id='word_1_709' title='bbox 2190 4480 2551 4549; x_wconf 89' lang='lat' dir='ltr'><strong>quodcunque</strong></span> <span class='ocrx_word' id='word_1_710' title='bbox 2607 4485 2797 4533; x_wconf 89' lang='lat' dir='ltr'><strong>natura</strong></span> <span class='ocrx_word' id='word_1_711' title='bbox 2829 4478 3147 4548; x_wconf 73' lang='lat' dir='ltr'><strong>intelligitur</strong></span> <span class='ocrx_word' id='word_1_712' title='bbox 3178 4480 3283 4551; x_wconf 77' lang='lat'><strong>(2),</strong></span> <span class='ocrx_word' id='word_1_713' title='bbox 3313 4481 3415 4535; x_wconf 87' lang='lat' dir='ltr'><strong>hoc</strong></span> <span class='ocrx_word' id='word_1_714' title='bbox 3445 4491 3543 4541; x_wconf 89' lang='lat' dir='ltr'><strong>est,</strong></span> <span class='ocrx_word' id='word_1_715' title='bbox 3571 4488 3617 4531; x_wconf 83' lang='lat' dir='ltr'><strong>et</strong></span> <span class='ocrx_word' id='word_1_716' title='bbox 3646 4489 3728 4527; x_wconf 86' lang='lat' dir='ltr'><strong>uo-</strong></span> 
     </span>
    </p>
   </div>
   <div class='ocr_carea' id='block_1_92' title="bbox 499 4550 2069 4642">
    <p class='ocr_par' dir='ltr' id='par_1_92' title="bbox 499 4550 2069 4623">
     <span class='ocr_line' id='line_1_92' title="bbox 499 4550 2069 4623; baseline 0.006 -18"><span class='ocrx_word' id='word_1_717' title='bbox 499 4551 645 4621; x_wconf 88' lang='lat' dir='ltr'><strong>quod</strong></span> <span class='ocrx_word' id='word_1_718' title='bbox 674 4551 968 4607; x_wconf 87' lang='lat' dir='ltr'><strong>secundum</strong></span> <span class='ocrx_word' id='word_1_719' title='bbox 995 4553 1291 4621; x_wconf 74' lang='lat' dir='ltr'><strong>euergiam,</strong></span> <span class='ocrx_word' id='word_1_720' title='bbox 1331 4550 1382 4607; x_wconf 90' lang='lat' dir='ltr'><strong>id</strong></span> <span class='ocrx_word' id='word_1_721' title='bbox 1411 4560 1514 4618; x_wconf 90' lang='lat' dir='ltr'><strong>est,</strong></span> <span class='ocrx_word' id='word_1_722' title='bbox 1553 4556 1918 4623; x_wconf 85' lang='lat' dir='ltr'><strong>operationem</strong></span> <span class='ocrx_word' id='word_1_723' title='bbox 1956 4575 2069 4615; x_wconf 86' lang='lat' dir='ltr'><strong>mo-</strong></span> 
     </span>
    </p>
   </div>
   <div class='ocr_carea' id='block_1_93' title="bbox 2173 4550 3725 4642">
    <p class='ocr_par' dir='ltr' id='par_1_93' title="bbox 2179 4570 3725 4642">
     <span class='ocr_line' id='line_1_93' title="bbox 2179 4570 3725 4642; baseline -0.001 -19"><span class='ocrx_word' id='word_1_724' title='bbox 2179 4572 2433 4626; x_wconf 78' lang='lat' dir='ltr'><strong>tuinatur.</strong></span> <span class='ocrx_word' id='word_1_725' title='bbox 2479 4570 2544 4624; x_wconf 86' lang='lat' dir='ltr'><strong>Et</strong></span> <span class='ocrx_word' id='word_1_726' title='bbox 2575 4584 2796 4642; x_wconf 73' lang='lat' dir='ltr'><strong>magnus</strong></span> <span class='ocrx_word' id='word_1_727' title='bbox 2825 4571 3110 4640; x_wconf 76' lang='lat' dir='ltr'><strong>Apostolus</strong></span> <span class='ocrx_word' id='word_1_728' title='bbox 3140 4587 3155 4625; x_wconf 89' lang='lat'><strong>:</strong></span> <span class='ocrx_word' id='word_1_729' title='bbox 3190 4572 3299 4637; x_wconf 68' lang='lat' dir='ltr'><strong>Qui</strong></span> <span class='ocrx_word' id='word_1_730' title='bbox 3331 4589 3448 4626; x_wconf 71' lang='lat' dir='ltr'><strong>cura</strong></span> <span class='ocrx_word' id='word_1_731' title='bbox 3476 4572 3529 4626; x_wconf 82' lang='lat' dir='ltr'><strong>iis</strong></span> <span class='ocrx_word' id='word_1_732' title='bbox 3554 4572 3725 4639; x_wconf 73' lang='lat' dir='ltr'><strong>form,</strong></span> 
     </span>
    </p>
   </div>
   <div class='ocr_carea' id='block_1_94' title="bbox 570 4716 1089 4782">
    <p class='ocr_par' dir='ltr' id='par_1_94' title="bbox 570 4716 1089 4782">
     <span class='ocr_line' id='line_1_94' title="bbox 570 4716 1089 4782; baseline -0.004 -12"><span class='ocrx_word' id='word_1_733' title='bbox 570 4718 615 4749; x_wconf 78' lang='grc' dir='ltr'><strong>ἰ</strong></span> <span class='ocrx_word' id='word_1_734' title='bbox 643 4716 778 4772; x_wconf 86' lang='lat' dir='ltr'><strong>Luc.</strong></span> <span class='ocrx_word' id='word_1_735' title='bbox 814 4732 970 4782; x_wconf 77' lang='lat' dir='ltr'><strong>xvttt,</strong></span> <span class='ocrx_word' id='word_1_736' title='bbox 1003 4716 1089 4769; x_wconf 82' lang='lat' dir='ltr'><strong>l9.</strong></span> 
     </span>
    </p>
   </div>
   <div class='ocr_carea' id='block_1_95' title="bbox 1986 4794 2264 4860">
    <p class='ocr_par' dir='ltr' id='par_1_95' title="bbox 1986 4794 2264 4860">
     <span class='ocr_line' id='line_1_95' title="bbox 1986 4794 2264 4860; baseline 0.011 -3"><span class='ocrx_word' id='word_1_737' title='bbox 1986 4794 2264 4860; x_wconf 85' lang='lat' dir='ltr'><strong>Scholia.</strong></span> 
     </span>
    </p>
   </div>
   <div class='ocr_carea' id='block_1_96' title="bbox 498 4910 2062 4984">
    <p class='ocr_par' dir='ltr' id='par_1_96' title="bbox 498 4910 2062 4984">
     <span class='ocr_line' id='line_1_96' title="bbox 498 4910 2062 4984; baseline 0.033 -35"><span class='ocrx_word' id='word_1_738' title='bbox 498 4924 626 4979; x_wconf 55' lang='lat' dir='ltr'><strong>tem,</strong></span> <span class='ocrx_word' id='word_1_739' title='bbox 655 4910 940 4984; x_wconf 78' lang='lat' dir='ltr'><strong>justitiam,</strong></span> <span class='ocrx_word' id='word_1_740' title='bbox 966 4911 1507 4984; x_wconf 22' lang='lat' dir='ltr'><strong>etaliahhujusmodi,</strong></span> <span class='ocrx_word' id='word_1_741' title='bbox 1540 4929 1645 4969; x_wconf 87' lang='lat' dir='ltr'><strong>non</strong></span> <span class='ocrx_word' id='word_1_742' title='bbox 1672 4915 1814 4983; x_wconf 70' lang='grc' dir='ltr'><strong>ςυοα</strong></span> <span class='ocrx_word' id='word_1_743' title='bbox 1850 4932 1944 4984; x_wconf 64' lang='lat' dir='ltr'><strong>Per</strong></span> <span class='ocrx_word' id='word_1_744' title='bbox 1977 4932 2062 4974; x_wconf 69' lang='lat' dir='ltr'><strong>es’</strong></span> 
     </span>
    </p>
   </div>
   <div class='ocr_carea' id='block_1_97' title="bbox 496 4982 2063 5056">
    <p class='ocr_par' dir='ltr' id='par_1_97' title="bbox 496 4982 2063 5056">
     <span class='ocr_line' id='line_1_97' title="bbox 496 4982 2063 5056; baseline 0.003 -18"><span class='ocrx_word' id='word_1_745' title='bbox 496 4986 733 5056; x_wconf 81' lang='lat' dir='ltr'><strong>sentiam</strong></span> <span class='ocrx_word' id='word_1_746' title='bbox 752 4982 894 5035; x_wconf 85' lang='lat' dir='ltr'><strong>aliud</strong></span> <span class='ocrx_word' id='word_1_747' title='bbox 928 4984 1000 5035; x_wconf 82' lang='lat' dir='ltr'><strong>sit</strong></span> <span class='ocrx_word' id='word_1_748' title='bbox 1032 4982 1084 5035; x_wconf 91' lang='lat' dir='ltr'><strong>in</strong></span> <span class='ocrx_word' id='word_1_749' title='bbox 1112 4982 1237 5056; x_wconf 77' lang='lat' dir='ltr'><strong>alio,</strong></span> <span class='ocrx_word' id='word_1_750' title='bbox 1276 4987 1402 5052; x_wconf 92' lang='lat' dir='ltr'><strong>quin</strong></span> <span class='ocrx_word' id='word_1_751' title='bbox 1435 4989 1611 5056; x_wconf 86' lang='lat' dir='ltr'><strong>potius</strong></span> <span class='ocrx_word' id='word_1_752' title='bbox 1642 4982 1780 5040; x_wconf 87' lang='lat' dir='ltr'><strong>idem</strong></span> <span class='ocrx_word' id='word_1_753' title='bbox 1814 4982 1895 5041; x_wconf 65' lang='lat' dir='ltr'><strong>eSt</strong></span> <span class='ocrx_word' id='word_1_754' title='bbox 1919 4990 2063 5056; x_wconf 89' lang='lat' dir='ltr'><strong>quod</strong></span> 
     </span>
    </p>
   </div>
   <div class='ocr_carea' id='block_1_98' title="bbox 497 5051 2061 5122">
    <p class='ocr_par' dir='ltr' id='par_1_98' title="bbox 497 5051 2061 5122">
     <span class='ocr_line' id='line_1_98' title="bbox 497 5051 2061 5122; baseline 0.003 -15"><span class='ocrx_word' id='word_1_755' title='bbox 497 5064 603 5122; x_wconf 82' lang='lat' dir='ltr'><strong>est,</strong></span> <span class='ocrx_word' id='word_1_756' title='bbox 637 5065 691 5105; x_wconf 88' lang='lat' dir='ltr'><strong>et</strong></span> <span class='ocrx_word' id='word_1_757' title='bbox 722 5051 775 5105; x_wconf 90' lang='lat' dir='ltr'><strong>in</strong></span> <span class='ocrx_word' id='word_1_758' title='bbox 806 5066 912 5119; x_wconf 90' lang='lat' dir='ltr'><strong>quo</strong></span> <span class='ocrx_word' id='word_1_759' title='bbox 953 5061 1055 5117; x_wconf 92' lang='lat' dir='ltr'><strong>est,</strong></span> <span class='ocrx_word' id='word_1_760' title='bbox 1093 5052 1184 5122; x_wconf 85' lang='lat' dir='ltr'><strong>sed</strong></span> <span class='ocrx_word' id='word_1_761' title='bbox 1218 5051 1319 5122; x_wconf 82' lang='lat' dir='ltr'><strong>per</strong></span> <span class='ocrx_word' id='word_1_762' title='bbox 1370 5054 1804 5122; x_wconf 68' lang='lat' dir='ltr'><strong>praedicationem</strong></span> <span class='ocrx_word' id='word_1_763' title='bbox 1859 5051 1950 5110; x_wconf 35' lang='lat' dir='ltr'><strong>sic’</strong></span> <span class='ocrx_word' id='word_1_764' title='bbox 1987 5059 2061 5112; x_wconf 87' lang='lat' dir='ltr'><strong>lo-</strong></span> 
     </span>
    </p>
   </div>
   <div class='ocr_carea' id='block_1_99' title="bbox 496 5070 2061 5193">
    <p class='ocr_par' dir='ltr' id='par_1_99' title="bbox 496 5070 2061 5193">
     <span class='ocr_line' id='line_1_99' title="bbox 497 5070 2061 5122; baseline 0.003 -15"><span class='ocrx_word' id='word_1_765' title='bbox 497 5070 603 5116; x_wconf 83' lang='lat' dir='ltr'><strong>cst,</strong></span> <span class='ocrx_word' id='word_1_766' title='bbox 637 5070 691 5105; x_wconf 77' lang='lat' dir='ltr'><strong>et</strong></span> <span class='ocrx_word' id='word_1_767' title='bbox 722 5070 775 5105; x_wconf 87' lang='lat' dir='ltr'><strong>Ill</strong></span> <span class='ocrx_word' id='word_1_768' title='bbox 806 5070 912 5119; x_wconf 89' lang='lat' dir='ltr'><strong>quo</strong></span> <span class='ocrx_word' id='word_1_769' title='bbox 953 5070 1055 5117; x_wconf 72' lang='grc' dir='ltr'><em>εει,</em></span> <span class='ocrx_word' id='word_1_770' title='bbox 1093 5070 1184 5105; x_wconf 89' lang='lat' dir='ltr'><strong>seu</strong></span> <span class='ocrx_word' id='word_1_771' title='bbox 1258 5070 1319 5107; x_wconf 89' lang='lat' dir='ltr'><strong>er</strong></span> <span class='ocrx_word' id='word_1_772' title='bbox 1370 5070 1804 5122; x_wconf 67' lang='lat' dir='ltr'><strong>praedicationem</strong></span> <span class='ocrx_word' id='word_1_773' title='bbox 1859 5072 1937 5110; x_wconf 81' lang='lat' dir='ltr'><strong>sic</strong></span> <span class='ocrx_word' id='word_1_774' title='bbox 1987 5070 2061 5112; x_wconf 87' lang='lat' dir='ltr'><strong>to-</strong></span> 
     </span>
     <span class='ocr_line' id='line_1_100' title="bbox 496 5070 2061 5193; baseline 0.003 -17"><span class='ocrx_word' id='word_1_775' title='bbox 496 5121 723 5193; x_wconf 86' lang='lat' dir='ltr'><strong>quimur</strong></span> <span class='ocrx_word' id='word_1_776' title='bbox 746 5121 894 5174; x_wconf 87' lang='lat' dir='ltr'><strong>nullo</strong></span> <span class='ocrx_word' id='word_1_777' title='bbox 924 5070 1284 5193; x_wconf 25' lang='lat' dir='ltr'><strong>perieuioatit</strong></span> <span class='ocrx_word' id='word_1_778' title='bbox 1311 5128 1454 5176; x_wconf 83' lang='lat' dir='ltr'><strong>enim</strong></span> <span class='ocrx_word' id='word_1_779' title='bbox 1484 5124 1559 5177; x_wconf 90' lang='lat' dir='ltr'><strong>ait</strong></span> <span class='ocrx_word' id='word_1_780' title='bbox 1589 5123 1820 5193; x_wconf 82' lang='lat' dir='ltr'><strong>Cyrillus</strong></span> <span class='ocrx_word' id='word_1_781' title='bbox 1846 5126 1896 5180; x_wconf 91' lang='lat' dir='ltr'><strong>in</strong></span> <span class='ocrx_word' id='word_1_782' title='bbox 1931 5125 2061 5181; x_wconf 73' lang='lat' dir='ltr'><strong>Tm-</strong></span> 
     </span>
    </p>
   </div>
   <div class='ocr_carea' id='block_1_100' title="bbox 495 5190 2062 5260">
    <p class='ocr_par' dir='ltr' id='par_1_100' title="bbox 495 5190 2062 5260">
     <span class='ocr_line' id='line_1_101' title="bbox 495 5190 2062 5260; baseline 0.003 -15"><span class='ocrx_word' id='word_1_783' title='bbox 495 5190 664 5255; x_wconf 40' lang='lat' dir='ltr'><strong>s‘aur&quot;</strong></span> <span class='ocrx_word' id='word_1_784' title='bbox 695 5192 791 5246; x_wconf 90' lang='lat' dir='ltr'><strong>lib.</strong></span> <span class='ocrx_word' id='word_1_785' title='bbox 826 5206 882 5253; x_wconf 84' lang='lat' dir='ltr'><strong>rt,</strong></span> <span class='ocrx_word' id='word_1_786' title='bbox 916 5206 1035 5260; x_wconf 85' lang='lat' dir='ltr'><strong>cap.</strong></span> <span class='ocrx_word' id='word_1_787' title='bbox 1067 5190 1087 5242; x_wconf 84' lang='grc'><strong>1</strong></span> <span class='ocrx_word' id='word_1_788' title='bbox 1122 5209 1133 5244; x_wconf 88' lang='lat'>:</span> <span class='ocrx_word' id='word_1_789' title='bbox 1164 5190 1327 5245; x_wconf 75' lang='lat' dir='ltr'><strong>illiilla</strong></span> <span class='ocrx_word' id='word_1_790' title='bbox 1355 5196 1418 5248; x_wconf 87' lang='lat' dir='ltr'><strong>de</strong></span> <span class='ocrx_word' id='word_1_791' title='bbox 1450 5194 1607 5248; x_wconf 81' lang='lat' dir='ltr'><strong>Patre</strong></span> <span class='ocrx_word' id='word_1_792' title='bbox 1631 5190 1683 5248; x_wconf 83' lang='lat' dir='ltr'><strong>et</strong></span> <span class='ocrx_word' id='word_1_793' title='bbox 1712 5195 1844 5249; x_wconf 69' lang='lat' dir='ltr'><strong>Filio</strong></span> <span class='ocrx_word' id='word_1_794' title='bbox 1868 5198 2062 5251; x_wconf 72' lang='lat' dir='ltr'><strong>dit-inte</strong></span> 
     </span>
    </p>
   </div>
   <div class='ocr_carea' id='block_1_101' title="bbox 501 5264 2064 5330">
    <p class='ocr_par' dir='ltr' id='par_1_101' title="bbox 501 5264 2064 5330">
     <span class='ocr_line' id='line_1_102' title="bbox 501 5264 2064 5330; baseline 0.001 -14"><span class='ocrx_word' id='word_1_795' title='bbox 501 5264 796 5329; x_wconf 71' lang='lat' dir='ltr'><strong>Scriptura:</strong></span> <span class='ocrx_word' id='word_1_796' title='bbox 841 5265 1153 5327; x_wconf 68' lang='lat' dir='ltr'><strong>praedicant,</strong></span> <span class='ocrx_word' id='word_1_797' title='bbox 1191 5278 1361 5330; x_wconf 76' lang='lat' dir='ltr'><strong>neque</strong></span> <span class='ocrx_word' id='word_1_798' title='bbox 1406 5274 1583 5318; x_wconf 73' lang='lat' dir='ltr'><strong>tamen</strong></span> <span class='ocrx_word' id='word_1_799' title='bbox 1639 5265 1923 5320; x_wconf 73' lang='lat' dir='ltr'><strong>diversitas</strong></span> <span class='ocrx_word' id='word_1_800' title='bbox 1968 5283 2064 5319; x_wconf 81' lang='lat' dir='ltr'><strong>no-</strong></span> 
     </span>
    </p>
   </div>
   <div class='ocr_carea' id='block_1_102' title="bbox 500 5332 2062 5401">
    <p class='ocr_par' dir='ltr' id='par_1_102' title="bbox 500 5332 2062 5401">
     <span class='ocr_line' id='line_1_103' title="bbox 500 5332 2062 5401; baseline 0.004 -19"><span class='ocrx_word' id='word_1_801' title='bbox 500 5334 703 5384; x_wconf 87' lang='lat' dir='ltr'><strong>minum</strong></span> <span class='ocrx_word' id='word_1_802' title='bbox 738 5332 1105 5384; x_wconf 77' lang='lat' dir='ltr'><strong>diversitatem</strong></span> <span class='ocrx_word' id='word_1_803' title='bbox 1152 5333 1467 5401; x_wconf 74' lang='lat' dir='ltr'><strong>substantia:</strong></span> <span class='ocrx_word' id='word_1_804' title='bbox 1511 5336 1747 5388; x_wconf 74' lang='lat' dir='ltr'><strong>ostendt</strong></span> <span class='ocrx_word' id='word_1_805' title='bbox 1774 5376 1788 5401; x_wconf 96' lang='lat'><strong>,</strong></span> <span class='ocrx_word' id='word_1_806' title='bbox 1828 5350 1922 5389; x_wconf 87' lang='lat' dir='ltr'><strong>nec</strong></span> <span class='ocrx_word' id='word_1_807' title='bbox 1960 5337 2062 5389; x_wconf 88' lang='lat' dir='ltr'><strong>ulla</strong></span> 
     </span>
    </p>
   </div>
   <div class='ocr_carea' id='block_1_103' title="bbox 499 5400 2065 5460">
    <p class='ocr_par' dir='ltr' id='par_1_103' title="bbox 499 5400 2065 5460">
     <span class='ocr_line' id='line_1_104' title="bbox 499 5400 2065 5460; baseline 0.005 -8"><span class='ocrx_word' id='word_1_808' title='bbox 499 5401 877 5453; x_wconf 81' lang='lat' dir='ltr'><strong>dissimilitudo</strong></span> <span class='ocrx_word' id='word_1_809' title='bbox 902 5402 1151 5454; x_wconf 66' lang='lat' dir='ltr'><strong>essentia:</strong></span> <span class='ocrx_word' id='word_1_810' title='bbox 1183 5403 1323 5456; x_wconf 89' lang='lat' dir='ltr'><strong>inter</strong></span> <span class='ocrx_word' id='word_1_811' title='bbox 1349 5400 1562 5456; x_wconf 79' lang='lat' dir='ltr'><strong>Patrem</strong></span> <span class='ocrx_word' id='word_1_812' title='bbox 1594 5418 1647 5458; x_wconf 90' lang='lat' dir='ltr'><strong>et</strong></span> <span class='ocrx_word' id='word_1_813' title='bbox 1681 5403 1870 5457; x_wconf 83' lang='lat' dir='ltr'><strong>Filium</strong></span> <span class='ocrx_word' id='word_1_814' title='bbox 1909 5407 2065 5460; x_wconf 81' lang='lat' dir='ltr'><strong>intel-</strong></span> 
     </span>
    </p>
   </div>
   <div class='ocr_carea' id='block_1_104' title="bbox 500 5470 2071 5544">
    <p class='ocr_par' dir='ltr' id='par_1_104' title="bbox 500 5470 2071 5544">
     <span class='ocr_line' id='line_1_105' title="bbox 500 5470 2071 5544; baseline 0.006 -25"><span class='ocrx_word' id='word_1_815' title='bbox 500 5472 699 5540; x_wconf 72' lang='lat' dir='ltr'><strong>llglllll&#39;,</strong></span> <span class='ocrx_word' id='word_1_816' title='bbox 719 5481 771 5522; x_wconf 87' lang='lat' dir='ltr'><strong>at</strong></span> <span class='ocrx_word' id='word_1_817' title='bbox 800 5470 1092 5538; x_wconf 67' lang='lat' dir='ltr'><strong>praedicare</strong></span> <span class='ocrx_word' id='word_1_818' title='bbox 1120 5470 1313 5526; x_wconf 84' lang='lat' dir='ltr'><strong>Filium</strong></span> <span class='ocrx_word' id='word_1_819' title='bbox 1342 5489 1458 5528; x_wconf 84' lang='lat' dir='ltr'><strong>esse</strong></span> <span class='ocrx_word' id='word_1_820' title='bbox 1483 5478 1719 5544; x_wconf 79' lang='lat' dir='ltr'><strong>genitum</strong></span> <span class='ocrx_word' id='word_1_821' title='bbox 1745 5491 1809 5529; x_wconf 84' lang='lat' dir='ltr'><strong>ex</strong></span> <span class='ocrx_word' id='word_1_822' title='bbox 1846 5492 1950 5530; x_wconf 89' lang='lat' dir='ltr'><strong>non</strong></span> <span class='ocrx_word' id='word_1_823' title='bbox 1978 5492 2071 5531; x_wconf 71' lang='lat' dir='ltr'><strong>es-</strong></span> 
     </span>
    </p>
   </div>
   <div class='ocr_carea' id='block_1_105' title="bbox 2171 4924 3730 4999">
    <p class='ocr_par' dir='ltr' id='par_1_105' title="bbox 2171 4924 3730 4999">
     <span class='ocr_line' id='line_1_106' title="bbox 2171 4924 3730 4999; baseline 0.003 -24"><span class='ocrx_word' id='word_1_824' title='bbox 2171 4924 2427 4999; x_wconf 70' lang='lat' dir='ltr'><strong>sistente,</strong></span> <span class='ocrx_word' id='word_1_825' title='bbox 2459 4940 2643 4999; x_wconf 76' lang='lat' dir='ltr'><strong>neque</strong></span> <span class='ocrx_word' id='word_1_826' title='bbox 2690 4928 2769 4983; x_wconf 86' lang='lat' dir='ltr'><strong>sic</strong></span> <span class='ocrx_word' id='word_1_827' title='bbox 2805 4928 3022 4998; x_wconf 90' lang='lat' dir='ltr'><strong>quidem</strong></span> <span class='ocrx_word' id='word_1_828' title='bbox 3070 4944 3100 4983; x_wconf 85' lang='lat' dir='ltr'><strong>a</strong></span> <span class='ocrx_word' id='word_1_829' title='bbox 3151 4931 3400 4999; x_wconf 91' lang='lat' dir='ltr'><strong>periculo</strong></span> <span class='ocrx_word' id='word_1_830' title='bbox 3437 4939 3605 4990; x_wconf 83' lang='lat' dir='ltr'><strong>vacat,</strong></span> <span class='ocrx_word' id='word_1_831' title='bbox 3650 4927 3730 4993; x_wconf 89' lang='lat' dir='ltr'><strong>qui</strong></span> 
     </span>
    </p>
   </div>
   <div class='ocr_carea' id='block_1_106' title="bbox 2171 4994 3728 5072">
    <p class='ocr_par' dir='ltr' id='par_1_106' title="bbox 2171 4994 3728 5072">
     <span class='ocr_line' id='line_1_107' title="bbox 2171 4994 3728 5072; baseline 0.001 -27"><span class='ocrx_word' id='word_1_832' title='bbox 2171 4994 2315 5072; x_wconf 80' lang='lat' dir='ltr'><strong>enim</strong></span> <span class='ocrx_word' id='word_1_833' title='bbox 2361 4996 2439 5048; x_wconf 87' lang='lat' dir='ltr'><strong>sic</strong></span> <span class='ocrx_word' id='word_1_834' title='bbox 2481 4994 2761 5072; x_wconf 64' lang='lat' dir='ltr'><strong>praedicat,</strong></span> <span class='ocrx_word' id='word_1_835' title='bbox 2800 4994 3197 5072; x_wconf 74' lang='lat' dir='ltr'><strong>consequenter</strong></span> <span class='ocrx_word' id='word_1_836' title='bbox 3233 5003 3592 5072; x_wconf 73' lang='lat' dir='ltr'><strong>dicturusest</strong></span> <span class='ocrx_word' id='word_1_837' title='bbox 3638 5011 3728 5047; x_wconf 90' lang='lat' dir='ltr'><strong>non</strong></span> 
     </span>
    </p>
   </div>
   <div class='ocr_carea' id='block_1_107' title="bbox 2168 5066 3727 5144">
    <p class='ocr_par' dir='ltr' id='par_1_107' title="bbox 2168 5066 3727 5144">
     <span class='ocr_line' id='line_1_108' title="bbox 2168 5066 3727 5144; baseline 0.003 -30"><span class='ocrx_word' id='word_1_838' title='bbox 2168 5066 2437 5144; x_wconf 74' lang='lat' dir='ltr'><strong>exsistere</strong></span> <span class='ocrx_word' id='word_1_839' title='bbox 2486 5067 2764 5135; x_wconf 70' lang='lat' dir='ltr'><strong>genitum,</strong></span> <span class='ocrx_word' id='word_1_840' title='bbox 2798 5080 2889 5122; x_wconf 88' lang='lat' dir='ltr'><strong>aut</strong></span> <span class='ocrx_word' id='word_1_841' title='bbox 2918 5066 3154 5137; x_wconf 80' lang='lat' dir='ltr'><strong>genitum</strong></span> <span class='ocrx_word' id='word_1_842' title='bbox 3206 5084 3329 5125; x_wconf 86' lang='lat' dir='ltr'><strong>esse</strong></span> <span class='ocrx_word' id='word_1_843' title='bbox 3379 5066 3727 5139; x_wconf 77' lang='lat' dir='ltr'><strong>perfectiorrm</strong></span> 
     </span>
    </p>
   </div>
   <div class='ocr_carea' id='block_1_108' title="bbox 2174 5142 2443 5200">
    <p class='ocr_par' dir='ltr' id='par_1_108' title="bbox 2174 5142 2443 5200">
     <span class='ocr_line' id='line_1_109' title="bbox 2174 5142 2443 5200; baseline 0.011 -17"><span class='ocrx_word' id='word_1_844' title='bbox 2174 5142 2443 5200; x_wconf 76' lang='lat' dir='ltr'><strong>genitore.</strong></span> 
     </span>
    </p>
   </div>
   <div class='ocr_carea' id='block_1_109' title="bbox 2164 5203 3728 5274">
    <p class='ocr_par' dir='ltr' id='par_1_109' title="bbox 2164 5203 3728 5274">
     <span class='ocr_line' id='line_1_110' title="bbox 2164 5203 3728 5274; baseline -0.004 -17"><span class='ocrx_word' id='word_1_845' title='bbox 2164 5246 2167 5251; x_wconf 48' lang='grc' dir='ltr'><strong><em>ν</em></strong></span> <span class='ocrx_word' id='word_1_846' title='bbox 2210 5272 2217 5274; x_wconf 14' lang='grc' dir='ltr'><strong>Α</strong></span> <span class='ocrx_word' id='word_1_847' title='bbox 2242 5203 2316 5271; x_wconf 87' lang='lat' dir='ltr'><strong>(l)</strong></span> <span class='ocrx_word' id='word_1_848' title='bbox 2342 5204 2395 5255; x_wconf 89' lang='lat' dir='ltr'><strong>In</strong></span> <span class='ocrx_word' id='word_1_849' title='bbox 2417 5203 2617 5273; x_wconf 71' lang='lat' dir='ltr'><strong>iisquae</strong></span> <span class='ocrx_word' id='word_1_850' title='bbox 2648 5205 2715 5260; x_wconf 88' lang='lat' dir='ltr'><strong>ad</strong></span> <span class='ocrx_word' id='word_1_851' title='bbox 2750 5205 2954 5274; x_wconf 87' lang='lat' dir='ltr'><strong>aliquid</strong></span> <span class='ocrx_word' id='word_1_852' title='bbox 2976 5207 3249 5273; x_wconf 89' lang='lat' dir='ltr'><strong>dicuntur,</strong></span> <span class='ocrx_word' id='word_1_853' title='bbox 3272 5220 3378 5261; x_wconf 91' lang='lat' dir='ltr'><strong>non</strong></span> <span class='ocrx_word' id='word_1_854' title='bbox 3408 5205 3728 5259; x_wconf 83' lang='lat' dir='ltr'><strong>habetiocum</strong></span> 
     </span>
    </p>
   </div>
   <div class='ocr_carea' id='block_1_110' title="bbox 2173 5272 3725 5345">
    <p class='ocr_par' dir='ltr' id='par_1_110' title="bbox 2173 5272 3725 5345">
     <span class='ocr_line' id='line_1_111' title="bbox 2173 5272 3725 5345; baseline 0.002 -22"><span class='ocrx_word' id='word_1_855' title='bbox 2173 5272 2721 5345; x_wconf 79' lang='lat' dir='ltr'><strong>alterutncousequi,</strong></span> <span class='ocrx_word' id='word_1_856' title='bbox 2756 5272 2854 5330; x_wconf 81' lang='lat' dir='ltr'><strong>sed</strong></span> <span class='ocrx_word' id='word_1_857' title='bbox 2886 5288 3179 5345; x_wconf 89' lang='lat' dir='ltr'><strong>utrumque</strong></span> <span class='ocrx_word' id='word_1_858' title='bbox 3204 5272 3369 5331; x_wconf 83' lang='lat' dir='ltr'><strong>simul</strong></span> <span class='ocrx_word' id='word_1_859' title='bbox 3403 5292 3539 5339; x_wconf 53' lang='lat' dir='ltr'><strong>esst;</strong></span> <span class='ocrx_word' id='word_1_860' title='bbox 3584 5283 3635 5327; x_wconf 87' lang='lat' dir='ltr'><strong>et</strong></span> <span class='ocrx_word' id='word_1_861' title='bbox 3662 5274 3725 5345; x_wconf 85' lang='lat' dir='ltr'><strong>si-</strong></span> 
     </span>
    </p>
   </div>
   <div class='ocr_carea' id='block_1_111' title="bbox 2176 5344 3728 5415">
    <p class='ocr_par' dir='ltr' id='par_1_111' title="bbox 2176 5344 3728 5415">
     <span class='ocr_line' id='line_1_112' title="bbox 2176 5344 3728 5415; baseline 0.002 -22"><span class='ocrx_word' id='word_1_862' title='bbox 2176 5344 2282 5394; x_wconf 89' lang='lat' dir='ltr'><strong>mul</strong></span> <span class='ocrx_word' id='word_1_863' title='bbox 2322 5344 2457 5408; x_wconf 87' lang='lat' dir='ltr'><strong>tolli,</strong></span> <span class='ocrx_word' id='word_1_864' title='bbox 2485 5354 2537 5396; x_wconf 91' lang='lat' dir='ltr'><strong>et</strong></span> <span class='ocrx_word' id='word_1_865' title='bbox 2565 5346 2767 5399; x_wconf 87' lang='lat' dir='ltr'><strong>idcirco</strong></span> <span class='ocrx_word' id='word_1_866' title='bbox 2794 5348 2859 5399; x_wconf 88' lang='lat' dir='ltr'><strong>de</strong></span> <span class='ocrx_word' id='word_1_867' title='bbox 2885 5344 3197 5414; x_wconf 85' lang='lat' dir='ltr'><strong>operatione</strong></span> <span class='ocrx_word' id='word_1_868' title='bbox 3216 5361 3340 5415; x_wconf 76' lang='lat' dir='ltr'><strong>qua:</strong></span> <span class='ocrx_word' id='word_1_869' title='bbox 3362 5356 3444 5401; x_wconf 88' lang='lat' dir='ltr'><strong>est</strong></span> <span class='ocrx_word' id='word_1_870' title='bbox 3473 5344 3728 5404; x_wconf 85' lang='lat' dir='ltr'><strong>habitudo,</strong></span> 
     </span>
    </p>
   </div>
   <div class='ocr_carea' id='block_1_112' title="bbox 2178 5416 3027 5484">
    <p class='ocr_par' dir='ltr' id='par_1_112' title="bbox 2178 5416 3027 5484">
     <span class='ocr_line' id='line_1_113' title="bbox 2178 5416 3027 5484; baseline 0.005 -19"><span class='ocrx_word' id='word_1_871' title='bbox 2178 5427 2296 5484; x_wconf 76' lang='lat' dir='ltr'><strong>non</strong></span> <span class='ocrx_word' id='word_1_872' title='bbox 2320 5417 2533 5484; x_wconf 84' lang='lat' dir='ltr'><strong>proprie</strong></span> <span class='ocrx_word' id='word_1_873' title='bbox 2566 5417 2760 5469; x_wconf 78' lang='lat' dir='ltr'><strong>dieitur</strong></span> <span class='ocrx_word' id='word_1_874' title='bbox 2787 5416 3027 5484; x_wconf 81' lang='lat' dir='ltr'><strong>energia.</strong></span> 
     </span>
    </p>
   </div>
   <div class='ocr_carea' id='block_1_113' title="bbox 2250 5482 3731 5557">
    <p class='ocr_par' dir='ltr' id='par_1_113' title="bbox 2250 5482 3731 5557">
     <span class='ocr_line' id='line_1_114' title="bbox 2250 5482 3731 5557; baseline 0 -24"><span class='ocrx_word' id='word_1_875' title='bbox 2250 5482 2327 5552; x_wconf 70' lang='grc' dir='ltr'><strong>(Ξ)</strong></span> <span class='ocrx_word' id='word_1_876' title='bbox 2378 5483 2737 5554; x_wconf 80' lang='lat' dir='ltr'><strong>Quodcunque</strong></span> <span class='ocrx_word' id='word_1_877' title='bbox 2786 5482 2977 5539; x_wconf 74' lang='lat' dir='ltr'><strong>natura</strong></span> <span class='ocrx_word' id='word_1_878' title='bbox 3032 5486 3372 5557; x_wconf 71' lang='lat' dir='ltr'><strong>intelligitur,</strong></span> <span class='ocrx_word' id='word_1_879' title='bbox 3419 5490 3515 5539; x_wconf 89' lang='lat' dir='ltr'><strong>hoc</strong></span> <span class='ocrx_word' id='word_1_880' title='bbox 3551 5492 3654 5547; x_wconf 82' lang='lat' dir='ltr'><strong>est,</strong></span> <span class='ocrx_word' id='word_1_881' title='bbox 3684 5491 3731 5534; x_wconf 86' lang='lat' dir='ltr'><strong>et</strong></span> 
     </span>
    </p>
   </div>
   <div class='ocr_carea' id='block_1_114' title="bbox 569 5622 3726 5724">
    <p class='ocr_par' dir='ltr' id='par_1_114' title="bbox 569 5622 3726 5724">
     <span class='ocr_line' id='line_1_115' title="bbox 569 5622 3726 5724; baseline 0.006 -38"><span class='ocrx_word' id='word_1_882' title='bbox 569 5634 653 5724; x_wconf 35' lang='lat' dir='ltr'><strong>(.aj</strong></span> <span class='ocrx_word' id='word_1_883' title='bbox 674 5633 893 5724; x_wconf 67' lang='lat' dir='ltr'><strong>Scilicet</strong></span> <span class='ocrx_word' id='word_1_884' title='bbox 915 5635 1200 5724; x_wconf 72' lang='lat' dir='ltr'><strong>coniicitur</strong></span> <span class='ocrx_word' id='word_1_885' title='bbox 1229 5636 1419 5693; x_wconf 86' lang='lat' dir='ltr'><strong>Filium</strong></span> <span class='ocrx_word' id='word_1_886' title='bbox 1457 5639 1696 5709; x_wconf 82' lang='lat' dir='ltr'><strong>genitum</strong></span> <span class='ocrx_word' id='word_1_887' title='bbox 1727 5655 1846 5699; x_wconf 86' lang='lat' dir='ltr'><strong>esse</strong></span> <span class='ocrx_word' id='word_1_888' title='bbox 1878 5643 2253 5712; x_wconf 87' lang='lat' dir='ltr'><strong>pcrlectiorem</strong></span> <span class='ocrx_word' id='word_1_889' title='bbox 2281 5648 2548 5719; x_wconf 76' lang='lat' dir='ltr'><strong>genitore,</strong></span> <span class='ocrx_word' id='word_1_890' title='bbox 2587 5652 2856 5724; x_wconf 88' lang='lat' dir='ltr'><strong>siquidem</strong></span> <span class='ocrx_word' id='word_1_891' title='bbox 2883 5652 3055 5710; x_wconf 86' lang='lat' dir='ltr'><strong>Filius</strong></span> <span class='ocrx_word' id='word_1_892' title='bbox 3119 5622 3211 5723; x_wconf 83' lang='lat' dir='ltr'><strong>per</strong></span> <span class='ocrx_word' id='word_1_893' title='bbox 3268 5669 3329 5709; x_wconf 89' lang='lat' dir='ltr'><strong>se</strong></span> <span class='ocrx_word' id='word_1_894' title='bbox 3394 5662 3509 5717; x_wconf 87' lang='lat' dir='ltr'><strong>est.</strong></span> <span class='ocrx_word' id='word_1_895' title='bbox 3563 5658 3615 5706; x_wconf 89' lang='lat' dir='ltr'><strong>et</strong></span> <span class='ocrx_word' id='word_1_896' title='bbox 3670 5659 3726 5702; x_wconf 73' lang='lat' dir='ltr'><strong>ex</strong></span> 
     </span>
    </p>
   </div>
   <div class='ocr_carea' id='block_1_115' title="bbox 499 5713 1217 5776">
    <p class='ocr_par' dir='ltr' id='par_1_115' title="bbox 499 5713 1217 5776">
     <span class='ocr_line' id='line_1_116' title="bbox 499 5713 1217 5776; baseline 0.01 -21"><span class='ocrx_word' id='word_1_897' title='bbox 499 5716 605 5772; x_wconf 81' lang='lat' dir='ltr'><strong>quo</strong></span> <span class='ocrx_word' id='word_1_898' title='bbox 629 5713 730 5769; x_wconf 79' lang='lat' dir='ltr'><strong>est,</strong></span> <span class='ocrx_word' id='word_1_899' title='bbox 762 5720 865 5760; x_wconf 79' lang='lat' dir='ltr'><strong>non</strong></span> <span class='ocrx_word' id='word_1_900' title='bbox 898 5718 980 5763; x_wconf 88' lang='lat' dir='ltr'><strong>est</strong></span> <span class='ocrx_word' id='word_1_901' title='bbox 1007 5722 1101 5776; x_wconf 87' lang='lat' dir='ltr'><strong>per</strong></span> <span class='ocrx_word' id='word_1_902' title='bbox 1140 5724 1217 5762; x_wconf 87' lang='lat' dir='ltr'><strong>sc.</strong></span> 
     </span>
    </p>
   </div>
  </div>
