4016 6204
370 318 473 381 (ε’ἵῖ

1219 326 1454 389 DECAS
1491 327 1653 386 X.—-
1694 323 1791 385 DE
1831 319 2094 382 DIVINA
2134 321 2695 385 SIMPLICITATE.

3508 315 3615 380 ωε

365 432 561 501 inquit,
588 430 680 487 Dei
714 444 864 499 esset,
897 449 999 489 non
1029 441 1274 506 rapinam
1304 440 1595 493 arbitratus
1630 447 1709 494 est
1745 436 1937 503 scfcsse
1962 432 2012 492 A
2040 436 2211 507 ipsius
2240 451 2462 507 “neque
2504 436 2677 491 forma
2712 433 2910 504 ipsius,
2940 444 3118 501 neque
3150 430 3257 485 vita
3294 428 3487 498 ipsius,
3521 443 3615 483 ne-

362 522 618 593 a'qttalem
656 524 760 578 Deo
799 529 866 582 ⁷⁸.
901 527 1121 584 Divinos
1152 529 1570 600 Chrysostomus
1604 531 1656 583 in
1688 530 1934 585 oratione

366 624 543 677 sexta,
575 616 643 669 de
678 614 1150 687 lncomprehenso,
1201 621 1281 674 sic
1325 621 1401 674 ait
1438 639 1453 676 :
1484 620 1619 675 Cum
1647 661 1661 685 ,
1721 620 1933 689 inquit,

367 704 609 771 ejusdem
647 704 853 772 formae,
891 714 947 760 et
984 707 1224 775 ejusdem
1261 708 1445 780 ﬁgurae
1472 723 1596 764 esse
1625 707 1778 773 dicit,
1807 706 1935 775 quid

363 792 822 858 aliudzdeclarat,
864 810 1026 863 quam
1066 797 1424 852 substantiam
1466 810 1629 851 unam
1675 796 1792 850 sine
1830 795 1934 849 ulla

364 885 669 938 varietate?
696 884 810 939 Non
841 887 986 941 enim
1017 898 1100 943 est
1128 889 1276 943 circa
1313 889 1476 942 Deum
1510 888 1705 951 forma,
1739 887 1821 943 vel
1852 887 1934 941 fa-

362 974 497 1030 cies.
533 975 767 1032 Sanctus
788 978 1022 1048 Gyrillus
1056 1000 1069 1034 :
1106 979 1322 1047 Forma,
1349 979 1544 1049 inquit,
1574 979 1629 1033 in
1666 980 1772 1035 Deo
1810 979 1936 1033 sub-

362 1069 566 1123 stantia
598 1070 863 1138 accipitur
888 1086 916 1125 a
940 1070 1210 1138 Patribus,
1231 1074 1373 1129 sicut
1395 1072 1464 1128 ab
1487 1071 1760 1141 Apostolo;
1785 1070 1938 1126 nefas

361 1156 511 1210 enim
553 1166 635 1213 est
673 1169 728 1214 et
758 1160 1007 1230 impium,
1042 1162 1098 1217 in
1128 1163 1257 1229 Deo,
1287 1162 1378 1233 qui
1420 1163 1476 1216 in
1505 1150 1780 1232 aspectum
1826 1176 1936 1217 non

357 1249 531 1314 cadit,
568 1250 792 1306 formam
823 1254 1003 1309 dicere
1031 1254 1289 1322 speciem.
1320 1253 1578 1309 Dominus
1606 1255 1660 1309 in
1692 1256 1937 1323 Evange-

359 1334 435 1388 lio
466 1352 482 1389 :
512 1336 645 1406 Ego,
681 1338 874 1407 inquit,
899 1358 1017 1396 sum
1046 1344 1357 1398 resurrectio
1404 1355 1454 1400 et
1479 1347 1585 1399 vita
1607 1345 1672 1400 ".
1705 1344 1939 1401 Sanctus

360 1425 592 1496 Cyrillus
627 1430 679 1494 in
725 1433 862 1488 actis
895 1443 1098 1489 sanctae
1141 1446 1195 1489 et
1242 1438 1596 1493 meumenica
1629 1445 1796 1493 sextae
1845 1454 1937 1510 sy-

360 1519 710 1575 nodi:Sicut
763 1524 966 1587 unitas,
1030 1526 1225 1596 inquit,
1284 1543 1390 1583 non
1445 1538 1619 1599 potest
1665 1518 1831 1585 ditiidi
1882 1531 1936 1585 in

360 1608 499 1667 duas
524 1614 757 1671 unitates
788 1617 1073 1686 (siquidem
1098 1619 1279 1675 unitas
1307 1620 1363 1676 in
1386 1622 1481 1675 has
1500 1622 1673 1678 divisa
1705 1638 1812 1677 non
1836 1624 1939 1678 erit

359 1702 562 1770 unitas,
602 1708 696 1762 sed
744 1707 897 1778 duo),
929 1708 1006 1764 sic
1032 1711 1176 1781 quod
1212 1724 1296 1766 est
1328 1728 1490 1767 unum
1522 1727 1731 1769 summa
1765 1730 1936 1785 copu-

2041 549 2145 603 qne
2171 533 2456 600 sapientia,
2493 546 2664 602 neque
2689 532 2860 584 virtus
2886 529 3056 598 ipsius
3079 528 3179 580 alia
3216 527 3459 595 qumdam
3490 534 3617 580 sunt

2043 638 2237 695 praeter
2273 626 2631 681 substantiam
2662 622 2833 693 ipsius
2862 638 2876 675 :
2910 621 3037 691 quin
3076 620 3254 687 potius
3286 621 3399 673 haec
3432 618 3614 672 omnia

2042 716 2198 771 unica
2234 716 2350 785 ejus
2376 715 2671 770 substantia
2714 720 2859 768 sunt.

2631 798 2861 856 CAPUT
2917 797 3031 852 VII.

2047 894 2199 961 Quod
2229 895 2288 950 in
2316 894 2539 953 unitate.
2575 909 2690 962 qua
2719 909 2881 963 supra
2913 890 3255 944 substantiam
3286 897 3382 951 est,
3407 904 3515 963 non
3541 898 3618 963 est

2111 963 2446 1034 querendum
2478 958 2625 1034 aliud
2654 979 2764 1034 esse
2786 958 3139 1034 cognitionem
3176 975 3310 1034 qua,
3338 958 3416 1011 uel
3443 958 3619 1034 chari~

2115 1028 2972 1105 iatcmrejus,’rclgpulchritudinem
2996 1032 3131 1105 eius,
3155 1031 3229 1105 vel
3247 1028 3620 1105 inqwrtalita-

2118 1112 2217 1157 tem
2238 1098 2373 1171 cjtis,
2398 1112 2443 1155 et
2474 1103 2584 1155 alia
2606 1101 3009 1170 ejusdem;aliud
3027 1116 3145 1153 vero
3172 1098 3492 1171 singularem
3509 1098 3621 1161 ejus

2112 1167 2490 1238 substantiam,
2511 1181 2556 1225 et
2585 1167 2939 1224 adsistentium
2968 1184 3290 1238 supraquam
3311 1167 3567 1221 divinam.

2114 1262 2349 1319 Sanctus
2367 1261 2626 1336 Cyrillus,
2653 1262 2710 1316 in
2739 1262 3043 1326 Thesauris,
3069 1261 3210 1316 libro
3226 1275 3387 1313 xxxtv
3413 1258 3616 1312 :Denm

2044 1370 2169 1412 esse
2210 1354 2539 1423 simplicem.
2570 1363 2623 1409 et
2655 1354 3065 1423 compositionis
3119 1361 3393 1422 expertem
3428 1364 3618 1405 omnes

2046 1445 2390 1511 fatebuntur;
2422 1444 2718 1500 absurdum
2750 1444 2915 1513 igitur
2938 1453 3020 1509 est
3062 1443 3244 1497 dicere
3268 1442 3465 1495 habere
3488 1454 3615 1495 eum

2045 1536 2352 1605 hujusmodi
2386 1537 2752 1607 cognitionem
2782 1536 2865 1592 sui
2890 1575 2906 1599 ,
2938 1535 3152 1604 qualem
3188 1548 3305 1595 nos;
3341 1532 3539 1586 etenim
3572 1531 3617 1583 si

2045 1626 2189 1681 aliud
2223 1634 2306 1683 est
2349 1627 2486 1697 ipse,
2529 1635 2584 1681 et
2636 1626 2782 1681 aliud
2822 1634 3017 1694 praeter
3054 1625 3233 1697 ipsym
3274 1623 3514 1692 cognitio
3561 1620 3617 1675 ln

2048 1719 2182 1788 ipso,
2210 1721 2543 1787 compositos
2571 1729 2675 1784 est,
2707 1729 2761 1772 et
2794 1733 2902 1773 non
2935 1686 3158 1785 simple!
3189 1734 3204 1781 ;
3240 1726 3294 1769 at
3325 1716 3449 1785 quia
3484 1716 3621 1769 sim-

356 1791 585 1859 latione,
615 1812 723 1853 non
753 1809 932 1869 potest
958 1802 1124 1858 dividi
1162 1802 1215 1857 in
1249 1803 1393 1870 duo;
1429 1805 1631 1876 alioqui
1670 1821 1777 1861 non
1816 1783 1932 1861 am-
1974 1783 2017 1839 Β
2048 1783 2176 1879 plex
2199 1783 2538 1866 confessione
2569 1783 2808 1871 omnium
2842 1817 2954 1876 est,
2994 1783 3098 1863 non
3134 1818 3216 1864 est
3249 1783 3393 1862 aliud
3426 1816 3623 1875 prater

360 1885 625 1954 plina-erit
669 1889 808 1947 Deus
844 1894 1080 1950 universi
1125 1896 1355 1963 simplex
1387 1907 1579 1952 natura
1604 1937 1619 1962 ,
1668 1898 1931 1967 siquidem

358 1985 443 2032 est
472 1979 578 2033 alia
615 1991 809 2049 praeter
842 1984 1036 2054 ipsum,
1066 2001 1185 2054 qua:
1213 1996 1295 2042 est
1326 1988 1379 2042 in
1413 1988 1531 2058 ipso
1553 1988 1682 2044 vita.
1714 1990 1778 2044 Et
1812 2006 1927 2045 rur.

284 2138 291 2145 ι
356 2082 454 2125 sus
488 2072 629 2127 idem
664 2073 943 2131 :Primum
975 2078 1215 2145 quidem,
1241 2093 1345 2134 non
1373 2087 1455 2132 est
1479 2078 1705 2147 simplex
1737 2090 1932 2135 natura

361 2160 515 2217 Deus
550 2164 953 2232 universorum,
1004 2171 1099 2223 sed
1145 2170 1322 2236 potius
1366 2171 1725 2238 compositus,
1764 2181 1815 2227 et
1866 2186 1932 2227 ex

357 2247 569 2307 duobus
596 2263 889 2322 constans;
920 2257 1189 2325 siquidem
1246 2266 1332 2315 est
1385 2259 1490 2315 alia
1528 2270 1723 2327 praeter
1764 2276 1890 2316 eum
1918 2302 1935 2328 ,

360 2356 477 2407 qua:
536 2345 591 2399 in
652 2361 718 2401 eo
767 2344 850 2404 est
898 2351 1028 2405 vita.
1062 2350 1356 2422 Gregorius
1400 2352 1678 2422 Nyssenus
1708 2354 1764 2409 in
1813 2353 1935 2411 Vita

360 2433 556 2506 Moysis
590 2453 604 2490 :
641 2437 749 2496 Eas
790 2441 997 2496 entium
1028 2449 1111 2498 est
1137 2458 1267 2498 vera
1297 2444 1404 2499 vita
1431 2461 1447 2509 ;
1479 2443 1584 2500 hoc
1615 2455 1799 2501 autem
1838 2462 1935 2502 co-

354 2529 545 2595 gnosci
593 2545 699 2583 non
748 2541 967 2600 potest;
1012 2534 1139 2604 quia
1170 2535 1336 2605 igitur
1373 2537 1737 2607 cognitionem
1772 2539 1938 2594 vincit

359 2619 466 2673 vita
499 2620 733 2686 vivifica,
764 2639 926 2679 omne
960 2625 1103 2694 quod
1134 2627 1501 2695 cognoscitur,
1536 2642 1639 2684 non
1688 2638 1770 2683 est
1803 2612 1933 2685 vita.

360 2710 581 2767 Divinos
607 2714 932 2780 Apostolus:
963 2715 1222 2782 Christus,
1270 2719 1491 2789 inquit,
1545 2718 1642 2774 Dei
1671 2722 1855 2788 uirtus,
1890 2732 1937 2777 et

363 2799 459 2855 Dei
481 2805 741 2872 sapientia
772 2804 840 2859 ".
874 2805 1113 2862 Sanctus
1152 2808 1448 2878 Gregorius
1480 2810 1757 2880 Nyssenus
1799 2814 1939 2869 libro

354 2906 425 2946 vn
453 2894 508 2945 in
538 2890 761 2948 Cantica
784 2896 1108 2949 canticorum
1144 2912 1162 2952 :
1191 2896 1477 2966 Dominus,
1508 2900 1706 2969 inquit,
1742 2912 1937 2958 natura

353 2998 453 3036 sua
502 2983 555 3036 id
604 2983 777 3053 ipsum
826 2987 968 3055 quod
1011 2995 1114 3053 est,
1163 2987 1429 3055 veritatis,
1474 2998 1529 3044 et
1553 2990 1855 3061 sapientiae,
1885 3001 1940 3048 et

351 3073 571 3129 virtutis
603 3076 899 3131 substantia
937 3084 1053 3143 est;
1099 3078 1304 3135 idcirco
1344 3083 1488 3151 quod
1532 3081 1699 3138 David
1733 3084 1872 3138 dixit
1914 3100 1929 3139 :
1960 3115 2005 3176 ο

354 3163 552 3220 Omnia
604 3167 658 3220 in
690 3168 951 3236 sapientia
991 3170 1159 3239 fecisti
1188 3170 1252 3235 ⁷⁸,
1289 3171 1679 3241 interpretatus
1707 3175 1936 3245 Aposto-

354 3256 436 3309 lus
471 3255 819 3326 Prophetam,
856 3260 907 3313 in
950 3259 1068 3329 ipso
1118 3261 1197 3316 ait
1246 3264 1425 3318 omnia
1481 3274 1660 3319 creata
1718 3280 1839 3320 esse
1868 3266 1934 3329 ",

356 3358 612 3417 tanquam
645 3349 746 3404 hoc
796 3350 1066 3421 Propheta
1098 3353 1505 3424 ﬁsigniﬁcaverit
1539 3355 1803 3411 vocabulo
1842 3373 1935 3411 sa-

350 3440 588 3506 ρὶεηιὶιε.
623 3440 770 3496 Idem
820 3442 1112 3513 Gregorius
1158 3445 1211 3499 in
1262 3446 1511 3502 eisdem:
1544 3445 1644 3513 Qui
1692 3449 1934 3504 omnium

351 3534 721 3599 cognitionem
751 3534 804 3589 in
839 3550 898 3591 se
931 3536 1050 3603 ipso
1081 3538 1536 3607 comprehensam
1566 3538 1746 3605 habet,
1780 3539 1933 3608 cujus

354 3623 563 3679 Infinita
597 3625 884 3695 sapientia,
905 3628 1032 3695 quin
1068 3630 1246 3697 potius
1276 3631 1430 3698 cujus
1453 3630 1686 3685 essentia
1716 3633 1933 3702 sapien-

353 3715 422 3771 tia
455 3724 559 3771 est.
592 3716 821 3787 Cyrillus
852 3718 904 3772 in
942 3719 1216 3775 Thesauris
1268 3736 1284 3775 :
1323 3721 1439 3775 Non
1492 3721 1621 3791 quia
1664 3723 1929 3793 sapientia

352 3808 407 3863 in
443 3808 621 3873 nobis,
652 3818 706 3863 et
737 3809 962 3865 scientia
991 3826 1101 3887 non
1133 3813 1345 3868 exsistit
1380 3828 1478 3884 per
1505 3829 1585 3881 se,
1612 3814 1814 3869 idcirco
1838 3831 1929 3870 sa-

351 3899 575 3968 pientFa,
611 3915 730 3968 quae
760 3901 810 3954 in
836 3903 944 3957 Deo
978 3914 1080 3967 est,
1114 3920 1217 3959 non
1252 3920 1345 3975 per
1376 3921 1435 3961 se
1467 3906 1714 3973 exsistet,
1753 3906 1850 3962 sed
1884 3908 1928 3964 si

348 3990 625 4045 conﬁteris
658 4005 761 4045 non
791 4007 912 4048 esse
939 4002 1145 4049 natura:
1171 4004 1365 4051 nostra:
1393 3996 1583 4059 Deum,
1609 3998 1768 4066 plane
1797 4013 1928 4054 con-

352 4081 542 4145 fiteris,
578 4081 758 4136 omnia
786 4097 906 4151 quae
934 4081 1055 4153 ejus
1100 4096 1245 4151 sunt,
1278 4101 1385 4141 non
1430 4101 1555 4143 esse
1590 4102 1656 4142 ex
1702 4090 1925 4155 nostris,

350 4174 444 4227 sed
476 4175 657 4241 potius
690 4183 876 4229 nostra
910 4189 1189 4245 superant,
1245 4194 1307 4233 ac
1359 4189 1567 4235 tantum
1620 4192 1924 4251 superant,

350 4276 609 4333 quantum
642 4278 901 4339 superant
945 4280 1001 4326 et
1032 4270 1289 4326 differunt
1322 4276 1619 4330 secundum
1657 4276 1924 4333 rationem

350 4360 687 4416 substantiae.
726 4362 803 4417 Ex
838 4362 1034 4433 quibus
1062 4364 1119 4418 lit
1151 4365 1520 4434 manifestum,
1543 4367 1684 4438 quod
1715 4368 1767 4421 in
1806 4369 1926 4423 uni-

2036 1916 2208 1979 ipsum
2243 1903 2477 1973 cognitio
2501 1902 2552 1956 in
2590 1902 2728 1970 ipso.
2777 1900 2885 1956 Nos
2920 1909 3099 1955 autem
3133 1915 3237 1954 non
3274 1901 3391 1963 sic;
3428 1913 3620 1951 sumus

2037 1993 2181 2049 enim
2210 1992 2409 2060 aliquid
2438 1993 2654 2062 proprie
2682 1995 2977 2062 segttntlum
2999 1991 3376 2053 substantiam;
3414 1992 3464 2043 in
3492 1992 3621 2045 sub-

2035 2086 2234 2139 stantia
2272 2091 2454 2137 autem
2485 2084 2747 2138 habemus
2802 2085 3036 2152 positam
3096 2080 3484 2149 cognitionem,
3554 2090 3615 2132 ut

2036 2173 2270 2229 colorem
2301 2172 2354 2226 in
2383 2187 2628 2240 corpore.
2666 2173 2898 2228 Sanctus
2930 2172 3214 2235 Maximus,
3274 2171 3326 2224 in
3367 2170 3615 2225 centuria

2038 2262 2221 2326 tertia,
2260 2276 2380 2329 cap.
2414 2261 2448 2315 5
2484 2278 2498 2314 :
2544 2260 2755 2327 Omnis,
2785 2262 2982 2330 inquit,
3022 2262 3263 2331 cognitio
3298 2276 3482 2316 carum
3532 2276 3618 2315 re-

2038 2368 2156 2407 rum
2189 2368 2308 2420 qua:
2332 2362 2483 2415 sunt,
2535 2353 2798 2408 habitudo
2832 2361 2915 2408 est
2948 2369 3066 2421 quae
3091 2363 3335 2407 extrema
3367 2354 3617 2421 quedam

2038 2442 2285 2512 colligat;
2317 2458 2411 2498 eos
2439 2444 2560 2498 dico
2593 2444 2683 2512 qui
2711 2454 3072 2512 cognoscunt,
3096 2454 3150 2499 et
3170 2460 3234 2498 ea
3271 2460 3390 2514 quae
3420 2459 3622 2513 cogno-

2038 2544 2292 2600 scuntur;
2333 2538 2446 2592 haec
2472 2546 2653 2592 autem
2681 2553 2786 2591 non
2812 2538 2889 2608 (Ι)
2915 2539 3262 2608 cognoscitur
3288 2536 3354 2590 ab
3382 2536 3502 2590 istis
3525 2537 3616 2605 qui

2038 2637 2393 2697 cognoscunt,
2429 2642 2602 2697 neque
2632 2628 2795 2683 simul
2825 2630 3177 2697 cognoscitur
3212 2644 3332 2679 cum
3360 2628 3618 2696 cognitis;

2039 2733 2144 2774 non
2174 2719 2316 2771 enim
2344 2718 2583 2787 cognitio
2611 2728 2731 2787 apta
2755 2729 2838 2773 est
2860 2729 3053 2772 natura
3085 2734 3179 2771 sua
3207 2719 3313 2771 ulla
3344 2734 3408 2771 ex
3441 2728 3616 2782 parte,

2040 2820 2099 2867 ut
2131 2820 2494 2881 cognoscatur
2533 2830 2546 2867 :
2581 2810 2722 2866 Deus
2756 2819 2940 2866 autem
2978 2811 3278 2864 secundum
3318 2810 3615 2863 essentiam

2039 2917 2213 2965 suam,
2248 2903 2612 2973 quodcunque
2643 2910 2728 2955 est
2754 2902 3052 2957 secundum
3084 2902 3445 2956 substantiam
3469 2941 3484 2962 ,
3521 2916 3619 2954 eo-

2041 2997 2209 3067 gnitlo
2243 3004 2327 3051 est
2355 2993 2663 3058 inelfabilis,
2684 3010 2805 3063 quae
2831 2995 2886 3047 in
2922 2990 3100 3047 Mente
3128 3004 3179 3046 et
3212 2992 3384 3047 Verbo
3412 3003 3461 3046 et
3494 2992 3619 3060 Spi-

2039 3088 2148 3143 ritu
2178 3102 2273 3156 per
2303 3101 2363 3142 se
2405 3085 2641 3142 exsistit.
2699 3087 2838 3138 Deus
2898 3084 3063 3154 igitur
3090 3083 3314 3136 omnino
3348 3093 3427 3137 est
3458 3098 3617 3137 crea-

2041 3181 2177 3233 turis
2209 3177 2447 3247 ignotus,
2479 3186 2664 3245 utpote
2698 3175 2809 3258 ipsa
2859 3188 2955 3242 per
2984 3188 3042 3228 se
3082 3173 3341 3243 cognitio,
3392 3174 3494 3227 nisi
3531 3174 3616 3228 cui

2037 3269 2246 3340 placeat
2296 3269 2477 3324 dicere
2532 3281 2651 3322 esse
2684 3268 2871 3322 etiam-
2902 3266 3069 3321 Demn
3102 3280 3267 3335 supra
3322 3264 3465 3319 hanc
3518 3266 3618 3320 im-

2039 3375 2241 3415 mense.
2289 3360 2356 3415 Et
2407 3374 2598 3415 rursus
2631 3356 2868 3427 Cyrillus
2907 3358 2957 3411 in
2992 3357 3262 3426 capitibus
3292 3356 3359 3410 de
3407 3355 3614 3424 Spiritu

2036 3460 2263 3508 sancto:
2292 3450 2456 3513 Deus,
2487 3450 2682 3519 inquit,
2710 3448 2948 3503 charitas
2973 3456 3076 3512 est,
3101 3457 3157 3499 ut
3180 3447 3418 3502 Joannes
3449 3447 3611 3511 ait";

2035 3554 2089 3599 et
2125 3557 2229 3597 non
2260 3551 2343 3595 est
2373 3541 2666 3610 quidquam
2698 3540 2841 3594 aliud
2868 3542 3005 3609 ipsc,
3033 3549 3087 3593 ct
3118 3540 3262 3591 aliud
3291 3540 3439 3606 quid,
3468 3540 3611 3609 quod

2035 3635 2090 3689 in
2124 3634 2239 3701 ipso
2266 3641 2383 3692 est;
2416 3632 2644 3700 simplex
2677 3632 2818 3685 enim
2844 3639 2898 3684 et
2924 3631 3041 3685 sine
3073 3631 3467 3698 compositione
3498 3639 3600 3684 est.

2035 3725 2178 3780 Idem
2209 3723 2384 3778 adhuc
2406 3723 2547 3777 libro
2581 3738 2748 3777 xxxttt
2792 3720 3184 3776 Tltesaurorum
3214 3738 3232 3776 :
3263 3721 3448 3777 Omnia
3483 3720 3613 3774 mihi

2033 3816 2232 3870 tradita
2257 3826 2374 3869 sunt
2403 3831 2435 3868 a
2468 3811 2632 3867 Patre
2664 3829 2796 3881 meo,
2822 3823 2869 3867 et
2904 3829 3053 3866 nemo
3086 3813 3349 3881 cognoscit
3389 3810 3613 3879 Filium,

2033 3908 2133 3961 nisi
2162 3905 2358 3971 Pater;
2393 3920 2554 3974 neque
2592 3902 2811 3957 Patrem
2842 3906 2956 3971 quis
2987 3903 3127 3954 novit
3179 3903 3280 3956 nisi
3318 3899 3612 3963 Filius";

2032 3998 2155 4067 quia
2188 3995 2397 4053 scilicet
2422 3996 2565 4051 nulla
2598 4009 2748 4050 mens
2773 4003 2952 4049 creata
2986 3994 3306 4063 potestullo
3345 3996 3501 4050 modo
3530 3999 3612 4051 di-

2030 4089 2208 4144 vinam
2242 4089 2604 4145 substantiam
2634 4088 2945 4158 complecti,
2973 4087 3098 4156 quia
3128 4102 3345 4142 omnem
3375 4097 3607 4144 tuentem

2032 4182 2197 4236 vincit
2220 4198 2233 4234 :
2254 4190 2309 4237 et
2331 4197 2490 4251 supra
2514 4196 2729 4235 omnem
2761 4180 3032 4234 notionem
3064 4178 3236 4234 fertur
3266 4172 3612 4248 pulchritudo

2029 4274 2148 4343 ejus
2174 4288 2298 4343 qua:
2328 4288 2488 4343 supra
2525 4282 2771 4325 naturam
2804 4279 2923 4335 est,
2957 4280 3010 4326 et
3044 4270 3212 4327 deleri
3247 4284 3353 4326 non
3387 4283 3564 4343 potest
3596 4292 3610 4327 :

2029 4372 2081 4419 et
2110 4380 2141 4419 a
2178 4380 2236 4419 se
2265 4364 2379 4419 sola
2412 4363 2541 4433 quid
2572 4363 2646 4418 sit
2674 4362 2971 4417 secundum
3004 4373 3288 4429 naturam,
3319 4367 3611 4435 cognosci—

352 4461 481 4516 tate,
516 4467 638 4521 quae
693 4467 856 4523 supra
906 4457 1271 4513 substantiam
1323 4466 1429 4525 est,
1482 4473 1658 4528 neque
1714 4458 1926 4515 bonitas
1961 4474 2005 4531 υ
2035 4466 2143 4512 tur.
2174 4456 2408 4512 Sanctus
2441 4454 2735 4524 Gregorius
2760 4450 3063 4524 Nyssenus,
3105 4455 3157 4508 in
3194 4456 3613 4516 Commentariis

511 4628 840 4711 Philipp.ht_t,
870 4632 924 4689 6.
999 4634 1047 4667 ⁷³
1102 4637 1261 4696 Joan.
1288 4657 1364 4706 ιι,
1405 4640 1496 4698 25.
1573 4642 1617 4674 ⁷³
1644 4642 1665 4698 ι
1693 4642 1819 4698 Cor.
1849 4641 2001 4707 “24.
2080 4643 2125 4672 ⁷⁵
2152 4638 2533 4708 Psal.cnt,24.
2610 4640 2658 4673 "
2690 4638 2966 4711 Coloss,t,
2992 4635 3080 4691 l6.
3157 4636 3237 4692 "l
3263 4635 3423 4693 Joan.
3460 4642 3601 4704 xt,8.

348 4696 397 4730 ⁷⁸
423 4698 612 4756 Matth.
642 4696 719 4771 it',
739 4696 831 4761 27.

346 4925 681 4997 nominatur.
714 4926 855 4992 Quid
884 4936 1075 4982 natura
1110 4929 1181 4983 sit
1213 4927 1377 4990 Deus,
1413 4928 1640 4997 intelligi
1674 4943 1780 4982 non
1818 4942 1919 4994 po-

349 5004 496 5066 test;
530 5010 628 5066 nec
667 4994 755 5066 hic
782 4997 1073 5066 Gregorius
1101 4998 1442 5062 contradicit,
1484 4994 1682 5066 qui'in
1730 4998 1920 5052 eodem

349 5063 492 5135 libro
523 5064 598 5118 ait
626 5085 639 5119 :
667 5065 802 5129 Quid
833 5063 1080 5135 oporteat
1131 5067 1303 5120 solum
1334 5069 1398 5121 de
1430 5063 1537 5120 Deo
1566 5080 1921 5133 cognoscere,

350 5134 557 5188 scilicet
589 5135 721 5189 nihil
751 5134 939 5205 eorum
973 5150 1097 5191 esse
1127 5150 1246 5205 quae
1279 5136 1513 5205 humana
1546 5151 1697 5189 mens
1721 5149 1923 5205 cogno-

349 5216 507 5258 scere
538 5214 734 5276 potest.
771 5204 1051 5276 Signilicat
1077 5204 1244 5276 igitur
1295 5206 1381 5276 hic
1426 5204 1719 5276 Gregorius
1748 5204 1919 5276 Deum

348 5287 419 5326 es
435 5275 739 5343 creaturis,
771 5273 906 5343 quas
939 5273 1311 5342 intelligimus,
1364 5273 1587 5343 intelligi
1620 5274 1761 5342 quod
1809 5274 1878 5327 sit
1906 5313 1920 5335 ,

347 5340 519 5412 etiilln
553 5358 673 5397 esse
707 5340 1001 5400 secundum
1028 5340 1267 5406 causam,
1297 5352 1414 5398 esto
1447 5340 1804 5412 perfectiones
1840 5358 1932 5399 no-

350 5411 591 5466 minibus
623 5414 713 5467 Dei
742 5413 1071 5479 significatas
1117 5416 1223 5467 Deo
1271 5411 1509 5481 proprie,
1557 5421 1611 5466 et
1661 5414 1832 5482 prius,
1878 5422 1931 5467 et

350 5482 718 5537 essentialiter
754 5483 1081 5547 convenire,
1115 5494 1167 5536 ct
1218 5499 1245 5534 a
1297 5483 1563 5536 creaturis
1608 5483 1923 5551 participari

354 5556 561 5604 certum
604 5562 708 5617 est,
755 5553 893 5606 etin
925 5567 985 5606 ea
1017 5552 1355 5613 excellentia,
1410 5554 1462 5605 in
1506 5567 1609 5620 qua
1661 5550 1769 5606 Deo
1801 5550 1927 5607 eon—

356 5621 602 5689 veniunt,
634 5637 739 5674 non
772 5637 924 5689 posse
948 5637 976 5676 a
1008 5624 1164 5677 nobis
1194 5621 1434 5689 intelligi.

432 5688 509 5757 (l)
539 5688 783 5761 Cognitio
813 5706 918 5747 non
954 5693 1303 5763 cognoscitur
1334 5688 1508 5762 primo
1545 5690 1608 5745 ab
1647 5691 1919 5750 intellectu

931 4840 981 4864 ..
1832 4744 2104 4860 Scholia.

2022 4925 2256 4997 humano
2285 4935 2675 4997 cognoscente,
2709 4924 2833 4997 quia
2858 4927 3093 4994 primum
3142 4924 3415 4994 obiectum
3454 4920 3612 4977 intel-

2022 4994 2192 5048 lectus
2220 4996 2386 5049 nostri
2424 4996 2477 5049 in
2506 4996 2757 5063 prmsenti
2783 5005 2926 5050 statu
2960 5005 3043 5051 est
3066 5010 3165 5050 ens
3193 5006 3247 5050 et
3274 5005 3459 5045 verum
3483 5005 3613 5044 ccu-

2021 5063 2318 5119 sideratum
2381 5066 2431 5118 in
2468 5066 2631 5134 rebus
2674 5067 3084 5129 moterialibus;
3148 5063 3602 5134 cognitioantem

2022 5142 2107 5187 est
2139 5133 2535 5209 immaterialis,
2568 5144 2620 5187 et
2643 5136 2780 5209 ideo
2798 5136 3146 5204 cognoscitur
3177 5129 3596 5209 post‘obiectmu

2026 5204 2305 5259 ntateriale
2329 5206 2478 5273 prius
2500 5204 2776 5273 cognitum
2802 5224 2815 5269 ;
2844 5201 3018 5272 neque
3065 5201 3414 5267 cognoscitur
3443 5201 3603 5252 simul

2027 5286 2149 5348 cum
2177 5273 2655 5348 objectogcognito,
2693 5283 2763 5348 n_t_
2780 5276 3015 5348 cognitio
3049 5273 3245 5343 lapidis
3274 5284 3606 5348 noncogno-

2030 5342 2199 5393 Scitur
2248 5344 2405 5413 simul
2453 5341 2575 5398 cum
2622 5343 2821 5413 lapide,
2853 5341 2977 5410 quia
3005 5341 3333 5412 cognoscere
3381 5341 3608 5405 lapidem

2030 5426 2133 5462 non
2164 5422 2246 5465 est
2282 5412 2544 5480 perfectio
2594 5412 2793 5481 lapidis
2831 5415 3067 5482 cogniti;
3104 5414 3302 5481 alioqui
3333 5425 3442 5463 ttno
3486 5418 3609 5461 :tctu

2028 5492 2464 5551 cognosceretur,
2502 5485 2646 5538 sicut
2702 5483 3048 5551 cognoscitur
3075 5498 3181 5536 uno
3213 5491 3337 5534 actu
3362 5496 3453 5551 res
3488 5493 3610 5551 cum

2026 5549 2355 5616 perfectione
2405 5567 2543 5618 sua;
2577 5553 2717 5607 sicut
2766 5549 2987 5621 angelus
3044 5567 3152 5606 uno
3183 5562 3309 5606 actu
3358 5550 3613 5613 intelligit

2024 5632 2177 5693 suam
2201 5622 2621 5693 essentiam,‘et
2645 5637 2802 5693 suum
2834 5622 3169 5693 intelligere,
3197 5623 3359 5693 quo_d_
3372 5632 3454 5674 est
3482 5635 3609 5693 per.

2022 5690 2181 5744 fcctio
2212 5692 2461 5747 essentia:
2507 5686 2646 5760 ejus,
2667 5707 2732 5747 ex
2752 5690 2808 5745 S.
2833 5686 3069 5749 Themi:
3107 5686 3186 5763 p.',
3216 5686 3270 5761 ξι.
3292 5690 3379 5757 87,
3413 5686 3517 5747 art.
3548 5687 3605 5742 5.
