4016 6204
414 278 523 343 079

422 492 684 564 quidquid
723 492 941 547 tandem
971 504 1093 545 esse
1129 503 1253 543 eum
1283 501 1567 557 ponamus;
1603 485 1882 541 beatitudo
1915 496 1999 542 est

423 587 511 640 illa
540 586 649 640 vita
684 582 1025 648 immortalis,
1054 589 1109 636 et
1152 581 1281 636 illud
1331 579 1531 636 bonum
1582 579 1912 645 immortale,
1942 588 1999 635 et

424 679 566 745 quod
599 674 822 743 intelligi
856 689 964 728 non
995 681 1191 743 potest;
1220 672 1563 743 pulchritudo
1593 687 1710 742 qua:
1759 686 1866 727 non
1900 685 1997 728 es-

423 771 709 839 promitnr,
757 776 812 823 ct
857 768 970 838 ipsa
1026 776 1122 838 per
1161 782 1219 821 se
1259 767 1455 837 gratia,
1506 776 1560 821 et
1606 767 1895 837 sapientia,
1943 774 1997 821 et

422 864 614 914 virtus.
646 860 711 914 Et
748 873 975 929 magnus
1001 858 1331 913 Athanasius
1375 858 1431 912 ia
1477 857 1710 927 quadam
1754 856 1999 926 disputa-

418 956 563 1010 tione
594 948 891 1008 Orthodoxi
924 958 980 1007 et
1002 952 1251 1008 Anomt'ei
1288 969 1301 1005 :
1336 948 1513 1006 On'rn.
1547 950 1722 1003 Aliam
1753 956 1809 1003 et
1837 949 1996 1003 aliam

421 1060 712 1114 personam
738 1034 1065 1111 ‘habemus;
1117 1061 1222 1099 non
1276 1055 1455 1099 autem
1517 1041 1680 1098 aliam
1720 1050 1787 1119 et
1833 1040 1993 1097 aliam

421 1136 910 1202 immortalitatem,
948 1152 1111 1206 quam
1138 1153 1232 1207 per
1267 1151 1431 1191 unum
1475 1136 1804 1206 baptismum
1832 1148 1991 1191 acce-

419 1232 636 1297 pimus;
692 1231 739 1285 si
791 1231 935 1285 cnim
987 1231 1091 1285 alia
1126 1241 1184 1284 et
1232 1230 1338 1285 alia
1393 1229 1771 1285 immortalitas
1796 1238 1903 1294 est,
1944 1236 1999 1284 et

417 1324 644 1401 alind'et
674 1323 817 1378 aliud
847 1324 1135 1392 baptisma,
1165 1332 1217 1377 et
1243 1324 1351 1377 alia
1374 1332 1429 1377 et
1458 1322 1559 1376 alia
1579 1322 1743 1376 ﬁdes:
1778 1335 1885 1379 non
1911 1330 1996 1376 est

421 1428 562 1469 unus
600 1416 851 1471 Christus
877 1454 892 1482 ,
925 1431 1029 1470 una
1074 1416 1231 1481 ﬁdes,
1282 1426 1448 1469 unum
1499 1414 1787 1483 baptisma.
1818 1412 1993 1468 Anon.

425 1511 493 1564 At
525 1518 711 1563 nostra
752 1523 986 1578 persona
1017 1508 1121 1563 alia
1156 1516 1238 1563 est
1274 1518 1473 1577 praeter
1508 1504 1993 1569 immortalitatem,

425 1610 480 1655 et
503 1596 769 1668 baptisma
804 1616 816 1653 :
847 1600 1009 1671 igitur
1033 1613 1263 1669 persona
1297 1598 1502 1653 Christi
1528 1597 1631 1652 alia
1657 1610 1889 1666 persona
1914 1608 1997 1649 est

1025 359 1034 370 '
1591 281 1903 343 IOANNIS
1937 283 2504 367 CYPARISSIOTIE

415 419 467 469 in
496 394 723 460 δυιείοθ
754 414 767 453 ³
805 400 959 466 0‘")d
996 413 1126 455 τοῖο
1160 398 1378 453 δεειίιηη
1411 404 1520 462 εει»
1557 396 1670 490 ili”
1702 396 1843 490 ιξθυξ
1872 404 1955 451 εει
1984 414 2000 462 ἱ
2028 382 2085 459 AI
2107 403 2266 465 habet
2287 412 2688 486 differentiam;
2717 422 2859 490 quod
2886 432 3066 478 autem
3093 433 3201 478 non
3226 420 3382 478 habet
3402 422 3638 478 diﬁeren-

3544 310 3638 372 980

2102 506 2253 575 tiam,
2288 519 2444 565 extra
2496 527 2712 570 omnem
2748 516 2913 572 etiam
2961 516 3331 574 habitudinem
3364 528 3445 571 est
3475 520 3642 585 ;quod

2097 608 2276 655 autem
2309 601 2680 660 habitudinem
2732 622 2839 662 non
2870 606 3056 674 habet,
3085 608 3251 663 etiam
3312 620 3415 663 non
3444 622 3642 662 coerce-

2100 698 2219 755 tur;
2252 694 2397 763 quod
2434 704 2613 751 autem
2646 711 2754 752 non
2797 707 3103 766 coercetur,
3158 698 3421 769 principio
3469 709 3643 763 caret;

2099 787 2243 852 quod
2266 798 2396 842 vero
2427 788 2692 860 principio
2713 798 2885 855 caret,
2919 790 3086 845 etiam
3116 800 3202 845 est
3228 790 3532 854 inﬁnitum;
3565 804 3646 844 so-

2098 875 2189 932 lus
2218 876 2379 948 igitur
2437 879 2579 936 Deus
2606 890 2688 937 osi
2719 878 2841 939 sine
2897 882 3189 952 principio,
3219 892 3277 939 et
3309 882 3567 947 inﬁnitus,
3603 893 3650 937 et

2097 967 2216 1023 sine
2243 970 2584 1036 habitudine,
2605 981 2657 1027 et
2680 971 2803 1030 sine
2828 974 3163 1043 dlﬁerentia;
3197 972 3321 1045 quia
3345 970 3553 1049 proprie
3576 984 3651 1030 est

2100 1061 2568 1132 singularissimus
2595 1074 2812 1133 natura,
2841 1077 2897 1123 et
2925 1068 3179 1138 simplex,
3217 1077 3272 1123 et
3298 1080 3407 1123 non
3433 1067 3645 1122 circum-

2098 1154 2356 1222 scriptus,
2417 1156 2520 1213 hoc
2549 1166 2633 1213 cst
2684 1159 2950 1215 inﬁnitus.
3000 1160 3145 1216 Idem
3175 1161 3229 1215 in
3264 1173 3385 1230 cap.
3421 1162 3457 1216 4
3518 1159 3653 1229 eius-

2100 1244 2219 1296 dem
2260 1242 2558 1307 centuria:
2594 1245 2739 1302 Nihil
2771 1260 2962 1304 eorum
2996 1262 3119 1319 quae
3143 1258 3295 1313 sunt,
3315 1258 3402 1305 est
3430 1263 3531 1304 non
3554 1247 3657 1304 cir-

2097 1333 2512 1406 cumscriptum,
2571 1338 2830 1405 quoniam
2875 1350 3052 1408 neque
3100 1340 3326 1395 liberum
3361 1340 3658 1409 apnedica—

2098 1437 2323 1517 metqu
2372 1429 2521 1484 satus
2578 1428 2721 1487 Deus
2747 1437 2834 1486 est
2886 1441 3041 1487 extra
3081 1432 3576 1502 praedicammtum,
3609 1438 3660 1485 et

2098 1522 2303 1578 idcirco
2328 1520 2395 1577 ab
2424 1525 2575 1579 omni
2600 1526 3112 1594 circumscriptione
3141 1525 3303 1590 liber,
3331 1528 3515 1593 utpote
3547 1523 3659 1578 inii.

2100 1612 2211 1667 nite
2228 1614 2279 1667 in
2302 1612 2569 1669 inﬁnitum
2591 1615 2789 1671 celsior
2806 1616 2953 1670 omni
2971 1612 3299 1680 substantia,
3325 1623 3381 1671 et
3403 1622 3593 1676 mente,
3614 1622 3662 1667 et

428 1703 621 1762 prater
659 1663 1144 1747 immortalitatem.
1175 1691 1421 1748 On'ruon.
1448 1690 1709 1757 Minime;
1742 1690 1853 1745 imo
1886 1692 1996 1743 haec

2118 1706 2330 1771 mione,
2348 1714 2403 1760 et
2430 1706 2806 1778 intelligentia.
2829 1708 3064 1765 Sanctus
3090 1708 3441 1773 Athanasius,
3475 1707 3526 1761 in
3554 1716 3669 1761 ara-

429 1792 540 1851 ipaa
577 1792 807 1853 persona
836 1795 888 1838 et
912 1784 1293 1839 immortalitas
1320 1794 1405 1840 est
1425 1801 1443 1849 ;
1465 1794 1520 1839 et
1549 1799 1654 1839 non
1692 1784 1869 1840 solum
1897 1782 2000 1835 int-

429 1876 754 1940 ntortaiitts,
804 1876 919 1931 imo
947 1876 1111 1929 etiam
1148 1876 1504 1943 incorruptio,
1541 1884 1597 1930 et
1635 1874 1849 1943 iustitia
1884 1913 1901 1938 ,
1945 1882 2002 1927 et

429 1965 807 2029 sanctiﬁcatio,
834 1976 889 2019 et
928 1965 1253 2033 redemptio,
1284 1974 1341 2040 et
1366 1964 1693 2029 dominatio,
1724 1973 1780 2020 et
1801 1963 1997 2017 virtus.

430 2059 508 2113 Ex
536 2058 739 2125 quibus
765 2056 987 2125 pateﬁt,
1022 2057 1166 2126 quod
1203 2058 1257 2112 in
1288 2058 1496 2112 unitate
1537 2070 1700 2126 supra
1750 2054 2006 2111 substan-

430 2154 560 2208 tiam
595 2164 703 2209 non
732 2160 945 2222 oportet
974 2156 1221 2220 quaerere
1244 2188 1261 2214 ,
1293 2148 1435 2204 aliud
1466 2164 1588 2206 esse
1616 2151 1700 2205 sui
1742 2150 2005 2221 cognitio-

431 2258 580 2311 nem,
611 2245 737 2313 quia
773 2245 974 2299 habere
1001 2258 1121 2301 eam
1153 2244 1373 2310 dicitur,
1409 2249 1504 2297 aut
1553 2242 1805 2299 similiter
1858 2241 2003 2296 aliud

431 2348 555 2393 esse
583 2347 736 2391 suam
770 2335 1113 2399 charitatem,
1146 2335 1229 2389 vel
1260 2333 1742 2404 pulchritudinem,
1775 2332 1856 2387 vel
1909 2332 2008 2387 im—

434 2428 847 2492 mortalitatem,
878 2427 961 2483 vel
991 2426 1132 2490 alia;
1167 2428 1264 2482 sed
1309 2440 1467 2482 suam
1516 2426 1845 2495 singularem
1884 2423 2009 2480 sub-

432 2520 685 2575 stantiam
708 2561 722 2586 ,
752 2529 806 2573 et
843 2519 1223 2575 exsistentiam
1260 2519 1429 2589 ;quln
1481 2519 1663 2588 potius
1717 2526 1840 2571 eum
1896 2517 2010 2571 hac

436 2612 651 2669 abunde
681 2615 771 2677 sit,
800 2627 863 2667 ea
899 2622 955 2665 ut
987 2627 1047 2668 se
1075 2613 1245 2680 ipsam
1282 2612 1466 2666 habet.

1028 2722 1258 2780 CAPUT
1292 2720 1426 2779 Vili.

436 2814 592 2889 Quod
613 2822 669 2875 in
705 2826 909 2875 unitate
961 2834 1120 2886 supra
1151 2816 1502 2872 substantiam
1525 2832 1623 2889 non
1648 2820 1848 2889 oportet
1869 2832 2013 2885 quie-

508 2908 642 2956 rere,
668 2892 795 2960 quia
825 2889 933 2944 Ιιιεσ
962 2899 1035 2943 est
1053 2891 1251 2950 omnia,
1274 2889 1474 2940 idcirco
1495 2888 1660 2960 multa
1688 2887 1940 2960 ejnsesse
1966 2898 2015 2939 et

518 2957 729 3015 diversa
768 2961 969 3024 omnia,
1000 2972 1080 3014 est
1108 2967 1283 3012 autem
1316 2974 1380 3015 ea
1413 2958 1592 3011 omnia
1625 2958 1739 3025 ipsa
1763 2957 1941 3011 divina
1966 2967 2017 3010 et

506 3035 656 3086 beam
682 3032 798 3099 ejus
824 3030 1276 3099 substantia,qute
1307 3028 1461 3083 habet
1494 3030 1672 3082 omnia
1706 3037 1882 3099 nonut
1897 3027 2007 3099 alia

506 3104 565 3156 in
592 3096 721 3161 alio,
752 3102 842 3155 sed
877 3100 990 3154 sine
1021 3098 1333 3152 habitudine
1364 3109 1413 3153 et
1466 3098 1703 3155 colle’cle.
1736 3096 1870 3150 nihil
1902 3098 2002 3151 Ita-

509 3173 630 3227 bens
654 3171 865 3239 αιψιη,
891 3176 944 3223 et
968 3178 1130 3237 supra
1163 3180 1313 3224 omne
1336 3180 1519 3223 unum.

510 3260 745 3322 Sanctus
774 3260 1038 3317 Maximus
1074 3262 1126 3315 in
1163 3274 1227 3317 eo
1252 3260 1393 3317 libro
1427 3261 1523 3331 qui
1554 3260 1854 3330 inscriptus
1884 3268 1969 3315 est
1996 3276 2012 3314 :

441 3352 597 3423 Quod
638 3350 693 3410 in
737 3352 946 3411 Christo
989 3356 1069 3407 est
1110 3364 1311 3417 rtrum,
1346 3353 1402 3406 id
1448 3362 1544 3415 est,
1586 3352 2011 3407 substantiarunt

440 3443 1028 3516 άὶΙΪεγεηισαιοιιιιιίε,
1079 3443 1278 3514 inQnit,
1309 3442 1639 3511 diﬁ‘ersntia,
1679 3458 1801 3512 quae
1851 3444 2017 3499 dissio

445 3536 830 3602 militudinem,
869 3537 951 3592 vel
1001 3535 1371 3591 diversitatem
1418 3534 1648 3590 aliorum
1681 3535 1751 3591 ab
1781 3534 1902 3590 aliis
1928 3551 2011 3590 se-

443 3633 678 3687 cundum
708 3628 971 3684 rationem
998 3626 1179 3698 aliquo
1214 3628 1373 3682 modo
1425 3625 1724 3682 exsistendi
1757 3627 2017 3691 declarat,

444 3716 802 3793 quantitatem
831 3730 1014 3774 rerum
1047 3716 1421 3773 diderentlum
1474 3726 1659 3773 secum
1694 3716 2021 3771 naturaliter

446 3806 677 3875 inducit,
704 3807 820 3867 sise
864 3810 1323 3873 substantiarum,
1354 3807 1471 3862 sive
1501 3808 1858 3877 qualitatum,
1907 3809 2023 3863 sive

445 3903 875 3971 proprietatum;
912 3899 1057 3970 quod
1094 3911 1227 3954 vero
1247 3901 1462 3966 penitus
1509 3898 1742 3968 simplex
1768 3907 1874 3963 est,
1912 3910 2022 3952 non

447 3988 685 4049 admittit
716 3990 1245 4061 diﬁcrentiam,qnid
1278 3989 1420 4045 idem
1449 3992 1665 4061 penitus
1683 3991 1885 4046 estsibi
1917 3992 2020 4060 ipsi

445 4096 502 4143 et
564 4082 879 4156 singulare,
934 4088 990 4138 et
1040 4091 1212 4137 totum
1251 4095 1317 4137 es
1382 4088 1499 4137 toto
1555 4082 1895 4150 habitudine:
1924 4097 2025 4136 nuo

448 4178 597 4243 itum,
634 4179 775 4232 sicut
838 4186 1007 4244 genus
1054 4174 1110 4228 in
1176 4182 1438 4243 quantum
1497 4188 1603 4227 non
1667 4174 1830 4231 habet
1879 4177 2026 4246 quod

448 4274 520 4326 de
572 4282 637 4325 se
690 4267 1013 4338 praedicetur
1050 4276 1149 4323 εει
1202 4265 1275 4322 ob
1329 4278 1449 4323 eam
1508 4281 1730 4324 causam
1801 4273 2027 4334 omnino

451 4376 556 4420 non
583 4370 925 4427 numeratur,
979 4372 1153 4430 neque
1172 4358 1452 4416 dividitur.
1479 4359 1831 4434 idemtcapite
1859 4366 2021 4433 quin.

448 4454 786 4527 quageslmb,
814 4457 880 4511 tle
906 4455 1146 4524 energiis
1195 4462 1250 4510 et
1292 4452 1705 4511 vuiuntatihus:
1745 4454 1881 4511 Cum
1910 4470 2025 4511 om~

454 4548 529 4609 ui,
570 4548 768 4611 inquit,
801 4540 1107 4599 diﬁ‘erentia
1135 4541 1297 4598 simul
1323 4543 1610 4599 inducitur
1634 4544 1938 4613 quantitas,
1966 4556 2020 4601 et

452 4653 577 4694 cum
607 4638 755 4692 omni
784 4636 1088 4706 quantitate
1138 4635 1468 4705 coniunctus
1514 4645 1597 4692 est
1629 4653 1906 4705 numerus,
1940 4641 2033 4709 qui

451 4746 571 4803 eam
609 4729 849 4783 declarat
883 4744 899 4795 ;
931 4743 1036 4782 non
1091 4729 1234 4780 enim
1280 4728 1394 4782 ﬁeri
1427 4737 1624 4797 potest,
1663 4739 1721 4784 ut
1766 4732 1851 4786 vel
1878 4726 2035 4787 diti?-

453 4822 627 4879 rentia
690 4822 759 4876 sit
809 4821 925 4876 sine
952 4822 1277 4891 quantitate,
1338 4821 1419 4875 vel
1468 4822 1746 4891 quantitas
1782 4824 1899 4879 sine
1936 4840 2036 4878 nu-

452 4924 629 4981 utero,
657 4908 888 4985 quleam
904 4912 1168 4977 deciaret,
1192 4911 1563 4981 dignosctttur.
1596 4914 1739 4968 [dum
1772 4915 1949 4982 capite
1999 4916 2033 4970 ὅ

452 5006 713 5065 centuria:
739 5019 800 5060 ιιι
840 5002 1045 5071 τΏιιοά
1079 5012 1160 5057 est
1199 5003 1417 5073 penitus
1443 5014 1608 5058 unum
1662 5009 1896 5077 proprie,
1928 5020 2031 5064 non

526 5120 570 5152 ”
586 5115 745 5173 loan.
766 5130 884 5181 ut.
902 5115 992 5170 i5.
1066 5114 1112 5146 “
1140 5111 1298 5168 δοίη.
1317 5128 1452 5174 ιγιι.
1515 5112 1599 5166 l0.

2105 1797 2442 1867 tione,'qttam
2476 1799 2751 1867 inscripsit
2770 1796 3117 1871 Κηρυκτικόν
3139 1801 3191 1855 in
3216 1798 3667 1877 obnuntiationem

2104 1886 2463 1946 sanctissimas
2496 1888 2739 1948 Dominae
2763 1900 2989 1959 nostris,
3021 1892 3211 1948 Matris
3244 1892 3376 1947 Dei:
3403 1890 3667 1954 Quamob-

2104 1996 2235 2050 rem,
2266 1984 2463 2053 inquit,
2497 1992 2556 2039 et
2612 1985 2729 2054 ipse
2783 1984 3105 2055 Unigenitus
3139 1986 3283 2041 Deus
3339 1984 3455 2038 ait:
3487 1978 3671 2037 Omnia

2102 2082 2220 2141 quat
2252 2072 2405 2126 habet
2451 2072 2632 2139 Pater,
2664 2086 2782 2128 mea
2820 2083 2941 2128 sunt
2968 2070 3055 2137 ”;
3094 2083 3149 2128 et
3180 2073 3329 2128 Patri
3378 2071 3539 2127 dicit:
3573 2070 3674 2125 Hea

2107 2168 2305 2229 omnia,
2344 2175 2437 2219 tua
2461 2173 2609 2232 sunt,
2656 2174 2706 2221 et
2732 2175 2824 2220 tua
2862 2180 3001 2234 mea,
3025 2176 3077 2220 et
3107 2165 3448 2235 gloriﬁcatur
3488 2174 3597 2217 sunt
3622 2161 3673 2211 in

2106 2257 2415 2328 ipsis".ln
2481 2256 2733 2314 omnibus
2776 2260 2954 2323 enim,
2991 2257 3045 2312 in
3102 2257 3298 2326 quibus
3361 2254 3674 2325 gloriﬁcatur

2112 2351 2290 2417 Pater,
2317 2360 2440 2406 cum
2472 2350 2539 2406 de
2566 2352 2675 2406 Deo
2705 2362 2888 2407 sermo
2918 2350 3000 2412 iit,
3027 2348 3372 2418 gloriﬁcatur
3396 2347 3553 2402 etiam
3585 2343 3665 2398 Fi-

2111 2444 2237 2511 llus,
2262 2456 2315 2502 et
2344 2444 2578 2515 Spiritus
2600 2454 2824 2499 sanans
2849 2459 2865 2508 ;
2887 2443 3015 2498 hinc
3031 2443 3231 2498 dicitur
3254 2440 3529 2511 periectas
3546 2434 3677 2491 Deus

2117 2539 2295 2601 Pater,
2336 2539 2610 2606 perfectus
2642 2537 2784 2592 Deus
2816 2532 3010 2601 Filius,
3038 2533 3322 2604 perlaetus
3357 2534 3494 2586 Deus
3520 2526 3675 2595 Spiri-

2116 2639 2200 2688 tus
2239 2638 2493 2685 sanctus:
2539 2630 2665 2696 quia
2701 2626 2831 2681 nihil
2891 2641 2957 2682 ex
3007 2623 3355 2691 plenitudine
3401 2616 3681 2676 divinitatis

2119 2722 2413 2790 unicuique
2457 2732 2704 2789 persona
2730 2718 2919 2783 deest;
2956 2710 3052 2770 sed
3106 2713 3284 2783 potius
3312 2713 3462 2766 ἰσίαν
3500 2710 3549 2763 id
3584 2715 3679 2767 est.

2118 2812 2487 2883 mqualitatent
2512 2810 2674 2865 habet
2706 2808 2946 2861 omnium
3008 2805 3412 2876 proprietatum
3440 2820 3454 2867 ;
3482 2799 3533 2855 in
3563 2811 3683 2869 qua-

2118 2920 2238 2961 rum
2285 2903 2599 2975 aequalitate
2633 2900 2918 2973 plenitudo
2966 2898 3268 2955 divinitatis
3314 2891 3688 2958 cernatnrnb

2121 2994 2236 3051 ἴσου
2250 2996 2419 3058 enim,
2439 2994 2491 3048 Id
2519 3002 2601 3049 est
2621 2991 2813 3062 aequali
2836 2996 2939 3046 ves
2975 2988 3235 3045 feminina
3264 2987 3385 3040 ισεα
3412 2984 3686 3045 derivatur,

2034 3082 2078 3143 C
2109 3090 2161 3145 id
2194 3086 2279 3146 est
2307 3085 2618 3158 aequalitas,
2644 3098 2764 3155 quas
2790 3094 2871 3140 est
2912 3080 3339 3151 cumprehensio
3374 3078 3687 3136 constituens

2118 3178 2484 3249 aequalitatem
2508 3175 2801 3230 multorum
2829 3192 2844 3240 ;
2879 3182 3109 3242 quorum
3127 3172 3276 3227 enim
3303 3170 3527 3240 aqualis
3554 3179 3687 3238 quar-

2119 3275 2240 3326 tlam
2274 3267 2577 3325 substantia
2611 3274 2695 3321 est
2723 3264 3090 3320 diﬁ‘erentium
3146 3264 3562 3332 proprietatum,
3591 3257 3688 3310 [aia

2120 3364 2339 3427 dicitur,
2401 3366 2658 3429 tanquam
2710 3356 2834 3411 cata
2861 3357 2957 3410 xui.
3002 3356 3123 3426 μία,
3171 3356 3223 3408 id
3262 3364 3374 3416 est,
3437 3355 3689 3435 sauciari

2120 3470 2263 3521 una;
2298 3462 2352 3509 et
2399 3452 2525 3524 quia
2582 3451 2696 3504 ista
2739 3449 2937 3504 dicitur
2972 3447 3273 3503 secundum
3328 3442 3691 3517 etymologiam

2122 3549 2421 3603 mutatione
2469 3564 2484 3598 t
2538 3540 2593 3598 in
2632 3560 2681 3609 ο,
2724 3550 2778 3598 ει
2807 3544 3122 3597 accessione
3148 3541 3351 3595 iitterm
3383 3557 3436 3605 υ,
3478 3535 3693 3593 ciiicitttr

2123 3638 2555 3710 interpretando,
2602 3636 2779 3701 οὐσία,
2818 3634 2869 3690 id
2928 3642 3033 3700 est,
3084 3634 3690 3697 substantia,tanquam

2122 3733 2368 3804 quaedam
2408 3729 2646 3786 essentia
2678 3743 2743 3784 ex
2779 3726 3025 3793 pluribus
3058 3725 3113 3780 in
3156 3739 3332 3779 unum
3362 3716 3689 3791 congregatis

2122 3824 2352 3882 conﬂata
2381 3836 2397 3889 ;
2430 3820 2695 3877 hactenus
2719 3817 3074 3874 Athanasius.
3103 3816 3409 3884 Gregorius
3433 3812 3693 3884 Nyssenus

2128 3923 2181 3977 in
2204 3928 2459 3972 sermone
2493 3911 2832 3968 catechetico
2856 3924 2870 3963 :
2893 3910 2949 3965 Si
2973 3910 3142 3972 enim,
3177 3907 3380 3977 inquit,
3408 3906 3620 3965 bonnnt,
3649 3905 3697 3952 ct

2122 4010 2349 4078 justum,
2392 4012 2447 4060 et
2482 4004 2736 4076 sapiens.
2779 4007 2838 4055 et
2895 4006 3086 4069 potens
3154 3996 3416 4052 similiter
3480 3993 3696 4052 dicatur,

2129 4103 2255 4156 item
2292 4091 2698 4159 immortalitas,
2730 4098 2787 4147 et
2810 4089 3238 4161 sempiternitas,
3265 4095 3323 4143 et
3343 4086 3524 4142 omnis
3556 4090 3695 4135 mens

2129 4195 2214 4263 pia
2241 4190 2430 4247 eodem
2455 4186 2612 4243 modo
2633 4182 2958 4240 conﬁteatur
2979 4180 3124 4236 omni
3158 4178 3373 4234 ratione
3395 4173 3697 4233 ἀίσοιιειιιίω

2130 4260 2382 4335 sublata:
2419 4273 2731 4328 necessario
2769 4270 2930 4325 simul
2958 4268 3167 4323 tollitur
3211 4268 3557 4337 esjdogmate
3576 4260 3700 4316 mul-

2135 4369 2310 4423 iitndo
2343 4366 2591 4426 deorum,
2622 4376 2747 4417 cum
2782 4362 2924 4416 idem
2959 4358 3134 4429 ipsum
3164 4370 3287 4414 esse
3352 4358 3407 4412 in
3434 4353 3695 4412 omnibus.
3725 4367 3732 4374 '

2141 4460 2298 4514 ﬁdem
2320 4457 2376 4512 in
2402 4456 2666 4510 unitatem
2693 4451 3076 4507 circumducit.
3096 4450 3243 4504 idem
3269 4450 3327 4503 ιιι
3343 4449 3568 4503 eodem:
3598 4441 3701 4494 Non

2140 4551 2287 4606 enim
2331 4555 2485 4601 extra
2520 4542 2975 4612 compositionem
3015 4540 3119 4595 erit
3153 4538 3468 4607 huiusmodi
3510 4531 3701 4603 Opinio,

2143 4654 2263 4710 qua:
2291 4634 2424 4695 dicit
2445 4637 2587 4691 aliud
2625 4628 2680 4689 in
2700 4635 2808 4690 alio
2838 4646 2984 4697 esse,
3014 4635 3107 4688 sed
3134 4632 3321 4701 potius
3348 4642 3570 4686 necesse
3599 4641 3702 4678 om-

2145 4734 2274 4789 nino
2300 4740 2403 4796 est,
2434 4727 2786 4797 simplicitate
2817 4736 2971 4779 extra
3024 4723 3455 4777 controversiam
3487 4715 3705 4773 etiiuhi-

2147 4826 2404 4888 tationem
2461 4821 2662 4891 posita,
2692 4819 2863 4888 ipsam
2918 4832 3015 4888 per
3042 4832 3105 4870 se
3131 4816 3298 4867 vitant
3325 4828 3452 4867 esse
3481 4809 3700 4864 Verbum

2149 4917 2263 4970 Dei.
2302 4914 2487 4968 Idem:
2516 4910 2712 4973 Omne,
2741 4907 2943 4977 inquit,
2975 4905 3119 4975 quod
3142 4904 3288 4960 eirea
3318 4902 3488 4956 Deum
3519 4895 3707 4954 intellia

2146 5006 2405 5082 gitur(i),
2428 5002 2477 5056 id
2504 5009 2621 5057 erat
2642 5010 2769 5078 ante
2788 5002 2973 5055 mundi
3005 4997 3455 5055 constitutionem
3478 5009 3493 5060 ;
3515 4991 3608 5046 sed
3632 4998 3710 5041 ta-

1955 5188 2230 5251 Schoha.

531 5293 797 5366 (“Omne
848 5290 1156 5366 quodcirpa
1221 5288 1403 5366 Deum_
1450 5288 1786 5366 intelligitur,
1833 5292 2034 5366 idernt

462 5360 802 5420 antc'muntli
821 5361 1285 5423 constitutionem,
1311 5360 1403 5416 sed
1425 5367 1600 5413 tamen
1635 5363 1741 5414 hoc
1762 5362 2032 5415 nominari

463 5435 720 5502 dicimus,
744 5443 1028 5502 pcatqnam
1063 5430 1240 5502 luctus
1305 5438 1386 5502 est
1412 5428 1602 5502 homo,
1642 5428 1751 5502 Hoc
1775 5437 1858 5485 est
1889 5432 2034 5500 quod

464 5473 1394 5584 gi:_'s':“i~t.t:;:‘.",:."a.feraci:
1422 5473 2033 5584 "stistinnapiaaz

466 5573 560 5628 Dei
591 5574 787 5640 bonus,
844 5570 1087 5641 sapiens,
1123 5580 1175 5627 et
1205 5570 1429 5641 similia,
1492 5580 1758 5641 Quantum
1825 5573 1890 5625 ad
1924 5587 2034 5625 rem

463 5638 819 5712 signiﬁcatam
842 5638 989 5711 prius
1018 5641 1272 5712 dicuntur
1291 5638 1358 5694 dc
1386 5641 1517 5712 Deo,
1541 5654 1700 5712 quam
1724 5638 1795 5712 de
1821 5651 2039 5694 creatu-

467 5709 572 5779 rii,
601 5712 723 5781 quia
757 5728 783 5767 a
822 5709 931 5768 Deo
967 5710 1277 5780 huiusmodi
1320 5709 1690 5781 perfectiones
1723 5710 1775 5764 in
1810 5722 2021 5766 creatu-

2147 5307 2236 5347 ras
2272 5300 2515 5350 manant,
2551 5289 2643 5343 sed
2670 5297 2936 5357 quantum
2968 5286 3035 5340 ad
3062 5282 3492 5357 hnposltioncm,
3530 5275 3711 5347 inquit,

2147 5363 2401 5426 nominis,
2432 5353 2844 5421 imposita-sunt
2872 5357 3157 5419 creaturis,
3192 5364 3325 5423 quas
3345 5353 3497 5419 prius
3522 5360 3712 5426 cogno-

2145 5434 2367 5495 scimus,
2390 5421 2706 5498 'signiilcant
2734 5429 2877 5480 enim
2932 5421 3222 5498 bonitatem
3255 5421 3711 5498 creatamhhonus.

2148 5512 2201 5556 ct
2238 5487 2560 5568 sapientium
2613 5506 2852 5551 creatam
2906 5495 3144 5568 sapiens,
3169 5503 3308 5568 _cic.,
3342 5504 3467 5568 qum
3493 5487 3597 5568 lico
3629 5498 3706 5568 pet

2150 5556 2440 5625 essentiam
2476 5569 2829 5629 conveniunt,
2864 5556 3309 5635 etéénpnpé‘ato;
3342 5556 3397 5635 tit
3422 5561 3494 5610 :lii
3524 5556 3712 5635 [linux-

2149 5657 2282 5703 S‘iiS,
2312 5641 2472 5706 cap.5
2494 5639 2562 5690 De
2584 5639 2774 5690 divinis
2793 5631 3114 5708 nominibus,
3141 5634 3193 5685 id
3222 5642 3322 5690 cst,
3347 5631 3489 5681 elate
3514 5634 3563 5708 ct
3590 5631 3713 5708 enti-

2136 5723 2347 5774 ncntcr,
2381 5703 2492 5775 ipse
2542 5710 2685 5762 cnim
2728 5715 2811 5761 cst
2854 5721 2951 5760 sua
2983 5706 3217 5768 bonitas,
3241 5712 3291 5754 ct
3311 5714 3410 5754 sua
3440 5703 3707 5765 sapientia.
