4016 6204
302 281 423 373 981.

1142 289 1379 351 DECAS
1413 293 1465 353 Χ
1520 315 1586 327 ’-
1628 293 1740 362 DE~
1772 292 2040 358 Dii'l-NA
2076 291 2642 357 SIMPLICITATE.

3447 293 3557 357 oss
3619 378 3627 386 ι

300 415 423 454 nteit
483 399 588 457 hoc
624 401 892 458 nominari
953 402 1210 469 dicimus,
1245 416 1537 477 postquam
1585 413 1761 462 lactus
1791 422 1875 465 est
1906 424 1943 478 Α
1976 420 2112 479 tate,
2135 427 2256 485 qua:
2281 425 2439 480 supra
2473 407 2830 467 substantiam
2854 412 3030 470 cst,et
3056 405 3246 475 inipsa
3265 413 3347 460 est
3380 405 3554 473 ipsum

300 492 393 555 qui
434 492 758 549 nominavit.
791 494 855 548 Et
888 493 1106 549 divinus
1139 495 1426 559 Maximus,
1464 500 1515 552 in
1546 500 1769 555 scholiis
1819 502 1869 554 iu

1976 519 2118 570 esse,
2154 511 2207 560 et
2236 518 2416 558 rerum
2443 501 2735 573 principia.
2754 508 2811 554 et
2839 500 3021 555 omnia
3053 511 3384 568 quaecunque
3407 505 3557 565 sunt,

304 581 617 652 Dionysium
648 600 769 659 cap.
800 585 857 659 5,
895 584 972 641 De
994 586 1186 641 divinis
1226 588 1523 644 nominibus
1551 605 1567 643 :
1596 588 1762 659 Quia,
1794 593 1876 645 iu-

2006 604 2035 650 t
2065 609 2185 666 quae
2224 597 2712 665 quomodocunque
2764 599 2891 651 sunt
2920 606 2935 644 :
2991 590 3155 659 idque
3190 590 3309 645 sine
3343 589 3558 643 habitu-

299 672 438 737 qnit,
479 674 700 745 quidam
750 677 1000 735 dixerunt
1037 678 1183 734 ideas
1224 690 1277 735 et
1310 681 1637 753 exemplaria
1682 698 1776 752 per
1819 700 1875 740 se

300 762 434 818 foris
485 766 774 834 exsistere,
831 768 931 826 hos
964 786 1105 826 nunc
1132 769 1258 827 ferit
1289 772 1542 844 gentiles,
1576 782 1633 828 et
1662 774 1777 830 ait:
1818 775 1873 831 Si

303 857 436 910 idea!
470 873 575 912 non
607 868 788 915 essent
812 862 1131 932 simpliciter
1154 874 1210 917 et
1242 863 1589 932 singulariter
1620 869 1875 925 notiones

302 961 628 1018 supraquam
646 948 924 1023 simplices
947 951 1039 1007 Dei
1066 969 1393 1027 supraquam
1417 957 1706 1031 simplicis,
1731 977 1881 1019 com-

303 1039 512 1105 positus
532 1051 676 1097 esset
697 1041 837 1100 Deus
863 1060 928 1100 ex
958 1049 1279 1119 exemplari,
1301 1062 1355 1111 et
1379 1068 1442 1108 ex
1475 1070 1533 1113 se
1558 1055 1698 1126 ipso,
1717 1071 1877 1126 quem

306 1127 442 1183 dixit
499 1126 789 1203 Dionysius
842 1150 1057 1193 omnem
1118 1136 1542 1208 duplicationem
1599 1161 1877 1203 recusare.

306 1219 449 1275 item
471 1220 815 1280 Maximusin
845 1226 1045 1283 eisdem
1079 1230 1321 1299 scholiis,
1354 1250 1475 1306 cap.
1511 1236 1568 1302 7,
1601 1252 1880 1306 exponens

305 1310 449 1374 quod
500 1308 791 1382 Dionysius
836 1316 939 1370 ait:
979 1315 1247 1390 Imagines
1310 1325 1568 1399 quasdam
1632 1328 1883 1384 similitu-

308 1400 484 1455 dinem
511 1402 814 1460 divinorum
849 1410 1229 1483 exemplarium
1270 1430 1288 1469 :
1320 1416 1472 1484 Quae,
1508 1418 1704 1489 inquit,
1738 1431 1885 1490 sunt,

311 1491 362 1542 id
399 1499 501 1555 est,
537 1496 769 1562 species.
803 1506 857 1573 et
891 1499 1114 1573 singulae
1144 1517 1430 1575 creaturae,
1481 1523 1537 1567 ut
1570 1512 1760 1571 omnes
1795 1532 1892 1572 0r-

307 1581 461 1637 dines
481 1587 824 1655 angelorum.
855 1601 911 1647 et
930 1595 1111 1651 omnia
1134 1612 1254 1666 qua:
1284 1601 1385 1655 sub
1417 1617 1637 1660 sensum
1661 1607 1887 1675 cadunt,

311 1674 576 1766 imagines
617 1687 741 1732 sunt
770 1690 823 1736 et
853 1682 1238 1743 similitudines
1271 1691 1579 1748 divinarum
1619 1695 1887 1766 idearum,

309 1760 361 1814 Μ
398 1771 481 1818 est
516 1768 927 1840 exemplarium,
961 1788 1079 1841 qua:
1110 1776 1163 1829 itt
1197 1775 1305 1832 Deo
1333 1790 1480 1842 sunt,
1518 1795 1639 1851 quae
1665 1760 1884 1852 quidem
1921 1768 1965 1823 ³

309 1856 638 1925 exemplaria
663 1870 793 1916 sunt
821 1872 1040 1921 aeternae
1073 1868 1323 1926 notiones
1368 1871 1481 1936 Dei,
1514 1887 1613 1943 per
1644 1888 1803 1942 quas,
1833 1885 1888 1929 et

310 1950 607 2002 secundum
646 1965 782 2020 quas
807 1956 986 2011 omnia
1018 1968 1172 2012 erant
1204 1962 1254 2014 in
1294 1960 1412 2029 ipso
1460 1978 1565 2018 non
1592 1962 1695 2017 alia
1725 1978 1888 2031 quam

312 2039 460 2108 ipse;
494 2049 547 2094 et
575 2038 831 2109 producta
864 2056 1011 2112 sunt,
1039 2052 1181 2107 sicut
1225 2052 1297 2107 ait
1325 2052 1563 2109 Joannes
1601 2057 1651 2111 in
1679 2032 1888 2126 Apocal-

313 2130 448 2201 lypsi
467 2130 538 2196 θ’,
557 2137 848 2203 quemdam
872 2139 924 2198 in
943 2143 1335 2213 antiquissimis
1357 2147 1560 2216 angelis
1582 2148 1787 2204 dixisse
1814 2150 1886 2218 ei,

312 2223 456 2303 quod
488 2226 671 2281 omnia
688 2237 866 2295 erant,
894 2239 948 2285 et
970 2232 1110 2288 facta
1140 2247 1304 2301 sunt;
1333 2237 1481 2293 ideas
1509 2239 1644 2293 dixit
1680 2238 1889 2309 fuisse;

314 2329 366 2368 et
396 2316 662 2387 imagines
704 2328 865 2391 atque
936 2323 1328 2382 similitmlines
1382 2329 1653 2395 i'tearum,
1699 2333 1751 2385 id
1783 2342 1891 2399 est,

318 2408 708 2474 exemplarium
741 2408 872 2465 dixit
897 2426 1020 2468 esse
1059 2417 1238 2469 omnia
1275 2434 1393 2487 qua:
1421 2420 1684 2485 producta
1717 2432 1882 2478 sunt.

320 2496 515 2554 B-atus
553 2496 993 2579 Cltrysostomus,
1033 2507 1084 2559 in
1138 2509 1354 2562 homilia
1391 2511 1456 2565 de
1508 2529 1691 2580 cruce,
1738 2517 1895 2587 cujus

319 2590 643 2661 principium
678 2602 793 2647 est:
826 2594 964 2660 Quid
987 2597 1158 2650 dicam
1182 2601 1207 2653 ?
1239 2601 1364 2670 quid
1391 2602 1627 2673 loquar?
1656 2622 1756 2677 quo
1800 2624 1894 2663 uo-

322 2678 458 2735 mine
506 2700 592 2738 vos
624 2685 894 2754 appellabo
917 2690 943 2742 ?
971 2687 1105 2745 Cum
1139 2691 1261 2747 dico
1306 2690 1471 2749 Deum
1524 2697 1803 2754 sedentem
1841 2701 1893 2755 in

321 2775 573 2843 excelsis,
622 2795 725 2832 non
761 2781 934 2836 solum
964 2785 1017 2837 in
1052 2799 1181 2850 uno,
1237 2786 1331 2841 sed
1367 2786 1569 2857 ubique
1613 2790 1893 2846 sedentem

322 2862 442 2917 dico
475 2883 489 2928 ;
532 2881 636 2920 non
673 2869 816 2923 enim
849 2871 1165 2928 distantiam
1190 2875 1296 2930 loci
1324 2876 1506 2945 habet,
1538 2879 1627 2949 qui
1659 2892 1742 2936 est
1766 2899 1896 2939 suus

325 2956 491 3047 locus,
532 2956 620 3024 qui
650 2960 766 3026 ipse
795 2950 975 3017 omnia
1011 2968 1180 3036 capit,
1217 2982 1339 3022 eum
1400 2985 1528 3025 vero
1560 2972 1694 3027 nihil
1729 2976 1894 3047 capit.

324 3045 454 3111 Quis
484 3050 627 3101 enim
662 3061 837 3119 potest
878 3070 1075 3123 capere
1109 3069 1358 3113 naturam
1400 3045 1807 3133 incorporeum,
1843 3076 1900 3122 et

1979 688 2124 753 dine,
2154 696 2210 742 et
2240 685 2488 750 collecte,
2517 697 2572 741 et
2602 685 2796 748 unite;
2826 682 3093 754 siquidem
3124 683 3175 737 in
3202 683 3406 739 unitate
3432 698 3549 736 0m-

1980 778 2067 847 nis
2098 793 2356 837 numerus
2381 775 2730 835 uniformiter
2762 775 3087 845 praeexstitit
3114 791 3127 839 ;
3150 773 3561 841 habetquenni-

1980 881 2063 931 tas
2095 872 2151 928 in
2181 886 2243 929 se
2270 872 2383 942 ipsa
2406 870 2753 949 singulariter
2780 884 2997 929 omnem
3019 881 3326 929 numerum,
3361 875 3416 922 et
3439 860 3560 920 oin-

1983 963 2071 1019 nis
2099 977 2362 1019 numerus
2417 962 2473 1016 in
2508 977 2672 1017 unum
2726 954 3014 1032 Copulatus
3046 968 3155 1022 est,
3186 968 3240 1013 et
3265 958 3318 1015 in
3353 957 3564 1011 unitate

1981 1062 2181 1121 est;et
2215 1062 2419 1122 quanto
2464 1054 2677 1122 longius
2722 1054 2793 1109 ab
2842 1051 3051 1108 unitate
3113 1049 3378 1120 procedit,
3417 1057 3567 1103 tanto

1984 1146 2163 1215 magis
2191 1144 2476 1210 dividitur,
2506 1153 2562 1201 et
2584 1142 2975 1213 multiplicatur
2996 1161 3011 1208 ;
3030 1142 3153 1197 etin
3174 1150 3362 1196 centro
3377 1154 3566 1195 omncs

1989 1239 2143 1294 lineae
2173 1237 2364 1294 circuli
2398 1253 2505 1293 una
2551 1237 2902 1305 copulatione
2949 1234 3109 1290 simul
3166 1233 3479 1295 exsistunt;
3513 1235 3569 1284 et

1987 1329 2155 1386 habet
2188 1338 2451 1395 punctum
2496 1343 2691 1383 omnes
2746 1334 2921 1382 rectas
2979 1326 3155 1380 lineas
3218 1321 3558 1385 uniformitet

1989 1420 2271 1489 copulatas
2297 1420 2441 1483 inter
2463 1434 2544 1485 se,
2567 1426 2622 1474 et
2654 1432 2775 1471 cum
2809 1431 2918 1473 uno
2944 1412 3237 1485 principio,
3263 1428 3295 1471 a
3315 1427 3424 1484 quo
3455 1412 3570 1466 exi-

1988 1523 2180 1577 erunt;
2214 1523 2268 1565 et
2299 1512 2349 1566 in
2375 1511 2499 1582 ipso
2534 1517 2734 1565 centro
2767 1507 2994 1563 omnino
3026 1503 3293 1571 copulatae
3313 1511 3440 1557 sunt
3470 1517 3484 1563 ;
3517 1510 3573 1553 et

1990 1618 2182 1674 parum
2207 1604 2280 1659 ab
2326 1619 2391 1660 eo
2419 1603 2707 1667 distantes,
2745 1614 2938 1668 parum
2988 1596 3339 1659 dividuntur;
3402 1591 3572 1661 magis

1980 1707 2174 1755 autem
2205 1697 2496 1762 dimantes,
2531 1693 2729 1764 magis,
2762 1699 2904 1761 etut
2934 1689 3104 1748 semel
3143 1687 3340 1751 dicant,
3370 1692 3573 1757 quanto

1991 1797 2123 1847 sunt
2135 1796 2327 1845 centro
2348 1785 2791 1859 propinquiores,
2816 1790 2966 1837 tanto
2986 1780 3162 1850 magis
3187 1792 3308 1833 cum
3328 1790 3393 1830 eo
3410 1782 3466 1829 et
3490 1770 3574 1828 in-

1989 1890 2074 1937 ter
2100 1896 2161 1938 se
2181 1879 2533 1950 copuiantur;
2557 1886 2610 1932 et
2627 1885 2834 1942 quanto
2871 1872 3045 1943 magis
3068 1887 3096 1927 a
3128 1868 3593 1931 centrodjstant,

1991 1982 2144 2029 tanto
2183 1972 2357 2043 magis
2388 1978 2443 2025 et
2474 1971 2623 2025 inter
2653 1981 2717 2023 se
2757 1965 3001 2029 distant;
3024 1963 3133 2019 imo
3169 1970 3225 2015 et
3255 1959 3311 2015 in
3341 1965 3451 2012 tota
3476 1970 3573 2010 na-

1992 2074 2113 2121 tura
2186 2063 2450 2128 universi,
2497 2060 2759 2117 rationes.

1990 2172 2095 2212 una
2145 2153 2497 2223 copulatione
2549 2164 2655 2204 non
2713 2144 2944 2202 confusa
3006 2140 3246 2197 collectae
3290 2146 3438 2205 sunt,
3518 2134 3574 2190 ei

1991 2246 2049 2303 in
2075 2245 2254 2302 anima
2284 2242 2546 2312 copulata:
2604 2247 2734 2296 sunt
2766 2234 3115 2292 uniformiter
3166 2232 3423 2293 virtutes,
3456 2241 3577 2296 quas

1993 2336 2253 2395 omnibus
2280 2335 2537 2406 partibus
2562 2329 2811 2402 corporis
2839 2324 3130 2401 provident
3155 2340 3169 2389 ;
3208 2336 3311 2376 non
3360 2327 3444 2374 est
3474 2317 3576 2391 igi-

1995 2440 2086 2485 tur
2123 2428 2421 2484 absurdum
2475 2441 2541 2480 ex
2571 2422 2751 2480 parvis
2783 2429 2841 2477 et
2885 2417 3115 2475 minutis
3166 2411 3496 2481 imaginibus
3524 2418 3580 2462 et

1993 2521 2259 2594 exemplis
2288 2519 2355 2575 ad
2408 2530 2631 2573 causam
2692 2511 2940 2570 omnium
2997 2508 3356 2563 ascendentes
3403 2499 3579 2556 oculis

1996 2610 2372 2683 comtemplari
2396 2607 2581 2664 omnia
2615 2606 2671 2660 in
2703 2616 2872 2659 causa
2903 2600 3177 2659 omnium,
3216 2602 3271 2648 et
3301 2607 3420 2664 quae
3451 2599 3581 2646 sunt

1997 2705 2140 2775 inter
2168 2681 2563 2763 sedeontraria,
2597 2692 2944 2750 uniformiter
2969 2699 3022 2745 et
3052 2685 3322 2757 copulate.
3342 2683 3422 2736 Ad
3457 2681 3573 2734 lum

1998 2770 2225 2853 sanctus
2256 2792 2520 2848 Maximus
2538 2785 2779 2855 adiungit
2796 2802 2810 2839 :
2829 2780 2961 2837 illud
2988 2781 3040 2833 in
3067 2793 3154 2842 eo,
3170 2786 3220 2832 et
3239 2790 3301 2830 ex
3321 2789 3386 2829 eo
3402 2773 3479 2825 sic
3496 2770 3581 2824 itt-

2000 2886 2351 2959 telligendum
2377 2882 2609 2951 est,ipsa
2644 2892 2739 2947 per
2770 2890 2831 2932 se
2855 2878 3186 2944 supraqitam
3206 2866 3439 2959 bonitas,
3462 2877 3582 2933 quae

2000 2986 2083 3034 est
2122 2955 2307 3041 Vmens,
2326 2984 2381 3030 et
2397 2983 2510 3029 tota
2533 2983 2708 3033 actus,
2728 2968 2794 3021 ad
2814 2965 3063 3035 seipsam
3084 2972 3342 3016 conversi
3375 2955 3429 3009 in
3459 2962 3581 3009 actu

2002 3080 2106 3137 est,
2145 3085 2251 3126 non
2295 3074 2565 3139 potestate
2609 3063 2762 3133 prius
2815 3059 2932 3115 sine
2970 3064 3172 3117 mente,
3213 3060 3398 3121 postea
3431 3061 3585 3105 mens

2849 2053 3282 2124 uniuscujusque
3365 2056 3575 2103 natura:
3636 2068 3639 2071 -

328 3143 568 3193 "nterim
596 3152 895 3208 θκῐιθτιθιην
945 3156 1105 3215 aulne
1141 3147 1433 3216 Ῑιιίῖηῖιθιη.
1475 3161 1531 3207 et
1565 3169 1684 3221 qum
1718 3172 1897 3225 neque
1925 3155 1968 3210 Β
2004 3170 2163 3216 actu:
2195 3158 2339 3213 unde
2379 3165 2464 3211 est
2504 3153 2669 3211 etiam
2704 3164 2858 3207 tuens
2910 3146 3085 3202 solum
3118 3159 3274 3214 pura,
3308 3155 3428 3209 qua:
3478 3154 3584 3191 non

324 3229 658 3301 investigari,
679 3250 853 3306 neque
869 3238 1164 3315 corrumpi.
1182 3256 1356 3310 neque
1377 3244 1730 3317 intelligentia
1750 3263 1902 3303 com-

326 3323 585 3387 prehendi
638 3335 834 3395 potest,
883 3345 1011 3405 qnaa
1048 3340 1130 3386 est
1177 3330 1357 3391 Deus?
1394 3336 1550 3407 Apud
1598 3339 1714 3407 pios
1756 3340 1902 3395 enim

326 3416 405 3468 sic
420 3425 631 3486 oportet
656 3419 957 3491 intelligere
978 3421 1141 3478 Deum
1170 3444 1183 3478 :
1211 3424 1323 3492 ipse
1346 3443 1575 3498 namque
1593 3439 1677 3483 est
1694 3431 1902 3494 omnia,

328 3510 445 3573 ipse
470 3518 553 3565 cst
578 3519 762 3566 nostra
776 3528 921 3582 spes,
944 3523 1170 3571 utantea
1189 3516 1324 3582 dixi,
1348 3518 1489 3573 sicut
1507 3520 1768 3588 scriptunt
1786 3534 1905 3577 est:

337 3592 464 3649 Haec
494 3606 569 3649 est
623 3599 733 3651 rita
755 3611 973 3664 a'terna,
1018 3609 1073 3654 ut
1125 3612 1438 3671 cognoscant
1467 3615 1514 3656 te
1541 3607 1706 3658 solum
1734 3624 1909 3661 verum

337 3684 521 3750 Deum,
543 3701 590 3742 et
614 3706 761 3756 quem
785 3693 975 3745 misisti
992 3692 1174 3746 Iesum
1193 3691 1459 3747 Clu-is'um
1477 3694 1770 3759 “.Magnus
1787 3698 1881 3752 Dio
1896 3731 1909 3739 -

336 3780 537 3846 itysins,
559 3796 677 3850 cap.
697 3782 740 3835 .5
763 3780 834 3836 De
859 3783 1048 3837 divinis
1082 3784 1399 3848 nominibus,
1421 3786 1524 3840 ait:
1552 3784 1627 3841 Ex
1660 3789 1769 3857 ipsa
1791 3789 1909 3843 uni—

410 3873 453 3904 "
492 3877 660 3944 Apoc.
713 3892 784 3941 tv,
821 3876 907 3932 ll.
985 3876 1031 3908 θ’
1069 3876 1230 3931 Joan.
1262 3877 1474 3943 xvtt,5.

2005 3249 2257 3319 intelligit
2304 3245 2657 3316 intelligentia
2695 3240 3038 3296 extrinsecus
3071 3232 3421 3288 introducta:
3492 3230 3585 3283 sed

2008 3356 2075 3395 ex
2108 3356 2167 3395 se
2187 3341 2302 3411 ipsa
2321 3338 2540 3408 penitus
2566 3331 2837 3398 intelligit.
2869 3328 2924 3383 Si
2955 3328 3099 3383 enim
3129 3322 3432 3379 substantia
3467 3319 3586 3387 ejus

2010 3430 2115 3486 alia
2141 3437 2242 3497 e.~t,
2264 3445 2382 3500 quae
2413 3435 2588 3483 autem
2619 3421 2866 3492 intelligit
2893 3418 2994 3488 (l),
3024 3415 3127 3471 alia
3162 3415 3229 3470 ab
3259 3427 3346 3472 eo.
3376 3426 3482 3465 nou
3505 3411 3599 3497 in-.

2012 3522 2284 3589 telligetur
2321 3520 2457 3589 ipse,
2494 3516 2545 3571 id
2581 3523 2685 3578 est,
2710 3507 3015 3569 substantia
3045 3503 3200 3575 ejus;
3229 3501 3274 3558 si
3303 3500 3429 3573 quid
3461 3513 3589 3554 vero

2011 3612 2176 3667 habet
2211 3627 2240 3663 a
2266 3627 2346 3671 se.
2381 3623 2485 3665 non
2502 3608 2666 3663 habet
2687 3606 2751 3660 ab
2785 3603 2930 3667 alio;
2963 3598 3010 3654 si
3038 3607 3217 3651 autem
3244 3610 3272 3647 a
3317 3609 3395 3658 se,
3429 3604 3483 3647 et
3515 3607 3585 3644 ex

2016 3718 2078 3759 se
2103 3699 2608 3771 intelligit,ipsejest
2648 3712 2710 3750 ea
2738 3684 3157 3763 quteintelligit;
3192 3684 3355 3755 igitur
3394 3684 3483 3754 qui
3509 3690 3590 3736 est

2006 3792 2311 3849 intellecms
2341 3791 2457 3862 ejus
2488 3789 2563 3857 (2)
2584 3787 2725 3860 quod
2749 3795 2856 3847 est,
2886 3778 3135 3849 intelligit
3161 3790 3281 3848 qua:
3300 3785 3445 3839 sunt,
3468 3781 3593 3828 tam

1825 3944 2098 4009 Scholia.

338 4054 523 4120 Quare
557 4068 672 4102 cum
700 4050 757 4105 S.
781 4050 975 4105 Thom.
1011 4051 1168 4105 dixit.
1189 4050 1331 4119 quod
1360 4049 1669 4120 huiusmodi
1696 4048 1916 4120 nomina

338 4119 447 4179 non
466 4123 641 4174 solum
664 4122 918 4172 d'cnutur
953 4122 1020 4171 de
1047 4121 1154 4171 lien
1179 4123 1485 4182 causaliter,
1508 4129 1560 4171 ut
1581 4119 1798 4187 quidam
1822 4133 1920 4183 po-

336 4201 588 4252 gucrunt,
609 4206 713 4243 non
741 4191 938 4244 notavit
956 4189 1293 4259 Dionysium,
1315 4202 1368 4243 ιιι
1395 4190 1611 4257 quidam
1636 4189 1919 4259 suspican-

340 4274 449 4319 tur.
467 4261 540 4313 De
560 4261 868 4317 ιιιιιοέἰιοιιιιιι
897 4257 1176 4315 admoneo,
1200 4276 1263 4312 ue
1278 4267 1428 4312 tanto
1442 4258 1650 4311 auctori
1668 4260 1767 4309 hoc
1785 4257 1919 4309 l‘also

340 4335 522 4386 tribua
554 4347 637 4394 nr,
667 4331 774 4380 ima
799 4329 912 4395 ipse
943 4328 1079 4381 idem
1104 4327 1767 4393 S.Thom.interpretatus
1793 4326 1920 4378 Dio—

340 4403 557 4463 nvsiuni
583 4414 700 4460 cap.
719 4399 770 4460 5,
791 4413 912 4449 eum
932 4398 1037 4451 ait:
1058 4398 1119 4450 Et
1148 4413 1320 4465 neque
1339 4397 1574 4451 totaliter
1601 4395 1705 4462 ipsi
1721 4409 1918 4448 conve-

342 4475 417 4525 nit
445 4468 649 4535 aliquid
666 4469 990 4522 mterttaliter
1015 4468 1412 4529 assistentium,
1434 4477 1527 4522 aut
1546 4466 1917 4532 tentporaliter

341 4538 774 4603 subsistendum,
796 4537 888 4590 sed
921 4545 974 4591 et
998 4554 1026 4589 ιι
1062 4546 1325 4605 temporc,
1355 4546 1407 4588 et
1432 4538 1498 4590 ab
1527 4535 1827 4602 tevo,ct,ab
1853 4536 1917 4587 iis

346 4626 469 4669 qum
518 4617 644 4662 sunt
680 4606 731 4659 itt
784 4622 900 4661 aevo
949 4614 1001 4659 et
1041 4608 1109 4660 ab
1152 4608 1217 4659 iis
1266 4606 1654 4673 omnibusque
1694 4613 1815 4657 sunt
1864 4605 1916 4658 itt

344 4691 590 4739 tempore
661 4687 1025 4745 segregatur:
1079 4677 1490 4738 Universaliter,
1558 4676 1733 4743 inquit
1785 4689 1915 4726 san-

344 4764 469 4804 ctus
486 4748 863 4805 Thomas.uon
889 4746 1197 4801 couvenitei
1212 4745 1412 4814 aliquid
1435 4747 1738 4799 denumero
1764 4760 1915 4814 erea-

348 4828 370 4871 t
416 4834 618 4873 rarum.
648 4816 739 4871 sed
775 4825 1055 4884 separatur
1080 4813 1498 4884 per,qnantda:n
1540 4813 1914 4884 eminentiam.

355 4887 419 4940 Et
442 4903 629 4939 rursus
665 4882 889 4946 :i’tiam,
910 4886 1107 4955 inquit,
1133 4882 1421 4956 separatur
1453 4884 1518 4936 ab
1548 4882 1615 4937 iis
1636 4900 1759 4956 qum
1786 4894 1921 4956 sunt

353 4958 408 5009 in
438 4971 552 5009 .evo
590 4966 643 5008 et
680 4957 732 5007 in
781 4953 1021 5022 tempore
1082 4971 1179 5024 per
1198 4953 1500 5020 quamdam
1541 4953 1914 5024 cntinentiam.

351 5028 507 5092 Quod
534 5026 700 5095 igitur
739 5026 876 5079 dixit
898 5025 956 5078 S.
976 5022 1213 5095 Thomas
1236 5026 1349 5079 inec
1375 5024 1467 5075 Dei
1486 5025 1703 5095 nomina
1727 5022 1917 5095 bonus,

355 5109 407 5149 et
441 5092 681 5162 sapiens,
740 5106 794 5148 et
833 5094 1053 5161 similia,
1094 5095 1399 5163 signiﬁcare
1436 5109 1557 5146 esse
1588 5093 1703 5145 hzee
1727 5092 1780 5144 in
1815 5092 1920 5149 Deo

357 5166 678 5227 emitti-nter,
732 5181 795 5218 ex
834 5164 1101 5232 Dionysio,
1152 5179 1311 5232 quem
1366 5164 1763 5232 interpretatus
1812 5173 1917 5221 est,

355 5249 416 5288 su
442 5235 604 5299 upsit,
639 5245 907 5303 postremo
929 5230 980 5284 in
1011 5230 1197 5303 eadem
1223 5250 1275 5299 q.
1314 5232 1396 5296 l5,
1428 5248 1480 5296 ρ.
1506 5248 1556 5303 p.
1577 5230 1751 5296 art.22,
1779 5233 1919 5296 quod

358 5300 974 5372 Dionysitts‘disitcapal
998 5300 1071 5356 De
1087 5303 1278 5356 diuinis
1304 5301 1630 5355 nominibus:
1667 5304 1919 5372 υειιιιιυιιι

356 5370 670 5429 sanctorum
692 5370 1067 5451 theologorum
1099 5375 1351 5451 ιιγιιιιιιιιιι
1372 5373 1615 5451 invenies
1633 5371 1700 5424 ad
1737 5370 1921 5424 beatos

360 5458 649 5509 processus
677 5442 1076 5497 nominationes
1093 5441 1454 5497 dividentem:
1491 5444 1569 5494 sic
1600 5442 1921 5509 interpreta-

362 5508 467 5577 tur,
502 5522 561 5565 ut
592 5513 824 5566 voluerit
884 5511 1169 5581 Dionysius
1197 5512 1529 5581 sigttiticare,
1580 5510 1797 5563 nomina
1828 5508 1918 5581 Dei

365 5585 557 5644 innatis,
588 5581 796 5645 vivens,
847 5580 1087 5649 sapiens,
1119 5590 1173 5635 et
1204 5582 1308 5636 alia
1366 5580 1647 5649 ejusmodi
1670 5580 1921 5649 imposita

363 5652 579 5716 quidem
600 5665 723 5705 esse
748 5667 778 5706 ιι
809 5651 1178 5718 processibus,
1209 5651 1323 5705 sive
1350 5648 1706 5715 providendis
1745 5648 1835 5701 Dei
1869 5651 1919 5701 iu

368 5729 645 5776 creaturas
680 5720 1043 5788 ntanautibus,
1073 5721 1167 5779 sed
1189 5719 1497 5791 signiﬁcare
1527 5718 1700 5788 ipsum
1738 5732 1918 5777 rerum

2015 4048 2363 4119 principium,
2386 4056 2651 4119 quatenus
2671 4044 2723 4098 in
2757 4053 2927 4119 eo_est
2953 4046 3106 4119 prius
3129 4044 3361 4102 bonitas,
3383 4039 3591 4119 civim,

2018 4110 2315 4187 sapientia,
2351 4110 2656 4187 etquidem
2683 4116 3035 4187 excellentius
3055 4128 3218 4187 quam
3263 4129 3289 4164 ιι
3316 4110 3477 4164 nobis
3506 4113 3593 4162 in-

2021 4184 2298 4259 telligatur
2341 4197 2396 4241 et
2433 4184 2770 4259 signiﬁcetur
2795 4184 2991 4259 :Aaliud
3031 4186 3184 4259 enim
3230 4192 3316 4237 est
3346 4197 3374 4259 ιι
3399 4197 3500 4243 qua
3537 4194 3598 4259 re

2023 4250 2327 4328 imponitur
2355 4250 2573 4328 nomen,
2599 4265 2653 4328 et
2687 4253 2831 4307 aliud
2864 4256 2914 4327 in
2947 4269 3055 4322 qua
3080 4269 3140 4328 re
3173 4250 3487 4328 imponitur,
3518 4250 3595 4328 sic

2021 4316 2238 4381 nomina
2302 4326 2396 4380 Dei
2447 4324 2697 4391 imposita
2730 4316 2913 4375 sunt'a
2943 4316 3313 4391 providendis,
3348 4318 3593 4391 quztsalji
3680 4316 3684 4320 ’

2021 4409 2214 4452 vocant
2235 4387 2545 4464 processus,
2566 4392 2632 4447 ad
2652 4387 3066 4464 significandum
3092 4389 3449 4464 substantiam
3465 4387 3595 4464 ραι,

2020 4467 2150 4521 licet
2173 4455 2280 4519 non
2317 4455 2555 4530 perfecte
2611 4455 2731 4515 eam
2757 4461 3085 4530 significent
3113 4460 3314 4530 ;sieut_
3360 4455 3596 4524 perfecte

2021 4536 2125 4591 hoc
2159 4528 2358 4588 nomen
2398 4533 2566 4586 homo
2595 4529 2865 4597 signiﬁcant
2890 4529 3253 4583 substantiam
3274 4528 3385 4597 sive
3413 4538 3599 4597 essen-

2023 4608 2149 4658 tiam
2187 4604 2447 4663 hominis,
2478 4601 2604 4669 quia
2636 4592 2764 4666 quid
2795 4598 2868 4651 sit
2908 4597 3068 4661 Deus,
3097 4592 3598 4669 corppreheudiiq-

2022 4673 2312 4742 telligentia
2345 4687 2453 4725 non
2478 4662 2676 4742 potest,
2697 4675 2754 4742 ut
2770 4675 2948 4742 potest
2971 4662 3355 4742 comprehendi
3377 4663 3502 4742 quid
3525 4662 3597 4714 sit

2022 4731 2205 4806 homvo,
2235 4752 2316 4797 est
2340 4731 2492 4796 enini
2529 4736 2732 4792 animal
2772 4731 3071 4799 rationale,
3099 4731 3222 4805 quat
3245 4731 3594 4806 estperieeta

2023 4800 2257 4867 essentia
2293 4809 2548 4872 hominis,
2600 4824 2763 4876 quam
2812 4810 2972 4861 homo
3000 4800 3292 4875 signiﬁcat.
3328 4800 3597 4876 lutoillud

2022 4885 2182 4937 etiam
2211 4894 2293 4936 cst
2315 4873 2733 4940 advertendum,
2766 4873 3087 4938 vocabulum
3116 4879 3291 4941 ipsum
3316 4916 3328 4935 ,
3358 4873 3599 4925 eminen-

2025 4953 2118 5014 tia,
2141 4962 2192 5003 et
2221 4952 2543 5011 eminenter,
2575 4947 2772 5015 quibus
2801 4947 2858 4999 S.
2889 4944 3128 5000 Thiﬁnas
3170 4947 3277 5015 puti
3295 4943 3451 5015 solet,
3473 4952 3594 5015 cum

2025 5025 2091 5077 de
2108 5008 2429 5075 'tnmtiii‘uts
2487 5008 2959 5091 lhjitloquitur,‘et
3007 5016 3137 5091 quid
3167 5013 3221 5065 in
3252 5008 3596 5091 Qethxigllill-
3637 5030 3661 5087 ςι

2025 5103 2146 5146 cent
2177 5093 2427 5157 explicat,
2460 5104 2523 5143 ex
2550 5081 2801 5157 Dionysii}
2843 5081 3159 5159 sumpsisse,
3199 5084 3287 5152 qui
3330 5081 3599 5159 ἐξηρημς-
3637 5081 3648 5111 i

2026 5179 2150 5224 νως,
2187 5154 2420 5229 ιη’μιιιιιο
2471 5169 2595 5211 ante
2628 5154 2832 5229 notavi,
2868 5154 3051 5211 dicere
3082 5155 3239 5216 Solet,
3280 5154 3419 5229 ‘l“'_"l
3451 5154 3599 5229 “me

2020 5221 2150 5285 licet
2204 5221 2568 5295 iuierpretari,
2603 5227 2764 5284 elate.
2821 5233 3225 5295 exsuperanter,
3272 5221 3595 5295 eniincntelr,
3638 5242 3646 5269 t

2021 5303 2238 5359 eximie.
2253 5285 2598 5361 excellenter,
2616 5285 3037 5364 separate-4(1)
3058 5293 3189 5368 Qua:
3207 5302 3377 5368 autem
3400 5294 3519 5368 inte.
3532 5285 3603 5368 ti-

2020 5372 2120 5438 αλλ,
2160 5370 2269 5424 alia
2298 5369 2362 5424 ab
2382 5377 2611 5433 eo,etc.,
2637 5361 2690 5419 et
2720 5367 2874 5438 paulo
2910 5361 3030 5438 post
3060 5365 3171 5434 (‘2):
3213 5361 3379 5431 Igitur
3402 5361 3491 5438 qui
3519 5366 3594 5409 est

2027 5435 2320 5493 intellectus
2373 5438 2485 5503 ejus
2515 5438 2653 5506 quod
2697 5445 2793 5499 est,
2841 5435 3083 5501 intelligit
3129 5448 3244 5501 qua:
3284 5440 3426 5506 sunt,
3476 5437 3602 5506 tun:

2063 5526 2180 5564 nam
2209 5510 2297 5576 qui
2330 5493 2427 5561 esi.
2460 5493 2574 5559 No'tt
2602 5521 2666 5559 eo
2707 5493 2935 5577 tendunt
2965 5493 3100 5563 hate,
3141 5493 3200 5555 ut
3231 5493 3603 5577 probe“.un

2125 5592 2170 5632 ts
2195 5579 2299 5633 alia
2317 5594 2347 5633 a
2372 5592 2428 5632 sc
2461 5592 2568 5631 non
2599 5576 2892 5642 cognoscit,
2914 5584 3010 5628 aut
3040 5588 3144 5642 non
3198 5576 3475 5639 cognoscit
3492 5581 3597 5642 _cu-

2027 5648 2268 5717 gnitinne
2295 5646 2641 5717 pappriamed
2666 5635 2946 5705 universe,
2988 5643 3077 5717 qui
3112 5641 3214 5696 fuit
3239 5635 3599 5717 quorumdam

2027 5702 2184 5775 Error
2207 5734 2238 5773 a
2258 5702 2528 5775 stillam;
2555 5724 2771 5771 notatus
2802 5724 2854 5769 et
2886 5702 3288 5782 reprehensus]
3322 5726 3373 5781 p.
3410 5724 3467 5777 ιι.
3504 5702 3599 5772 id,
