  <div class='ocr_page' id='page_1' title='image "/cluster/home/n/w/nwhite01/storage/ocr_20150623/152/hvd.32044073502635/503.png"; bbox 0 0 4016 6204; ppageno 0'>
   <div class='ocr_carea' id='block_1_1' title="bbox 471 309 575 374">
    <p class='ocr_par' dir='ltr' id='par_1_1' title="bbox 471 309 575 374">
     <span class='ocr_line' id='line_1_1' title="bbox 471 309 575 374; baseline -0.029 0"><span class='ocrx_word' id='word_1_1' title='bbox 471 309 575 374; x_wconf 80' lang='lat'><strong>983</strong></span> 
     </span>
    </p>
   </div>
   <div class='ocr_carea' id='block_1_2' title="bbox 1630 272 3677 385">
    <p class='ocr_par' dir='ltr' id='par_1_2' title="bbox 1630 272 3677 385">
     <span class='ocr_line' id='line_1_2' title="bbox 1630 272 3677 385; baseline 0.007 -17"><span class='ocrx_word' id='word_1_2' title='bbox 1630 305 1951 368; x_wconf 78' lang='lat' dir='ltr'><strong>JOANNIS</strong></span> <span class='ocrx_word' id='word_1_3' title='bbox 1991 306 2556 378; x_wconf 77' lang='lat' dir='ltr'><strong>CYPARISSIOT/E</strong></span> <span class='ocrx_word' id='word_1_4' title='bbox 2964 272 2976 282; x_wconf 68' lang='grc'><em>’</em></span> <span class='ocrx_word' id='word_1_5' title='bbox 3587 320 3677 385; x_wconf 75' lang='lat' dir='ltr'><strong>est</strong></span> 
     </span>
    </p>
   </div>
   <div class='ocr_carea' id='block_1_3' title="bbox 472 417 3677 504">
    <p class='ocr_par' dir='ltr' id='par_1_3' title="bbox 472 417 3677 504">
     <span class='ocr_line' id='line_1_3' title="bbox 472 417 3677 504; baseline 0.004 -31"><span class='ocrx_word' id='word_1_6' title='bbox 472 436 632 491; x_wconf 81' lang='lat' dir='ltr'><strong>quam</strong></span> <span class='ocrx_word' id='word_1_7' title='bbox 663 421 893 491; x_wconf 77' lang='lat' dir='ltr'><strong>quiest:</strong></span> <span class='ocrx_word' id='word_1_8' title='bbox 937 434 1105 491; x_wconf 89' lang='lat' dir='ltr'><strong>quare</strong></span> <span class='ocrx_word' id='word_1_9' title='bbox 1133 420 1177 476; x_wconf 89' lang='lat' dir='ltr'><strong>si</strong></span> <span class='ocrx_word' id='word_1_10' title='bbox 1208 434 1329 476; x_wconf 91' lang='lat' dir='ltr'><strong>cum</strong></span> <span class='ocrx_word' id='word_1_11' title='bbox 1362 417 1699 490; x_wconf 88' lang='lat' dir='ltr'><strong>inlelligitsc</strong></span> <span class='ocrx_word' id='word_1_12' title='bbox 1728 420 1925 504; x_wconf 84' lang='lat' dir='ltr'><strong>ipsum,</strong></span> <span class='ocrx_word' id='word_1_13' title='bbox 1961 420 2044 471; x_wconf 85' lang='lat' dir='ltr'><strong>in-</strong></span> <span class='ocrx_word' id='word_1_14' title='bbox 2073 418 2118 475; x_wconf 78' lang='grc' dir='ltr'><strong>Α</strong></span> <span class='ocrx_word' id='word_1_15' title='bbox 2149 440 2323 497; x_wconf 87' lang='lat' dir='ltr'><strong>neque</strong></span> <span class='ocrx_word' id='word_1_16' title='bbox 2371 446 2629 499; x_wconf 86' lang='lat' dir='ltr'><strong>movens;</strong></span> <span class='ocrx_word' id='word_1_17' title='bbox 2668 448 2844 503; x_wconf 88' lang='lat' dir='ltr'><strong>neque</strong></span> <span class='ocrx_word' id='word_1_18' title='bbox 2884 434 3230 504; x_wconf 80' lang='lat' dir='ltr'><strong>principium,</strong></span> <span class='ocrx_word' id='word_1_19' title='bbox 3270 436 3346 489; x_wconf 81' lang='lat' dir='ltr'><strong>vel</strong></span> <span class='ocrx_word' id='word_1_20' title='bbox 3399 435 3564 501; x_wconf 85' lang='lat' dir='ltr'><strong>linem,</strong></span> <span class='ocrx_word' id='word_1_21' title='bbox 3606 440 3677 490; x_wconf 81' lang='lat' dir='ltr'><strong>vel</strong></span> 
     </span>
    </p>
   </div>
   <div class='ocr_carea' id='block_1_4' title="bbox 474 498 2045 584">
    <p class='ocr_par' dir='ltr' id='par_1_4' title="bbox 474 498 2045 584">
     <span class='ocr_line' id='line_1_4' title="bbox 474 498 2045 584; baseline -0.003 -16"><span class='ocrx_word' id='word_1_22' title='bbox 474 515 658 584; x_wconf 76' lang='lat' dir='ltr'><strong>telligit</strong></span> <span class='ocrx_word' id='word_1_23' title='bbox 690 530 809 584; x_wconf 74' lang='lat' dir='ltr'><strong>qum</strong></span> <span class='ocrx_word' id='word_1_24' title='bbox 859 522 1004 580; x_wconf 87' lang='lat' dir='ltr'><strong>sunt,</strong></span> <span class='ocrx_word' id='word_1_25' title='bbox 1039 515 1151 582; x_wconf 86' lang='lat' dir='ltr'><strong>ipse</strong></span> <span class='ocrx_word' id='word_1_26' title='bbox 1181 521 1265 568; x_wconf 88' lang='lat' dir='ltr'><strong>est</strong></span> <span class='ocrx_word' id='word_1_27' title='bbox 1320 526 1382 566; x_wconf 91' lang='lat' dir='ltr'><strong>ea</strong></span> <span class='ocrx_word' id='word_1_28' title='bbox 1414 527 1532 583; x_wconf 82' lang='lat' dir='ltr'><strong>quae</strong></span> <span class='ocrx_word' id='word_1_29' title='bbox 1558 520 1724 577; x_wconf 87' lang='lat' dir='ltr'><strong>sunt;</strong></span> <span class='ocrx_word' id='word_1_30' title='bbox 1764 498 1870 566; x_wconf 65' lang='lat' dir='ltr'><strong>aut</strong></span> <span class='ocrx_word' id='word_1_31' title='bbox 1900 510 2045 565; x_wconf 91' lang='lat' dir='ltr'><strong>enim</strong></span> 
     </span>
    </p>
   </div>
   <div class='ocr_carea' id='block_1_5' title="bbox 472 604 2047 675">
    <p class='ocr_par' dir='ltr' id='par_1_5' title="bbox 472 604 2047 675">
     <span class='ocr_line' id='line_1_5' title="bbox 472 604 2047 675; baseline -0.002 -16"><span class='ocrx_word' id='word_1_32' title='bbox 472 606 731 674; x_wconf 65' lang='lat' dir='ltr'><strong>intelliget</strong></span> <span class='ocrx_word' id='word_1_33' title='bbox 746 621 805 660; x_wconf 87' lang='lat' dir='ltr'><strong>ea</strong></span> <span class='ocrx_word' id='word_1_34' title='bbox 824 620 942 673; x_wconf 82' lang='lat' dir='ltr'><strong>quae</strong></span> <span class='ocrx_word' id='word_1_35' title='bbox 956 605 1082 661; x_wconf 82' lang='lat' dir='ltr'><strong>alibi</strong></span> <span class='ocrx_word' id='word_1_36' title='bbox 1102 612 1248 671; x_wconf 86' lang='lat' dir='ltr'><strong>sunt,</strong></span> <span class='ocrx_word' id='word_1_37' title='bbox 1266 613 1359 660; x_wconf 90' lang='lat' dir='ltr'><strong>aut</strong></span> <span class='ocrx_word' id='word_1_38' title='bbox 1374 619 1491 675; x_wconf 65' lang='lat' dir='ltr'><strong>quas</strong></span> <span class='ocrx_word' id='word_1_39' title='bbox 1512 605 1567 661; x_wconf 93' lang='lat' dir='ltr'><strong>in</strong></span> <span class='ocrx_word' id='word_1_40' title='bbox 1584 620 1640 662; x_wconf 89' lang='lat' dir='ltr'><strong>se</strong></span> <span class='ocrx_word' id='word_1_41' title='bbox 1659 604 1775 673; x_wconf 89' lang='lat' dir='ltr'><strong>ipso</strong></span> <span class='ocrx_word' id='word_1_42' title='bbox 1791 612 2047 672; x_wconf 80' lang='lat' dir='ltr'><strong>tanquam</strong></span> 
     </span>
    </p>
   </div>
   <div class='ocr_carea' id='block_1_6' title="bbox 469 694 2045 768">
    <p class='ocr_par' dir='ltr' id='par_1_6' title="bbox 469 694 2045 768">
     <span class='ocr_line' id='line_1_6' title="bbox 469 694 2045 768; baseline -0.004 -14"><span class='ocrx_word' id='word_1_43' title='bbox 469 715 600 754; x_wconf 86' lang='lat' dir='ltr'><strong>sua:</strong></span> <span class='ocrx_word' id='word_1_44' title='bbox 636 714 755 768; x_wconf 67' lang='lat' dir='ltr'><strong>qua:</strong></span> <span class='ocrx_word' id='word_1_45' title='bbox 789 698 916 753; x_wconf 86' lang='lat' dir='ltr'><strong>alibi</strong></span> <span class='ocrx_word' id='word_1_46' title='bbox 951 708 1097 763; x_wconf 88' lang='lat' dir='ltr'><strong>sunt,</strong></span> <span class='ocrx_word' id='word_1_47' title='bbox 1133 712 1241 753; x_wconf 93' lang='lat' dir='ltr'><strong>non</strong></span> <span class='ocrx_word' id='word_1_48' title='bbox 1272 705 1452 768; x_wconf 91' lang='lat' dir='ltr'><strong>potest</strong></span> <span class='ocrx_word' id='word_1_49' title='bbox 1505 698 1620 752; x_wconf 81' lang='lat' dir='ltr'><strong>fieri</strong></span> <span class='ocrx_word' id='word_1_50' title='bbox 1654 704 1714 752; x_wconf 91' lang='lat' dir='ltr'><strong>ut</strong></span> <span class='ocrx_word' id='word_1_51' title='bbox 1743 694 2045 763; x_wconf 83' lang='lat' dir='ltr'><strong>intelligat;</strong></span> 
     </span>
    </p>
   </div>
   <div class='ocr_carea' id='block_1_7' title="bbox 471 786 2047 859">
    <p class='ocr_par' dir='ltr' id='par_1_7' title="bbox 471 786 2047 859">
     <span class='ocr_line' id='line_1_7' title="bbox 471 786 2047 859; baseline -0.002 -18"><span class='ocrx_word' id='word_1_52' title='bbox 471 791 557 841; x_wconf 75' lang='lat' dir='ltr'><strong>ltili</strong></span> <span class='ocrx_word' id='word_1_53' title='bbox 590 791 736 847; x_wconf 78' lang='lat' dir='ltr'><strong>enim</strong></span> <span class='ocrx_word' id='word_1_54' title='bbox 768 791 931 844; x_wconf 80' lang='lat' dir='ltr'><strong>sunt?</strong></span> <span class='ocrx_word' id='word_1_55' title='bbox 966 806 1035 845; x_wconf 90' lang='lat' dir='ltr'><strong>an</strong></span> <span class='ocrx_word' id='word_1_56' title='bbox 1061 790 1112 843; x_wconf 94' lang='lat' dir='ltr'><strong>in</strong></span> <span class='ocrx_word' id='word_1_57' title='bbox 1148 791 1215 845; x_wconf 90' lang='lat' dir='ltr'><strong>iis</strong></span> <span class='ocrx_word' id='word_1_58' title='bbox 1251 804 1371 859; x_wconf 67' lang='lat' dir='ltr'><strong>qua:</strong></span> <span class='ocrx_word' id='word_1_59' title='bbox 1411 790 1511 846; x_wconf 97' lang='lat' dir='ltr'><strong>sub</strong></span> <span class='ocrx_word' id='word_1_60' title='bbox 1554 803 1775 844; x_wconf 90' lang='lat' dir='ltr'><strong>sensum</strong></span> <span class='ocrx_word' id='word_1_61' title='bbox 1809 786 2047 843; x_wconf 86' lang='lat' dir='ltr'><strong>cadunt?</strong></span> 
     </span>
    </p>
   </div>
   <div class='ocr_carea' id='block_1_8' title="bbox 470 881 2045 949">
    <p class='ocr_par' dir='ltr' id='par_1_8' title="bbox 470 881 2045 949">
     <span class='ocr_line' id='line_1_8' title="bbox 470 881 2045 949; baseline -0.002 -16"><span class='ocrx_word' id='word_1_62' title='bbox 470 891 523 933; x_wconf 88' lang='lat' dir='ltr'><strong>at</strong></span> <span class='ocrx_word' id='word_1_63' title='bbox 549 895 666 949; x_wconf 66' lang='lat' dir='ltr'><strong>qua:</strong></span> <span class='ocrx_word' id='word_1_64' title='bbox 688 881 786 934; x_wconf 85' lang='lat' dir='ltr'><strong>sub</strong></span> <span class='ocrx_word' id='word_1_65' title='bbox 815 895 1040 935; x_wconf 81' lang='lat' dir='ltr'><strong>sensum</strong></span> <span class='ocrx_word' id='word_1_66' title='bbox 1071 883 1298 948; x_wconf 87' lang='lat' dir='ltr'><strong>eadunt,</strong></span> <span class='ocrx_word' id='word_1_67' title='bbox 1326 897 1430 935; x_wconf 92' lang='lat' dir='ltr'><strong>non</strong></span> <span class='ocrx_word' id='word_1_68' title='bbox 1456 890 1608 944; x_wconf 88' lang='lat' dir='ltr'><strong>sunt,</strong></span> <span class='ocrx_word' id='word_1_69' title='bbox 1655 889 1843 947; x_wconf 91' lang='lat' dir='ltr'><strong>utpote</strong></span> <span class='ocrx_word' id='word_1_70' title='bbox 1867 887 2045 932; x_wconf 80' lang='lat' dir='ltr'><strong>muta~</strong></span> 
     </span>
    </p>
   </div>
   <div class='ocr_carea' id='block_1_9' title="bbox 466 970 2040 1042">
    <p class='ocr_par' dir='ltr' id='par_1_9' title="bbox 466 970 2040 1042">
     <span class='ocr_line' id='line_1_9' title="bbox 466 970 2040 1042; baseline -0.003 -16"><span class='ocrx_word' id='word_1_71' title='bbox 466 972 616 1036; x_wconf 91' lang='lat' dir='ltr'><strong>bilia,</strong></span> <span class='ocrx_word' id='word_1_72' title='bbox 640 980 692 1025; x_wconf 89' lang='lat' dir='ltr'><strong>et</strong></span> <span class='ocrx_word' id='word_1_73' title='bbox 719 982 898 1027; x_wconf 89' lang='lat' dir='ltr'><strong>ortum</strong></span> <span class='ocrx_word' id='word_1_74' title='bbox 935 980 1096 1041; x_wconf 89' lang='lat' dir='ltr'><strong>atque</strong></span> <span class='ocrx_word' id='word_1_75' title='bbox 1118 973 1395 1027; x_wconf 91' lang='lat' dir='ltr'><strong>interitum</strong></span> <span class='ocrx_word' id='word_1_76' title='bbox 1433 972 1726 1042; x_wconf 88' lang='lat' dir='ltr'><strong>capientia.</strong></span> <span class='ocrx_word' id='word_1_77' title='bbox 1754 970 1825 1024; x_wconf 90' lang='lat' dir='ltr'><strong>Se</strong></span> <span class='ocrx_word' id='word_1_78' title='bbox 1859 971 2040 1040; x_wconf 84' lang='lat' dir='ltr'><strong>igitur,</strong></span> 
     </span>
    </p>
   </div>
   <div class='ocr_carea' id='block_1_10' title="bbox 464 1064 2041 1135">
    <p class='ocr_par' dir='ltr' id='par_1_10' title="bbox 464 1064 2041 1135">
     <span class='ocr_line' id='line_1_10' title="bbox 464 1064 2041 1135; baseline -0.003 -18"><span class='ocrx_word' id='word_1_79' title='bbox 464 1075 515 1117; x_wconf 90' lang='lat' dir='ltr'><strong>et</strong></span> <span class='ocrx_word' id='word_1_80' title='bbox 545 1064 595 1117; x_wconf 93' lang='lat' dir='ltr'><strong>in</strong></span> <span class='ocrx_word' id='word_1_81' title='bbox 619 1078 677 1117; x_wconf 87' lang='lat' dir='ltr'><strong>se</strong></span> <span class='ocrx_word' id='word_1_82' title='bbox 706 1064 985 1135; x_wconf 80' lang='lat' dir='ltr'><strong>intelligit;</strong></span> <span class='ocrx_word' id='word_1_83' title='bbox 1016 1067 1142 1135; x_wconf 88' lang='lat' dir='ltr'><strong>quia</strong></span> <span class='ocrx_word' id='word_1_84' title='bbox 1184 1080 1313 1119; x_wconf 90' lang='lat' dir='ltr'><strong>vero</strong></span> <span class='ocrx_word' id='word_1_85' title='bbox 1338 1064 1480 1119; x_wconf 86' lang='lat' dir='ltr'><strong>Deus</strong></span> <span class='ocrx_word' id='word_1_86' title='bbox 1516 1071 1709 1118; x_wconf 86' lang='lat' dir='ltr'><strong>auctor</strong></span> <span class='ocrx_word' id='word_1_87' title='bbox 1738 1072 1822 1118; x_wconf 87' lang='lat' dir='ltr'><strong>est</strong></span> <span class='ocrx_word' id='word_1_88' title='bbox 1855 1075 2041 1116; x_wconf 89' lang='lat' dir='ltr'><strong>eorum</strong></span> 
     </span>
    </p>
   </div>
   <div class='ocr_carea' id='block_1_11' title="bbox 462 1152 2043 1224">
    <p class='ocr_par' dir='ltr' id='par_1_11' title="bbox 462 1152 2043 1224">
     <span class='ocr_line' id='line_1_11' title="bbox 462 1152 2043 1224; baseline -0.002 -16"><span class='ocrx_word' id='word_1_89' title='bbox 462 1169 582 1222; x_wconf 59' lang='lat' dir='ltr'><strong>qua:</strong></span> <span class='ocrx_word' id='word_1_90' title='bbox 608 1163 735 1210; x_wconf 91' lang='lat' dir='ltr'><strong>sunt</strong></span> <span class='ocrx_word' id='word_1_91' title='bbox 765 1198 778 1222; x_wconf 92' lang='lat'><strong>,</strong></span> <span class='ocrx_word' id='word_1_92' title='bbox 809 1156 854 1211; x_wconf 82' lang='lat' dir='ltr'><strong>si</strong></span> <span class='ocrx_word' id='word_1_93' title='bbox 882 1157 936 1210; x_wconf 92' lang='lat' dir='ltr'><strong>in</strong></span> <span class='ocrx_word' id='word_1_94' title='bbox 965 1170 1026 1212; x_wconf 88' lang='lat' dir='ltr'><strong>se</strong></span> <span class='ocrx_word' id='word_1_95' title='bbox 1072 1169 1135 1210; x_wconf 88' lang='lat' dir='ltr'><strong>ea</strong></span> <span class='ocrx_word' id='word_1_96' title='bbox 1178 1171 1282 1210; x_wconf 89' lang='lat' dir='ltr'><strong>non</strong></span> <span class='ocrx_word' id='word_1_97' title='bbox 1317 1155 1586 1223; x_wconf 90' lang='lat' dir='ltr'><strong>intelligit,</strong></span> <span class='ocrx_word' id='word_1_98' title='bbox 1619 1152 1959 1224; x_wconf 59' lang='lat' dir='ltr'><strong>intelligeqin</strong></span> <span class='ocrx_word' id='word_1_99' title='bbox 1981 1166 2043 1205; x_wconf 89' lang='lat' dir='ltr'><strong>eo</strong></span> 
     </span>
    </p>
   </div>
   <div class='ocr_carea' id='block_1_12' title="bbox 462 1245 2039 1317">
    <p class='ocr_par' dir='ltr' id='par_1_12' title="bbox 462 1245 2039 1317">
     <span class='ocr_line' id='line_1_12' title="bbox 462 1245 2039 1317; baseline -0.001 -19"><span class='ocrx_word' id='word_1_100' title='bbox 462 1248 606 1314; x_wconf 89' lang='lat' dir='ltr'><strong>quod</strong></span> <span class='ocrx_word' id='word_1_101' title='bbox 633 1248 877 1302; x_wconf 87' lang='lat' dir='ltr'><strong>nondum</strong></span> <span class='ocrx_word' id='word_1_102' title='bbox 915 1258 1020 1303; x_wconf 90' lang='lat' dir='ltr'><strong>est.</strong></span> <span class='ocrx_word' id='word_1_103' title='bbox 1049 1251 1115 1301; x_wconf 77' lang='lat' dir='ltr'><strong>At</strong></span> <span class='ocrx_word' id='word_1_104' title='bbox 1168 1248 1282 1317; x_wconf 89' lang='lat' dir='ltr'><strong>ipse</strong></span> <span class='ocrx_word' id='word_1_105' title='bbox 1318 1249 1671 1317; x_wconf 75' lang='lat' dir='ltr'><strong>archetypum</strong></span> <span class='ocrx_word' id='word_1_106' title='bbox 1712 1254 1820 1311; x_wconf 90' lang='lat' dir='ltr'><strong>est,</strong></span> <span class='ocrx_word' id='word_1_107' title='bbox 1851 1245 1904 1299; x_wconf 90' lang='lat' dir='ltr'><strong>id</strong></span> <span class='ocrx_word' id='word_1_108' title='bbox 1937 1253 2039 1309; x_wconf 87' lang='lat' dir='ltr'><strong>est,</strong></span> 
     </span>
    </p>
   </div>
   <div class='ocr_carea' id='block_1_13' title="bbox 461 1336 2037 1407">
    <p class='ocr_par' dir='ltr' id='par_1_13' title="bbox 461 1336 2037 1407">
     <span class='ocr_line' id='line_1_13' title="bbox 461 1336 2037 1407; baseline -0.003 -16"><span class='ocrx_word' id='word_1_109' title='bbox 461 1338 693 1407; x_wconf 88' lang='lat' dir='ltr'><strong>primum</strong></span> <span class='ocrx_word' id='word_1_110' title='bbox 738 1338 1015 1407; x_wconf 77' lang='lat' dir='ltr'><strong>exemplar</strong></span> <span class='ocrx_word' id='word_1_111' title='bbox 1061 1339 1323 1395; x_wconf 82' lang='lat' dir='ltr'><strong>universi.</strong></span> <span class='ocrx_word' id='word_1_112' title='bbox 1356 1345 1409 1392; x_wconf 88' lang='lat' dir='ltr'><strong>et</strong></span> <span class='ocrx_word' id='word_1_113' title='bbox 1437 1351 1556 1406; x_wconf 74' lang='lat' dir='ltr'><strong>qua:</strong></span> <span class='ocrx_word' id='word_1_114' title='bbox 1616 1336 1893 1403; x_wconf 88' lang='lat' dir='ltr'><strong>intelligit,</strong></span> <span class='ocrx_word' id='word_1_115' title='bbox 1931 1348 2037 1388; x_wconf 92' lang='lat' dir='ltr'><strong>non</strong></span> 
     </span>
    </p>
   </div>
   <div class='ocr_carea' id='block_1_14' title="bbox 462 1418 2041 1500">
    <p class='ocr_par' dir='ltr' id='par_1_14' title="bbox 462 1418 2041 1500">
     <span class='ocr_line' id='line_1_14' title="bbox 462 1418 2041 1500; baseline -0.005 -15"><span class='ocrx_word' id='word_1_116' title='bbox 462 1418 659 1499; x_wconf 75' lang='lat' dir='ltr'><strong>accipit</strong></span> <span class='ocrx_word' id='word_1_117' title='bbox 693 1444 877 1484; x_wconf 88' lang='lat' dir='ltr'><strong>eorum</strong></span> <span class='ocrx_word' id='word_1_118' title='bbox 912 1438 1086 1500; x_wconf 80' lang='lat' dir='ltr'><strong>typos,</strong></span> <span class='ocrx_word' id='word_1_119' title='bbox 1122 1429 1172 1482; x_wconf 91' lang='lat' dir='ltr'><strong>id</strong></span> <span class='ocrx_word' id='word_1_120' title='bbox 1211 1436 1294 1483; x_wconf 91' lang='lat' dir='ltr'><strong>est</strong></span> <span class='ocrx_word' id='word_1_121' title='bbox 1319 1431 1552 1496; x_wconf 79' lang='lat' dir='ltr'><strong>species,</strong></span> <span class='ocrx_word' id='word_1_122' title='bbox 1580 1426 1696 1480; x_wconf 83' lang='lat' dir='ltr'><strong>sive</strong></span> <span class='ocrx_word' id='word_1_123' title='bbox 1742 1424 1943 1479; x_wconf 80' lang='lat' dir='ltr'><strong>formas</strong></span> <span class='ocrx_word' id='word_1_124' title='bbox 1974 1425 2041 1477; x_wconf 91' lang='lat' dir='ltr'><strong>ab</strong></span> 
     </span>
    </p>
   </div>
   <div class='ocr_carea' id='block_1_15' title="bbox 462 1515 2044 1592">
    <p class='ocr_par' dir='ltr' id='par_1_15' title="bbox 462 1515 2044 1592">
     <span class='ocr_line' id='line_1_15' title="bbox 462 1515 2044 1592; baseline -0.005 -17"><span class='ocrx_word' id='word_1_125' title='bbox 462 1522 604 1587; x_wconf 87' lang='lat' dir='ltr'><strong>aliis,</strong></span> <span class='ocrx_word' id='word_1_126' title='bbox 643 1523 739 1577; x_wconf 87' lang='lat' dir='ltr'><strong>sed</strong></span> <span class='ocrx_word' id='word_1_127' title='bbox 791 1520 971 1592; x_wconf 87' lang='lat' dir='ltr'><strong>potius</strong></span> <span class='ocrx_word' id='word_1_128' title='bbox 1032 1522 1146 1591; x_wconf 83' lang='lat' dir='ltr'><strong>ipse</strong></span> <span class='ocrx_word' id='word_1_129' title='bbox 1185 1530 1267 1575; x_wconf 89' lang='lat' dir='ltr'><strong>est</strong></span> <span class='ocrx_word' id='word_1_130' title='bbox 1300 1519 1579 1587; x_wconf 82' lang='lat' dir='ltr'><strong>exemplar</strong></span> <span class='ocrx_word' id='word_1_131' title='bbox 1611 1530 1815 1572; x_wconf 87' lang='lat' dir='ltr'><strong>rerum.</strong></span> <span class='ocrx_word' id='word_1_132' title='bbox 1863 1515 2044 1581; x_wconf 85' lang='lat' dir='ltr'><strong>Quare</strong></span> 
     </span>
    </p>
   </div>
   <div class='ocr_carea' id='block_1_16' title="bbox 461 1612 2041 1681">
    <p class='ocr_par' dir='ltr' id='par_1_16' title="bbox 461 1612 2041 1681">
     <span class='ocr_line' id='line_1_16' title="bbox 461 1612 2041 1681; baseline -0.004 -13"><span class='ocrx_word' id='word_1_133' title='bbox 461 1630 562 1668; x_wconf 84' lang='lat' dir='ltr'><strong>nec</strong></span> <span class='ocrx_word' id='word_1_134' title='bbox 583 1613 699 1681; x_wconf 83' lang='lat' dir='ltr'><strong>ipse</strong></span> <span class='ocrx_word' id='word_1_135' title='bbox 714 1613 869 1669; x_wconf 85' lang='lat' dir='ltr'><strong>estin</strong></span> <span class='ocrx_word' id='word_1_136' title='bbox 899 1615 1041 1677; x_wconf 91' lang='lat' dir='ltr'><strong>loco,</strong></span> <span class='ocrx_word' id='word_1_137' title='bbox 1069 1626 1244 1681; x_wconf 91' lang='lat' dir='ltr'><strong>neque</strong></span> <span class='ocrx_word' id='word_1_138' title='bbox 1264 1626 1382 1680; x_wconf 84' lang='lat' dir='ltr'><strong>quae</strong></span> <span class='ocrx_word' id='word_1_139' title='bbox 1401 1612 1452 1665; x_wconf 94' lang='lat' dir='ltr'><strong>in</strong></span> <span class='ocrx_word' id='word_1_140' title='bbox 1481 1612 1596 1680; x_wconf 90' lang='lat' dir='ltr'><strong>ipso</strong></span> <span class='ocrx_word' id='word_1_141' title='bbox 1616 1617 1763 1675; x_wconf 91' lang='lat' dir='ltr'><strong>sunt,</strong></span> <span class='ocrx_word' id='word_1_142' title='bbox 1788 1618 2041 1678; x_wconf 88' lang='lat' dir='ltr'><strong>tanquam</strong></span> 
     </span>
    </p>
   </div>
   <div class='ocr_carea' id='block_1_17' title="bbox 455 1700 2043 1771">
    <p class='ocr_par' dir='ltr' id='par_1_17' title="bbox 455 1700 2043 1771">
     <span class='ocr_line' id='line_1_17' title="bbox 455 1700 2043 1771; baseline -0.003 -14"><span class='ocrx_word' id='word_1_143' title='bbox 455 1706 517 1758; x_wconf 87' lang='lat' dir='ltr'><strong>in</strong></span> <span class='ocrx_word' id='word_1_144' title='bbox 557 1704 676 1760; x_wconf 87' lang='lat' dir='ltr'><strong>loco</strong></span> <span class='ocrx_word' id='word_1_145' title='bbox 728 1714 875 1767; x_wconf 87' lang='lat' dir='ltr'><strong>sunt,</strong></span> <span class='ocrx_word' id='word_1_146' title='bbox 913 1705 1007 1759; x_wconf 91' lang='lat' dir='ltr'><strong>sed</strong></span> <span class='ocrx_word' id='word_1_147' title='bbox 1046 1705 1207 1760; x_wconf 88' lang='lat' dir='ltr'><strong>habet</strong></span> <span class='ocrx_word' id='word_1_148' title='bbox 1240 1718 1303 1759; x_wconf 86' lang='lat' dir='ltr'><strong>ea</strong></span> <span class='ocrx_word' id='word_1_149' title='bbox 1337 1712 1392 1757; x_wconf 88' lang='lat' dir='ltr'><strong>ut</strong></span> <span class='ocrx_word' id='word_1_150' title='bbox 1426 1717 1481 1757; x_wconf 89' lang='lat' dir='ltr'><strong>se</strong></span> <span class='ocrx_word' id='word_1_151' title='bbox 1513 1702 1691 1771; x_wconf 89' lang='lat' dir='ltr'><strong>ipsum</strong></span> <span class='ocrx_word' id='word_1_152' title='bbox 1731 1700 1962 1764; x_wconf 83' lang='lat' dir='ltr'><strong>habens,</strong></span> <span class='ocrx_word' id='word_1_153' title='bbox 1988 1708 2043 1753; x_wconf 92' lang='lat' dir='ltr'><strong>et</strong></span> 
     </span>
    </p>
   </div>
   <div class='ocr_carea' id='block_1_18' title="bbox 461 1792 2037 1864">
    <p class='ocr_par' dir='ltr' id='par_1_18' title="bbox 461 1792 2037 1864">
     <span class='ocr_line' id='line_1_18' title="bbox 461 1792 2037 1864; baseline -0.004 -13"><span class='ocrx_word' id='word_1_154' title='bbox 461 1796 515 1851; x_wconf 85' lang='lat' dir='ltr'><strong>in</strong></span> <span class='ocrx_word' id='word_1_155' title='bbox 540 1795 616 1851; x_wconf 90' lang='lat' dir='ltr'><strong>eis</strong></span> <span class='ocrx_word' id='word_1_156' title='bbox 643 1796 942 1860; x_wconf 82' lang='lat' dir='ltr'><strong>exsisteus;</strong></span> <span class='ocrx_word' id='word_1_157' title='bbox 966 1796 1215 1850; x_wconf 85' lang='lat' dir='ltr'><strong>omnibus</strong></span> <span class='ocrx_word' id='word_1_158' title='bbox 1248 1794 1465 1864; x_wconf 88' lang='lat' dir='ltr'><strong>quidem</strong></span> <span class='ocrx_word' id='word_1_159' title='bbox 1520 1793 1682 1848; x_wconf 91' lang='lat' dir='ltr'><strong>simul</strong></span> <span class='ocrx_word' id='word_1_160' title='bbox 1721 1792 2037 1847; x_wconf 86' lang='lat' dir='ltr'><strong>exsistenti-</strong></span> 
     </span>
    </p>
   </div>
   <div class='ocr_carea' id='block_1_19' title="bbox 460 1881 2036 1955">
    <p class='ocr_par' dir='ltr' id='par_1_19' title="bbox 460 1881 2036 1955">
     <span class='ocr_line' id='line_1_19' title="bbox 460 1881 2036 1955; baseline -0.004 -15"><span class='ocrx_word' id='word_1_161' title='bbox 460 1886 584 1954; x_wconf 86' lang='lat' dir='ltr'><strong>bus,</strong></span> <span class='ocrx_word' id='word_1_162' title='bbox 648 1889 781 1942; x_wconf 94' lang='lat' dir='ltr'><strong>etin</strong></span> <span class='ocrx_word' id='word_1_163' title='bbox 837 1886 1145 1955; x_wconf 91' lang='lat' dir='ltr'><strong>impartibili</strong></span> <span class='ocrx_word' id='word_1_164' title='bbox 1218 1886 1267 1939; x_wconf 95' lang='lat' dir='ltr'><strong>in</strong></span> <span class='ocrx_word' id='word_1_165' title='bbox 1302 1885 1417 1953; x_wconf 91' lang='lat' dir='ltr'><strong>ipso</strong></span> <span class='ocrx_word' id='word_1_166' title='bbox 1472 1881 2036 1947; x_wconf 80' lang='lat' dir='ltr'><strong>exsistentibus,dis-</strong></span> 
     </span>
    </p>
   </div>
   <div class='ocr_carea' id='block_1_20' title="bbox 430 1974 2038 2055">
    <p class='ocr_par' dir='ltr' id='par_1_20' title="bbox 430 1974 2038 2055">
     <span class='ocr_line' id='line_1_20' title="bbox 430 1974 2038 2055; baseline -0.002 -22"><span class='ocrx_word' id='word_1_167' title='bbox 430 1979 643 2055; x_wconf 86' lang='lat' dir='ltr'><strong>_tinctis</strong></span> <span class='ocrx_word' id='word_1_168' title='bbox 689 1993 822 2035; x_wconf 90' lang='lat' dir='ltr'><strong>vero</strong></span> <span class='ocrx_word' id='word_1_169' title='bbox 867 1979 919 2033; x_wconf 93' lang='lat' dir='ltr'><strong>in</strong></span> <span class='ocrx_word' id='word_1_170' title='bbox 948 1977 1260 2049; x_wconf 89' lang='lat' dir='ltr'><strong>impartibili</strong></span> <span class='ocrx_word' id='word_1_171' title='bbox 1292 1976 1712 2046; x_wconf 89' lang='lat' dir='ltr'><strong>impartibiliter.</strong></span> <span class='ocrx_word' id='word_1_172' title='bbox 1750 1974 1914 2046; x_wconf 89' lang='lat' dir='ltr'><strong>Igitur</strong></span> <span class='ocrx_word' id='word_1_173' title='bbox 1941 1988 2038 2029; x_wconf 88' lang='lat' dir='ltr'><strong>no-</strong></span> 
     </span>
    </p>
   </div>
   <div class='ocr_carea' id='block_1_21' title="bbox 460 2064 2037 2139">
    <p class='ocr_par' dir='ltr' id='par_1_21' title="bbox 460 2064 2037 2139">
     <span class='ocr_line' id='line_1_21' title="bbox 460 2064 2037 2139; baseline 0.002 -17"><span class='ocrx_word' id='word_1_174' title='bbox 460 2070 637 2126; x_wconf 83' lang='lat' dir='ltr'><strong>tiones</strong></span> <span class='ocrx_word' id='word_1_175' title='bbox 666 2072 784 2139; x_wconf 75' lang='lat' dir='ltr'><strong>elus</strong></span> <span class='ocrx_word' id='word_1_176' title='bbox 800 2079 926 2125; x_wconf 92' lang='lat' dir='ltr'><strong>sunt</strong></span> <span class='ocrx_word' id='word_1_177' title='bbox 957 2084 1067 2135; x_wconf 89' lang='lat' dir='ltr'><strong>res,</strong></span> <span class='ocrx_word' id='word_1_178' title='bbox 1093 2085 1179 2126; x_wconf 90' lang='lat' dir='ltr'><strong>res</strong></span> <span class='ocrx_word' id='word_1_179' title='bbox 1201 2078 1382 2124; x_wconf 89' lang='lat' dir='ltr'><strong>autem</strong></span> <span class='ocrx_word' id='word_1_180' title='bbox 1405 2064 1591 2125; x_wconf 74' lang='lat' dir='ltr'><strong>forma:</strong></span> <span class='ocrx_word' id='word_1_181' title='bbox 1615 2080 1761 2137; x_wconf 88' lang='lat' dir='ltr'><strong>sunt,</strong></span> <span class='ocrx_word' id='word_1_182' title='bbox 1789 2070 2037 2125; x_wconf 87' lang='lat' dir='ltr'><strong>notiones</strong></span> 
     </span>
    </p>
   </div>
   <div class='ocr_carea' id='block_1_22' title="bbox 457 2159 2037 2229">
    <p class='ocr_par' dir='ltr' id='par_1_22' title="bbox 457 2159 2037 2229">
     <span class='ocr_line' id='line_1_22' title="bbox 457 2159 2037 2229; baseline -0.001 -15"><span class='ocrx_word' id='word_1_183' title='bbox 457 2172 590 2214; x_wconf 86' lang='lat' dir='ltr'><strong>vero</strong></span> <span class='ocrx_word' id='word_1_184' title='bbox 612 2174 716 2215; x_wconf 90' lang='lat' dir='ltr'><strong>non</strong></span> <span class='ocrx_word' id='word_1_185' title='bbox 757 2159 1193 2229; x_wconf 69' lang='lat' dir='ltr'><strong>sic&#39;aceipiendae</strong></span> <span class='ocrx_word' id='word_1_186' title='bbox 1246 2169 1392 2226; x_wconf 90' lang='lat' dir='ltr'><strong>sunt,</strong></span> <span class='ocrx_word' id='word_1_187' title='bbox 1432 2170 1492 2214; x_wconf 92' lang='lat' dir='ltr'><strong>ut</strong></span> <span class='ocrx_word' id='word_1_188' title='bbox 1530 2159 1659 2229; x_wconf 87' lang='lat' dir='ltr'><strong>quia</strong></span> <span class='ocrx_word' id='word_1_189' title='bbox 1693 2160 1794 2215; x_wconf 90' lang='lat' dir='ltr'><strong>hoc</strong></span> <span class='ocrx_word' id='word_1_190' title='bbox 1825 2160 2037 2215; x_wconf 88' lang='lat' dir='ltr'><strong>intelle-</strong></span> 
     </span>
    </p>
   </div>
   <div class='ocr_carea' id='block_1_23' title="bbox 457 2249 2040 2319">
    <p class='ocr_par' dir='ltr' id='par_1_23' title="bbox 457 2249 2040 2319">
     <span class='ocr_line' id='line_1_23' title="bbox 457 2249 2040 2319; baseline 0 -15"><span class='ocrx_word' id='word_1_191' title='bbox 457 2251 557 2316; x_wconf 87' lang='lat' dir='ltr'><strong>xit,</strong></span> <span class='ocrx_word' id='word_1_192' title='bbox 590 2250 691 2305; x_wconf 79' lang='lat' dir='ltr'><strong>fuit</strong></span> <span class='ocrx_word' id='word_1_193' title='bbox 729 2249 867 2317; x_wconf 90' lang='lat' dir='ltr'><strong>hoc;</strong></span> <span class='ocrx_word' id='word_1_194' title='bbox 901 2250 1210 2319; x_wconf 76' lang='lat' dir='ltr'><strong>huiusmodi</strong></span> <span class='ocrx_word' id='word_1_195' title='bbox 1240 2251 1382 2305; x_wconf 90' lang='lat' dir='ltr'><strong>enim</strong></span> <span class='ocrx_word' id='word_1_196' title='bbox 1412 2250 1693 2305; x_wconf 89' lang='lat' dir='ltr'><strong>notionem</strong></span> <span class='ocrx_word' id='word_1_197' title='bbox 1733 2258 1946 2319; x_wconf 89' lang='lat' dir='ltr'><strong>oportet</strong></span> <span class='ocrx_word' id='word_1_198' title='bbox 1974 2259 2040 2304; x_wconf 80' lang='grc' dir='ltr'><strong>,ιιι</strong></span> 
     </span>
    </p>
   </div>
   <div class='ocr_carea' id='block_1_24' title="bbox 459 2341 2040 2413">
    <p class='ocr_par' dir='ltr' id='par_1_24' title="bbox 459 2341 2040 2413">
     <span class='ocr_line' id='line_1_24' title="bbox 459 2341 2040 2413; baseline 0.002 -19"><span class='ocrx_word' id='word_1_199' title='bbox 459 2350 833 2406; x_wconf 74' lang='lat' dir='ltr'><strong>antegressum</strong></span> <span class='ocrx_word' id='word_1_200' title='bbox 870 2342 940 2397; x_wconf 91' lang='lat' dir='ltr'><strong>sit</strong></span> <span class='ocrx_word' id='word_1_201' title='bbox 966 2341 1172 2410; x_wconf 89' lang='lat' dir='ltr'><strong>aliquid</strong></span> <span class='ocrx_word' id='word_1_202' title='bbox 1203 2343 1346 2411; x_wconf 85' lang='lat' dir='ltr'><strong>quod</strong></span> <span class='ocrx_word' id='word_1_203' title='bbox 1383 2342 1726 2413; x_wconf 81' lang='lat' dir='ltr'><strong>intelligitur,</strong></span> <span class='ocrx_word' id='word_1_204' title='bbox 1777 2343 1923 2411; x_wconf 90' lang='lat' dir='ltr'><strong>quod</strong></span> <span class='ocrx_word' id='word_1_205' title='bbox 1962 2342 2040 2397; x_wconf 82' lang='lat' dir='ltr'><strong>fe-</strong></span> 
     </span>
    </p>
   </div>
   <div class='ocr_carea' id='block_1_25' title="bbox 460 2432 2040 2504">
    <p class='ocr_par' dir='ltr' id='par_1_25' title="bbox 460 2432 2040 2504">
     <span class='ocr_line' id='line_1_25' title="bbox 460 2432 2040 2504; baseline 0.001 -16"><span class='ocrx_word' id='word_1_206' title='bbox 460 2432 536 2488; x_wconf 89' lang='lat' dir='ltr'><strong>cit</strong></span> <span class='ocrx_word' id='word_1_207' title='bbox 564 2441 620 2486; x_wconf 92' lang='lat' dir='ltr'><strong>ut</strong></span> <span class='ocrx_word' id='word_1_208' title='bbox 650 2433 767 2502; x_wconf 90' lang='lat' dir='ltr'><strong>ipse</strong></span> <span class='ocrx_word' id='word_1_209' title='bbox 795 2433 1160 2504; x_wconf 86' lang='lat' dir='ltr'><strong>intelligeret;</strong></span> <span class='ocrx_word' id='word_1_210' title='bbox 1219 2435 1311 2488; x_wconf 91' lang='lat' dir='ltr'><strong>sed</strong></span> <span class='ocrx_word' id='word_1_211' title='bbox 1370 2435 1552 2503; x_wconf 88' lang='lat' dir='ltr'><strong>potius</strong></span> <span class='ocrx_word' id='word_1_212' title='bbox 1607 2434 1876 2504; x_wconf 78' lang='lat' dir='ltr'><strong>intelligit,</strong></span> <span class='ocrx_word' id='word_1_213' title='bbox 1919 2449 2040 2504; x_wconf 85' lang='lat' dir='ltr'><strong>quae</strong></span> 
     </span>
    </p>
   </div>
   <div class='ocr_carea' id='block_1_26' title="bbox 461 2526 2037 2597">
    <p class='ocr_par' dir='ltr' id='par_1_26' title="bbox 461 2526 2037 2597">
     <span class='ocr_line' id='line_1_26' title="bbox 461 2526 2037 2597; baseline 0 -16"><span class='ocrx_word' id='word_1_214' title='bbox 461 2536 612 2590; x_wconf 86' lang='lat' dir='ltr'><strong>sunt,</strong></span> <span class='ocrx_word' id='word_1_215' title='bbox 636 2540 832 2596; x_wconf 89' lang='lat' dir='ltr'><strong>nempe</strong></span> <span class='ocrx_word' id='word_1_216' title='bbox 852 2526 1160 2595; x_wconf 83' lang='lat' dir='ltr'><strong>intelligens</strong></span> <span class='ocrx_word' id='word_1_217' title='bbox 1186 2541 1245 2581; x_wconf 89' lang='lat' dir='ltr'><strong>se</strong></span> <span class='ocrx_word' id='word_1_218' title='bbox 1278 2528 1479 2596; x_wconf 91' lang='lat' dir='ltr'><strong>ipsum,</strong></span> <span class='ocrx_word' id='word_1_219' title='bbox 1509 2537 1706 2583; x_wconf 87' lang='lat' dir='ltr'><strong>etcum</strong></span> <span class='ocrx_word' id='word_1_220' title='bbox 1738 2528 1803 2583; x_wconf 91' lang='lat' dir='ltr'><strong>iis</strong></span> <span class='ocrx_word' id='word_1_221' title='bbox 1827 2543 1947 2597; x_wconf 70' lang='lat' dir='ltr'><strong>qua:</strong></span> <span class='ocrx_word' id='word_1_222' title='bbox 1982 2528 2037 2582; x_wconf 81' lang='lat' dir='ltr'><strong>in</strong></span> 
     </span>
    </p>
   </div>
   <div class='ocr_carea' id='block_1_27' title="bbox 462 2615 2040 2688">
    <p class='ocr_par' dir='ltr' id='par_1_27' title="bbox 462 2615 2040 2688">
     <span class='ocr_line' id='line_1_27' title="bbox 462 2615 2040 2688; baseline 0.001 -18"><span class='ocrx_word' id='word_1_223' title='bbox 462 2616 583 2684; x_wconf 85' lang='lat' dir='ltr'><strong>ipso</strong></span> <span class='ocrx_word' id='word_1_224' title='bbox 627 2615 831 2682; x_wconf 89' lang='lat' dir='ltr'><strong>insunt,</strong></span> <span class='ocrx_word' id='word_1_225' title='bbox 855 2616 1160 2686; x_wconf 89' lang='lat' dir='ltr'><strong>copulatus.</strong></span> <span class='ocrx_word' id='word_1_226' title='bbox 1215 2617 1289 2671; x_wconf 81' lang='lat' dir='ltr'><strong>Ex</strong></span> <span class='ocrx_word' id='word_1_227' title='bbox 1323 2618 1406 2673; x_wconf 90' lang='lat' dir='ltr'><strong>his</strong></span> <span class='ocrx_word' id='word_1_228' title='bbox 1436 2618 1627 2686; x_wconf 79' lang='lat' dir='ltr'><strong>liquet,</strong></span> <span class='ocrx_word' id='word_1_229' title='bbox 1659 2620 1803 2688; x_wconf 80' lang='lat' dir='ltr'><strong>quod</strong></span> <span class='ocrx_word' id='word_1_230' title='bbox 1840 2620 1893 2671; x_wconf 92' lang='lat' dir='ltr'><strong>in</strong></span> <span class='ocrx_word' id='word_1_231' title='bbox 1916 2619 2040 2671; x_wconf 83' lang='lat' dir='ltr'><strong>uni-</strong></span> 
     </span>
    </p>
   </div>
   <div class='ocr_carea' id='block_1_28' title="bbox 466 2707 2039 2780">
    <p class='ocr_par' dir='ltr' id='par_1_28' title="bbox 466 2707 2039 2780">
     <span class='ocr_line' id='line_1_28' title="bbox 466 2707 2039 2780; baseline 0.003 -19"><span class='ocrx_word' id='word_1_232' title='bbox 466 2718 594 2773; x_wconf 83' lang='lat' dir='ltr'><strong>tate,</strong></span> <span class='ocrx_word' id='word_1_233' title='bbox 624 2723 745 2777; x_wconf 68' lang='lat' dir='ltr'><strong>qute</strong></span> <span class='ocrx_word' id='word_1_234' title='bbox 776 2723 939 2777; x_wconf 86' lang='lat' dir='ltr'><strong>supra</strong></span> <span class='ocrx_word' id='word_1_235' title='bbox 963 2707 1324 2764; x_wconf 75' lang='lat' dir='ltr'><strong>substantiam</strong></span> <span class='ocrx_word' id='word_1_236' title='bbox 1357 2719 1460 2773; x_wconf 81' lang='lat' dir='ltr'><strong>est,</strong></span> <span class='ocrx_word' id='word_1_237' title='bbox 1492 2724 1600 2765; x_wconf 91' lang='lat' dir='ltr'><strong>non</strong></span> <span class='ocrx_word' id='word_1_238' title='bbox 1645 2718 1863 2780; x_wconf 90' lang='lat' dir='ltr'><strong>oportet</strong></span> <span class='ocrx_word' id='word_1_239' title='bbox 1891 2727 2039 2778; x_wconf 69' lang='lat' dir='ltr'><strong>(pne-</strong></span> 
     </span>
    </p>
   </div>
   <div class='ocr_carea' id='block_1_29' title="bbox 374 2798 2039 2870">
    <p class='ocr_par' dir='ltr' id='par_1_29' title="bbox 374 2798 2039 2870">
     <span class='ocr_line' id='line_1_29' title="bbox 374 2798 2039 2870; baseline 0.002 -19"><span class='ocrx_word' id='word_1_240' title='bbox 374 2851 381 2859; x_wconf 68' lang='lat'><strong>,</strong></span> <span class='ocrx_word' id='word_1_241' title='bbox 466 2813 587 2853; x_wconf 88' lang='lat' dir='ltr'><strong>rere</strong></span> <span class='ocrx_word' id='word_1_242' title='bbox 618 2798 867 2864; x_wconf 90' lang='lat' dir='ltr'><strong>multa,et</strong></span> <span class='ocrx_word' id='word_1_243' title='bbox 895 2799 1135 2863; x_wconf 86' lang='lat' dir='ltr'><strong>diversa,</strong></span> <span class='ocrx_word' id='word_1_244' title='bbox 1156 2814 1278 2867; x_wconf 74' lang='lat' dir='ltr'><strong>qua:</strong></span> <span class='ocrx_word' id='word_1_245' title='bbox 1314 2801 1366 2852; x_wconf 92' lang='lat' dir='ltr'><strong>in</strong></span> <span class='ocrx_word' id='word_1_246' title='bbox 1398 2799 1513 2868; x_wconf 88' lang='lat' dir='ltr'><strong>ipsa</strong></span> <span class='ocrx_word' id='word_1_247' title='bbox 1556 2810 1904 2870; x_wconf 88' lang='lat' dir='ltr'><strong>spectantur:</strong></span> <span class='ocrx_word' id='word_1_248' title='bbox 1930 2802 2039 2869; x_wconf 89' lang='lat' dir='ltr'><strong>pri-</strong></span> 
     </span>
    </p>
   </div>
   <div class='ocr_carea' id='block_1_30' title="bbox 464 2890 2037 2961">
    <p class='ocr_par' dir='ltr' id='par_1_30' title="bbox 464 2890 2037 2961">
     <span class='ocr_line' id='line_1_30' title="bbox 464 2890 2037 2961; baseline 0 -15"><span class='ocrx_word' id='word_1_249' title='bbox 464 2905 611 2946; x_wconf 65' lang='lat' dir='ltr'><strong>mum</strong></span> <span class='ocrx_word' id='word_1_250' title='bbox 646 2891 884 2958; x_wconf 86' lang='lat' dir='ltr'><strong>quidem,</strong></span> <span class='ocrx_word' id='word_1_251' title='bbox 905 2891 1029 2960; x_wconf 88' lang='lat' dir='ltr'><strong>quia</strong></span> <span class='ocrx_word' id='word_1_252' title='bbox 1056 2900 1246 2944; x_wconf 80' lang='lat' dir='ltr'><strong>natura</strong></span> <span class='ocrx_word' id='word_1_253' title='bbox 1269 2890 1658 2959; x_wconf 71' lang='lat' dir='ltr'><strong>differentium,</strong></span> <span class='ocrx_word' id='word_1_254' title='bbox 1683 2893 2037 2961; x_wconf 89' lang='lat' dir='ltr'><strong>quantitatem</strong></span> 
     </span>
    </p>
   </div>
   <div class='ocr_carea' id='block_1_31' title="bbox 463 2981 2039 3052">
    <p class='ocr_par' dir='ltr' id='par_1_31' title="bbox 463 2981 2039 3052">
     <span class='ocr_line' id='line_1_31' title="bbox 463 2981 2039 3052; baseline 0.004 -17"><span class='ocrx_word' id='word_1_255' title='bbox 463 2987 518 3035; x_wconf 86' lang='lat' dir='ltr'><strong>et</strong></span> <span class='ocrx_word' id='word_1_256' title='bbox 550 2994 837 3034; x_wconf 72' lang='lat' dir='ltr'><strong>numerum</strong></span> <span class='ocrx_word' id='word_1_257' title='bbox 872 2981 1079 3035; x_wconf 88' lang='lat' dir='ltr'><strong>inducit</strong></span> <span class='ocrx_word' id='word_1_258' title='bbox 1104 2982 1155 3036; x_wconf 93' lang='lat' dir='ltr'><strong>in</strong></span> <span class='ocrx_word' id='word_1_259' title='bbox 1180 2983 1506 3051; x_wconf 86' lang='lat' dir='ltr'><strong>simplici,et</strong></span> <span class='ocrx_word' id='word_1_260' title='bbox 1535 2984 1651 3038; x_wconf 89' lang='lat' dir='ltr'><strong>sine</strong></span> <span class='ocrx_word' id='word_1_261' title='bbox 1694 2984 2039 3052; x_wconf 79' lang='lat' dir='ltr'><strong>confusione,</strong></span> 
     </span>
    </p>
   </div>
   <div class='ocr_carea' id='block_1_32' title="bbox 2153 525 3680 597">
    <p class='ocr_par' dir='ltr' id='par_1_32' title="bbox 2153 525 3680 597">
     <span class='ocr_line' id='line_1_32' title="bbox 2153 525 3680 597; baseline 0.004 -19"><span class='ocrx_word' id='word_1_262' title='bbox 2153 526 2387 579; x_wconf 89' lang='lat' dir='ltr'><strong>medium</strong></span> <span class='ocrx_word' id='word_1_263' title='bbox 2425 525 2651 590; x_wconf 88' lang='lat' dir='ltr'><strong>habens,</strong></span> <span class='ocrx_word' id='word_1_264' title='bbox 2695 540 2791 580; x_wconf 90' lang='lat' dir='ltr'><strong>nec</strong></span> <span class='ocrx_word' id='word_1_265' title='bbox 2828 528 2879 580; x_wconf 93' lang='lat' dir='ltr'><strong>in</strong></span> <span class='ocrx_word' id='word_1_266' title='bbox 2925 527 3175 597; x_wconf 76' lang='lat' dir='ltr'><strong>quppiam</strong></span> <span class='ocrx_word' id='word_1_267' title='bbox 3203 543 3381 593; x_wconf 85' lang='lat' dir='ltr'><strong>eorum</strong></span> <span class='ocrx_word' id='word_1_268' title='bbox 3419 544 3529 596; x_wconf 66' lang='lat' dir='ltr'><strong>quae</strong></span> <span class='ocrx_word' id='word_1_269' title='bbox 3555 544 3680 592; x_wconf 81' lang='lat' dir='ltr'><strong>sunt,</strong></span> 
     </span>
    </p>
   </div>
   <div class='ocr_carea' id='block_1_33' title="bbox 2151 618 3679 689">
    <p class='ocr_par' dir='ltr' id='par_1_33' title="bbox 2151 618 3679 689">
     <span class='ocr_line' id='line_1_33' title="bbox 2151 618 3679 689; baseline 0.002 -19"><span class='ocrx_word' id='word_1_270' title='bbox 2151 625 2266 683; x_wconf 90' lang='lat' dir='ltr'><strong>est;</strong></span> <span class='ocrx_word' id='word_1_271' title='bbox 2294 630 2468 686; x_wconf 90' lang='lat' dir='ltr'><strong>neque</strong></span> <span class='ocrx_word' id='word_1_272' title='bbox 2499 618 2793 688; x_wconf 87' lang='lat' dir='ltr'><strong>quidquam</strong></span> <span class='ocrx_word' id='word_1_273' title='bbox 2827 634 3013 675; x_wconf 89' lang='lat' dir='ltr'><strong>eorum</strong></span> <span class='ocrx_word' id='word_1_274' title='bbox 3050 627 3171 683; x_wconf 85' lang='lat' dir='ltr'><strong>est;</strong></span> <span class='ocrx_word' id='word_1_275' title='bbox 3212 633 3380 687; x_wconf 90' lang='lat' dir='ltr'><strong>neque</strong></span> <span class='ocrx_word' id='word_1_276' title='bbox 3423 622 3618 689; x_wconf 87' lang='lat' dir='ltr'><strong>penitus</strong></span> <span class='ocrx_word' id='word_1_277' title='bbox 3639 624 3679 675; x_wconf 88' lang='lat' dir='ltr'><strong>ei</strong></span> 
     </span>
    </p>
   </div>
   <div class='ocr_carea' id='block_1_34' title="bbox 2152 709 3685 780">
    <p class='ocr_par' dir='ltr' id='par_1_34' title="bbox 2152 709 3685 780">
     <span class='ocr_line' id='line_1_34' title="bbox 2152 709 3685 780; baseline 0.003 -19"><span class='ocrx_word' id='word_1_278' title='bbox 2152 710 2404 764; x_wconf 79' lang='lat' dir='ltr'><strong>convenit</strong></span> <span class='ocrx_word' id='word_1_279' title='bbox 2433 709 2725 779; x_wconf 85' lang='lat' dir='ltr'><strong>quidquam</strong></span> <span class='ocrx_word' id='word_1_280' title='bbox 2755 725 2942 765; x_wconf 91' lang='lat' dir='ltr'><strong>eorum</strong></span> <span class='ocrx_word' id='word_1_281' title='bbox 2977 724 3097 780; x_wconf 81' lang='lat' dir='ltr'><strong>quae</strong></span> <span class='ocrx_word' id='word_1_282' title='bbox 3129 710 3181 764; x_wconf 91' lang='lat' dir='ltr'><strong>in</strong></span> <span class='ocrx_word' id='word_1_283' title='bbox 3210 725 3322 765; x_wconf 60' lang='lat' dir='ltr'><strong>aevo</strong></span> <span class='ocrx_word' id='word_1_284' title='bbox 3363 720 3451 765; x_wconf 85' lang='lat' dir='ltr'><strong>ant</strong></span> <span class='ocrx_word' id='word_1_285' title='bbox 3480 712 3529 765; x_wconf 93' lang='lat' dir='ltr'><strong>in</strong></span> <span class='ocrx_word' id='word_1_286' title='bbox 3569 724 3685 767; x_wconf 87' lang='lat' dir='ltr'><strong>tem-</strong></span> 
     </span>
    </p>
   </div>
   <div class='ocr_carea' id='block_1_35' title="bbox 2151 798 3684 874">
    <p class='ocr_par' dir='ltr' id='par_1_35' title="bbox 2151 798 3684 874">
     <span class='ocr_line' id='line_1_35' title="bbox 2151 798 3684 874; baseline 0.002 -20"><span class='ocrx_word' id='word_1_287' title='bbox 2151 817 2279 868; x_wconf 85' lang='lat' dir='ltr'><strong>pore</strong></span> <span class='ocrx_word' id='word_1_288' title='bbox 2306 802 2606 868; x_wconf 86' lang='lat' dir='ltr'><strong>exsistunt;</strong></span> <span class='ocrx_word' id='word_1_289' title='bbox 2640 798 2769 873; x_wconf 88' lang='lat' dir='ltr'><strong>quin</strong></span> <span class='ocrx_word' id='word_1_290' title='bbox 2806 803 2985 872; x_wconf 90' lang='lat' dir='ltr'><strong>potius</strong></span> <span class='ocrx_word' id='word_1_291' title='bbox 3011 813 3164 859; x_wconf 80' lang='lat' dir='ltr'><strong>extra</strong></span> <span class='ocrx_word' id='word_1_292' title='bbox 3201 813 3430 874; x_wconf 81' lang='lat' dir='ltr'><strong>tempus,</strong></span> <span class='ocrx_word' id='word_1_293' title='bbox 3455 813 3501 860; x_wconf 89' lang='lat' dir='ltr'><strong>et</strong></span> <span class='ocrx_word' id='word_1_294' title='bbox 3535 820 3684 859; x_wconf 58' lang='lat' dir='ltr'><strong>sareu-</strong></span> 
     </span>
    </p>
   </div>
   <div class='ocr_carea' id='block_1_36' title="bbox 2148 893 3687 963">
    <p class='ocr_par' dir='ltr' id='par_1_36' title="bbox 2148 893 3687 963">
     <span class='ocr_line' id='line_1_36' title="bbox 2148 893 3687 963; baseline 0.003 -17"><span class='ocrx_word' id='word_1_295' title='bbox 2148 893 2279 957; x_wconf 89' lang='lat' dir='ltr'><strong>lum,</strong></span> <span class='ocrx_word' id='word_1_296' title='bbox 2327 894 2443 949; x_wconf 83' lang='lat' dir='ltr'><strong>sive</strong></span> <span class='ocrx_word' id='word_1_297' title='bbox 2486 908 2683 959; x_wconf 69' lang='lat' dir='ltr'><strong>aevum,</strong></span> <span class='ocrx_word' id='word_1_298' title='bbox 2730 902 2785 948; x_wconf 91' lang='lat' dir='ltr'><strong>et</strong></span> <span class='ocrx_word' id='word_1_299' title='bbox 2829 903 2980 950; x_wconf 88' lang='lat' dir='ltr'><strong>extra</strong></span> <span class='ocrx_word' id='word_1_300' title='bbox 3013 895 3197 949; x_wconf 89' lang='lat' dir='ltr'><strong>omnia</strong></span> <span class='ocrx_word' id='word_1_301' title='bbox 3244 910 3359 963; x_wconf 73' lang='lat' dir='ltr'><strong>quae</strong></span> <span class='ocrx_word' id='word_1_302' title='bbox 3394 898 3444 949; x_wconf 90' lang='lat' dir='ltr'><strong>in</strong></span> <span class='ocrx_word' id='word_1_303' title='bbox 3490 898 3687 961; x_wconf 66' lang='lat' dir='ltr'><strong>sarculo,</strong></span> 
     </span>
    </p>
   </div>
   <div class='ocr_carea' id='block_1_37' title="bbox 2149 984 3687 1055">
    <p class='ocr_par' dir='ltr' id='par_1_37' title="bbox 2149 984 3687 1055">
     <span class='ocr_line' id='line_1_37' title="bbox 2149 984 3687 1055; baseline 0.006 -22"><span class='ocrx_word' id='word_1_304' title='bbox 2149 992 2239 1036; x_wconf 91' lang='lat' dir='ltr'><strong>aut</strong></span> <span class='ocrx_word' id='word_1_305' title='bbox 2270 993 2512 1051; x_wconf 87' lang='lat' dir='ltr'><strong>tempore</strong></span> <span class='ocrx_word' id='word_1_306' title='bbox 2544 992 2692 1045; x_wconf 87' lang='lat' dir='ltr'><strong>sunt,</strong></span> <span class='ocrx_word' id='word_1_307' title='bbox 2716 991 2798 1039; x_wconf 89' lang='lat' dir='ltr'><strong>est</strong></span> <span class='ocrx_word' id='word_1_308' title='bbox 2825 1001 2838 1049; x_wconf 93' lang='lat'><strong>;</strong></span> <span class='ocrx_word' id='word_1_309' title='bbox 2865 984 2989 1054; x_wconf 87' lang='lat' dir='ltr'><strong>quia</strong></span> <span class='ocrx_word' id='word_1_310' title='bbox 3023 985 3196 1053; x_wconf 87' lang='lat' dir='ltr'><strong>ipsum</strong></span> <span class='ocrx_word' id='word_1_311' title='bbox 3227 1001 3321 1055; x_wconf 90' lang='lat' dir='ltr'><strong>per</strong></span> <span class='ocrx_word' id='word_1_312' title='bbox 3350 1000 3406 1039; x_wconf 90' lang='lat' dir='ltr'><strong>se</strong></span> <span class='ocrx_word' id='word_1_313' title='bbox 3433 1002 3614 1049; x_wconf 75' lang='lat' dir='ltr'><strong>:cvum.</strong></span> <span class='ocrx_word' id='word_1_314' title='bbox 3642 998 3687 1042; x_wconf 87' lang='lat' dir='ltr'><strong>ct</strong></span> 
     </span>
    </p>
   </div>
   <div class='ocr_carea' id='block_1_38' title="bbox 2148 1075 3691 1147">
    <p class='ocr_par' dir='ltr' id='par_1_38' title="bbox 2148 1075 3691 1147">
     <span class='ocr_line' id='line_1_38' title="bbox 2148 1075 3691 1147; baseline 0.005 -21"><span class='ocrx_word' id='word_1_315' title='bbox 2148 1075 2324 1141; x_wconf 85' lang='lat' dir='ltr'><strong>ipsum</strong></span> <span class='ocrx_word' id='word_1_316' title='bbox 2360 1088 2456 1144; x_wconf 86' lang='lat' dir='ltr'><strong>per</strong></span> <span class='ocrx_word' id='word_1_317' title='bbox 2488 1090 2545 1130; x_wconf 85' lang='lat' dir='ltr'><strong>se</strong></span> <span class='ocrx_word' id='word_1_318' title='bbox 2585 1084 2822 1145; x_wconf 88' lang='lat' dir='ltr'><strong>tempus,</strong></span> <span class='ocrx_word' id='word_1_319' title='bbox 2852 1085 2904 1132; x_wconf 91' lang='lat' dir='ltr'><strong>et</strong></span> <span class='ocrx_word' id='word_1_320' title='bbox 2935 1091 3057 1146; x_wconf 84' lang='lat' dir='ltr'><strong>quae</strong></span> <span class='ocrx_word' id='word_1_321' title='bbox 3082 1087 3227 1143; x_wconf 90' lang='lat' dir='ltr'><strong>sunt,</strong></span> <span class='ocrx_word' id='word_1_322' title='bbox 3252 1086 3306 1133; x_wconf 88' lang='lat' dir='ltr'><strong>et</strong></span> <span class='ocrx_word' id='word_1_323' title='bbox 3338 1093 3453 1146; x_wconf 71' lang='lat' dir='ltr'><strong>qua:</strong></span> <span class='ocrx_word' id='word_1_324' title='bbox 3476 1079 3561 1133; x_wconf 89' lang='lat' dir='ltr'><strong>illa</strong></span> <span class='ocrx_word' id='word_1_325' title='bbox 3589 1095 3691 1147; x_wconf 68' lang='lat' dir='ltr'><strong>quae</strong></span> 
     </span>
    </p>
   </div>
   <div class='ocr_carea' id='block_1_39' title="bbox 2149 1166 3691 1239">
    <p class='ocr_par' dir='ltr' id='par_1_39' title="bbox 2149 1166 3691 1239">
     <span class='ocr_line' id='line_1_39' title="bbox 2149 1166 3691 1239; baseline 0.003 -19"><span class='ocrx_word' id='word_1_326' title='bbox 2149 1176 2294 1229; x_wconf 90' lang='lat' dir='ltr'><strong>sunt,</strong></span> <span class='ocrx_word' id='word_1_327' title='bbox 2331 1166 2651 1231; x_wconf 87' lang='lat' dir='ltr'><strong>metiuntur,</strong></span> <span class='ocrx_word' id='word_1_328' title='bbox 2675 1168 2857 1224; x_wconf 88' lang='lat' dir='ltr'><strong>omnia</strong></span> <span class='ocrx_word' id='word_1_329' title='bbox 2892 1182 2987 1236; x_wconf 89' lang='lat' dir='ltr'><strong>per</strong></span> <span class='ocrx_word' id='word_1_330' title='bbox 3016 1168 3216 1239; x_wconf 91' lang='lat' dir='ltr'><strong>ipsum,</strong></span> <span class='ocrx_word' id='word_1_331' title='bbox 3246 1179 3299 1224; x_wconf 89' lang='lat' dir='ltr'><strong>et</strong></span> <span class='ocrx_word' id='word_1_332' title='bbox 3325 1172 3390 1223; x_wconf 88' lang='lat' dir='ltr'><strong>ab</strong></span> <span class='ocrx_word' id='word_1_333' title='bbox 3416 1170 3545 1237; x_wconf 89' lang='lat' dir='ltr'><strong>ipso.</strong></span> <span class='ocrx_word' id='word_1_334' title='bbox 3572 1172 3691 1231; x_wconf 78' lang='lat' dir='ltr'><strong>San-</strong></span> 
     </span>
    </p>
   </div>
   <div class='ocr_carea' id='block_1_40' title="bbox 2149 1260 3690 1334">
    <p class='ocr_par' dir='ltr' id='par_1_40' title="bbox 2149 1260 3690 1334">
     <span class='ocr_line' id='line_1_40' title="bbox 2149 1260 3690 1334; baseline 0.005 -21"><span class='ocrx_word' id='word_1_335' title='bbox 2149 1270 2266 1314; x_wconf 83' lang='lat' dir='ltr'><strong>ctus</strong></span> <span class='ocrx_word' id='word_1_336' title='bbox 2306 1260 2590 1327; x_wconf 80' lang='lat' dir='ltr'><strong>Maximus,</strong></span> <span class='ocrx_word' id='word_1_337' title='bbox 2614 1262 2666 1316; x_wconf 94' lang='lat' dir='ltr'><strong>in</strong></span> <span class='ocrx_word' id='word_1_338' title='bbox 2690 1262 2935 1316; x_wconf 87' lang='lat' dir='ltr'><strong>centuria</strong></span> <span class='ocrx_word' id='word_1_339' title='bbox 2958 1263 3154 1331; x_wconf 86' lang='lat' dir='ltr'><strong>prima,</strong></span> <span class='ocrx_word' id='word_1_340' title='bbox 3183 1266 3376 1334; x_wconf 86' lang='lat' dir='ltr'><strong>cap.7,</strong></span> <span class='ocrx_word' id='word_1_341' title='bbox 3407 1266 3479 1319; x_wconf 87' lang='lat' dir='ltr'><strong>ait</strong></span> <span class='ocrx_word' id='word_1_342' title='bbox 3504 1284 3517 1321; x_wconf 72' lang='grc' dir='ltr'>τ</span> <span class='ocrx_word' id='word_1_343' title='bbox 3540 1264 3690 1321; x_wconf 86' lang='lat' dir='ltr'><strong>Omne</strong></span> 
     </span>
    </p>
   </div>
   <div class='ocr_carea' id='block_1_41' title="bbox 2148 1353 3692 1424">
    <p class='ocr_par' dir='ltr' id='par_1_41' title="bbox 2148 1353 3692 1424">
     <span class='ocr_line' id='line_1_41' title="bbox 2148 1353 3692 1424; baseline 0.004 -19"><span class='ocrx_word' id='word_1_344' title='bbox 2148 1353 2465 1421; x_wconf 86' lang='lat' dir='ltr'><strong>principium</strong></span> <span class='ocrx_word' id='word_1_345' title='bbox 2514 1362 2569 1408; x_wconf 91' lang='lat' dir='ltr'><strong>et</strong></span> <span class='ocrx_word' id='word_1_346' title='bbox 2607 1354 2866 1419; x_wconf 89' lang='lat' dir='ltr'><strong>medium,</strong></span> <span class='ocrx_word' id='word_1_347' title='bbox 2896 1363 2950 1407; x_wconf 92' lang='lat' dir='ltr'><strong>et</strong></span> <span class='ocrx_word' id='word_1_348' title='bbox 2998 1353 3119 1410; x_wconf 85' lang='lat' dir='ltr'><strong>linis</strong></span> <span class='ocrx_word' id='word_1_349' title='bbox 3175 1371 3281 1409; x_wconf 88' lang='lat' dir='ltr'><strong>non</strong></span> <span class='ocrx_word' id='word_1_350' title='bbox 3329 1372 3692 1424; x_wconf 87' lang='lat' dir='ltr'><strong>usquequaque</strong></span> 
     </span>
    </p>
   </div>
   <div class='ocr_carea' id='block_1_42' title="bbox 2149 1443 3691 1514">
    <p class='ocr_par' dir='ltr' id='par_1_42' title="bbox 2149 1443 3691 1514">
     <span class='ocr_line' id='line_1_42' title="bbox 2149 1443 3691 1514; baseline 0.001 -19"><span class='ocrx_word' id='word_1_351' title='bbox 2149 1453 2345 1513; x_wconf 88' lang='lat' dir='ltr'><strong>negant</strong></span> <span class='ocrx_word' id='word_1_352' title='bbox 2393 1445 2521 1513; x_wconf 89' lang='lat' dir='ltr'><strong>quin</strong></span> <span class='ocrx_word' id='word_1_353' title='bbox 2569 1445 2862 1498; x_wconf 90' lang='lat' dir='ltr'><strong>secundum</strong></span> <span class='ocrx_word' id='word_1_354' title='bbox 2915 1443 3287 1499; x_wconf 90' lang='lat' dir='ltr'><strong>habitudinem</strong></span> <span class='ocrx_word' id='word_1_355' title='bbox 3336 1445 3691 1514; x_wconf 57' lang='lat' dir='ltr'><strong>prcedieentnr,</strong></span> 
     </span>
    </p>
   </div>
   <div class='ocr_carea' id='block_1_43' title="bbox 2148 1535 3695 1591">
    <p class='ocr_par' dir='ltr' id='par_1_43' title="bbox 2148 1535 3695 1591">
     <span class='ocr_line' id='line_1_43' title="bbox 2148 1535 3695 1591; baseline 0.001 -2"><span class='ocrx_word' id='word_1_356' title='bbox 2148 1536 2287 1591; x_wconf 88' lang='lat' dir='ltr'><strong>Deus</strong></span> <span class='ocrx_word' id='word_1_357' title='bbox 2319 1546 2497 1589; x_wconf 89' lang='lat' dir='ltr'><strong>autem</strong></span> <span class='ocrx_word' id='word_1_358' title='bbox 2535 1539 2585 1589; x_wconf 92' lang='lat' dir='ltr'><strong>in</strong></span> <span class='ocrx_word' id='word_1_359' title='bbox 2622 1535 2931 1591; x_wconf 85' lang='lat' dir='ltr'><strong>universum</strong></span> <span class='ocrx_word' id='word_1_360' title='bbox 2960 1538 3107 1591; x_wconf 89' lang='lat' dir='ltr'><strong>omni</strong></span> <span class='ocrx_word' id='word_1_361' title='bbox 3160 1537 3473 1591; x_wconf 78' lang='lat' dir='ltr'><strong>habitudine</strong></span> <span class='ocrx_word' id='word_1_362' title='bbox 3504 1536 3695 1591; x_wconf 82' lang='lat' dir='ltr'><strong>inﬁnite</strong></span> 
     </span>
    </p>
   </div>
   <div class='ocr_carea' id='block_1_44' title="bbox 2146 1628 3691 1695">
    <p class='ocr_par' dir='ltr' id='par_1_44' title="bbox 2146 1628 3691 1695">
     <span class='ocr_line' id='line_1_44' title="bbox 2146 1628 3691 1695; baseline 0 -14"><span class='ocrx_word' id='word_1_363' title='bbox 2146 1628 2199 1681; x_wconf 92' lang='lat' dir='ltr'><strong>in</strong></span> <span class='ocrx_word' id='word_1_364' title='bbox 2245 1628 2512 1682; x_wconf 81' lang='lat' dir='ltr'><strong>inﬁnitum</strong></span> <span class='ocrx_word' id='word_1_365' title='bbox 2563 1629 2810 1695; x_wconf 85' lang='lat' dir='ltr'><strong>superior</strong></span> <span class='ocrx_word' id='word_1_366' title='bbox 2860 1644 2982 1683; x_wconf 88' lang='lat' dir='ltr'><strong>cum</strong></span> <span class='ocrx_word' id='word_1_367' title='bbox 3035 1630 3126 1695; x_wconf 88' lang='lat' dir='ltr'><strong>sit,</strong></span> <span class='ocrx_word' id='word_1_368' title='bbox 3166 1638 3587 1684; x_wconf 81' lang='lat' dir='ltr'><strong>consentaneum</strong></span> <span class='ocrx_word' id='word_1_369' title='bbox 3620 1640 3691 1684; x_wconf 84' lang='lat' dir='ltr'><strong>est</strong></span> 
     </span>
    </p>
   </div>
   <div class='ocr_carea' id='block_1_45' title="bbox 2147 1718 3693 1789">
    <p class='ocr_par' dir='ltr' id='par_1_45' title="bbox 2147 1718 3693 1789">
     <span class='ocr_line' id='line_1_45' title="bbox 2147 1718 3693 1789; baseline -0.001 -16"><span class='ocrx_word' id='word_1_370' title='bbox 2147 1727 2206 1773; x_wconf 91' lang='lat' dir='ltr'><strong>ut</strong></span> <span class='ocrx_word' id='word_1_371' title='bbox 2257 1733 2429 1787; x_wconf 89' lang='lat' dir='ltr'><strong>neque</strong></span> <span class='ocrx_word' id='word_1_372' title='bbox 2463 1718 2809 1788; x_wconf 83' lang='lat' dir='ltr'><strong>principium,</strong></span> <span class='ocrx_word' id='word_1_373' title='bbox 2849 1733 3022 1788; x_wconf 89' lang='lat' dir='ltr'><strong>neque</strong></span> <span class='ocrx_word' id='word_1_374' title='bbox 3070 1719 3336 1783; x_wconf 89' lang='lat' dir='ltr'><strong>medium,</strong></span> <span class='ocrx_word' id='word_1_375' title='bbox 3387 1734 3554 1789; x_wconf 89' lang='lat' dir='ltr'><strong>neque</strong></span> <span class='ocrx_word' id='word_1_376' title='bbox 3585 1721 3693 1773; x_wconf 86' lang='lat' dir='ltr'><strong>tinis</strong></span> 
     </span>
    </p>
   </div>
   <div class='ocr_carea' id='block_1_46' title="bbox 2145 1808 3697 1879">
    <p class='ocr_par' dir='ltr' id='par_1_46' title="bbox 2145 1808 3697 1879">
     <span class='ocr_line' id='line_1_46' title="bbox 2145 1808 3697 1879; baseline -0.005 -13"><span class='ocrx_word' id='word_1_377' title='bbox 2145 1812 2251 1874; x_wconf 85' lang='lat' dir='ltr'><strong>sit;</strong></span> <span class='ocrx_word' id='word_1_378' title='bbox 2288 1824 2459 1878; x_wconf 88' lang='lat' dir='ltr'><strong>neque</strong></span> <span class='ocrx_word' id='word_1_379' title='bbox 2490 1808 2781 1878; x_wconf 87' lang='lat' dir='ltr'><strong>quidquam</strong></span> <span class='ocrx_word' id='word_1_380' title='bbox 2816 1809 3039 1863; x_wconf 89' lang='lat' dir='ltr'><strong>omnino</strong></span> <span class='ocrx_word' id='word_1_381' title='bbox 3074 1809 3237 1864; x_wconf 88' lang='lat' dir='ltr'><strong>habet</strong></span> <span class='ocrx_word' id='word_1_382' title='bbox 3268 1823 3478 1875; x_wconf 87' lang='lat' dir='ltr'><strong>eorum,</strong></span> <span class='ocrx_word' id='word_1_383' title='bbox 3510 1808 3572 1862; x_wconf 90' lang='lat' dir='ltr'><strong>.in</strong></span> <span class='ocrx_word' id='word_1_384' title='bbox 3594 1809 3697 1879; x_wconf 84' lang='lat' dir='ltr'><strong>qui-</strong></span> 
     </span>
    </p>
   </div>
   <div class='ocr_carea' id='block_1_47' title="bbox 2145 1900 3693 1971">
    <p class='ocr_par' dir='ltr' id='par_1_47' title="bbox 2145 1900 3693 1971">
     <span class='ocr_line' id='line_1_47' title="bbox 2145 1900 3693 1971; baseline -0.004 -13"><span class='ocrx_word' id='word_1_385' title='bbox 2145 1904 2243 1958; x_wconf 90' lang='lat' dir='ltr'><strong>bus</strong></span> <span class='ocrx_word' id='word_1_386' title='bbox 2296 1912 2486 1957; x_wconf 88' lang='lat' dir='ltr'><strong>natnra</strong></span> <span class='ocrx_word' id='word_1_387' title='bbox 2529 1902 2826 1957; x_wconf 89' lang='lat' dir='ltr'><strong>secundum</strong></span> <span class='ocrx_word' id='word_1_388' title='bbox 2882 1901 3254 1955; x_wconf 87' lang='lat' dir='ltr'><strong>habitudinem</strong></span> <span class='ocrx_word' id='word_1_389' title='bbox 3312 1901 3609 1971; x_wconf 70' lang='lat' dir='ltr'><strong>praedicatio</strong></span> <span class='ocrx_word' id='word_1_390' title='bbox 3636 1900 3693 1953; x_wconf 86' lang='lat' dir='ltr'><strong>ad</strong></span> 
     </span>
    </p>
   </div>
   <div class='ocr_carea' id='block_1_48' title="bbox 2146 1982 3689 2065">
    <p class='ocr_par' dir='ltr' id='par_1_48' title="bbox 2146 1982 3689 2065">
     <span class='ocr_line' id='line_1_48' title="bbox 2146 1982 3689 2065; baseline -0.001 -17"><span class='ocrx_word' id='word_1_391' title='bbox 2146 1994 2349 2065; x_wconf 86' lang='lat' dir='ltr'><strong>aliquid</strong></span> <span class='ocrx_word' id='word_1_392' title='bbox 2386 1995 2534 2050; x_wconf 88' lang='lat' dir='ltr'><strong>cerni</strong></span> <span class='ocrx_word' id='word_1_393' title='bbox 2567 2002 2763 2063; x_wconf 87' lang='lat' dir='ltr'><strong>potest.</strong></span> <span class='ocrx_word' id='word_1_394' title='bbox 2797 1982 2939 2048; x_wconf 88' lang='lat' dir='ltr'><strong>Idem</strong></span> <span class='ocrx_word' id='word_1_395' title='bbox 2975 1994 3028 2046; x_wconf 94' lang='lat' dir='ltr'><strong>in</strong></span> <span class='ocrx_word' id='word_1_396' title='bbox 3058 1993 3253 2048; x_wconf 90' lang='lat' dir='ltr'><strong>eadem</strong></span> <span class='ocrx_word' id='word_1_397' title='bbox 3281 1993 3547 2053; x_wconf 84' lang='lat' dir='ltr'><strong>centuria,</strong></span> <span class='ocrx_word' id='word_1_398' title='bbox 3585 2006 3689 2061; x_wconf 87' lang='lat' dir='ltr'><strong>cap.</strong></span> 
     </span>
    </p>
   </div>
   <div class='ocr_carea' id='block_1_49' title="bbox 2145 2084 3696 2157">
    <p class='ocr_par' dir='ltr' id='par_1_49' title="bbox 2145 2084 3696 2157">
     <span class='ocr_line' id='line_1_49' title="bbox 2145 2084 3696 2157; baseline -0.004 -14"><span class='ocrx_word' id='word_1_399' title='bbox 2145 2086 2213 2143; x_wconf 70' lang='lat'><strong>82</strong></span> <span class='ocrx_word' id='word_1_400' title='bbox 2244 2106 2256 2141; x_wconf 90' lang='lat'>:</span> <span class='ocrx_word' id='word_1_401' title='bbox 2293 2085 2484 2143; x_wconf 90' lang='lat' dir='ltr'><strong>Omnis</strong></span> <span class='ocrx_word' id='word_1_402' title='bbox 2517 2087 2753 2157; x_wconf 84' lang='lat' dir='ltr'><strong>cognitio</strong></span> <span class='ocrx_word' id='word_1_403' title='bbox 2780 2085 2945 2140; x_wconf 85' lang='lat' dir='ltr'><strong>habet</strong></span> <span class='ocrx_word' id='word_1_404' title='bbox 2976 2085 3435 2155; x_wconf 82' lang='lat' dir='ltr'><strong>significationem</strong></span> <span class='ocrx_word' id='word_1_405' title='bbox 3472 2084 3696 2139; x_wconf 83' lang='lat' dir='ltr'><strong>multitu-</strong></span> 
     </span>
    </p>
   </div>
   <div class='ocr_carea' id='block_1_50' title="bbox 2146 2174 3694 2241">
    <p class='ocr_par' dir='ltr' id='par_1_50' title="bbox 2146 2174 3694 2241">
     <span class='ocr_line' id='line_1_50' title="bbox 2146 2174 3694 2241; baseline -0.004 -9"><span class='ocrx_word' id='word_1_406' title='bbox 2146 2177 2286 2232; x_wconf 91' lang='lat' dir='ltr'><strong>dinis</strong></span> <span class='ocrx_word' id='word_1_407' title='bbox 2312 2186 2369 2231; x_wconf 91' lang='lat' dir='ltr'><strong>ut</strong></span> <span class='ocrx_word' id='word_1_408' title='bbox 2400 2175 2680 2232; x_wconf 81' lang='lat' dir='ltr'><strong>minimum</strong></span> <span class='ocrx_word' id='word_1_409' title='bbox 2720 2175 2989 2241; x_wconf 88' lang='lat' dir='ltr'><strong>duorum;</strong></span> <span class='ocrx_word' id='word_1_410' title='bbox 3042 2175 3218 2229; x_wconf 88' lang='lat' dir='ltr'><strong>media</strong></span> <span class='ocrx_word' id='word_1_411' title='bbox 3269 2176 3414 2230; x_wconf 90' lang='lat' dir='ltr'><strong>enim</strong></span> <span class='ocrx_word' id='word_1_412' title='bbox 3451 2183 3530 2229; x_wconf 84' lang='lat' dir='ltr'><strong>est</strong></span> <span class='ocrx_word' id='word_1_413' title='bbox 3558 2174 3694 2228; x_wconf 82' lang='lat' dir='ltr'><strong>habi-</strong></span> 
     </span>
    </p>
   </div>
   <div class='ocr_carea' id='block_1_51' title="bbox 2149 2266 3698 2337">
    <p class='ocr_par' dir='ltr' id='par_1_51' title="bbox 2149 2266 3698 2337">
     <span class='ocr_line' id='line_1_51' title="bbox 2149 2266 3698 2337; baseline -0.005 -11"><span class='ocrx_word' id='word_1_414' title='bbox 2149 2273 2275 2326; x_wconf 90' lang='lat' dir='ltr'><strong>tudo</strong></span> <span class='ocrx_word' id='word_1_415' title='bbox 2298 2273 2525 2325; x_wconf 89' lang='lat' dir='ltr'><strong>duorum</strong></span> <span class='ocrx_word' id='word_1_416' title='bbox 2564 2277 2954 2331; x_wconf 84' lang='lat' dir='ltr'><strong>extremorum,</strong></span> <span class='ocrx_word' id='word_1_417' title='bbox 2985 2282 3107 2337; x_wconf 81' lang='lat' dir='ltr'><strong>quae</strong></span> <span class='ocrx_word' id='word_1_418' title='bbox 3138 2268 3287 2323; x_wconf 90' lang='lat' dir='ltr'><strong>inter</strong></span> <span class='ocrx_word' id='word_1_419' title='bbox 3313 2283 3371 2324; x_wconf 89' lang='lat' dir='ltr'><strong>se</strong></span> <span class='ocrx_word' id='word_1_420' title='bbox 3393 2268 3597 2337; x_wconf 82' lang='lat' dir='ltr'><strong>copulat</strong></span> <span class='ocrx_word' id='word_1_421' title='bbox 3628 2266 3698 2320; x_wconf 79' lang='lat' dir='ltr'><strong>in-</strong></span> 
     </span>
    </p>
   </div>
   <div class='ocr_carea' id='block_1_52' title="bbox 2149 2358 3695 2434">
    <p class='ocr_par' dir='ltr' id='par_1_52' title="bbox 2149 2358 3695 2434">
     <span class='ocr_line' id='line_1_52' title="bbox 2149 2358 3695 2434; baseline -0.005 -16"><span class='ocrx_word' id='word_1_422' title='bbox 2149 2364 2495 2434; x_wconf 85' lang='lat' dir='ltr'><strong>telligentem,</strong></span> <span class='ocrx_word' id='word_1_423' title='bbox 2549 2372 2603 2418; x_wconf 91' lang='lat' dir='ltr'><strong>et</strong></span> <span class='ocrx_word' id='word_1_424' title='bbox 2665 2377 2776 2417; x_wconf 90' lang='lat' dir='ltr'><strong>rem</strong></span> <span class='ocrx_word' id='word_1_425' title='bbox 2841 2360 3225 2415; x_wconf 87' lang='lat' dir='ltr'><strong>intellectam:</strong></span> <span class='ocrx_word' id='word_1_426' title='bbox 3266 2369 3515 2414; x_wconf 90' lang='lat' dir='ltr'><strong>neutrum</strong></span> <span class='ocrx_word' id='word_1_427' title='bbox 3572 2358 3695 2413; x_wconf 71' lang='lat' dir='ltr'><strong>enim</strong></span> 
     </span>
    </p>
   </div>
   <div class='ocr_carea' id='block_1_53' title="bbox 2144 2451 3695 2525">
    <p class='ocr_par' dir='ltr' id='par_1_53' title="bbox 2144 2451 3695 2525">
     <span class='ocr_line' id='line_1_53' title="bbox 2144 2451 3695 2525; baseline -0.005 -14"><span class='ocrx_word' id='word_1_428' title='bbox 2144 2463 2322 2525; x_wconf 89' lang='lat' dir='ltr'><strong>potest</strong></span> <span class='ocrx_word' id='word_1_429' title='bbox 2342 2468 2733 2524; x_wconf 90' lang='lat' dir='ltr'><strong>usquequaque</strong></span> <span class='ocrx_word' id='word_1_430' title='bbox 2754 2466 2971 2508; x_wconf 87' lang='lat' dir='ltr'><strong>servare</strong></span> <span class='ocrx_word' id='word_1_431' title='bbox 2998 2451 3432 2521; x_wconf 87' lang='lat' dir='ltr'><strong>simplicitatem,</strong></span> <span class='ocrx_word' id='word_1_432' title='bbox 3458 2454 3572 2521; x_wconf 91' lang='lat' dir='ltr'><strong>quia</strong></span> <span class='ocrx_word' id='word_1_433' title='bbox 3593 2466 3695 2505; x_wconf 81' lang='lat' dir='ltr'><strong>cum</strong></span> 
     </span>
    </p>
   </div>
   <div class='ocr_carea' id='block_1_54' title="bbox 2148 2542 3700 2617">
    <p class='ocr_par' dir='ltr' id='par_1_54' title="bbox 2148 2542 3700 2617">
     <span class='ocr_line' id='line_1_54' title="bbox 2148 2542 3700 2617; baseline -0.004 -15"><span class='ocrx_word' id='word_1_434' title='bbox 2148 2562 2213 2602; x_wconf 90' lang='lat' dir='ltr'><strong>eo</strong></span> <span class='ocrx_word' id='word_1_435' title='bbox 2258 2547 2348 2617; x_wconf 91' lang='lat' dir='ltr'><strong>qui</strong></span> <span class='ocrx_word' id='word_1_436' title='bbox 2381 2556 2484 2611; x_wconf 89' lang='lat' dir='ltr'><strong>est,</strong></span> <span class='ocrx_word' id='word_1_437' title='bbox 2522 2545 2756 2616; x_wconf 88' lang='lat' dir='ltr'><strong>aliquam</strong></span> <span class='ocrx_word' id='word_1_438' title='bbox 2791 2559 2904 2601; x_wconf 91' lang='lat' dir='ltr'><strong>rem</strong></span> <span class='ocrx_word' id='word_1_439' title='bbox 2945 2543 3253 2612; x_wconf 76' lang='lat' dir='ltr'><strong>subiectam</strong></span> <span class='ocrx_word' id='word_1_440' title='bbox 3293 2543 3609 2613; x_wconf 80' lang='lat' dir='ltr'><strong>intelligens,</strong></span> <span class='ocrx_word' id='word_1_441' title='bbox 3640 2542 3700 2596; x_wconf 85' lang='lat' dir='ltr'><strong>si-</strong></span> 
     </span>
    </p>
   </div>
   <div class='ocr_carea' id='block_1_55' title="bbox 2150 2636 3700 2708">
    <p class='ocr_par' dir='ltr' id='par_1_55' title="bbox 2150 2636 3700 2708">
     <span class='ocr_line' id='line_1_55' title="bbox 2150 2636 3700 2708; baseline -0.005 -16"><span class='ocrx_word' id='word_1_442' title='bbox 2150 2637 2258 2692; x_wconf 92' lang='lat' dir='ltr'><strong>mul</strong></span> <span class='ocrx_word' id='word_1_443' title='bbox 2301 2639 2573 2708; x_wconf 79' lang='lat' dir='ltr'><strong>cogitatur</strong></span> <span class='ocrx_word' id='word_1_444' title='bbox 2619 2637 2823 2692; x_wconf 87' lang='lat' dir='ltr'><strong>habere</strong></span> <span class='ocrx_word' id='word_1_445' title='bbox 2877 2646 3202 2705; x_wconf 86' lang='lat' dir='ltr'><strong>potestatem</strong></span> <span class='ocrx_word' id='word_1_446' title='bbox 3262 2636 3585 2704; x_wconf 88' lang='lat' dir='ltr'><strong>intelligendi</strong></span> <span class='ocrx_word' id='word_1_447' title='bbox 3613 2653 3624 2688; x_wconf 93' lang='lat'><strong>:</strong></span> <span class='ocrx_word' id='word_1_448' title='bbox 3655 2643 3700 2687; x_wconf 86' lang='lat' dir='ltr'><strong>et</strong></span> 
     </span>
    </p>
   </div>
   <div class='ocr_carea' id='block_1_56' title="bbox 2150 2724 3700 2799">
    <p class='ocr_par' dir='ltr' id='par_1_56' title="bbox 2150 2724 3700 2799">
     <span class='ocr_line' id='line_1_56' title="bbox 2150 2724 3700 2799; baseline -0.005 -16"><span class='ocrx_word' id='word_1_449' title='bbox 2150 2731 2290 2799; x_wconf 90' lang='lat' dir='ltr'><strong>quod</strong></span> <span class='ocrx_word' id='word_1_450' title='bbox 2343 2730 2664 2798; x_wconf 78' lang='lat' dir='ltr'><strong>intelligitur</strong></span> <span class='ocrx_word' id='word_1_451' title='bbox 2716 2728 3021 2797; x_wconf 86' lang='lat' dir='ltr'><strong>subjectum</strong></span> <span class='ocrx_word' id='word_1_452' title='bbox 3075 2729 3353 2797; x_wconf 88' lang='lat' dir='ltr'><strong>quoddam</strong></span> <span class='ocrx_word' id='word_1_453' title='bbox 3406 2736 3505 2789; x_wconf 74' lang='lat' dir='ltr'><strong>est,</strong></span> <span class='ocrx_word' id='word_1_454' title='bbox 3537 2727 3613 2779; x_wconf 74' lang='lat' dir='ltr'><strong>vel</strong></span> <span class='ocrx_word' id='word_1_455' title='bbox 3654 2724 3700 2777; x_wconf 87' lang='lat' dir='ltr'><strong>in</strong></span> 
     </span>
    </p>
   </div>
   <div class='ocr_carea' id='block_1_57' title="bbox 2150 2817 3703 2889">
    <p class='ocr_par' dir='ltr' id='par_1_57' title="bbox 2150 2817 3703 2889">
     <span class='ocr_line' id='line_1_57' title="bbox 2150 2817 3703 2889; baseline -0.005 -13"><span class='ocrx_word' id='word_1_456' title='bbox 2150 2822 2411 2887; x_wconf 77' lang='lat' dir='ltr'><strong>subjecto,</strong></span> <span class='ocrx_word' id='word_1_457' title='bbox 2452 2836 2571 2874; x_wconf 89' lang='lat' dir='ltr'><strong>cum</strong></span> <span class='ocrx_word' id='word_1_458' title='bbox 2600 2836 2706 2889; x_wconf 92' lang='lat' dir='ltr'><strong>quo</strong></span> <span class='ocrx_word' id='word_1_459' title='bbox 2753 2820 2914 2875; x_wconf 89' lang='lat' dir='ltr'><strong>simul</strong></span> <span class='ocrx_word' id='word_1_460' title='bbox 2958 2819 3228 2889; x_wconf 82' lang='lat' dir='ltr'><strong>cogitatur</strong></span> <span class='ocrx_word' id='word_1_461' title='bbox 3259 2819 3399 2885; x_wconf 77' lang='lat' dir='ltr'><strong>quod</strong></span> <span class='ocrx_word' id='word_1_462' title='bbox 3432 2820 3590 2888; x_wconf 90' lang='lat' dir='ltr'><strong>possit</strong></span> <span class='ocrx_word' id='word_1_463' title='bbox 3634 2817 3703 2869; x_wconf 89' lang='lat' dir='ltr'><strong>in-</strong></span> 
     </span>
    </p>
   </div>
   <div class='ocr_carea' id='block_1_58' title="bbox 2153 2907 3700 2984">
    <p class='ocr_par' dir='ltr' id='par_1_58' title="bbox 2153 2907 3700 2984">
     <span class='ocr_line' id='line_1_58' title="bbox 2153 2907 3700 2984; baseline 0 -19"><span class='ocrx_word' id='word_1_464' title='bbox 2153 2913 2340 2983; x_wconf 86' lang='lat' dir='ltr'><strong>telligi,</strong></span> <span class='ocrx_word' id='word_1_465' title='bbox 2363 2922 2453 2966; x_wconf 87' lang='lat' dir='ltr'><strong>aut</strong></span> <span class='ocrx_word' id='word_1_466' title='bbox 2485 2912 2752 2984; x_wconf 75' lang='lat' dir='ltr'><strong>cogitatur</strong></span> <span class='ocrx_word' id='word_1_467' title='bbox 2796 2912 2955 2966; x_wconf 85' lang='lat' dir='ltr'><strong>simul</strong></span> <span class='ocrx_word' id='word_1_468' title='bbox 2992 2910 3360 2980; x_wconf 71' lang='lat' dir='ltr'><strong>praesubjeeta</strong></span> <span class='ocrx_word' id='word_1_469' title='bbox 3407 2907 3700 2965; x_wconf 81' lang='lat' dir='ltr'><strong>substantia.</strong></span> 
     </span>
    </p>
   </div>
   <div class='ocr_carea' id='block_1_59' title="bbox 2150 2998 3703 3072">
    <p class='ocr_par' dir='ltr' id='par_1_59' title="bbox 2150 2998 3703 3072">
     <span class='ocr_line' id='line_1_59' title="bbox 2150 2998 3703 3072; baseline -0.006 -14"><span class='ocrx_word' id='word_1_470' title='bbox 2150 3009 2301 3072; x_wconf 87' lang='lat' dir='ltr'><strong>cujus</strong></span> <span class='ocrx_word' id='word_1_471' title='bbox 2329 3012 2412 3058; x_wconf 90' lang='lat' dir='ltr'><strong>est</strong></span> <span class='ocrx_word' id='word_1_472' title='bbox 2441 3010 2718 3071; x_wconf 87' lang='lat' dir='ltr'><strong>potestas;</strong></span> <span class='ocrx_word' id='word_1_473' title='bbox 2755 3017 2858 3056; x_wconf 92' lang='lat' dir='ltr'><strong>non</strong></span> <span class='ocrx_word' id='word_1_474' title='bbox 2886 3001 3028 3055; x_wconf 91' lang='lat' dir='ltr'><strong>enim</strong></span> <span class='ocrx_word' id='word_1_475' title='bbox 3052 3011 3137 3055; x_wconf 88' lang='lat' dir='ltr'><strong>est</strong></span> <span class='ocrx_word' id='word_1_476' title='bbox 3164 3015 3256 3055; x_wconf 87' lang='lat' dir='ltr'><strong>res</strong></span> <span class='ocrx_word' id='word_1_477' title='bbox 3282 3000 3464 3069; x_wconf 91' lang='lat' dir='ltr'><strong>aliqua</strong></span> <span class='ocrx_word' id='word_1_478' title='bbox 3489 2998 3703 3060; x_wconf 84' lang='lat' dir='ltr'><strong>omnino,</strong></span> 
     </span>
    </p>
   </div>
   <div class='ocr_carea' id='block_1_60' title="bbox 463 3070 3707 3163">
    <p class='ocr_par' dir='ltr' id='par_1_60' title="bbox 463 3070 3707 3163">
     <span class='ocr_line' id='line_1_60' title="bbox 463 3070 3707 3163; baseline -0.001 -36"><span class='ocrx_word' id='word_1_479' title='bbox 463 3080 519 3127; x_wconf 91' lang='lat' dir='ltr'><strong>et</strong></span> <span class='ocrx_word' id='word_1_480' title='bbox 544 3070 813 3127; x_wconf 83' lang='lat' dir='ltr'><strong>divisione</strong></span> <span class='ocrx_word' id='word_1_481' title='bbox 840 3088 947 3125; x_wconf 88' lang='lat' dir='ltr'><strong>unu</strong></span> <span class='ocrx_word' id='word_1_482' title='bbox 970 3082 1025 3127; x_wconf 90' lang='lat' dir='ltr'><strong>et</strong></span> <span class='ocrx_word' id='word_1_483' title='bbox 1062 3082 1208 3139; x_wconf 87' lang='lat' dir='ltr'><strong>toto;</strong></span> <span class='ocrx_word' id='word_1_484' title='bbox 1240 3073 1506 3140; x_wconf 85' lang='lat' dir='ltr'><strong>secundo,</strong></span> <span class='ocrx_word' id='word_1_485' title='bbox 1539 3077 1664 3144; x_wconf 88' lang='lat' dir='ltr'><strong>quia</strong></span> <span class='ocrx_word' id='word_1_486' title='bbox 1698 3078 1879 3131; x_wconf 88' lang='lat' dir='ltr'><strong>omnia</strong></span> <span class='ocrx_word' id='word_1_487' title='bbox 1922 3093 2042 3147; x_wconf 67' lang='lat' dir='ltr'><strong>quae</strong></span> <span class='ocrx_word' id='word_1_488' title='bbox 2071 3104 2115 3163; x_wconf 73' lang='grc' dir='ltr'>ο</span> <span class='ocrx_word' id='word_1_489' title='bbox 2150 3070 2268 3161; x_wconf 66' lang='grc' dir='ltr'><strong>ψιῷ</strong></span> <span class='ocrx_word' id='word_1_490' title='bbox 2293 3091 2409 3160; x_wconf 85' lang='lat' dir='ltr'><strong>ipsa</strong></span> <span class='ocrx_word' id='word_1_491' title='bbox 2438 3070 2536 3159; x_wconf 87' lang='lat' dir='ltr'><strong>per</strong></span> <span class='ocrx_word' id='word_1_492' title='bbox 2565 3104 2624 3144; x_wconf 90' lang='lat' dir='ltr'><strong>se</strong></span> <span class='ocrx_word' id='word_1_493' title='bbox 2656 3090 2747 3145; x_wconf 77' lang='lat' dir='ltr'><strong>sit&quot;</strong></span> <span class='ocrx_word' id='word_1_494' title='bbox 2771 3090 2999 3160; x_wconf 81' lang='lat' dir='ltr'><strong>simplex</strong></span> <span class='ocrx_word' id='word_1_495' title='bbox 3036 3088 3375 3149; x_wconf 86' lang='lat' dir='ltr'><strong>substantia.</strong></span> <span class='ocrx_word' id='word_1_496' title='bbox 3416 3096 3507 3144; x_wconf 90' lang='lat' dir='ltr'><strong>aut</strong></span> <span class='ocrx_word' id='word_1_497' title='bbox 3545 3085 3707 3156; x_wconf 84' lang='lat' dir='ltr'><strong>c0gni.</strong></span> 
     </span>
    </p>
   </div>
   <div class='ocr_carea' id='block_1_61' title="bbox 470 3162 2045 3238">
    <p class='ocr_par' dir='ltr' id='par_1_61' title="bbox 470 3162 2045 3238">
     <span class='ocr_line' id='line_1_61' title="bbox 470 3162 2045 3238; baseline 0.004 -20"><span class='ocrx_word' id='word_1_498' title='bbox 470 3164 527 3218; x_wconf 91' lang='lat' dir='ltr'><strong>in</strong></span> <span class='ocrx_word' id='word_1_499' title='bbox 556 3162 671 3233; x_wconf 89' lang='lat' dir='ltr'><strong>ipsa</strong></span> <span class='ocrx_word' id='word_1_500' title='bbox 704 3164 982 3233; x_wconf 89' lang='lat' dir='ltr'><strong>dicuntur,</strong></span> <span class='ocrx_word' id='word_1_501' title='bbox 1018 3175 1141 3217; x_wconf 87' lang='lat' dir='ltr'><strong>sunt</strong></span> <span class='ocrx_word' id='word_1_502' title='bbox 1169 3167 1344 3219; x_wconf 80' lang='lat' dir='ltr'><strong>divina</strong></span> <span class='ocrx_word' id='word_1_503' title='bbox 1381 3176 1431 3223; x_wconf 88' lang='lat' dir='ltr'><strong>et</strong></span> <span class='ocrx_word' id='word_1_504' title='bbox 1457 3167 1608 3221; x_wconf 86' lang='lat' dir='ltr'><strong>beata</strong></span> <span class='ocrx_word' id='word_1_505' title='bbox 1643 3169 1758 3238; x_wconf 86' lang='lat' dir='ltr'><strong>ejus</strong></span> <span class='ocrx_word' id='word_1_506' title='bbox 1789 3170 2045 3226; x_wconf 77' lang='lat' dir='ltr'><strong>subSIan-</strong></span> 
     </span>
    </p>
   </div>
   <div class='ocr_carea' id='block_1_62' title="bbox 470 3258 2046 3331">
    <p class='ocr_par' dir='ltr' id='par_1_62' title="bbox 470 3258 2046 3331">
     <span class='ocr_line' id='line_1_62' title="bbox 470 3258 2046 3331; baseline 0.004 -20"><span class='ocrx_word' id='word_1_507' title='bbox 470 3258 566 3327; x_wconf 89' lang='lat' dir='ltr'><strong>tia,</strong></span> <span class='ocrx_word' id='word_1_508' title='bbox 604 3266 793 3327; x_wconf 86' lang='lat' dir='ltr'><strong>utpote</strong></span> <span class='ocrx_word' id='word_1_509' title='bbox 824 3272 944 3329; x_wconf 66' lang='lat' dir='ltr'><strong>quae</strong></span> <span class='ocrx_word' id='word_1_510' title='bbox 984 3269 1067 3313; x_wconf 90' lang='lat' dir='ltr'><strong>est</strong></span> <span class='ocrx_word' id='word_1_511' title='bbox 1091 3260 1324 3321; x_wconf 86' lang='lat' dir='ltr'><strong>essentia</strong></span> <span class='ocrx_word' id='word_1_512' title='bbox 1380 3276 1444 3313; x_wconf 79' lang='lat' dir='ltr'><strong>ex</strong></span> <span class='ocrx_word' id='word_1_513' title='bbox 1481 3262 1726 3331; x_wconf 86' lang='lat' dir='ltr'><strong>pluribus</strong></span> <span class='ocrx_word' id='word_1_514' title='bbox 1766 3263 1819 3317; x_wconf 90' lang='lat' dir='ltr'><strong>in</strong></span> <span class='ocrx_word' id='word_1_515' title='bbox 1882 3280 2046 3318; x_wconf 88' lang='lat' dir='ltr'><strong>unam</strong></span> 
     </span>
    </p>
   </div>
   <div class='ocr_carea' id='block_1_63' title="bbox 465 3351 2039 3419">
    <p class='ocr_par' dir='ltr' id='par_1_63' title="bbox 465 3351 2039 3419">
     <span class='ocr_line' id='line_1_63' title="bbox 465 3351 2039 3419; baseline 0.005 -17"><span class='ocrx_word' id='word_1_516' title='bbox 465 3351 732 3405; x_wconf 83' lang='lat' dir='ltr'><strong>unitatem</strong></span> <span class='ocrx_word' id='word_1_517' title='bbox 764 3351 1596 3419; x_wconf 77' lang='lat' dir='ltr'><strong>congregatis,omn-idiﬁ‘erentia</strong></span> <span class='ocrx_word' id='word_1_518' title='bbox 1633 3357 1885 3410; x_wconf 85' lang='lat' dir='ltr'><strong>omnibus</strong></span> <span class='ocrx_word' id='word_1_519' title='bbox 1918 3373 2039 3411; x_wconf 63' lang='lat' dir='ltr'><strong>meo</strong></span> 
     </span>
    </p>
   </div>
   <div class='ocr_carea' id='block_1_64' title="bbox 467 3442 2050 3513">
    <p class='ocr_par' dir='ltr' id='par_1_64' title="bbox 467 3442 2050 3513">
     <span class='ocr_line' id='line_1_64' title="bbox 467 3442 2050 3513; baseline 0.002 -15"><span class='ocrx_word' id='word_1_520' title='bbox 467 3442 553 3498; x_wconf 87' lang='lat' dir='ltr'><strong>dis</strong></span> <span class='ocrx_word' id='word_1_521' title='bbox 613 3444 666 3497; x_wconf 88' lang='lat' dir='ltr'><strong>in</strong></span> <span class='ocrx_word' id='word_1_522' title='bbox 708 3442 1047 3513; x_wconf 85' lang='lat' dir='ltr'><strong>congregatis</strong></span> <span class='ocrx_word' id='word_1_523' title='bbox 1075 3444 1317 3498; x_wconf 82' lang='lat' dir='ltr'><strong>sublata:</strong></span> <span class='ocrx_word' id='word_1_524' title='bbox 1343 3453 1396 3498; x_wconf 92' lang='lat' dir='ltr'><strong>et</strong></span> <span class='ocrx_word' id='word_1_525' title='bbox 1424 3460 1544 3513; x_wconf 72' lang='lat' dir='ltr'><strong>qum</strong></span> <span class='ocrx_word' id='word_1_526' title='bbox 1574 3446 1711 3502; x_wconf 89' lang='lat' dir='ltr'><strong>inest</strong></span> <span class='ocrx_word' id='word_1_527' title='bbox 1739 3448 1791 3500; x_wconf 92' lang='lat' dir='ltr'><strong>in</strong></span> <span class='ocrx_word' id='word_1_528' title='bbox 1824 3448 1907 3502; x_wconf 90' lang='lat' dir='ltr'><strong>bis</strong></span> <span class='ocrx_word' id='word_1_529' title='bbox 1934 3448 2050 3501; x_wconf 87' lang='lat' dir='ltr'><strong>sine</strong></span> 
     </span>
    </p>
   </div>
   <div class='ocr_carea' id='block_1_65' title="bbox 469 3534 2043 3607">
    <p class='ocr_par' dir='ltr' id='par_1_65' title="bbox 469 3534 2043 3607">
     <span class='ocr_line' id='line_1_65' title="bbox 469 3534 2043 3607; baseline 0.005 -22"><span class='ocrx_word' id='word_1_530' title='bbox 469 3534 806 3599; x_wconf 82' lang='lat' dir='ltr'><strong>habitudine,</strong></span> <span class='ocrx_word' id='word_1_531' title='bbox 829 3542 885 3590; x_wconf 90' lang='lat' dir='ltr'><strong>et</strong></span> <span class='ocrx_word' id='word_1_532' title='bbox 917 3535 1292 3603; x_wconf 86' lang='lat' dir='ltr'><strong>singulariter,</strong></span> <span class='ocrx_word' id='word_1_533' title='bbox 1325 3546 1498 3593; x_wconf 88' lang='lat' dir='ltr'><strong>etnon</strong></span> <span class='ocrx_word' id='word_1_534' title='bbox 1530 3550 1785 3607; x_wconf 87' lang='lat' dir='ltr'><strong>tanquam</strong></span> <span class='ocrx_word' id='word_1_535' title='bbox 1816 3541 2043 3593; x_wconf 86' lang='lat' dir='ltr'><strong>alterum</strong></span> 
     </span>
    </p>
   </div>
   <div class='ocr_carea' id='block_1_66' title="bbox 466 3628 2051 3701">
    <p class='ocr_par' dir='ltr' id='par_1_66' title="bbox 466 3628 2051 3701">
     <span class='ocr_line' id='line_1_66' title="bbox 466 3628 2051 3701; baseline 0.001 -16"><span class='ocrx_word' id='word_1_536' title='bbox 466 3629 524 3696; x_wconf 79' lang='lat' dir='ltr'><strong>in</strong></span> <span class='ocrx_word' id='word_1_537' title='bbox 544 3628 733 3690; x_wconf 84' lang='lat' dir='ltr'><strong>altero,</strong></span> <span class='ocrx_word' id='word_1_538' title='bbox 753 3629 845 3687; x_wconf 82' lang='lat' dir='ltr'><strong>sed</strong></span> <span class='ocrx_word' id='word_1_539' title='bbox 874 3629 1106 3684; x_wconf 86' lang='lat' dir='ltr'><strong>maxime</strong></span> <span class='ocrx_word' id='word_1_540' title='bbox 1131 3644 1457 3700; x_wconf 87' lang='lat' dir='ltr'><strong>supraquam</strong></span> <span class='ocrx_word' id='word_1_541' title='bbox 1482 3632 1747 3701; x_wconf 88' lang='lat' dir='ltr'><strong>copulate,</strong></span> <span class='ocrx_word' id='word_1_542' title='bbox 1779 3633 1923 3687; x_wconf 91' lang='lat' dir='ltr'><strong>nulla</strong></span> <span class='ocrx_word' id='word_1_543' title='bbox 1952 3634 2051 3687; x_wconf 86' lang='lat' dir='ltr'><strong>du-</strong></span> 
     </span>
    </p>
   </div>
   <div class='ocr_carea' id='block_1_67' title="bbox 468 3719 2048 3793">
    <p class='ocr_par' dir='ltr' id='par_1_67' title="bbox 468 3719 2048 3793">
     <span class='ocr_line' id='line_1_67' title="bbox 468 3719 2048 3793; baseline 0.004 -21"><span class='ocrx_word' id='word_1_544' title='bbox 468 3719 763 3789; x_wconf 84' lang='lat' dir='ltr'><strong>plicatione</strong></span> <span class='ocrx_word' id='word_1_545' title='bbox 782 3719 983 3788; x_wconf 87' lang='lat' dir='ltr'><strong>posita;</strong></span> <span class='ocrx_word' id='word_1_546' title='bbox 1038 3737 1136 3774; x_wconf 86' lang='lat' dir='ltr'><strong>nec</strong></span> <span class='ocrx_word' id='word_1_547' title='bbox 1162 3723 1306 3775; x_wconf 91' lang='lat' dir='ltr'><strong>cnim</strong></span> <span class='ocrx_word' id='word_1_548' title='bbox 1358 3726 1832 3793; x_wconf 86' lang='lat' dir='ltr'><strong>tanquaminloco</strong></span> <span class='ocrx_word' id='word_1_549' title='bbox 1868 3729 2048 3779; x_wconf 87' lang='lat' dir='ltr'><strong>omnia</strong></span> 
     </span>
    </p>
   </div>
   <div class='ocr_carea' id='block_1_68' title="bbox 468 3811 2043 3883">
    <p class='ocr_par' dir='ltr' id='par_1_68' title="bbox 468 3811 2043 3883">
     <span class='ocr_line' id='line_1_68' title="bbox 468 3811 2043 3883; baseline 0.001 -18"><span class='ocrx_word' id='word_1_550' title='bbox 468 3811 805 3880; x_wconf 75' lang='lat' dir='ltr'><strong>exemplaria</strong></span> <span class='ocrx_word' id='word_1_551' title='bbox 845 3826 1025 3865; x_wconf 90' lang='lat' dir='ltr'><strong>rerum</strong></span> <span class='ocrx_word' id='word_1_552' title='bbox 1063 3812 1223 3867; x_wconf 82' lang='lat' dir='ltr'><strong>habet</strong></span> <span class='ocrx_word' id='word_1_553' title='bbox 1261 3814 1438 3867; x_wconf 91' lang='lat' dir='ltr'><strong>unitas</strong></span> <span class='ocrx_word' id='word_1_554' title='bbox 1457 3828 1620 3881; x_wconf 89' lang='lat' dir='ltr'><strong>supra</strong></span> <span class='ocrx_word' id='word_1_555' title='bbox 1657 3816 2043 3883; x_wconf 85' lang='lat' dir='ltr'><strong>substantiam,</strong></span> 
     </span>
    </p>
   </div>
   <div class='ocr_carea' id='block_1_69' title="bbox 472 3903 2049 3976">
    <p class='ocr_par' dir='ltr' id='par_1_69' title="bbox 472 3903 2049 3976">
     <span class='ocr_line' id='line_1_69' title="bbox 472 3903 2049 3976; baseline 0.006 -22"><span class='ocrx_word' id='word_1_556' title='bbox 472 3917 575 3963; x_wconf 83' lang='lat' dir='ltr'><strong>nec</strong></span> <span class='ocrx_word' id='word_1_557' title='bbox 608 3903 724 3972; x_wconf 88' lang='lat' dir='ltr'><strong>ipsa</strong></span> <span class='ocrx_word' id='word_1_558' title='bbox 763 3904 953 3957; x_wconf 90' lang='lat' dir='ltr'><strong>horum</strong></span> <span class='ocrx_word' id='word_1_559' title='bbox 989 3903 1139 3957; x_wconf 89' lang='lat' dir='ltr'><strong>locus</strong></span> <span class='ocrx_word' id='word_1_560' title='bbox 1179 3905 1432 3970; x_wconf 70' lang='lat' dir='ltr'><strong>edicitur,</strong></span> <span class='ocrx_word' id='word_1_561' title='bbox 1469 3906 1561 3960; x_wconf 91' lang='lat' dir='ltr'><strong>sed</strong></span> <span class='ocrx_word' id='word_1_562' title='bbox 1591 3908 1769 3976; x_wconf 87' lang='lat' dir='ltr'><strong>potius</strong></span> <span class='ocrx_word' id='word_1_563' title='bbox 1808 3909 1968 3964; x_wconf 89' lang='lat' dir='ltr'><strong>habet</strong></span> <span class='ocrx_word' id='word_1_564' title='bbox 1991 3925 2049 3964; x_wconf 87' lang='lat' dir='ltr'><strong>ea</strong></span> 
     </span>
    </p>
   </div>
   <div class='ocr_carea' id='block_1_70' title="bbox 469 3996 2055 4068">
    <p class='ocr_par' dir='ltr' id='par_1_70' title="bbox 469 3996 2055 4068">
     <span class='ocr_line' id='line_1_70' title="bbox 469 3996 2055 4068; baseline 0.007 -23"><span class='ocrx_word' id='word_1_565' title='bbox 469 4005 725 4061; x_wconf 83' lang='lat' dir='ltr'><strong>tanquam</strong></span> <span class='ocrx_word' id='word_1_566' title='bbox 758 3996 1002 4063; x_wconf 88' lang='lat' dir='ltr'><strong>seipsam</strong></span> <span class='ocrx_word' id='word_1_567' title='bbox 1028 3996 1218 4059; x_wconf 87' lang='lat' dir='ltr'><strong>habet;</strong></span> <span class='ocrx_word' id='word_1_568' title='bbox 1251 4004 1303 4049; x_wconf 90' lang='lat' dir='ltr'><strong>et</strong></span> <span class='ocrx_word' id='word_1_569' title='bbox 1325 3996 1465 4051; x_wconf 87' lang='lat' dir='ltr'><strong>inest</strong></span> <span class='ocrx_word' id='word_1_570' title='bbox 1494 3997 1627 4065; x_wconf 89' lang='lat' dir='ltr'><strong>ipsis</strong></span> <span class='ocrx_word' id='word_1_571' title='bbox 1656 4008 1907 4068; x_wconf 90' lang='lat' dir='ltr'><strong>tanquam</strong></span> <span class='ocrx_word' id='word_1_572' title='bbox 1927 4003 2055 4055; x_wconf 88' lang='lat' dir='ltr'><strong>sub-</strong></span> 
     </span>
    </p>
   </div>
   <div class='ocr_carea' id='block_1_71' title="bbox 468 4085 2054 4152">
    <p class='ocr_par' dir='ltr' id='par_1_71' title="bbox 468 4085 2054 4152">
     <span class='ocr_line' id='line_1_71' title="bbox 468 4085 2054 4152; baseline 0.007 -14"><span class='ocrx_word' id='word_1_573' title='bbox 468 4085 666 4138; x_wconf 84' lang='lat' dir='ltr'><strong>stantia</strong></span> <span class='ocrx_word' id='word_1_574' title='bbox 709 4093 764 4138; x_wconf 88' lang='lat' dir='ltr'><strong>et</strong></span> <span class='ocrx_word' id='word_1_575' title='bbox 798 4086 1052 4150; x_wconf 85' lang='lat' dir='ltr'><strong>essentia,</strong></span> <span class='ocrx_word' id='word_1_576' title='bbox 1106 4101 1334 4152; x_wconf 77' lang='grc' dir='ltr'><strong>ψιοιοηιη</strong></span> <span class='ocrx_word' id='word_1_577' title='bbox 1397 4099 1481 4143; x_wconf 84' lang='lat' dir='ltr'><strong>est</strong></span> <span class='ocrx_word' id='word_1_578' title='bbox 1522 4090 1825 4145; x_wconf 88' lang='lat' dir='ltr'><strong>substantia</strong></span> <span class='ocrx_word' id='word_1_579' title='bbox 1865 4102 1917 4147; x_wconf 90' lang='lat' dir='ltr'><strong>et</strong></span> <span class='ocrx_word' id='word_1_580' title='bbox 1967 4110 2054 4148; x_wconf 88' lang='lat' dir='ltr'><strong>es-</strong></span> 
     </span>
    </p>
   </div>
   <div class='ocr_carea' id='block_1_72' title="bbox 471 4175 2051 4251">
    <p class='ocr_par' dir='ltr' id='par_1_72' title="bbox 471 4175 2051 4251">
     <span class='ocr_line' id='line_1_72' title="bbox 471 4175 2051 4251; baseline 0.007 -22"><span class='ocrx_word' id='word_1_581' title='bbox 471 4176 665 4239; x_wconf 81' lang='lat' dir='ltr'><strong>sentia,</strong></span> <span class='ocrx_word' id='word_1_582' title='bbox 683 4175 903 4244; x_wconf 84' lang='lat' dir='ltr'><strong>solaque</strong></span> <span class='ocrx_word' id='word_1_583' title='bbox 926 4177 1233 4243; x_wconf 83' lang='lat' dir='ltr'><strong>ptirissima,</strong></span> <span class='ocrx_word' id='word_1_584' title='bbox 1251 4187 1303 4228; x_wconf 79' lang='lat' dir='ltr'><strong>et</strong></span> <span class='ocrx_word' id='word_1_585' title='bbox 1322 4180 1437 4232; x_wconf 88' lang='lat' dir='ltr'><strong>sine</strong></span> <span class='ocrx_word' id='word_1_586' title='bbox 1466 4182 1607 4232; x_wconf 90' lang='lat' dir='ltr'><strong>omni</strong></span> <span class='ocrx_word' id='word_1_587' title='bbox 1628 4183 1867 4251; x_wconf 81' lang='lat' dir='ltr'><strong>subjecm</strong></span> <span class='ocrx_word' id='word_1_588' title='bbox 1883 4194 2051 4240; x_wconf 89' lang='lat' dir='ltr'><strong>actus.</strong></span> 
     </span>
    </p>
   </div>
   <div class='ocr_carea' id='block_1_73' title="bbox 1060 4265 1448 4329">
    <p class='ocr_par' dir='ltr' id='par_1_73' title="bbox 1060 4265 1448 4329">
     <span class='ocr_line' id='line_1_73' title="bbox 1060 4265 1448 4329; baseline 0.005 -10"><span class='ocrx_word' id='word_1_589' title='bbox 1060 4265 1293 4322; x_wconf 75' lang='lat' dir='ltr'><strong>CAPUT</strong></span> <span class='ocrx_word' id='word_1_590' title='bbox 1355 4270 1448 4329; x_wconf 69' lang='lat' dir='ltr'><strong>IX.</strong></span> 
     </span>
    </p>
   </div>
   <div class='ocr_carea' id='block_1_74' title="bbox 471 4379 2047 4454">
    <p class='ocr_par' dir='ltr' id='par_1_74' title="bbox 471 4379 2047 4454">
     <span class='ocr_line' id='line_1_74' title="bbox 471 4379 2047 4454; baseline 0.004 -23"><span class='ocrx_word' id='word_1_591' title='bbox 471 4379 624 4444; x_wconf 74' lang='lat' dir='ltr'><strong>Quod</strong></span> <span class='ocrx_word' id='word_1_592' title='bbox 654 4379 707 4454; x_wconf 76' lang='lat' dir='ltr'><strong>in</strong></span> <span class='ocrx_word' id='word_1_593' title='bbox 741 4379 963 4454; x_wconf 73' lang='lat' dir='ltr'><strong>unitate,</strong></span> <span class='ocrx_word' id='word_1_594' title='bbox 994 4396 1110 4447; x_wconf 78' lang='lat' dir='ltr'><strong>qum</strong></span> <span class='ocrx_word' id='word_1_595' title='bbox 1140 4399 1299 4449; x_wconf 78' lang='lat' dir='ltr'><strong>supra</strong></span> <span class='ocrx_word' id='word_1_596' title='bbox 1344 4383 1694 4454; x_wconf 71' lang='lat' dir='ltr'><strong>substantiam</strong></span> <span class='ocrx_word' id='word_1_597' title='bbox 1749 4395 1848 4444; x_wconf 78' lang='lat' dir='ltr'><strong>est,</strong></span> <span class='ocrx_word' id='word_1_598' title='bbox 1888 4401 2047 4454; x_wconf 67' lang='lat' dir='ltr'><strong>neque</strong></span> 
     </span>
    </p>
   </div>
   <div class='ocr_carea' id='block_1_75' title="bbox 2154 3177 3709 3245">
    <p class='ocr_par' dir='ltr' id='par_1_75' title="bbox 2154 3177 3709 3245">
     <span class='ocr_line' id='line_1_75' title="bbox 2154 3177 3709 3245; baseline -0.003 -10"><span class='ocrx_word' id='word_1_599' title='bbox 2154 3183 2248 3244; x_wconf 86' lang='lat' dir='ltr'><strong>tio,</strong></span> <span class='ocrx_word' id='word_1_600' title='bbox 2281 3182 2371 3235; x_wconf 88' lang='lat' dir='ltr'><strong>ubi</strong></span> <span class='ocrx_word' id='word_1_601' title='bbox 2417 3188 2475 3236; x_wconf 88' lang='lat' dir='ltr'><strong>et</strong></span> <span class='ocrx_word' id='word_1_602' title='bbox 2503 3182 2685 3237; x_wconf 89' lang='lat' dir='ltr'><strong>unitas</strong></span> <span class='ocrx_word' id='word_1_603' title='bbox 2718 3180 2787 3235; x_wconf 88' lang='lat' dir='ltr'><strong>slt</strong></span> <span class='ocrx_word' id='word_1_604' title='bbox 2837 3180 3135 3235; x_wconf 88' lang='lat' dir='ltr'><strong>individua.</strong></span> <span class='ocrx_word' id='word_1_605' title='bbox 3188 3179 3336 3236; x_wconf 88' lang='lat' dir='ltr'><strong>Deus</strong></span> <span class='ocrx_word' id='word_1_606' title='bbox 3381 3190 3575 3245; x_wconf 84' lang='lat' dir='ltr'><strong>autem,</strong></span> <span class='ocrx_word' id='word_1_607' title='bbox 3608 3177 3709 3234; x_wconf 78' lang='lat' dir='ltr'><strong>sive</strong></span> 
     </span>
    </p>
   </div>
   <div class='ocr_carea' id='block_1_76' title="bbox 2151 3267 3705 3342">
    <p class='ocr_par' dir='ltr' id='par_1_76' title="bbox 2151 3267 3705 3342">
     <span class='ocr_line' id='line_1_76' title="bbox 2151 3267 3705 3342; baseline -0.005 -13"><span class='ocrx_word' id='word_1_608' title='bbox 2151 3274 2513 3329; x_wconf 89' lang='lat' dir='ltr'><strong>substantiam</strong></span> <span class='ocrx_word' id='word_1_609' title='bbox 2548 3272 2818 3337; x_wconf 87' lang='lat' dir='ltr'><strong>dicamus,</strong></span> <span class='ocrx_word' id='word_1_610' title='bbox 2866 3288 2971 3326; x_wconf 90' lang='lat' dir='ltr'><strong>non</strong></span> <span class='ocrx_word' id='word_1_611' title='bbox 3020 3270 3183 3327; x_wconf 82' lang='lat' dir='ltr'><strong>liabet</strong></span> <span class='ocrx_word' id='word_1_612' title='bbox 3218 3281 3539 3342; x_wconf 87' lang='lat' dir='ltr'><strong>potestatem</strong></span> <span class='ocrx_word' id='word_1_613' title='bbox 3568 3267 3705 3324; x_wconf 84' lang='lat' dir='ltr'><strong>intel-</strong></span> 
     </span>
    </p>
   </div>
   <div class='ocr_carea' id='block_1_77' title="bbox 2155 3365 3705 3438">
    <p class='ocr_par' dir='ltr' id='par_1_77' title="bbox 2155 3365 3705 3438">
     <span class='ocr_line' id='line_1_77' title="bbox 2155 3365 3705 3438; baseline -0.003 -19"><span class='ocrx_word' id='word_1_614' title='bbox 2155 3367 2372 3438; x_wconf 87' lang='lat' dir='ltr'><strong>ligendi,</strong></span> <span class='ocrx_word' id='word_1_615' title='bbox 2409 3382 2527 3436; x_wconf 65' lang='lat' dir='ltr'><strong>qua:</strong></span> <span class='ocrx_word' id='word_1_616' title='bbox 2561 3365 2884 3421; x_wconf 82' lang='lat' dir='ltr'><strong>naturaliter</strong></span> <span class='ocrx_word' id='word_1_617' title='bbox 2929 3381 3052 3421; x_wconf 89' lang='lat' dir='ltr'><strong>cum</strong></span> <span class='ocrx_word' id='word_1_618' title='bbox 3115 3380 3185 3421; x_wconf 88' lang='lat' dir='ltr'><strong>eo</strong></span> <span class='ocrx_word' id='word_1_619' title='bbox 3240 3367 3604 3435; x_wconf 85' lang='lat' dir='ltr'><strong>intelligatur;</strong></span> <span class='ocrx_word' id='word_1_620' title='bbox 3648 3376 3705 3416; x_wconf 88' lang='lat' dir='ltr'><strong>ne</strong></span> 
     </span>
    </p>
   </div>
   <div class='ocr_carea' id='block_1_78' title="bbox 2156 3457 3704 3529">
    <p class='ocr_par' dir='ltr' id='par_1_78' title="bbox 2156 3457 3704 3529">
     <span class='ocr_line' id='line_1_78' title="bbox 2156 3457 3704 3529; baseline -0.005 -17"><span class='ocrx_word' id='word_1_621' title='bbox 2156 3460 2419 3512; x_wconf 86' lang='lat' dir='ltr'><strong>habeatur</strong></span> <span class='ocrx_word' id='word_1_622' title='bbox 2460 3459 2817 3527; x_wconf 88' lang='lat' dir='ltr'><strong>compositus,</strong></span> <span class='ocrx_word' id='word_1_623' title='bbox 2870 3458 2988 3513; x_wconf 85' lang='lat' dir='ltr'><strong>sive</strong></span> <span class='ocrx_word' id='word_1_624' title='bbox 3041 3459 3295 3515; x_wconf 90' lang='lat' dir='ltr'><strong>dicamus</strong></span> <span class='ocrx_word' id='word_1_625' title='bbox 3347 3457 3704 3529; x_wconf 85' lang='lat' dir='ltr'><strong>cognitionem,</strong></span> 
     </span>
    </p>
   </div>
   <div class='ocr_carea' id='block_1_79' title="bbox 2159 3546 3705 3619">
    <p class='ocr_par' dir='ltr' id='par_1_79' title="bbox 2159 3546 3705 3619">
     <span class='ocr_line' id='line_1_79' title="bbox 2159 3546 3705 3619; baseline -0.005 -16"><span class='ocrx_word' id='word_1_626' title='bbox 2159 3566 2261 3605; x_wconf 92' lang='lat' dir='ltr'><strong>non</strong></span> <span class='ocrx_word' id='word_1_627' title='bbox 2300 3550 2459 3605; x_wconf 86' lang='lat' dir='ltr'><strong>habet</strong></span> <span class='ocrx_word' id='word_1_628' title='bbox 2493 3549 2789 3617; x_wconf 77' lang='lat' dir='ltr'><strong>subiectam</strong></span> <span class='ocrx_word' id='word_1_629' title='bbox 2826 3549 3211 3613; x_wconf 87' lang='lat' dir='ltr'><strong>substantiam,</strong></span> <span class='ocrx_word' id='word_1_630' title='bbox 3256 3565 3377 3619; x_wconf 61' lang='lat' dir='ltr'><strong>quae</strong></span> <span class='ocrx_word' id='word_1_631' title='bbox 3414 3546 3705 3603; x_wconf 87' lang='lat' dir='ltr'><strong>naturaliter</strong></span> 
     </span>
    </p>
   </div>
   <div class='ocr_carea' id='block_1_80' title="bbox 2157 3638 3702 3712">
    <p class='ocr_par' dir='ltr' id='par_1_80' title="bbox 2157 3638 3702 3712">
     <span class='ocr_line' id='line_1_80' title="bbox 2157 3638 3702 3712; baseline -0.005 -17"><span class='ocrx_word' id='word_1_632' title='bbox 2157 3643 2383 3710; x_wconf 83' lang='lat' dir='ltr'><strong>recipiat</strong></span> <span class='ocrx_word' id='word_1_633' title='bbox 2412 3641 2805 3712; x_wconf 84' lang='lat' dir='ltr'><strong>cognitionem,</strong></span> <span class='ocrx_word' id='word_1_634' title='bbox 2836 3642 2927 3696; x_wconf 83' lang='lat' dir='ltr'><strong>sed</strong></span> <span class='ocrx_word' id='word_1_635' title='bbox 2960 3641 3011 3695; x_wconf 88' lang='lat' dir='ltr'><strong>id</strong></span> <span class='ocrx_word' id='word_1_636' title='bbox 3043 3645 3222 3709; x_wconf 91' lang='lat' dir='ltr'><strong>ipsum</strong></span> <span class='ocrx_word' id='word_1_637' title='bbox 3262 3644 3405 3711; x_wconf 90' lang='lat' dir='ltr'><strong>quod</strong></span> <span class='ocrx_word' id='word_1_638' title='bbox 3436 3638 3702 3696; x_wconf 67' lang='lat' dir='ltr'><strong>secundum</strong></span> 
     </span>
    </p>
   </div>
   <div class='ocr_carea' id='block_1_81' title="bbox 2156 3730 3703 3802">
    <p class='ocr_par' dir='ltr' id='par_1_81' title="bbox 2156 3730 3703 3802">
     <span class='ocr_line' id='line_1_81' title="bbox 2156 3730 3703 3802; baseline -0.006 -14"><span class='ocrx_word' id='word_1_639' title='bbox 2156 3733 2516 3788; x_wconf 87' lang='lat' dir='ltr'><strong>substantiam</strong></span> <span class='ocrx_word' id='word_1_640' title='bbox 2548 3741 2650 3797; x_wconf 89' lang='lat' dir='ltr'><strong>est,</strong></span> <span class='ocrx_word' id='word_1_641' title='bbox 2694 3732 2931 3802; x_wconf 87' lang='lat' dir='ltr'><strong>cognitio</strong></span> <span class='ocrx_word' id='word_1_642' title='bbox 2959 3742 3042 3787; x_wconf 91' lang='lat' dir='ltr'><strong>est</strong></span> <span class='ocrx_word' id='word_1_643' title='bbox 3076 3733 3242 3795; x_wconf 89' lang='lat' dir='ltr'><strong>Deus,</strong></span> <span class='ocrx_word' id='word_1_644' title='bbox 3270 3742 3327 3787; x_wconf 93' lang='lat' dir='ltr'><strong>et</strong></span> <span class='ocrx_word' id='word_1_645' title='bbox 3376 3743 3517 3787; x_wconf 86' lang='lat' dir='ltr'><strong>totus</strong></span> <span class='ocrx_word' id='word_1_646' title='bbox 3564 3730 3703 3789; x_wconf 77' lang='lat' dir='ltr'><strong>Deus,</strong></span> 
     </span>
    </p>
   </div>
   <div class='ocr_carea' id='block_1_82' title="bbox 2158 3820 3717 3891">
    <p class='ocr_par' dir='ltr' id='par_1_82' title="bbox 2158 3820 3717 3891">
     <span class='ocr_line' id='line_1_82' title="bbox 2158 3820 3717 3891; baseline -0.007 -15"><span class='ocrx_word' id='word_1_647' title='bbox 2158 3832 2212 3877; x_wconf 88' lang='lat' dir='ltr'><strong>et</strong></span> <span class='ocrx_word' id='word_1_648' title='bbox 2246 3823 2455 3887; x_wconf 90' lang='lat' dir='ltr'><strong>solum;</strong></span> <span class='ocrx_word' id='word_1_649' title='bbox 2497 3831 2551 3876; x_wconf 88' lang='lat' dir='ltr'><strong>et</strong></span> <span class='ocrx_word' id='word_1_650' title='bbox 2578 3823 2693 3891; x_wconf 87' lang='lat' dir='ltr'><strong>ipsa</strong></span> <span class='ocrx_word' id='word_1_651' title='bbox 2722 3822 2962 3891; x_wconf 86' lang='lat' dir='ltr'><strong>cognitio</strong></span> <span class='ocrx_word' id='word_1_652' title='bbox 2991 3822 3321 3885; x_wconf 82' lang='lat' dir='ltr'><strong>substantia,</strong></span> <span class='ocrx_word' id='word_1_653' title='bbox 3348 3832 3402 3875; x_wconf 93' lang='lat' dir='ltr'><strong>et</strong></span> <span class='ocrx_word' id='word_1_654' title='bbox 3429 3830 3567 3874; x_wconf 89' lang='lat' dir='ltr'><strong>totus</strong></span> <span class='ocrx_word' id='word_1_655' title='bbox 3594 3820 3717 3871; x_wconf 46' lang='lat' dir='ltr'><strong>sub;</strong></span> 
     </span>
    </p>
   </div>
   <div class='ocr_carea' id='block_1_83' title="bbox 2159 3912 3708 3981">
    <p class='ocr_par' dir='ltr' id='par_1_83' title="bbox 2159 3912 3708 3981">
     <span class='ocr_line' id='line_1_83' title="bbox 2159 3912 3708 3981; baseline -0.007 -13"><span class='ocrx_word' id='word_1_656' title='bbox 2159 3915 2378 3979; x_wconf 87' lang='lat' dir='ltr'><strong>stantia,</strong></span> <span class='ocrx_word' id='word_1_657' title='bbox 2420 3923 2473 3968; x_wconf 89' lang='lat' dir='ltr'><strong>et</strong></span> <span class='ocrx_word' id='word_1_658' title='bbox 2513 3912 2705 3977; x_wconf 92' lang='lat' dir='ltr'><strong>solum,</strong></span> <span class='ocrx_word' id='word_1_659' title='bbox 2753 3922 2807 3967; x_wconf 87' lang='lat' dir='ltr'><strong>et</strong></span> <span class='ocrx_word' id='word_1_660' title='bbox 2854 3928 3016 3981; x_wconf 89' lang='lat' dir='ltr'><strong>supra</strong></span> <span class='ocrx_word' id='word_1_661' title='bbox 3062 3913 3432 3968; x_wconf 89' lang='lat' dir='ltr'><strong>substantiam</strong></span> <span class='ocrx_word' id='word_1_662' title='bbox 3477 3920 3632 3973; x_wconf 84' lang='lat' dir='ltr'><strong>tctus,</strong></span> <span class='ocrx_word' id='word_1_663' title='bbox 3662 3915 3708 3960; x_wconf 92' lang='lat' dir='ltr'><strong>et</strong></span> 
     </span>
    </p>
   </div>
   <div class='ocr_carea' id='block_1_84' title="bbox 2160 3995 3711 4071">
    <p class='ocr_par' dir='ltr' id='par_1_84' title="bbox 2160 3995 3711 4071">
     <span class='ocr_line' id='line_1_84' title="bbox 2160 3995 3711 4071; baseline -0.005 -14"><span class='ocrx_word' id='word_1_664' title='bbox 2160 4018 2318 4071; x_wconf 88' lang='lat' dir='ltr'><strong>supra</strong></span> <span class='ocrx_word' id='word_1_665' title='bbox 2356 4001 2719 4071; x_wconf 85' lang='lat' dir='ltr'><strong>cognitionem</strong></span> <span class='ocrx_word' id='word_1_666' title='bbox 2771 3998 2954 4066; x_wconf 75' lang='lat' dir='ltr'><strong>salus;</strong></span> <span class='ocrx_word' id='word_1_667' title='bbox 2986 4001 3110 4071; x_wconf 89' lang='lat' dir='ltr'><strong>quia</strong></span> <span class='ocrx_word' id='word_1_668' title='bbox 3169 4004 3355 4056; x_wconf 89' lang='lat' dir='ltr'><strong>unitas</strong></span> <span class='ocrx_word' id='word_1_669' title='bbox 3403 4009 3487 4056; x_wconf 89' lang='lat' dir='ltr'><strong>est</strong></span> <span class='ocrx_word' id='word_1_670' title='bbox 3536 3995 3711 4052; x_wconf 69' lang='lat' dir='ltr'><strong>indivi-</strong></span> 
     </span>
    </p>
   </div>
   <div class='ocr_carea' id='block_1_85' title="bbox 2162 4092 3708 4165">
    <p class='ocr_par' dir='ltr' id='par_1_85' title="bbox 2162 4092 3708 4165">
     <span class='ocr_line' id='line_1_85' title="bbox 2162 4092 3708 4165; baseline -0.006 -16"><span class='ocrx_word' id='word_1_671' title='bbox 2162 4098 2288 4159; x_wconf 89' lang='lat' dir='ltr'><strong>dua,</strong></span> <span class='ocrx_word' id='word_1_672' title='bbox 2328 4110 2526 4163; x_wconf 84' lang='lat' dir='ltr'><strong>expers</strong></span> <span class='ocrx_word' id='word_1_673' title='bbox 2580 4095 2771 4165; x_wconf 87' lang='lat' dir='ltr'><strong>partis,</strong></span> <span class='ocrx_word' id='word_1_674' title='bbox 2809 4105 2858 4147; x_wconf 90' lang='lat' dir='ltr'><strong>et</strong></span> <span class='ocrx_word' id='word_1_675' title='bbox 2903 4094 3149 4161; x_wconf 77' lang='lat' dir='ltr'><strong>simplex.</strong></span> <span class='ocrx_word' id='word_1_676' title='bbox 3205 4094 3273 4149; x_wconf 86' lang='lat' dir='ltr'><strong>Et</strong></span> <span class='ocrx_word' id='word_1_677' title='bbox 3314 4095 3489 4149; x_wconf 86' lang='lat' dir='ltr'><strong>adhuc</strong></span> <span class='ocrx_word' id='word_1_678' title='bbox 3536 4092 3708 4144; x_wconf 77' lang='lat' dir='ltr'><strong>idem:</strong></span> 
     </span>
    </p>
   </div>
   <div class='ocr_carea' id='block_1_86' title="bbox 2162 4182 3709 4255">
    <p class='ocr_par' dir='ltr' id='par_1_86' title="bbox 2162 4182 3709 4255">
     <span class='ocr_line' id='line_1_86' title="bbox 2162 4182 3709 4255; baseline -0.006 -15"><span class='ocrx_word' id='word_1_679' title='bbox 2162 4189 2304 4241; x_wconf 90' lang='lat' dir='ltr'><strong>Deus</strong></span> <span class='ocrx_word' id='word_1_680' title='bbox 2348 4188 2400 4240; x_wconf 93' lang='lat' dir='ltr'><strong>in</strong></span> <span class='ocrx_word' id='word_1_681' title='bbox 2437 4196 2668 4255; x_wconf 81' lang='lat' dir='ltr'><strong>utroque</strong></span> <span class='ocrx_word' id='word_1_682' title='bbox 2702 4186 2915 4253; x_wconf 87' lang='lat' dir='ltr'><strong>penitus</strong></span> <span class='ocrx_word' id='word_1_683' title='bbox 2964 4188 3217 4253; x_wconf 78' lang='lat' dir='ltr'><strong>simplex,</strong></span> <span class='ocrx_word' id='word_1_684' title='bbox 3259 4185 3561 4242; x_wconf 84' lang='lat' dir='ltr'><strong>substantia</strong></span> <span class='ocrx_word' id='word_1_685' title='bbox 3602 4182 3709 4235; x_wconf 88' lang='lat' dir='ltr'><strong>sine</strong></span> 
     </span>
    </p>
   </div>
   <div class='ocr_carea' id='block_1_87' title="bbox 2163 4272 3710 4357">
    <p class='ocr_par' dir='ltr' id='par_1_87' title="bbox 2163 4272 3710 4357">
     <span class='ocr_line' id='line_1_87' title="bbox 2163 4272 3710 4357; baseline -0.004 -24"><span class='ocrx_word' id='word_1_686' title='bbox 2163 4278 2431 4347; x_wconf 73' lang='lat' dir='ltr'><strong>subjecto,</strong></span> <span class='ocrx_word' id='word_1_687' title='bbox 2460 4287 2525 4357; x_wconf 46' lang='lat' dir='ltr'><strong>et‘</strong></span> <span class='ocrx_word' id='word_1_688' title='bbox 2541 4278 2781 4344; x_wconf 87' lang='lat' dir='ltr'><strong>cognitio</strong></span> <span class='ocrx_word' id='word_1_689' title='bbox 2813 4292 2914 4329; x_wconf 92' lang='lat' dir='ltr'><strong>non</strong></span> <span class='ocrx_word' id='word_1_690' title='bbox 2949 4278 3154 4331; x_wconf 81' lang='lat' dir='ltr'><strong>habens</strong></span> <span class='ocrx_word' id='word_1_691' title='bbox 3198 4277 3368 4333; x_wconf 91' lang='lat' dir='ltr'><strong>ullum</strong></span> <span class='ocrx_word' id='word_1_692' title='bbox 3406 4277 3557 4346; x_wconf 90' lang='lat' dir='ltr'><strong>plane</strong></span> <span class='ocrx_word' id='word_1_693' title='bbox 3596 4272 3710 4327; x_wconf 41' lang='lat' dir='ltr'><strong>subs</strong></span> 
     </span>
    </p>
   </div>
   <div class='ocr_carea' id='block_1_88' title="bbox 2158 4368 3709 4439">
    <p class='ocr_par' dir='ltr' id='par_1_88' title="bbox 2158 4368 3709 4439">
     <span class='ocr_line' id='line_1_88' title="bbox 2158 4368 3709 4439; baseline -0.006 -16"><span class='ocrx_word' id='word_1_694' title='bbox 2158 4369 2386 4435; x_wconf 87' lang='lat' dir='ltr'><strong>jectum.</strong></span> <span class='ocrx_word' id='word_1_695' title='bbox 2433 4369 2665 4423; x_wconf 86' lang='lat' dir='ltr'><strong>Sanctus</strong></span> <span class='ocrx_word' id='word_1_696' title='bbox 2707 4368 2960 4439; x_wconf 90' lang='lat' dir='ltr'><strong>Cyrillus,</strong></span> <span class='ocrx_word' id='word_1_697' title='bbox 3012 4370 3063 4422; x_wconf 93' lang='lat' dir='ltr'><strong>in</strong></span> <span class='ocrx_word' id='word_1_698' title='bbox 3100 4368 3413 4432; x_wconf 72' lang='lat' dir='ltr'><strong>Tliesauris,</strong></span> <span class='ocrx_word' id='word_1_699' title='bbox 3460 4368 3593 4421; x_wconf 87' lang='lat' dir='ltr'><strong>libro</strong></span> <span class='ocrx_word' id='word_1_700' title='bbox 3635 4378 3709 4424; x_wconf 79' lang='grc' dir='ltr'><strong>ιιι,</strong></span> 
     </span>
    </p>
   </div>
   <div class='ocr_carea' id='block_1_89' title="bbox 536 4444 3712 4528">
    <p class='ocr_par' dir='ltr' id='par_1_89' title="bbox 536 4444 3712 4528">
     <span class='ocr_line' id='line_1_89' title="bbox 536 4444 3712 4528; baseline -0.004 -12"><span class='ocrx_word' id='word_1_701' title='bbox 536 4450 854 4528; x_wconf 63' lang='grc' dir='ltr'><strong>Ρτὲησίρίξιηι</strong></span> <span class='ocrx_word' id='word_1_702' title='bbox 910 4444 1023 4515; x_wconf 51' lang='grc' dir='ltr'><strong>εἰπέ</strong></span> <span class='ocrx_word' id='word_1_703' title='bbox 1084 4444 1309 4517; x_wconf 54' lang='grc' dir='ltr'><strong>νερεῖίνε</strong></span> <span class='ocrx_word' id='word_1_704' title='bbox 1368 4452 1535 4528; x_wconf 47' lang='grc' dir='ltr'><strong>(ἔδει),</strong></span> <span class='ocrx_word' id='word_1_705' title='bbox 1569 4471 1731 4522; x_wconf 72' lang='lat' dir='ltr'><strong>neque</strong></span> <span class='ocrx_word' id='word_1_706' title='bbox 1792 4444 2043 4528; x_wconf 63' lang='grc' dir='ltr'><strong>ηιειζὶτιήι.</strong></span> <span class='ocrx_word' id='word_1_707' title='bbox 2084 4444 2122 4497; x_wconf 79' lang='grc' dir='ltr'><strong>θ</strong></span> <span class='ocrx_word' id='word_1_708' title='bbox 2153 4476 2273 4528; x_wconf 80' lang='lat' dir='ltr'><strong>cap.</strong></span> <span class='ocrx_word' id='word_1_709' title='bbox 2309 4461 2341 4513; x_wconf 74' lang='grc'>4</span> <span class='ocrx_word' id='word_1_710' title='bbox 2368 4478 2381 4514; x_wconf 93' lang='lat'><strong>:</strong></span> <span class='ocrx_word' id='word_1_711' title='bbox 2412 4460 2651 4513; x_wconf 87' lang='lat' dir='ltr'><strong>Primum</strong></span> <span class='ocrx_word' id='word_1_712' title='bbox 2681 4460 2918 4526; x_wconf 91' lang='lat' dir='ltr'><strong>quidem,</strong></span> <span class='ocrx_word' id='word_1_713' title='bbox 2946 4460 3141 4528; x_wconf 85' lang='lat' dir='ltr'><strong>inquit,</strong></span> <span class='ocrx_word' id='word_1_714' title='bbox 3178 4474 3406 4514; x_wconf 88' lang='lat' dir='ltr'><strong>necesse</strong></span> <span class='ocrx_word' id='word_1_715' title='bbox 3438 4468 3520 4512; x_wconf 78' lang='lat' dir='ltr'><strong>est</strong></span> <span class='ocrx_word' id='word_1_716' title='bbox 3548 4456 3712 4508; x_wconf 87' lang='lat' dir='ltr'><strong>dicere</strong></span> 
     </span>
    </p>
   </div>
   <div class='ocr_carea' id='block_1_90' title="bbox 537 4522 2047 4592">
    <p class='ocr_par' dir='ltr' id='par_1_90' title="bbox 537 4522 2047 4592">
     <span class='ocr_line' id='line_1_90' title="bbox 537 4522 2047 4592; baseline 0.003 -20"><span class='ocrx_word' id='word_1_717' title='bbox 537 4536 706 4589; x_wconf 76' lang='lat' dir='ltr'><strong>neque</strong></span> <span class='ocrx_word' id='word_1_718' title='bbox 752 4522 951 4586; x_wconf 65' lang='lat' dir='ltr'><strong>ﬁnem;</strong></span> <span class='ocrx_word' id='word_1_719' title='bbox 1011 4536 1177 4589; x_wconf 80' lang='lat' dir='ltr'><strong>neque</strong></span> <span class='ocrx_word' id='word_1_720' title='bbox 1216 4532 1289 4575; x_wconf 77' lang='lat' dir='ltr'><strong>est</strong></span> <span class='ocrx_word' id='word_1_721' title='bbox 1333 4522 1535 4590; x_wconf 77' lang='lat' dir='ltr'><strong>aliquid</strong></span> <span class='ocrx_word' id='word_1_722' title='bbox 1595 4534 1783 4583; x_wconf 79' lang='lat' dir='ltr'><strong>totum,</strong></span> <span class='ocrx_word' id='word_1_723' title='bbox 1814 4525 1940 4592; x_wconf 84' lang='lat' dir='ltr'><strong>quia</strong></span> <span class='ocrx_word' id='word_1_724' title='bbox 1994 4541 2047 4577; x_wconf 80' lang='lat' dir='ltr'><strong>in</strong></span> 
     </span>
    </p>
   </div>
   <div class='ocr_carea' id='block_1_91' title="bbox 539 4593 2050 4661">
    <p class='ocr_par' dir='ltr' id='par_1_91' title="bbox 539 4593 2050 4661">
     <span class='ocr_line' id='line_1_91' title="bbox 539 4593 2050 4661; baseline 0.004 -21"><span class='ocrx_word' id='word_1_725' title='bbox 539 4606 845 4661; x_wconf 79' lang='lat' dir='ltr'><strong>unoquoque</strong></span> <span class='ocrx_word' id='word_1_726' title='bbox 895 4608 1093 4661; x_wconf 5' lang='lat' dir='ltr'><strong>eorum,</strong></span> <span class='ocrx_word' id='word_1_727' title='bbox 1124 4608 1241 4658; x_wconf 73' lang='lat' dir='ltr'><strong>qnw</strong></span> <span class='ocrx_word' id='word_1_728' title='bbox 1292 4593 1681 4661; x_wconf 79' lang='lat' dir='ltr'><strong>intelliguntur,</strong></span> <span class='ocrx_word' id='word_1_729' title='bbox 1717 4603 1793 4647; x_wconf 82' lang='lat' dir='ltr'><strong>est</strong></span> <span class='ocrx_word' id='word_1_730' title='bbox 1831 4603 1960 4653; x_wconf 84' lang='lat' dir='ltr'><strong>tota,</strong></span> <span class='ocrx_word' id='word_1_731' title='bbox 2005 4606 2050 4646; x_wconf 84' lang='lat' dir='ltr'><strong>et</strong></span> 
     </span>
    </p>
   </div>
   <div class='ocr_carea' id='block_1_92' title="bbox 546 4660 2053 4731">
    <p class='ocr_par' dir='ltr' id='par_1_92' title="bbox 546 4660 2053 4731">
     <span class='ocr_line' id='line_1_92' title="bbox 546 4660 2053 4731; baseline 0.003 -20"><span class='ocrx_word' id='word_1_732' title='bbox 546 4660 691 4722; x_wconf 80' lang='lat' dir='ltr'><strong>sola;</strong></span> <span class='ocrx_word' id='word_1_733' title='bbox 743 4675 832 4711; x_wconf 84' lang='lat' dir='ltr'><strong>nec</strong></span> <span class='ocrx_word' id='word_1_734' title='bbox 887 4670 985 4731; x_wconf 79' lang='lat' dir='ltr'><strong>est_</strong></span> <span class='ocrx_word' id='word_1_735' title='bbox 1023 4660 1225 4727; x_wconf 69' lang='lat' dir='ltr'><strong>aliquid</strong></span> <span class='ocrx_word' id='word_1_736' title='bbox 1290 4660 1475 4731; x_wconf 78' lang='lat' dir='ltr'><strong>eorum</strong></span> <span class='ocrx_word' id='word_1_737' title='bbox 1544 4680 1661 4731; x_wconf 68' lang='lat' dir='ltr'><strong>qua:</strong></span> <span class='ocrx_word' id='word_1_738' title='bbox 1713 4672 1868 4721; x_wconf 82' lang='lat' dir='ltr'><strong>sunt,</strong></span> <span class='ocrx_word' id='word_1_739' title='bbox 1932 4665 2053 4729; x_wconf 83' lang='lat' dir='ltr'><strong>quia</strong></span> 
     </span>
    </p>
   </div>
   <div class='ocr_carea' id='block_1_93' title="bbox 543 4729 2053 4800">
    <p class='ocr_par' dir='ltr' id='par_1_93' title="bbox 543 4729 2053 4800">
     <span class='ocr_line' id='line_1_93' title="bbox 543 4729 2053 4800; baseline 0.003 -21"><span class='ocrx_word' id='word_1_740' title='bbox 543 4731 655 4794; x_wconf 75' lang='lat' dir='ltr'><strong>ipsa</strong></span> <span class='ocrx_word' id='word_1_741' title='bbox 704 4739 813 4800; x_wconf 5' lang='lat' dir='ltr'><strong>est,</strong></span> <span class='ocrx_word' id='word_1_742' title='bbox 846 4729 1054 4795; x_wconf 82' lang='lat' dir='ltr'><strong>omnia;</strong></span> <span class='ocrx_word' id='word_1_743' title='bbox 1116 4746 1278 4800; x_wconf 82' lang='lat' dir='ltr'><strong>neque</strong></span> <span class='ocrx_word' id='word_1_744' title='bbox 1341 4730 1462 4784; x_wconf 76' lang='lat' dir='ltr'><strong>licet</strong></span> <span class='ocrx_word' id='word_1_745' title='bbox 1524 4729 1627 4784; x_wconf 84' lang='lat' dir='ltr'><strong>uno</strong></span> <span class='ocrx_word' id='word_1_746' title='bbox 1686 4734 1893 4787; x_wconf 78' lang='lat' dir='ltr'><strong>nomine</strong></span> <span class='ocrx_word' id='word_1_747' title='bbox 1938 4750 2053 4787; x_wconf 84' lang='lat' dir='ltr'><strong>eam</strong></span> 
     </span>
    </p>
   </div>
   <div class='ocr_carea' id='block_1_94' title="bbox 544 4797 838 4864">
    <p class='ocr_par' dir='ltr' id='par_1_94' title="bbox 544 4797 838 4864">
     <span class='ocr_line' id='line_1_94' title="bbox 544 4797 838 4864; baseline 0.003 -14"><span class='ocrx_word' id='word_1_748' title='bbox 544 4797 838 4864; x_wconf 76' lang='lat' dir='ltr'><strong>complecti.</strong></span> 
     </span>
    </p>
   </div>
   <div class='ocr_carea' id='block_1_95' title="bbox 552 4910 2053 4984">
    <p class='ocr_par' dir='ltr' id='par_1_95' title="bbox 552 4910 2053 4984">
     <span class='ocr_line' id='line_1_95' title="bbox 552 4910 2053 4984; baseline 0.003 -19"><span class='ocrx_word' id='word_1_749' title='bbox 552 4910 781 4978; x_wconf 84' lang='lat' dir='ltr'><strong>Magnus</strong></span> <span class='ocrx_word' id='word_1_750' title='bbox 813 4912 1129 4984; x_wconf 84' lang='lat' dir='ltr'><strong>Dionysius,</strong></span> <span class='ocrx_word' id='word_1_751' title='bbox 1179 4912 1229 4966; x_wconf 84' lang='lat' dir='ltr'><strong>in</strong></span> <span class='ocrx_word' id='word_1_752' title='bbox 1274 4912 1462 4983; x_wconf 92' lang='lat' dir='ltr'><strong>quinto</strong></span> <span class='ocrx_word' id='word_1_753' title='bbox 1494 4913 1566 4967; x_wconf 84' lang='lat' dir='ltr'><strong>De</strong></span> <span class='ocrx_word' id='word_1_754' title='bbox 1604 4914 1796 4968; x_wconf 82' lang='lat' dir='ltr'><strong>divinis</strong></span> <span class='ocrx_word' id='word_1_755' title='bbox 1827 4917 2053 4970; x_wconf 87' lang='lat' dir='ltr'><strong>nomini-</strong></span> 
     </span>
    </p>
   </div>
   <div class='ocr_carea' id='block_1_96' title="bbox 483 5000 2054 5071">
    <p class='ocr_par' dir='ltr' id='par_1_96' title="bbox 483 5000 2054 5071">
     <span class='ocr_line' id='line_1_96' title="bbox 483 5000 2054 5071; baseline 0 -15"><span class='ocrx_word' id='word_1_756' title='bbox 483 5003 604 5066; x_wconf 81' lang='lat' dir='ltr'><strong>bus,</strong></span> <span class='ocrx_word' id='word_1_757' title='bbox 656 5000 710 5056; x_wconf 92' lang='lat' dir='ltr'><strong>In</strong></span> <span class='ocrx_word' id='word_1_758' title='bbox 748 5017 853 5055; x_wconf 90' lang='lat' dir='ltr'><strong>uno</strong></span> <span class='ocrx_word' id='word_1_759' title='bbox 893 5003 1060 5067; x_wconf 89' lang='lat' dir='ltr'><strong>enim,</strong></span> <span class='ocrx_word' id='word_1_760' title='bbox 1114 5004 1309 5071; x_wconf 90' lang='lat' dir='ltr'><strong>inquit,</strong></span> <span class='ocrx_word' id='word_1_761' title='bbox 1344 5014 1401 5057; x_wconf 91' lang='lat' dir='ltr'><strong>ut</strong></span> <span class='ocrx_word' id='word_1_762' title='bbox 1439 5018 1809 5071; x_wconf 81' lang='lat' dir='ltr'><strong>saepenumero</strong></span> <span class='ocrx_word' id='word_1_763' title='bbox 1853 5006 2054 5059; x_wconf 75' lang='lat' dir='ltr'><strong>dictum</strong></span> 
     </span>
    </p>
   </div>
   <div class='ocr_carea' id='block_1_97' title="bbox 495 5096 2050 5166">
    <p class='ocr_par' dir='ltr' id='par_1_97' title="bbox 495 5096 2050 5166">
     <span class='ocr_line' id='line_1_97' title="bbox 495 5096 2050 5166; baseline 0.002 -18"><span class='ocrx_word' id='word_1_764' title='bbox 495 5105 603 5157; x_wconf 84' lang='lat' dir='ltr'><strong>est,</strong></span> <span class='ocrx_word' id='word_1_765' title='bbox 634 5096 816 5148; x_wconf 90' lang='lat' dir='ltr'><strong>omnia</strong></span> <span class='ocrx_word' id='word_1_766' title='bbox 856 5110 975 5166; x_wconf 78' lang='lat' dir='ltr'><strong>quae</strong></span> <span class='ocrx_word' id='word_1_767' title='bbox 1022 5104 1165 5160; x_wconf 88' lang='lat' dir='ltr'><strong>sunt,</strong></span> <span class='ocrx_word' id='word_1_768' title='bbox 1194 5096 1491 5162; x_wconf 70' lang='lat' dir='ltr'><strong>praehabet,</strong></span> <span class='ocrx_word' id='word_1_769' title='bbox 1523 5107 1577 5153; x_wconf 89' lang='lat' dir='ltr'><strong>et</strong></span> <span class='ocrx_word' id='word_1_770' title='bbox 1611 5099 1872 5153; x_wconf 86' lang='lat' dir='ltr'><strong>exsistere</strong></span> <span class='ocrx_word' id='word_1_771' title='bbox 1902 5098 2050 5163; x_wconf 78' lang='lat' dir='ltr'><strong>fecit,</strong></span> 
     </span>
    </p>
   </div>
   <div class='ocr_carea' id='block_1_98' title="bbox 494 5187 2053 5258">
    <p class='ocr_par' dir='ltr' id='par_1_98' title="bbox 494 5187 2053 5258">
     <span class='ocr_line' id='line_1_98' title="bbox 494 5187 2053 5258; baseline 0.004 -18"><span class='ocrx_word' id='word_1_772' title='bbox 494 5201 737 5253; x_wconf 67' lang='lat' dir='ltr'><strong>praesens</strong></span> <span class='ocrx_word' id='word_1_773' title='bbox 775 5187 1026 5242; x_wconf 88' lang='lat' dir='ltr'><strong>omnibus</strong></span> <span class='ocrx_word' id='word_1_774' title='bbox 1048 5187 1249 5258; x_wconf 87' lang='lat' dir='ltr'><strong>ubique</strong></span> <span class='ocrx_word' id='word_1_775' title='bbox 1275 5191 1570 5246; x_wconf 87' lang='lat' dir='ltr'><strong>secundum</strong></span> <span class='ocrx_word' id='word_1_776' title='bbox 1601 5207 1766 5247; x_wconf 90' lang='lat' dir='ltr'><strong>unum</strong></span> <span class='ocrx_word' id='word_1_777' title='bbox 1794 5201 1849 5245; x_wconf 92' lang='lat' dir='ltr'><strong>et</strong></span> <span class='ocrx_word' id='word_1_778' title='bbox 1888 5192 2053 5258; x_wconf 88' lang='lat' dir='ltr'><strong>idem,</strong></span> 
     </span>
    </p>
   </div>
   <div class='ocr_carea' id='block_1_99' title="bbox 489 5279 2049 5349">
    <p class='ocr_par' dir='ltr' id='par_1_99' title="bbox 489 5279 2049 5349">
     <span class='ocr_line' id='line_1_99' title="bbox 489 5279 2049 5349; baseline 0.003 -18"><span class='ocrx_word' id='word_1_779' title='bbox 489 5287 541 5331; x_wconf 87' lang='lat' dir='ltr'><strong>et</strong></span> <span class='ocrx_word' id='word_1_780' title='bbox 580 5279 872 5333; x_wconf 88' lang='lat' dir='ltr'><strong>secundum</strong></span> <span class='ocrx_word' id='word_1_781' title='bbox 927 5279 1089 5344; x_wconf 83' lang='lat' dir='ltr'><strong>idem,</strong></span> <span class='ocrx_word' id='word_1_782' title='bbox 1120 5294 1308 5346; x_wconf 90' lang='lat' dir='ltr'><strong>omne;</strong></span> <span class='ocrx_word' id='word_1_783' title='bbox 1362 5282 1414 5336; x_wconf 91' lang='lat' dir='ltr'><strong>in</strong></span> <span class='ocrx_word' id='word_1_784' title='bbox 1445 5283 1626 5336; x_wconf 82' lang='lat' dir='ltr'><strong>Omnia</strong></span> <span class='ocrx_word' id='word_1_785' title='bbox 1679 5298 1884 5349; x_wconf 88' lang='lat' dir='ltr'><strong>means,</strong></span> <span class='ocrx_word' id='word_1_786' title='bbox 1916 5295 1969 5337; x_wconf 86' lang='lat' dir='ltr'><strong>et</strong></span> <span class='ocrx_word' id='word_1_787' title='bbox 2000 5284 2049 5336; x_wconf 92' lang='lat' dir='ltr'><strong>in</strong></span> 
     </span>
    </p>
   </div>
   <div class='ocr_carea' id='block_1_100' title="bbox 486 5379 2053 5442">
    <p class='ocr_par' dir='ltr' id='par_1_100' title="bbox 486 5379 2053 5442">
     <span class='ocr_line' id='line_1_100' title="bbox 486 5379 2053 5442; baseline 0.006 -22"><span class='ocrx_word' id='word_1_788' title='bbox 486 5380 545 5421; x_wconf 85' lang='lat' dir='ltr'><strong>se</strong></span> <span class='ocrx_word' id='word_1_789' title='bbox 582 5383 832 5433; x_wconf 79' lang='lat' dir='ltr'><strong>manens,</strong></span> <span class='ocrx_word' id='word_1_790' title='bbox 855 5381 908 5422; x_wconf 86' lang='lat' dir='ltr'><strong>et</strong></span> <span class='ocrx_word' id='word_1_791' title='bbox 932 5379 1102 5435; x_wconf 89' lang='lat' dir='ltr'><strong>stans,</strong></span> <span class='ocrx_word' id='word_1_792' title='bbox 1134 5381 1188 5426; x_wconf 86' lang='lat' dir='ltr'><strong>et</strong></span> <span class='ocrx_word' id='word_1_793' title='bbox 1219 5386 1275 5426; x_wconf 89' lang='lat' dir='ltr'><strong>se</strong></span> <span class='ocrx_word' id='word_1_794' title='bbox 1300 5386 1558 5438; x_wconf 86' lang='lat' dir='ltr'><strong>movens;</strong></span> <span class='ocrx_word' id='word_1_795' title='bbox 1590 5382 1643 5428; x_wconf 89' lang='lat' dir='ltr'><strong>et</strong></span> <span class='ocrx_word' id='word_1_796' title='bbox 1674 5389 1851 5442; x_wconf 86' lang='lat' dir='ltr'><strong>neque</strong></span> <span class='ocrx_word' id='word_1_797' title='bbox 1881 5384 2053 5439; x_wconf 84' lang='lat' dir='ltr'><strong>stans,</strong></span> 
     </span>
    </p>
   </div>
   <div class='ocr_carea' id='block_1_101' title="bbox 472 5497 2055 5571">
    <p class='ocr_par' dir='ltr' id='par_1_101' title="bbox 472 5497 2055 5571">
     <span class='ocr_line' id='line_1_101' title="bbox 472 5497 2055 5571; baseline 0.004 -22"><span class='ocrx_word' id='word_1_798' title='bbox 472 5504 593 5550; x_wconf 75' lang='lat' dir='ltr'><strong>ait.</strong></span> <span class='ocrx_word' id='word_1_799' title='bbox 616 5497 667 5549; x_wconf 84' lang='lat'><strong>6.</strong></span> <span class='ocrx_word' id='word_1_800' title='bbox 694 5498 806 5571; x_wconf 78' lang='lat' dir='ltr'><strong>lino</strong></span> <span class='ocrx_word' id='word_1_801' title='bbox 836 5500 965 5553; x_wconf 88' lang='lat' dir='ltr'><strong>dicit</strong></span> <span class='ocrx_word' id='word_1_802' title='bbox 1022 5500 1183 5555; x_wconf 89' lang='lat' dir='ltr'><strong>Deum</strong></span> <span class='ocrx_word' id='word_1_803' title='bbox 1215 5503 1395 5556; x_wconf 88' lang='lat' dir='ltr'><strong>omnia</strong></span> <span class='ocrx_word' id='word_1_804' title='bbox 1419 5503 1520 5555; x_wconf 81' lang='lat' dir='ltr'><strong>alia</strong></span> <span class='ocrx_word' id='word_1_805' title='bbox 1570 5518 1598 5554; x_wconf 91' lang='lat' dir='ltr'><strong>a</strong></span> <span class='ocrx_word' id='word_1_806' title='bbox 1631 5519 1686 5557; x_wconf 75' lang='lat' dir='ltr'><strong>se</strong></span> <span class='ocrx_word' id='word_1_807' title='bbox 1710 5518 2055 5571; x_wconf 80' lang='lat' dir='ltr'><strong>cognoscere,</strong></span> 
     </span>
    </p>
   </div>
   <div class='ocr_carea' id='block_1_102' title="bbox 489 5570 2055 5640">
    <p class='ocr_par' dir='ltr' id='par_1_102' title="bbox 489 5570 2055 5640">
     <span class='ocr_line' id='line_1_102' title="bbox 489 5570 2055 5640; baseline 0.006 -27"><span class='ocrx_word' id='word_1_808' title='bbox 489 5582 611 5615; x_wconf 74' lang='lat' dir='ltr'><strong>I&#39;HIII</strong></span> <span class='ocrx_word' id='word_1_809' title='bbox 647 5582 704 5617; x_wconf 88' lang='lat' dir='ltr'><strong>se</strong></span> <span class='ocrx_word' id='word_1_810' title='bbox 730 5570 909 5640; x_wconf 78' lang='lat' dir='ltr'><strong>ipsum</strong></span> <span class='ocrx_word' id='word_1_811' title='bbox 944 5572 1241 5638; x_wconf 88' lang='lat' dir='ltr'><strong>cognoscit,</strong></span> <span class='ocrx_word' id='word_1_812' title='bbox 1288 5584 1345 5624; x_wconf 90' lang='lat' dir='ltr'><strong>at</strong></span> <span class='ocrx_word' id='word_1_813' title='bbox 1370 5587 1428 5626; x_wconf 91' lang='lat' dir='ltr'><strong>se</strong></span> <span class='ocrx_word' id='word_1_814' title='bbox 1461 5574 1632 5637; x_wconf 87' lang='lat' dir='ltr'><strong>ipsum</strong></span> <span class='ocrx_word' id='word_1_815' title='bbox 1666 5570 2055 5640; x_wconf 82' lang='lat' dir='ltr'><strong>perfectissime</strong></span> 
     </span>
    </p>
   </div>
   <div class='ocr_carea' id='block_1_103' title="bbox 490 5636 2058 5714">
    <p class='ocr_par' dir='ltr' id='par_1_103' title="bbox 490 5636 2058 5714">
     <span class='ocr_line' id='line_1_103' title="bbox 490 5636 2058 5714; baseline 0.005 -28"><span class='ocrx_word' id='word_1_816' title='bbox 490 5639 760 5714; x_wconf 78' lang='lat' dir='ltr'><strong>cognoscit</strong></span> <span class='ocrx_word' id='word_1_817' title='bbox 783 5653 797 5700; x_wconf 92' lang='lat'><strong>;</strong></span> <span class='ocrx_word' id='word_1_818' title='bbox 821 5636 998 5714; x_wconf 74' lang='lat' dir='ltr'><strong>igiltl_t‘_</strong></span> <span class='ocrx_word' id='word_1_819' title='bbox 1018 5636 1309 5714; x_wconf 78' lang='lat' dir='ltr'><strong>cognoscit</strong></span> <span class='ocrx_word' id='word_1_820' title='bbox 1348 5636 1527 5714; x_wconf 85' lang='lat' dir='ltr'><strong>omnia</strong></span> <span class='ocrx_word' id='word_1_821' title='bbox 1556 5636 1679 5714; x_wconf 73' lang='lat' dir='ltr'><strong>alia</strong></span> <span class='ocrx_word' id='word_1_822' title='bbox 1725 5657 1751 5694; x_wconf 89' lang='lat' dir='ltr'><strong>a</strong></span> <span class='ocrx_word' id='word_1_823' title='bbox 1785 5657 1843 5714; x_wconf 86' lang='lat' dir='ltr'><strong>se</strong></span> <span class='ocrx_word' id='word_1_824' title='bbox 1878 5642 2058 5714; x_wconf 66' lang='lat' dir='ltr'><strong>perfe-</strong></span> 
     </span>
    </p>
   </div>
   <div class='ocr_carea' id='block_1_104' title="bbox 491 5707 2058 5780">
    <p class='ocr_par' dir='ltr' id='par_1_104' title="bbox 491 5707 2058 5780">
     <span class='ocr_line' id='line_1_104' title="bbox 491 5707 2058 5780; baseline 0.008 -30"><span class='ocrx_word' id='word_1_825' title='bbox 491 5707 752 5771; x_wconf 72' lang='lat' dir='ltr'><strong>ctissime,</strong></span> <span class='ocrx_word' id='word_1_826' title='bbox 784 5714 837 5758; x_wconf 92' lang='lat' dir='ltr'><strong>et</strong></span> <span class='ocrx_word' id='word_1_827' title='bbox 871 5707 1087 5773; x_wconf 89' lang='lat' dir='ltr'><strong>quidem</strong></span> <span class='ocrx_word' id='word_1_828' title='bbox 1122 5712 1334 5778; x_wconf 81' lang='lat' dir='ltr'><strong>propria</strong></span> <span class='ocrx_word' id='word_1_829' title='bbox 1366 5712 1689 5778; x_wconf 75' lang='lat' dir='ltr'><strong>cognitione,</strong></span> <span class='ocrx_word' id='word_1_830' title='bbox 1711 5712 1833 5780; x_wconf 84' lang='lat' dir='ltr'><strong>quia</strong></span> <span class='ocrx_word' id='word_1_831' title='bbox 1857 5707 1907 5764; x_wconf 77' lang='lat' dir='ltr'><strong>tu</strong></span> <span class='ocrx_word' id='word_1_832' title='bbox 1942 5712 2058 5780; x_wconf 80' lang='lat' dir='ltr'><strong>ipso</strong></span> 
     </span>
    </p>
   </div>
   <div class='ocr_carea' id='block_1_105' title="bbox 2154 4549 3711 4620">
    <p class='ocr_par' dir='ltr' id='par_1_105' title="bbox 2154 4549 3711 4620">
     <span class='ocr_line' id='line_1_105' title="bbox 2154 4549 3711 4620; baseline -0.007 -15"><span class='ocrx_word' id='word_1_833' title='bbox 2154 4552 2509 4620; x_wconf 86' lang='lat' dir='ltr'><strong>compositum</strong></span> <span class='ocrx_word' id='word_1_834' title='bbox 2538 4566 2659 4605; x_wconf 86' lang='lat' dir='ltr'><strong>esse</strong></span> <span class='ocrx_word' id='word_1_835' title='bbox 2705 4549 2869 4605; x_wconf 89' lang='lat' dir='ltr'><strong>Deum</strong></span> <span class='ocrx_word' id='word_1_836' title='bbox 2914 4564 2979 4605; x_wconf 90' lang='lat' dir='ltr'><strong>ex</strong></span> <span class='ocrx_word' id='word_1_837' title='bbox 3021 4549 3276 4615; x_wconf 85' lang='lat' dir='ltr'><strong>diversis,</strong></span> <span class='ocrx_word' id='word_1_838' title='bbox 3311 4550 3503 4619; x_wconf 86' lang='lat' dir='ltr'><strong>eisque</strong></span> <span class='ocrx_word' id='word_1_839' title='bbox 3544 4560 3711 4602; x_wconf 86' lang='lat' dir='ltr'><strong>secum</strong></span> 
     </span>
    </p>
   </div>
   <div class='ocr_carea' id='block_1_106' title="bbox 2154 4639 3715 4713">
    <p class='ocr_par' dir='ltr' id='par_1_106' title="bbox 2154 4639 3715 4713">
     <span class='ocr_line' id='line_1_106' title="bbox 2154 4639 3715 4713; baseline -0.005 -15"><span class='ocrx_word' id='word_1_840' title='bbox 2154 4649 2294 4701; x_wconf 88' lang='lat' dir='ltr'><strong>inter</strong></span> <span class='ocrx_word' id='word_1_841' title='bbox 2325 4660 2383 4699; x_wconf 88' lang='lat' dir='ltr'><strong>se</strong></span> <span class='ocrx_word' id='word_1_842' title='bbox 2410 4645 2563 4699; x_wconf 77' lang='lat' dir='ltr'><strong>valde</strong></span> <span class='ocrx_word' id='word_1_843' title='bbox 2598 4644 2987 4713; x_wconf 85' lang='lat' dir='ltr'><strong>pugnantibus,</strong></span> <span class='ocrx_word' id='word_1_844' title='bbox 3020 4644 3183 4698; x_wconf 90' lang='lat' dir='ltr'><strong>simili</strong></span> <span class='ocrx_word' id='word_1_845' title='bbox 3228 4645 3443 4699; x_wconf 86' lang='lat' dir='ltr'><strong>scilicet</strong></span> <span class='ocrx_word' id='word_1_846' title='bbox 3491 4651 3541 4696; x_wconf 91' lang='lat' dir='ltr'><strong>et</strong></span> <span class='ocrx_word' id='word_1_847' title='bbox 3573 4639 3715 4693; x_wconf 83' lang='lat' dir='ltr'><strong>dissi-</strong></span> 
     </span>
    </p>
   </div>
   <div class='ocr_carea' id='block_1_107' title="bbox 2156 4726 3712 4803">
    <p class='ocr_par' dir='ltr' id='par_1_107' title="bbox 2156 4726 3712 4803">
     <span class='ocr_line' id='line_1_107' title="bbox 2156 4726 3712 4803; baseline -0.008 -14"><span class='ocrx_word' id='word_1_848' title='bbox 2156 4736 2306 4800; x_wconf 87' lang='lat' dir='ltr'><strong>mili;</strong></span> <span class='ocrx_word' id='word_1_849' title='bbox 2350 4748 2469 4803; x_wconf 68' lang='lat' dir='ltr'><strong>qum</strong></span> <span class='ocrx_word' id='word_1_850' title='bbox 2496 4734 2716 4803; x_wconf 89' lang='lat' dir='ltr'><strong>quidem</strong></span> <span class='ocrx_word' id='word_1_851' title='bbox 2750 4733 2892 4787; x_wconf 90' lang='lat' dir='ltr'><strong>inter</strong></span> <span class='ocrx_word' id='word_1_852' title='bbox 2918 4749 2977 4788; x_wconf 89' lang='lat' dir='ltr'><strong>se</strong></span> <span class='ocrx_word' id='word_1_853' title='bbox 3008 4734 3192 4787; x_wconf 90' lang='lat' dir='ltr'><strong>inuno</strong></span> <span class='ocrx_word' id='word_1_854' title='bbox 3227 4732 3477 4799; x_wconf 84' lang='lat' dir='ltr'><strong>subjecto</strong></span> <span class='ocrx_word' id='word_1_855' title='bbox 3519 4726 3712 4784; x_wconf 86' lang='lat' dir='ltr'><strong>misceri</strong></span> 
     </span>
    </p>
   </div>
   <div class='ocr_carea' id='block_1_108' title="bbox 2156 4822 3710 4894">
    <p class='ocr_par' dir='ltr' id='par_1_108' title="bbox 2156 4822 3710 4894">
     <span class='ocr_line' id='line_1_108' title="bbox 2156 4822 3710 4894; baseline -0.008 -12"><span class='ocrx_word' id='word_1_856' title='bbox 2156 4837 2207 4882; x_wconf 89' lang='lat' dir='ltr'><strong>et</strong></span> <span class='ocrx_word' id='word_1_857' title='bbox 2241 4827 2519 4881; x_wconf 84' lang='lat' dir='ltr'><strong>cohaerere</strong></span> <span class='ocrx_word' id='word_1_858' title='bbox 2552 4840 2655 4879; x_wconf 90' lang='lat' dir='ltr'><strong>non</strong></span> <span class='ocrx_word' id='word_1_859' title='bbox 2692 4835 2938 4894; x_wconf 85' lang='lat' dir='ltr'><strong>possunt,</strong></span> <span class='ocrx_word' id='word_1_860' title='bbox 2961 4836 3014 4880; x_wconf 92' lang='lat' dir='ltr'><strong>et</strong></span> <span class='ocrx_word' id='word_1_861' title='bbox 3047 4825 3091 4879; x_wconf 91' lang='lat' dir='ltr'><strong>si</strong></span> <span class='ocrx_word' id='word_1_862' title='bbox 3116 4840 3181 4878; x_wconf 90' lang='lat' dir='ltr'><strong>ex</strong></span> <span class='ocrx_word' id='word_1_863' title='bbox 3213 4834 3374 4893; x_wconf 86' lang='lat' dir='ltr'><strong>parte</strong></span> <span class='ocrx_word' id='word_1_864' title='bbox 3408 4822 3615 4882; x_wconf 86' lang='lat' dir='ltr'><strong>similis,</strong></span> <span class='ocrx_word' id='word_1_865' title='bbox 3654 4833 3710 4871; x_wconf 81' lang='lat' dir='ltr'><strong>ex</strong></span> 
     </span>
    </p>
   </div>
   <div class='ocr_carea' id='block_1_109' title="bbox 2158 4912 3713 4985">
    <p class='ocr_par' dir='ltr' id='par_1_109' title="bbox 2158 4912 3713 4985">
     <span class='ocr_line' id='line_1_109' title="bbox 2158 4912 3713 4985; baseline -0.003 -16"><span class='ocrx_word' id='word_1_866' title='bbox 2158 4927 2311 4985; x_wconf 91' lang='lat' dir='ltr'><strong>parte</strong></span> <span class='ocrx_word' id='word_1_867' title='bbox 2351 4917 2453 4971; x_wconf 88' lang='lat' dir='ltr'><strong>alia</strong></span> <span class='ocrx_word' id='word_1_868' title='bbox 2500 4932 2603 4971; x_wconf 89' lang='lat' dir='ltr'><strong>non</strong></span> <span class='ocrx_word' id='word_1_869' title='bbox 2650 4916 2755 4971; x_wconf 88' lang='lat' dir='ltr'><strong>erit</strong></span> <span class='ocrx_word' id='word_1_870' title='bbox 2793 4916 3009 4979; x_wconf 89' lang='lat' dir='ltr'><strong>similis,</strong></span> <span class='ocrx_word' id='word_1_871' title='bbox 3046 4930 3150 4969; x_wconf 88' lang='lat' dir='ltr'><strong>non</strong></span> <span class='ocrx_word' id='word_1_872' title='bbox 3191 4915 3301 4969; x_wconf 91' lang='lat' dir='ltr'><strong>erit</strong></span> <span class='ocrx_word' id='word_1_873' title='bbox 3348 4923 3492 4968; x_wconf 90' lang='lat' dir='ltr'><strong>totus</strong></span> <span class='ocrx_word' id='word_1_874' title='bbox 3530 4912 3713 4965; x_wconf 87' lang='lat' dir='ltr'><strong>lumen.</strong></span> 
     </span>
    </p>
   </div>
   <div class='ocr_carea' id='block_1_110' title="bbox 2159 5003 3714 5077">
    <p class='ocr_par' dir='ltr' id='par_1_110' title="bbox 2159 5003 3714 5077">
     <span class='ocr_line' id='line_1_110' title="bbox 2159 5003 3714 5077; baseline -0.01 -15"><span class='ocrx_word' id='word_1_875' title='bbox 2159 5023 2333 5077; x_wconf 87' lang='lat' dir='ltr'><strong>neque</strong></span> <span class='ocrx_word' id='word_1_876' title='bbox 2362 5017 2509 5064; x_wconf 90' lang='lat' dir='ltr'><strong>totus</strong></span> <span class='ocrx_word' id='word_1_877' title='bbox 2541 5009 2762 5072; x_wconf 81' lang='lat' dir='ltr'><strong>veritas,</strong></span> <span class='ocrx_word' id='word_1_878' title='bbox 2801 5022 2976 5076; x_wconf 87' lang='lat' dir='ltr'><strong>neque</strong></span> <span class='ocrx_word' id='word_1_879' title='bbox 3012 5016 3203 5061; x_wconf 89' lang='lat' dir='ltr'><strong>natura</strong></span> <span class='ocrx_word' id='word_1_880' title='bbox 3254 5005 3422 5060; x_wconf 88' lang='lat' dir='ltr'><strong>Deus.</strong></span> <span class='ocrx_word' id='word_1_881' title='bbox 3469 5003 3714 5057; x_wconf 72' lang='lat' dir='ltr'><strong>Praeterea</strong></span> 
     </span>
    </p>
   </div>
   <div class='ocr_carea' id='block_1_111' title="bbox 2158 5088 3713 5169">
    <p class='ocr_par' dir='ltr' id='par_1_111' title="bbox 2158 5088 3713 5169">
     <span class='ocr_line' id='line_1_111' title="bbox 2158 5088 3713 5169; baseline -0.009 -16"><span class='ocrx_word' id='word_1_882' title='bbox 2158 5099 2321 5153; x_wconf 88' lang='lat' dir='ltr'><strong>etiam</strong></span> <span class='ocrx_word' id='word_1_883' title='bbox 2358 5100 2423 5151; x_wconf 90' lang='lat' dir='ltr'><strong>ad</strong></span> <span class='ocrx_word' id='word_1_884' title='bbox 2461 5099 2634 5167; x_wconf 87' lang='lat' dir='ltr'><strong>ipsqu</strong></span> <span class='ocrx_word' id='word_1_885' title='bbox 2693 5099 2786 5167; x_wconf 91' lang='lat' dir='ltr'><strong>qui</strong></span> <span class='ocrx_word' id='word_1_886' title='bbox 2844 5098 3052 5169; x_wconf 90' lang='lat' dir='ltr'><strong>genuit,</strong></span> <span class='ocrx_word' id='word_1_887' title='bbox 3104 5096 3350 5149; x_wconf 89' lang='lat' dir='ltr'><strong>manabit</strong></span> <span class='ocrx_word' id='word_1_888' title='bbox 3398 5088 3713 5160; x_wconf 86' lang='lat' dir='ltr'><strong>blasphemia</strong></span> 
     </span>
    </p>
   </div>
   <div class='ocr_carea' id='block_1_112' title="bbox 2160 5181 3716 5257">
    <p class='ocr_par' dir='ltr' id='par_1_112' title="bbox 2160 5181 3716 5257">
     <span class='ocr_line' id='line_1_112' title="bbox 2160 5181 3716 5257; baseline -0.007 -17"><span class='ocrx_word' id='word_1_889' title='bbox 2160 5189 2340 5257; x_wconf 88' lang='lat' dir='ltr'><strong>gravis</strong></span> <span class='ocrx_word' id='word_1_890' title='bbox 2378 5206 2393 5243; x_wconf 90' lang='lat'><strong>:</strong></span> <span class='ocrx_word' id='word_1_891' title='bbox 2430 5189 2535 5242; x_wconf 88' lang='lat' dir='ltr'><strong>erit</strong></span> <span class='ocrx_word' id='word_1_892' title='bbox 2563 5189 2706 5243; x_wconf 89' lang='lat' dir='ltr'><strong>enim</strong></span> <span class='ocrx_word' id='word_1_893' title='bbox 2750 5188 3084 5256; x_wconf 89' lang='lat' dir='ltr'><strong>compositus</strong></span> <span class='ocrx_word' id='word_1_894' title='bbox 3126 5185 3287 5240; x_wconf 85' lang='lat' dir='ltr'><strong>Pater</strong></span> <span class='ocrx_word' id='word_1_895' title='bbox 3319 5200 3384 5239; x_wconf 83' lang='lat' dir='ltr'><strong>ex</strong></span> <span class='ocrx_word' id='word_1_896' title='bbox 3430 5181 3716 5238; x_wconf 84' lang='lat' dir='ltr'><strong>substantia</strong></span> 
     </span>
    </p>
   </div>
   <div class='ocr_carea' id='block_1_113' title="bbox 2161 5269 3717 5348">
    <p class='ocr_par' dir='ltr' id='par_1_113' title="bbox 2161 5269 3717 5348">
     <span class='ocr_line' id='line_1_113' title="bbox 2161 5269 3717 5348; baseline -0.006 -17"><span class='ocrx_word' id='word_1_897' title='bbox 2161 5289 2214 5331; x_wconf 89' lang='lat' dir='ltr'><strong>et</strong></span> <span class='ocrx_word' id='word_1_898' title='bbox 2235 5286 2496 5348; x_wconf 89' lang='lat' dir='ltr'><strong>conceptu</strong></span> <span class='ocrx_word' id='word_1_899' title='bbox 2534 5280 2754 5335; x_wconf 84' lang='lat' dir='ltr'><strong>mentis.</strong></span> <span class='ocrx_word' id='word_1_900' title='bbox 2785 5280 3016 5348; x_wconf 86' lang='lat' dir='ltr'><strong>Magnus</strong></span> <span class='ocrx_word' id='word_1_901' title='bbox 3042 5278 3295 5341; x_wconf 86' lang='lat' dir='ltr'><strong>Basilius,</strong></span> <span class='ocrx_word' id='word_1_902' title='bbox 3328 5277 3469 5331; x_wconf 91' lang='lat' dir='ltr'><strong>libro</strong></span> <span class='ocrx_word' id='word_1_903' title='bbox 3499 5269 3717 5329; x_wconf 87' lang='lat' dir='ltr'><strong>secundo</strong></span> 
     </span>
    </p>
   </div>
   <div class='ocr_carea' id='block_1_114' title="bbox 2160 5367 3718 5440">
    <p class='ocr_par' dir='ltr' id='par_1_114' title="bbox 2160 5367 3718 5440">
     <span class='ocr_line' id='line_1_114' title="bbox 2160 5367 3718 5440; baseline -0.006 -20"><span class='ocrx_word' id='word_1_904' title='bbox 2160 5368 2279 5420; x_wconf 83' lang='grc' dir='ltr'><strong>Τῶν</strong></span> <span class='ocrx_word' id='word_1_905' title='bbox 2345 5369 2765 5440; x_wconf 74' lang='grc' dir='ltr'><strong>ἀντιρῤητικῶν,</strong></span> <span class='ocrx_word' id='word_1_906' title='bbox 2838 5368 3140 5438; x_wconf 87' lang='lat' dir='ltr'><strong>Siquidem,</strong></span> <span class='ocrx_word' id='word_1_907' title='bbox 3216 5367 3414 5436; x_wconf 88' lang='lat' dir='ltr'><strong>inquit,</strong></span> <span class='ocrx_word' id='word_1_908' title='bbox 3478 5372 3718 5431; x_wconf 82' lang='lat' dir='ltr'><strong>tanquam</strong></span> 
     </span>
    </p>
   </div>
   <div class='ocr_carea' id='block_1_115' title="bbox 2167 5494 3719 5570">
    <p class='ocr_par' dir='ltr' id='par_1_115' title="bbox 2167 5494 3719 5570">
     <span class='ocr_line' id='line_1_115' title="bbox 2167 5494 3719 5570; baseline -0.006 -13"><span class='ocrx_word' id='word_1_909' title='bbox 2167 5494 2295 5557; x_wconf 86' lang='lat' dir='ltr'><strong>sunt</strong></span> <span class='ocrx_word' id='word_1_910' title='bbox 2328 5502 2738 5569; x_wconf 82' lang='lat' dir='ltr'><strong>perfectissime,</strong></span> <span class='ocrx_word' id='word_1_911' title='bbox 2778 5504 2888 5557; x_wconf 87' lang='lat' dir='ltr'><strong>imo</strong></span> <span class='ocrx_word' id='word_1_912' title='bbox 2919 5504 3034 5570; x_wconf 83' lang='lat' dir='ltr'><strong>ipse</strong></span> <span class='ocrx_word' id='word_1_913' title='bbox 3062 5513 3149 5557; x_wconf 88' lang='lat' dir='ltr'><strong>est</strong></span> <span class='ocrx_word' id='word_1_914' title='bbox 3198 5494 3637 5570; x_wconf 71' lang='lat' dir='ltr'><strong>illa‘ipsaomnia</strong></span> <span class='ocrx_word' id='word_1_915' title='bbox 3670 5498 3719 5541; x_wconf 72' lang='lat' dir='ltr'><strong>ut</strong></span> 
     </span>
    </p>
   </div>
   <div class='ocr_carea' id='block_1_116' title="bbox 2166 5569 3716 5639">
    <p class='ocr_par' dir='ltr' id='par_1_116' title="bbox 2166 5569 3716 5639">
     <span class='ocr_line' id='line_1_116' title="bbox 2166 5569 3716 5639; baseline -0.005 -14"><span class='ocrx_word' id='word_1_916' title='bbox 2166 5588 2328 5625; x_wconf 84' lang='lat' dir='ltr'><strong>causa</strong></span> <span class='ocrx_word' id='word_1_917' title='bbox 2348 5572 2604 5634; x_wconf 87' lang='lat' dir='ltr'><strong>etliciens,</strong></span> <span class='ocrx_word' id='word_1_918' title='bbox 2654 5583 2706 5625; x_wconf 90' lang='lat' dir='ltr'><strong>et</strong></span> <span class='ocrx_word' id='word_1_919' title='bbox 2728 5569 3086 5639; x_wconf 81' lang='lat' dir='ltr'><strong>exemplaris;</strong></span> <span class='ocrx_word' id='word_1_920' title='bbox 3120 5582 3173 5627; x_wconf 88' lang='lat' dir='ltr'><strong>et</strong></span> <span class='ocrx_word' id='word_1_921' title='bbox 3206 5574 3320 5638; x_wconf 86' lang='lat' dir='ltr'><strong>ipsa</strong></span> <span class='ocrx_word' id='word_1_922' title='bbox 3345 5569 3528 5623; x_wconf 86' lang='lat' dir='ltr'><strong>divina</strong></span> <span class='ocrx_word' id='word_1_923' title='bbox 3543 5575 3716 5617; x_wconf 77' lang='lat' dir='ltr'><strong>essen-</strong></span> 
     </span>
    </p>
   </div>
   <div class='ocr_carea' id='block_1_117' title="bbox 2166 5641 3716 5710">
    <p class='ocr_par' dir='ltr' id='par_1_117' title="bbox 2166 5641 3716 5710">
     <span class='ocr_line' id='line_1_117' title="bbox 2166 5641 3716 5710; baseline -0.003 -18"><span class='ocrx_word' id='word_1_924' title='bbox 2166 5644 2235 5710; x_wconf 79' lang='lat' dir='ltr'><strong>tia</strong></span> <span class='ocrx_word' id='word_1_925' title='bbox 2268 5652 2349 5695; x_wconf 86' lang='lat' dir='ltr'><strong>est</strong></span> <span class='ocrx_word' id='word_1_926' title='bbox 2385 5644 2598 5710; x_wconf 81' lang='lat' dir='ltr'><strong>prepria</strong></span> <span class='ocrx_word' id='word_1_927' title='bbox 2638 5642 2776 5695; x_wconf 89' lang='lat' dir='ltr'><strong>ratio</strong></span> <span class='ocrx_word' id='word_1_928' title='bbox 2829 5642 3248 5710; x_wconf 68' lang='lat' dir='ltr'><strong>uniuscujusque</strong></span> <span class='ocrx_word' id='word_1_929' title='bbox 3287 5646 3571 5699; x_wconf 65' lang='lat' dir='ltr'><strong>creature,</strong></span> <span class='ocrx_word' id='word_1_930' title='bbox 3611 5641 3716 5699; x_wconf 60' lang='lat' dir='ltr'><strong>qua</strong></span> 
     </span>
    </p>
   </div>
   <div class='ocr_carea' id='block_1_118' title="bbox 2163 5709 3183 5781">
    <p class='ocr_par' dir='ltr' id='par_1_118' title="bbox 2163 5709 3183 5781">
     <span class='ocr_line' id='line_1_118' title="bbox 2163 5709 3183 5781; baseline 0.001 -17"><span class='ocrx_word' id='word_1_931' title='bbox 2163 5709 2327 5765; x_wconf 87' lang='lat' dir='ltr'><strong>Deum</strong></span> <span class='ocrx_word' id='word_1_932' title='bbox 2361 5709 2845 5781; x_wconf 74' lang='lat' dir='ltr'><strong>quomodocunqne</strong></span> <span class='ocrx_word' id='word_1_933' title='bbox 2876 5709 3183 5781; x_wconf 85' lang='lat' dir='ltr'><strong>participat.</strong></span> 
     </span>
    </p>
   </div>
  </div>
