4016 6204
343 319 452 382 9ἳ5

1235 321 1478 382 DECAS
1513 325 1581 384 Χ.
1625 350 1688 359 --
1725 325 1823 384 DE
1857 324 2125 384 DIVINA
2173 327 2740 394 SlMl’LlClTATE.

3493 344 3600 406 986

346 445 556 506 partem
600 435 919 492 substantia!
947 434 1319 502 acciperemus
1365 437 1687 506 ingenitum,
1740 439 1915 493 locum
1951 440 1990 495 Α
2025 443 2205 496 tundis
2239 445 2419 498 evenit
2458 463 2471 498 :
2508 461 2682 514 neque
2717 463 2911 505 rursus
2940 451 3007 505 ab
3043 457 3286 508 extremo
3313 455 3379 511 ad
3419 467 3601 515 extre-

345 529 571 582 haberet
630 527 788 583 istius
835 541 1038 592 sermo,
1078 541 1200 580 cum
1243 527 1338 610 ait,
1387 531 1746 600 compositum
1797 545 1916 586 esse

340 618 485 687 quod
526 634 592 673 ex
645 619 874 674 diversis
927 625 1141 673 constat
1188 635 1202 673 :
1248 620 1329 673 siu
1373 635 1499 674 vero
1554 622 1910 676 substantiam

342 709 434 762 Dei
480 709 660 762 iumen
697 708 873 778 ipsum
909 710 1188 779 ponimus,
1237 710 1326 765 vel
1363 712 1552 772 vitam,
1585 711 1668 764 vel
1713 711 1911 765 bonum

341 810 535 866 totum,
565 803 706 870 quod
738 801 952 870 quidem
1001 811 1085 858 est
1122 812 1293 858 tutum
1332 802 1465 866 vita,
1505 811 1675 857 totum
1710 804 1914 867 lumen,

336 901 392 948 et
419 902 590 948 totum
625 894 863 959 bonum;
905 893 1068 948 habet
1097 905 1278 949 autem
1319 896 1429 949 vita
1462 895 1758 965 ingenitum
1787 909 1917 948 con-

338 999 604 1054 sequens,
655 984 926 1052 quomodo
965 999 1072 1040 non
1109 995 1192 1040 est
1240 985 1653 1054 incompositus,
1689 984 1779 1055 qui
1833 993 1916 1039 est

332 1076 640 1132 secundum
689 1076 1052 1131 substantiam
1089 1076 1357 1146 simplex?
1405 1075 1520 1130 Non
1568 1075 1712 1130 enim
1767 1075 1913 1130 modi

335 1168 730 1237 proprietatem
760 1167 881 1236 ejus
912 1167 1370 1231 demonstrantes,
1407 1167 1674 1221 rationem
1708 1167 1916 1235 simpli-

332 1259 520 1314 citatis
555 1259 773 1314 laadent.
833 1258 1132 1329 Gregorius
1185 1259 1488 1329 Nyssenus,
1544 1259 1684 1315 libro
1737 1261 1915 1330 primo

335 1354 538 1409 Contra
582 1352 926 1420 Eunomium,
958 1363 1079 1424 cap.“
1111 1354 1172 1408 41
1208 1371 1222 1408 :
1257 1355 1588 1425 Simplicitas
1622 1356 1792 1420 enim,
1827 1355 1912 1408 in-

331 1446 820 1516 quit,dogmatum
881 1446 1128 1502 veritatis
1187 1457 1444 1518 tanquam
1501 1447 1910 1504 l‘undanlentum

327 1540 484 1610 jacit,
522 1537 715 1605 Deum,
758 1540 888 1609 quid
937 1549 1039 1601 est,
1077 1553 1255 1610 neque
1293 1542 1535 1609 nomine,
1583 1556 1758 1612 neque
1807 1542 1911 1596 alia

331 1632 967 1702 quapiam-cogitatione
1017 1641 1072 1686 ct
1110 1633 1464 1704 intelligentia
1519 1633 1914 1702 comprehendi

332 1738 511 1794 posse.
551 1722 786 1779 Sanctus
835 1722 1192 1794 Epiphanius,
1227 1725 1279 1778 in
1328 1725 1520 1778 haeresi
1555 1736 1747 1779 contra
1784 1725 1910 1780 Ριο-

331 1815 584 1871 lemaitas
617 1832 632 1869 :
672 1815 802 1883 Quae
835 1825 1012 1885 potest
1056 1817 1121 1871 ab
1169 1818 1279 1872 ullo
1317 1819 1436 1874 dic'r
1465 1828 1609 1874 tanta
1641 1813 1784 1875 illius
1815 1835 1914 1874 an-

331 1909 508 1970 daeia,
535 1923 697 1978 quam
732 1909 796 1962 tle
839 1908 1076 1962 Domino
1104 1909 1344 1965 universi
1379 1904 1662 1966 evomuit?
1696 1911 1797 1979 Qui
1842 1914 1913 1967 si-

331 1999 445 2055 mul
477 2009 536 2055 ut
561 2001 851 2066 intellexit,
875 2001 1101 2071 perfecit
1137 2003 1258 2066 hoc,
1280 2004 1424 2073 quod
1450 2003 1667 2075 quidem
1698 2005 1869 2061 voluit
1895 2025 1907 2075 ;

328 2092 433 2146 hoc
485 2091 816 2161 intelligens,
852 2093 995 2161 quod
1046 2093 1196 2156 vult;
1240 2101 1294 2147 et
1352 2101 1483 2149 tunc
1536 2095 1744 2160 volens,
1785 2111 1909 2151 cmn

324 2182 605 2252 intelligit,
644 2192 792 2238 totus
838 2183 1218 2255 intelligentia,
1269 2193 1414 2242 totus
1447 2185 1728 2254 voluntas,
1765 2196 1910 2243 totus

324 2289 508 2340 mens,
533 2283 680 2328 totus
713 2273 917 2329 lumen.
950 2274 1026 2329 Ex
1055 2275 1256 2346 quibus
1289 2274 1346 2331 lit
1371 2276 1741 2344 manifestum,
1768 2279 1907 2348 quod

322 2369 380 2420 in
434 2366 647 2421 unitate
697 2365 986 2422 Trinitatis
1026 2383 1202 2436 neque
1249 2371 1518 2439 reperitur
1551 2371 1906 2443 principium,

324 2475 504 2531 neque
549 2459 809 2525 medium,
843 2475 1019 2526 neque
1069 2460 1232 2527 linis;
1269 2463 1313 2516 si
1356 2463 1478 2533 quis
1515 2479 1645 2519 vero
1699 2466 1906 2536 aliquid

323 2554 523 2608 horum
560 2560 786 2623 quaerat,
821 2551 989 2607 multa
1034 2555 1396 2622 reperientur,
1440 2563 1489 2610 et
1530 2571 1636 2610 non
1685 2560 1905 2626 unitas;

311 2645 658 2716 "principium
697 2645 869 2710 enim,
897 2657 952 2701 et
987 2645 1251 2708 medium,
1279 2654 1334 2700 et
1372 2646 1494 2701 linis
1526 2661 1714 2702 eorum
1747 2649 1908 2718 plane

317 2749 474 2805 sunt,
499 2754 620 2809 qua:
648 2739 814 2794 dividi
837 2749 1100 2808 possunt;
1131 2739 1312 2795 unitas
1339 2754 1466 2795 vero
1490 2740 1766 2797 individua
1788 2754 1902 2809 est;

315 2835 578 2890 similiter
607 2835 751 2904 quod
782 2834 946 2890 habet
977 2837 1328 2906 principium,
1354 2846 1408 2893 et
1441 2839 1704 2905 medium,
1745 2848 1799 2894 et
1842 2837 1907 2892 [i—

315 2943 473 2992 nem,
497 2935 668 2981 totum
705 2926 910 2997 aliquid
939 2937 1021 2982 est
1055 2942 1119 2982 ex
1150 2929 1234 2983 his
1259 2941 1734 2999 coagmentatum;
1761 2931 1903 3001 quod

314 3027 506 3074 autem
540 3019 620 3072 sic
646 3029 730 3073 est
761 3027 961 3084 totum,
988 3033 1053 3073 ex
1089 3020 1336 3088 partibus
1370 3021 1534 3075 etiam
1579 3031 1662 3077 est
1697 3032 1902 3087 totum;

2022 549 2167 586 mnm
2197 537 2482 604 aequaliter
2517 540 2768 607 procedit
2802 542 2964 608 linea,
2993 547 3138 613 quod
3171 547 3386 612 quidem
3425 549 3477 603 in
3518 567 3600 604 re-

2023 626 2123 680 ctis
2171 628 2475 697 reperitur;
2519 630 2565 685 si
2598 639 2780 685 autem
2814 647 2913 687 nec
2962 634 3082 699 hoc,
3129 651 3228 689 nec
3275 639 3423 702 illud,
3454 651 3602 695 caret

2021 719 2187 785 igitur
2221 719 2389 790 ilgura
2445 721 2626 776 unitas
2678 721 2890 796 divina.
2947 723 3045 779 Est
3102 737 3360 794 praeterea
3403 747 3599 797 expers

2020 813 2261 881 speciei,
2291 815 2679 884 quia‘species
2751 817 3104 874 continentur
3151 821 3204 875 in
3263 823 3593 893 generibus;

2020 903 2200 959 unitas
2249 921 2377 960 vero
2408 908 2588 962 divina
2627 924 2726 964 nec
2755 921 2840 966 est
2887 913 2942 966 in
2975 913 3100 978 alio,
3149 930 3250 969 nec
3295 917 3345 969 in
3396 932 3500 971 se:
3544 918 3596 971 in

2021 995 2125 1048 alio
2157 996 2374 1066 quidem
2410 999 2456 1053 si
2499 1009 2664 1066 esset,
2701 1003 2942 1056 eveniret
2991 1005 3041 1058 ei
3086 1006 3312 1074 perinde
3347 1023 3410 1062 ac
3449 1009 3496 1064 si
3544 1008 3598 1063 in

2022 1091 2199 1145 medio
2241 1100 2384 1146 esset
2426 1095 2841 1163 comprehensa,
2885 1098 3030 1166 quod
3085 1099 3139 1152 in
3186 1101 3372 1154 circuli
3414 1112 3602 1157 centro

2020 1183 2305 1253 euntiugit.
2340 1185 2783 1240 Demonstratum
2827 1203 2958 1242 vero
2995 1199 3078 1244 est
3113 1205 3218 1244 non
3251 1191 3454 1248 habere
3480 1207 3600 1246 eam

2020 1282 2222 1342 partes,
2262 1291 2436 1345 neque
2470 1279 2719 1345 ligurem.
2755 1277 2868 1334 Non
2903 1290 2988 1336 est
3035 1283 3202 1352 igitur
3244 1283 3298 1338 in
3334 1283 3460 1351 alio,
3494 1285 3602 1338 imo

2021 1382 2122 1421 nec
2145 1368 2196 1421 in
2231 1381 2309 1432 se,
2336 1367 2538 1438 alioqui
2569 1369 2706 1423 idem
2735 1371 2898 1424 etiam
2931 1375 3073 1441 quod
3108 1375 3334 1438 circulo,
3374 1377 3420 1431 ei
3457 1377 3602 1432 acci-

2020 1457 2194 1524 deret,
2238 1458 2282 1512 si
2336 1458 2450 1528 ipsa
2500 1475 2558 1515 se
2611 1461 3090 1528 complecteretur,
3145 1474 3201 1518 et
3251 1467 3598 1521 contineret:

2019 1565 2128 1604 non
2158 1550 2300 1604 enim
2338 1560 2514 1620 potest
2541 1566 2666 1606 esse
2696 1553 2893 1626 aliquid
2932 1553 2984 1607 in
3027 1569 3087 1610 se
3119 1557 3260 1622 lpso,
3293 1557 3426 1626 quin
3467 1575 3496 1611 a
3542 1575 3602 1613 se

2021 1643 2136 1711 ipso
2168 1641 2528 1715 contineatur.
2569 1643 2680 1699 Etsi
2710 1645 2854 1699 enim
2898 1647 3040 1700 Deus
3076 1661 3139 1700 ex
3172 1662 3250 1712 se,
3289 1660 3342 1704 et
3379 1651 3497 1719 ipse
3520 1651 3602 1720 ip-

2020 1753 2136 1792 sum
2174 1737 2438 1801 continet,
2477 1747 2654 1793 tamen
2699 1737 2815 1794 ﬁeri
2843 1754 2952 1794 non
2985 1749 3182 1805 potest,
3213 1753 3267 1794 ut
3303 1743 3445 1797 idem
3471 1758 3604 1800 con-

2020 1831 2211 1894 tineat,
2249 1839 2302 1885 et
2329 1846 2359 1885 a
2391 1845 2447 1885 se
2481 1832 2864 1900 contineatur;
2902 1834 2946 1887 si
2979 1843 3158 1887 autem
3187 1835 3255 1889 ab
3289 1835 3396 1890 alio
3426 1837 3603 1892 conti—

2016 1933 2200 1989 netnr,
2226 1925 2328 1978 hoc
2350 1933 2435 1979 est
2460 1925 2604 1993 quod
2632 1926 2950 1982 dicebamus
2976 1928 3042 1981 ad
3073 1927 3274 1997 ﬁguras
3303 1927 3598 1996 pertinere.

1957 2063 1973 2077 .
2013 2015 2175 2071 Caret
2210 2016 2372 2070 etiam
2423 2017 2630 2081 colore,
2664 2017 2791 2087 quia
2835 2029 2920 2071 est
2975 2018 3284 2074 substantia
3337 2035 3458 2085 quae
3489 2036 3599 2074 non

2012 2117 2096 2163 est.
2130 2108 2182 2162 in
2223 2107 2489 2176 subjecto.
2531 2106 2815 2175 Quomodo
2843 2106 3070 2176 recipiet
3096 2108 3306 2164 colores
3339 2125 3460 2180 quae
3491 2125 3600 2164 non

2014 2208 2194 2268 potest
2229 2199 2425 2254 cadere
2457 2199 2558 2253 sub
2593 2209 2901 2267 aspectum,
2933 2201 3022 2269 qui
3047 2201 3265 2258 colores
3299 2201 3604 2256 discernit?

2016 2292 2171 2348 Sicut
2209 2307 2338 2362 ergo
2395 2307 2500 2346 non
2555 2299 2638 2346 est
2688 2292 2803 2346 haec
2835 2293 3014 2346 omnia
3052 2292 3236 2346 divina
3285 2292 3488 2354 unitas,
3519 2293 3603 2349 sic

2011 2395 2193 2457 neque
2235 2384 2396 2438 habet
2439 2383 2879 2449 universitatem,
2921 2383 3002 2436 vel
3033 2384 3348 2439 universum
3386 2401 3399 2437 :
3457 2384 3600 2453 quod

2013 2487 2194 2546 partes
2234 2475 2448 2544 recipit,
2476 2474 2679 2544 alioqui
2712 2465 2917 2529 hcidet
2948 2472 3218 2531 utrumvis
3256 2490 3446 2530 eorum
3484 2490 3603 2542 qua:

2014 2568 2272 2624 diximus.
2318 2565 2512 2622 Omnis
2555 2568 2701 2620 enim
2746 2567 2924 2620 oratio
2968 2568 3050 2620 vel
3084 2565 3310 2621 ellertur
3344 2565 3602 2619 universe

2012 2661 2064 2720 in
2098 2660 2371 2716 universis
2401 2659 2500 2729 (α),
2536 2668 2627 2713 aut
2661 2658 2714 2714 in
2755 2658 3026 2713 universis
3055 2672 3160 2712 non
3194 2657 3472 2719 universe.
3507 2659 3602 2712 sed

2010 2753 2440 2824 particulariter,
2463 2761 2516 2806 et
2544 2752 2647 2806 hoc
2672 2759 2757 2827 est
2778 2750 2921 2819 quod
2952 2750 3026 2804 ait
3051 2749 3373 2820 Dionysius:
3400 2747 3604 2815 Quam--

2011 2845 2198 2899 obrem
2227 2843 2464 2913 primum
2515 2842 2690 2897 bonus
2719 2841 2865 2897 Deus
2903 2856 3090 2896 eorum
3139 2851 3331 2898 auctor
3361 2856 3484 2896 esse
3519 2841 3605 2895 tli-

2008 2937 2168 3000 citur,
2203 2932 2399 2988 deinde
2440 2946 2628 2987 eorum
2675 2931 2958 2994 universe,
3006 2943 3192 3000 postea
3242 2932 3476 3002 partium
3511 2947 3604 2987 eo-

2010 3042 2153 3094 rum,
2187 3034 2298 3081 tum
2327 3024 2774 3096 participantium
2817 3039 2881 3078 ea
2913 3025 3189 3087 universe,
3233 3025 3590 3092 deindepar.

309 3122 506 3184 partes
538 3120 718 3168 autem
761 3114 974 3177 multat;
1026 3113 1190 3182 igitur
1220 3121 1397 3169 totum
1431 3130 1496 3170 ex
1529 3115 1735 3181 multis,
1773 3117 1897 3170 uni-
1925 3113 1970 3172 ϐ
2006 3119 2346 3191 ticipantium
2379 3119 2436 3173 in
2466 3128 2645 3188 parte,
2683 3117 2799 3172 sive
2839 3117 3284 3184 particularitcr;
3326 3131 3446 3183 quae
3475 3129 3602 3184 per-

311 3214 404 3260 tas
437 3220 572 3261 vero
601 3219 798 3274 expers
833 3206 1071 3273 partium
1114 3215 1218 3270 est,
1247 3215 1301 3260 et
1334 3222 1440 3260 non
1473 3223 1540 3262 ex
1574 3205 1778 3271 multis,
1810 3217 1902 3260 aut

310 3311 385 3350 ex
429 3295 676 3364 partibus
713 3303 908 3349 totum.
956 3295 1247 3360 Praeterea,
1283 3299 1424 3366 quod
1478 3310 1654 3365 neque
1699 3295 1901 3365 princi-

309 3385 492 3456 pium,
514 3400 692 3456 neque
725 3385 887 3441 linem
918 3385 1107 3447 habet,
1136 3401 1312 3457 neque
1349 3387 1636 3441 terminum
1671 3387 1722 3440 in
1753 3397 1901 3442 utro-

307 3493 424 3549 que
451 3478 653 3543 habet;
685 3489 736 3533 et
766 3478 972 3533 idcirco
997 3480 1207 3532 inﬁnita
1251 3489 1332 3534 est
1361 3479 1541 3532 unitas
1587 3497 1600 3533 :
1641 3478 1900 3532 Bii'arlaut

306 3572 486 3636 enim,
521 3569 718 3638 inquit,
747 3586 870 3624 cum
905 3571 1176 3625 inﬁnitum
1208 3571 1661 3638 contemplemur,
1687 3571 1902 3625 scilicet

310 3662 619 3718 secundum
645 3661 971 3730 principium
1001 3672 1053 3715 et
1085 3660 1268 3727 linem,
1291 3663 1436 3731 quod
1468 3675 1574 3715 non
1600 3671 1681 3715 est
1712 3661 1764 3715 in
1793 3661 1900 3726 his,

307 3765 365 3809 et
417 3763 502 3809 cst
555 3769 716 3822 supra
775 3754 912 3817 ιιιιιο,
966 3752 1239 3807 inﬁnitum
1275 3753 1601 3823 appellatum
1650 3761 1752 3807 est.
1796 3752 1903 3808 Sed

315 3861 498 3915 neque
532 3846 764 3900 formam
800 3847 982 3914 habet,
1018 3847 1098 3901 vel
1131 3845 1380 3916 ﬁgurato,
1410 3845 1495 3900 vel
1527 3846 1793 3915 speciem,
1818 3846 1901 3900 vel

308 3939 558 3992 colorem
589 3938 765 3993 divina
793 3941 973 3993 unitas
1003 3957 1016 4004 ;
1061 3941 1141 3994 sic
1189 3941 1331 3994 enim
1377 3953 1605 4008 magnus
1642 3937 1899 4002 Basilius,

308 4025 454 4082 libro
503 4044 556 4082 tv
592 4029 712 4081 Τῶν
745 4028 1147 4101 ἀντιῤῥητικῶν
1176 4045 1193 4084 :
1230 4027 1308 4096 Si,
1352 4028 1548 4097 inquit,
1575 4027 1743 4084 Filius
1777 4044 1900 4083 vere

311 4131 398 4176 est
435 4121 615 4192 imago
661 4121 864 4187 Patris,
896 4122 1075 4178 omnis
1111 4135 1291 4176 autem
1327 4122 1505 4190 imago
1535 4123 1616 4177 vel
1648 4123 1903 4178 substan-

312 4212 421 4277 tia,
458 4211 542 4266 vel
583 4211 790 4275 formae,
830 4211 914 4268 vel
957 4213 1163 4282 ﬁgurte,
1197 4213 1280 4266 vel
1319 4211 1543 4281 speciei,
1577 4212 1657 4266 vel
1701 4212 1902 4267 coloris

312 4301 496 4370 imago
521 4311 636 4365 est;
668 4299 809 4354 Deus
852 4310 1030 4355 autem
1076 4305 1128 4355 in
1164 4301 1310 4355 nullo
1342 4303 1539 4357 horum
1575 4314 1678 4364 εει,
1722 4305 1816 4359 sed
1847 4305 1898 4356 in

317 4387 431 4443 sola
470 4388 814 4457 Substantia;
858 4390 1031 4448 Filius
1071 4392 1235 4460 igitur
1262 4410 1386 4447 cum
1439 4395 1510 4449 sit
1556 4395 1734 4464 imago
1773 4398 1900 4450 sub—

313 4481 551 4544 stantiae,
582 4483 834 4547 sequitur
865 4493 922 4537 ut
956 4484 1025 4538 sit
1058 4484 1395 4550 homousios,
1428 4485 1478 4537 id
1518 4494 1619 4550 est,
1653 4485 1896 4554 ejusdem
1936 4473 1976 4524 θ

312 4573 637 4635 substantiae
665 4571 884 4638 Patris;
919 4583 972 4628 et
1020 4575 1349 4644 relinquitur
1389 4585 1446 4629 ut
1487 4576 1558 4630 sit
1595 4579 1775 4631 unitas
1806 4593 1897 4629 ex-

311 4679 440 4732 pers
471 4663 680 4730 formae,
711 4674 765 4720 et
803 4665 1006 4736 ﬁgurae,
1038 4675 1092 4722 et
1120 4667 1343 4736 Speciei,
1372 4675 1426 4722 et
1447 4667 1676 4734 coloris;
1706 4684 1902 4736 ettpers

311 4755 478 4822 igitur
510 4763 592 4810 est
626 4754 832 4819 forma),
877 4755 1000 4825 quia
1042 4756 1181 4810 idem
1215 4767 1296 4811 est
1327 4756 1523 4823 forma,
1564 4769 1618 4810 et
1645 4759 1902 4813 subSlan—

312 4847 382 4900 tia
413 4846 536 4901 Dei.
570 4845 683 4902 Hoc
713 4849 860 4902 enim
899 4847 970 4903 ab
1001 4849 1257 4904 omnibus
1289 4849 1554 4919 theologis
1580 4865 1896 4904 concessum

311 4947 414 4991 est.
464 4937 634 5005 igitur
666 4939 719 4993 in
764 4938 877 4993 sola
914 4940 1222 4994 substantia
1257 4949 1341 4995 est
1376 4940 1542 5003 Deus,
1591 4955 1698 4995 non
1735 4941 1900 5008 igitur

317 5030 363 5081 in
401 5028 582 5086 forma
629 5031 778 5086 circa
819 5033 1208 5098 substantiam,
1252 5034 1366 5089 haec
1395 5033 1542 5087 enim
1588 5029 1761 5085 fortna
1795 5048 1896 5086 non

312 5130 393 5175 est
423 5122 538 5176 sola
574 5122 910 5186 substantia,
941 5133 1027 5178 est
1057 5125 1220 5178 etiam
1251 5125 1373 5178 sine
1417 5124 1606 5193 ﬁgura,
1644 5123 1768 5192 quia
1803 5124 1897 5176 du-

315 5223 684 5268 monstratum
713 5222 799 5270 est
831 5229 938 5268 non
980 5215 1182 5270 habere
1207 5215 1467 5271 medium.
1499 5215 1555 5272 Si
1581 5227 1764 5271 autem
1792 5231 1897 5270 non

315 5301 481 5358 habet
531 5305 798 5370 medium,
842 5322 1022 5376 neque
1062 5308 1304 5371 rotundi,
1339 5323 1515 5378 neque
1557 5309 1686 5363 recti
1727 5308 1900 5376 parti-

314 5409 443 5466 ceps
478 5405 601 5462 est;
653 5398 777 5466 quia
806 5399 899 5453 ubi
929 5416 1032 5453 non
1078 5409 1161 5454 est
1205 5399 1467 5464 medium,
1513 5415 1611 5454 nec
1653 5409 1897 5454 extrema

312 5486 599 5556 aequaliter
632 5503 663 5542 a
711 5489 890 5545 medio
919 5491 1217 5555 distabunt,
1263 5489 1407 5560 quod
1440 5491 1657 5560 quidem
1706 5489 1759 5544 in
1811 5505 1898 5544 ro-

2010 3210 2138 3265 inde
2168 3218 2317 3274 sunt,
2369 3222 2434 3263 ac
2463 3209 2508 3263 si
2546 3207 2756 3263 diceret
2788 3222 2804 3261 :
2838 3205 3047 3261 Genera
3079 3213 3134 3260 et
3174 3205 3384 3274 species
3417 3204 3600 3266 simul,

2013 3300 2182 3352 Deum
2211 3296 2419 3352 habent
2459 3305 2747 3351 auctorem
2783 3295 3022 3350 :deinde
3053 3306 3232 3362 partes
3271 3293 3378 3348 illis
3418 3292 3605 3362 subje-

2011 3400 2134 3452 ctae,
2163 3398 2218 3444 et
2247 3401 2601 3457 quascunque
2631 3387 3020 3441 universitates
3051 3386 3174 3455 quis
3212 3385 3377 3450 dicat,
3414 3394 3599 3454 postea

2008 3483 2112 3538 has
2145 3491 2403 3550 tanquam
2438 3479 2716 3536 absolutas
2741 3489 2796 3534 et
2821 3479 3132 3535 abstractas
3161 3476 3411 3548 producit
3439 3476 3601 3543 Deus,
3640 3502 3651 3513 -

2009 3575 2207 3630 deinde
2244 3583 2502 3642 tanquam
2540 3571 2874 3641 aliquorum,
2908 3579 2964 3626 et
3016 3571 3258 3640 ipsorum
3295 3570 3598 3640 aliquorum

2009 3665 2412 3728 universitates,
2474 3678 2581 3720 non
2614 3674 2700 3719 est
2748 3663 2890 3720 Deus
2938 3663 3269 3718 universitas
3300 3662 3601 3718 secundum

2010 3757 2110 3811 has
2143 3755 2550 3820 universitates,
2584 3755 2634 3810 id
2666 3765 2770 3820 est,
2819 3755 2885 3808 ad
2931 3754 3343 3810 similitudinem
3387 3755 3598 3816 harum,

2009 3846 2102 3901 sed
2141 3845 2254 3914 ipsa
2282 3846 2396 3899 sola
2434 3845 2782 3911 universitas,
2817 3859 2937 3913 qua:
2985 3844 3038 3897 in
3077 3845 3217 3898 nulla
3253 3855 3330 3899 est
3375 3841 3600 3898 ttniver’

2009 3938 2194 4001 sitate,
2226 3937 2482 3991 universa
2517 3936 2630 4004 ipsa
2664 3945 2717 3991 et
2757 3935 2869 3990 sola
2906 3935 3239 3989 universitas
3269 3945 3376 3999 est,
3409 3950 3602 3988 omnes

2010 4026 2398 4082 uuiversitates
2431 4040 2494 4080 ex
2527 4041 2586 4080 se
2628 4025 2958 4094 producens,
2984 4034 3040 4077 et
3077 4039 3105 4078 a
3148 4024 3292 4078 nulla
3339 4023 3604 4077 universi-

2013 4127 2120 4174 tate
2170 4125 2451 4174 coercetur
2496 4134 2510 4171 :
2563 4131 2663 4170 nec
2694 4116 2837 4170 enim
2877 4116 2990 4185 ipse
3026 4123 3107 4170 est
3156 4115 3206 4169 in
3249 4115 3456 4186 aliquo,
3505 4129 3604 4169 ιιι-ε

2009 4211 2214 4283 aliquid
2249 4210 2300 4264 in
2344 4208 2500 4278 ipso;
2554 4207 2862 4263 substantia
2895 4209 3037 4262 enim
3085 4216 3169 4260 est
3207 4207 3339 4261 nihil
3398 4205 3604 4259 habens

2009 4304 2153 4373 quod
2196 4302 2266 4357 sit
2309 4302 2360 4355 in
2395 4299 2668 4370 subjecto,
2699 4309 2758 4354 et
2800 4299 3041 4365 cognitio
3073 4309 3153 4354 est
3205 4298 3338 4350 nihil
3378 4311 3602 4365 prorsus

2010 4395 2315 4463 subjectum
2351 4391 2597 4454 habens;
2633 4389 2838 4444 ideirco
2875 4389 2986 4456 ipse
3018 4398 3100 4442 est
3142 4387 3348 4451 omnia,
3397 4396 3450 4440 et
3495 4399 3600 4438 non

2008 4496 2092 4539 est
2119 4483 2410 4550 quidquam
2437 4480 2703 4546 omnium,
2737 4479 2829 4550 qui
2861 4495 2890 4532 a
2924 4481 3070 4531 nullo
3089 4493 3282 4532 eorum
3305 4492 3427 4544 qua:
3451 4487 3599 4534 sunt.

2011 4573 2358 4635 continetur;
2397 4585 2500 4625 nec
2543 4579 2626 4624 est
2657 4583 2852 4630 nomen
2890 4569 3028 4637 ejus,
3069 4582 3177 4634 quo
3213 4581 3307 4634 per
3353 4580 3464 4618 rem
3505 4565 3605 4616 ali-

2009 4680 2170 4733 quam
2219 4677 2285 4718 ex
2322 4663 2386 4716 iis
2420 4677 2540 4732 quae
2574 4668 2724 4723 sunt,
2753 4659 3107 4724 nominetur;
3145 4657 3286 4711 unde
3328 4659 3472 4711 enim
3507 4671 3606 4710 uo-

2009 4754 2412 4820 minabatur,si
2461 4751 2591 4806 nihil
2631 4757 2716 4806 est
2756 4764 2820 4804 ex
2857 4751 2924 4804 iis
2952 4737 3072 4819 quae
3114 4749 3283 4804 sunt?
3336 4747 3600 4801 Prmterea

2016 4857 2187 4902 totum
2223 4857 2278 4900 et
2312 4846 2485 4900 solum
2517 4844 2569 4898 in
2598 4843 2831 4905 unitate,
2862 4842 3156 4898 essentiam
3184 4850 3598 4910 exsuperantem

2010 4938 2387 5008 repraesentat,
2427 4946 2481 4992 et
2516 4951 2621 4991 non
2667 4935 2992 5007 positionem
3042 4933 3340 5004 quamlibet
3381 4947 3595 4994 rerum;

2008 5032 2231 5101 perinde
2255 5029 2398 5086 enim
2430 5039 2514 5085 est
2542 5029 2745 5091 dicere,
2774 5036 2920 5083 totus
2947 5025 3274 5089 substantia,
3320 5033 3373 5078 et
3414 5022 3591 5078 solum

2005 5133 2089 5177 est
2135 5121 2295 5184 Deus,
2327 5130 2382 5174 et
2423 5119 2474 5174 in
2527 5120 2645 5176 sola
2687 5119 2990 5174 substantia
3046 5125 3150 5180 est,
3200 5124 3366 5181 atque
3415 5113 3598 5166 dicere

2007 5228 2168 5283 supra
2207 5227 2422 5267 onmem
2455 5211 2816 5267 substantiam
2846 5221 2990 5274 esse,
3036 5217 3091 5263 et
3127 5221 3233 5260 non
3268 5207 3596 5258 adnumera-

2009 5314 2095 5358 tur
2133 5303 2225 5357 ulli
2275 5301 2594 5357 substautiae
2635 5316 2820 5357 earum
2869 5313 3006 5370 quas
3063 5297 3338 5367 produxit,
3392 5287 3484 5348 sed
3520 5303 3601 5347 est

2007 5396 2122 5450 sola
2146 5409 2212 5449 ex
2241 5393 2365 5447 aliis
2391 5406 2665 5462 exempta,
2695 5402 2750 5446 et
2788 5391 2984 5460 prima,
3011 5397 3064 5443 et
3099 5388 3254 5459 cujus
3298 5386 3598 5440 substantia

2008 5496 2092 5545 est
2120 5497 2295 5542 actus.

381 5685 460 5752 (ιι)
491 5681 820 5742 Universum
874 5689 1124 5742 universe
1180 5688 1356 5743 omnis
1396 5688 1527 5754 vita,
1583 5688 1892 5744 universum
1929 5701 2035 5744 non
2094 5687 2370 5752 universe,
2421 5688 2513 5742 sed
2575 5686 2626 5740 in
2695 5692 2868 5754 parte,
2899 5685 3013 5740 sive
3068 5685 3492 5760 particulariter,
3545 5689 3602 5739 ut

311 5754 440 5808 vita.
