4016 6204
517 259 623 323 987

1147 378 1373 433 CAPUT
1416 378 1480 434 Χ.

522 467 674 531 Quod
729 469 905 524 unitas
956 469 1238 523 Trinitatis
1284 488 1444 539 supra
1491 490 1692 525 autnem
1729 474 2079 529 substantiam

593 551 693 600 est,
719 549 767 592 et
804 556 960 606 supra
984 557 1182 593 omnem
1211 542 1484 602 unitatem,
1516 555 1559 595 et
1601 541 1906 596 Trinitatem
1937 546 2079 597 nobis

591 610 847 679 cognitam:
869 625 887 670 ,'
910 619 959 660 et
981 610 1117 677 quod
1144 627 1303 672 neque
1326 610 1626 665 substantia
1649 624 1743 669 est.
1768 630 1856 664 nec
1881 614 2076 671 imitus.

591 676 1013 751 ne'que‘Trinitas
1047 680 1110 731 ab
1142 681 1251 735 ullo
1291 683 1536 749 cognita;
1587 700 1678 737 net:
1707 684 1942 751 inﬁnita,
1990 693 2080 737 aut

590 752 641 799 in
671 747 846 800 multis
878 759 1174 804 numerata.

589 834 809 906 Magnus
834 837 1144 909 Dionysius,
1168 854 1292 909 cap.
1321 841 1408 906 i3,
1439 841 1511 895 De
1537 842 1723 897 divinis
1753 844 2084 897 nominibus:

520 923 764 992 Oportet,
802 927 998 996 inqttit,
1033 945 1130 986 nos
1154 944 1183 984 a
1218 932 1401 986 multis
1434 934 1500 986 ad
1532 949 1694 989 unutn
1729 933 1924 988 virtute
1954 933 2086 988 divi-

521 1030 602 1067 na:
643 1015 865 1071 unitatis
895 1032 1213 1087 conversos,
1262 1022 1613 1092 singulariter
1658 1023 1872 1078 laudare
1917 1034 2085 1078 totam

519 1116 572 1159 et
596 1121 755 1161 uuam
782 1108 1141 1177 divinitatem,
1166 1128 1329 1167 unum
1356 1115 1497 1183 quod
1526 1124 1608 1170 est
1628 1118 1866 1171 omnium
1896 1130 2084 1177 causa,

520 1208 649 1253 ante
691 1215 852 1257 omne
882 1217 1075 1265 unum,
1118 1214 1170 1259 et
1211 1206 1632 1273 multitudinem,
1664 1218 1718 1265 et
1758 1218 1992 1279 partem,
2036 1216 2088 1263 et

522 1298 715 1355 totum,
742 1290 1042 1348 ﬁnitionem
1075 1304 1126 1349 et
1160 1293 1538 1364 inﬁnitionem,
1580 1297 1738 1353 ﬁnem
1768 1308 1820 1352 et
1854 1299 2088 1353 inliuita-

523 1381 670 1433 tem?
696 1382 838 1450 quod
877 1383 1057 1437 omnia
1080 1398 1199 1452 qua:
1222 1396 1365 1450 sunt,
1392 1394 1445 1441 et
1469 1388 1641 1455 ipsum
1666 1404 1785 1443 esse
1810 1390 2086 1455 terminat,

522 1480 574 1520 et
610 1471 875 1538 omnium,
902 1478 957 1529 et
984 1482 1218 1529 totornm
1261 1476 1524 1542 omnium,
1554 1487 1607 1532 et
1633 1489 1759 1534 ante
1792 1480 1994 1546 omnia,
2036 1489 2091 1532 et

522 1571 685 1625 supra
736 1562 915 1614 omnia
970 1576 1075 1617 una
1144 1577 1341 1630 causa,
1398 1573 1451 1619 et
1500 1565 1646 1638 quod
1698 1582 1857 1636 supra
1914 1567 2088 1637 ipsum

524 1662 711 1716 uinum,
741 1652 792 1704 id
824 1653 965 1721 quod
998 1662 1103 1718 est,
1132 1654 1456 1711 determinat
1488 1672 1503 1710 :
1535 1655 1800 1727 siquidem
1836 1660 1978 1728 quod
2006 1670 2088 1716 est

524 1756 711 1807 unum,
750 1741 803 1795 in
835 1742 903 1799 iis
934 1756 1053 1811 quae
1088 1753 1237 1809 sunt,
1281 1734 1633 1815 numeratur;
1661 1764 1915 1806 numerus
1944 1750 2085 1806 enim

522 1832 793 1902 particeps
822 1836 1071 1889 essentia:
1094 1843 1197 1902 est,
1225 1837 1365 1903 quod
1409 1845 1592 1893 autem
1620 1848 1703 1894 est
1726 1855 1893 1895 unum
1924 1856 2087 1910 supra

523 1925 899 1987 substantiam,
933 1934 986 1979 et
1016 1929 1161 1997 quod
1208 1910 1292 1983 est
1322 1943 1511 1995 unum,
1554 1937 1608 1985 et
1649 1945 1863 1986 omnem
1900 1946 2089 1989 nume-

524 2028 640 2067 rum
669 2014 875 2079 deﬁnit,
909 2016 1083 2085 ipsum
1129 2026 1210 2073 est
1235 2028 1289 2079 et
1322 2020 1502 2084 unius,
1535 2029 1590 2074 et
1620 2023 1855 2090 numeri,
1888 2034 1940 2080 et
1966 2039 2087 2079 om-

524 2106 609 2161 nis
650 2106 725 2160 rei
773 2108 1116 2178 principium,
1169 2120 1221 2166 et
1257 2125 1441 2176 causa,
1491 2119 1548 2167 et
1594 2128 1872 2184 numerus,
1924 2125 2089 2188 atque

522 2198 675 2253 ordo.
699 2198 1063 2264 Quamobrem
1097 2209 1148 2253 et
1181 2194 1380 2267 unitas,
1410 2217 1530 2272 quae
1569 2202 1843 2273 laudatur,
1875 2215 1929 2261 et
1968 2206 2090 2263 Tri-

498 2288 685 2356 ‘uitas,
714 2302 832 2359 qua:
868 2301 950 2346 est
984 2292 1249 2357 Diviuitas
1292 2307 1453 2362 supra
1500 2294 1703 2359 omnia,
1731 2311 1838 2350 non
1872 2304 1957 2375 est
1990 2313 2089 2353 nec

525 2382 727 2449 unitas,
773 2396 946 2453 neque
978 2382 1240 2451 Trinitas,
1295 2394 1384 2440 aut
1436 2400 1465 2439 a
1513 2386 1691 2449 nobis,
1742 2399 1833 2442 aut
1872 2390 1937 2444 ab
1983 2391 2088 2447 alio

523 2476 776 2543 quopiam
819 2488 1002 2529 corum
1033 2478 1121 2545 qui
1159 2485 1305 2543 sunt,
1343 2478 1584 2547 cognita,
1618 2479 1711 2533 sed
1742 2488 1800 2534 ιιι
1847 2481 1989 2551 quod
2034 2482 2086 2537 in

525 2564 639 2632 ipsa
668 2573 749 2619 est
782 2576 939 2631 supra
972 2580 1133 2633 quam
1180 2566 1230 2618 in
1258 2580 1421 2619 unum
1453 2568 1783 2636 copulatum,
1818 2578 1871 2623 ct
1900 2570 2088 2625 fecun-

522 2653 742 2708 ditatem
774 2668 899 2709 τετε
923 2655 1231 2720 laudemus.
1259 2658 1463 2712 trinum
1491 2670 1546 2714 et
1579 2676 1743 2714 unum
1780 2661 1945 2715 Deum
1992 2677 2086 2719 no-

524 2745 791 2802 mittamus
826 2746 995 2813 illum,
1041 2747 1132 2817 qui
1166 2763 1329 2818 supra
1363 2764 1521 2805 omne
1565 2767 1762 2808 nomen
1793 2762 1904 2818 est;
1936 2754 2083 2809 nulla

522 2846 701 2893 autem
748 2840 946 2903 unitas,
1003 2839 1083 2892 vel
1129 2839 1390 2904 Trinitas,
1431 2858 1605 2912 neque
1658 2859 1934 2912 numerus,
1985 2861 2085 2901 nec

522 2929 718 2995 unitas,
760 2929 845 2983 vel
879 2929 1201 2992 fecunditas,
1234 2946 1334 2986 nec
1377 2933 1522 2987 aliud
1572 2937 1697 3003 quid
1747 2951 1931 2989 eorum
1967 2953 2085 3006 quae

1682 266 2006 330 JOANNIS
2046 266 2619 334 CYPARISSIOTB

3605 277 3695 341 988

2113 384 2159 440 Δ
2191 386 2450 457 Spiritum
2496 387 2903 458 cognoscimus;
2947 400 3047 442 nec
3089 395 3174 442 est
3212 385 3390 445 Filius.
3422 402 3579 455 neque
3613 391 3699 446 Pa-

2185 490 2286 545 ter,
2321 496 2421 537 nec
2451 481 2597 537 aliud
2626 480 2919 550 quidquam
2949 495 3137 535 eorum
3169 494 3283 548 qua:
3320 480 3483 540 nobis.
3513 492 3593 535 aut
3622 485 3698 538 ulli

2185 586 2368 625 eorum
2415 572 2501 640 qui
2546 582 2694 638 sunt,
2741 571 2953 639 cognita
2996 580 3149 637 sunt,
3182 586 3278 625 nec
3307 572 3499 641 aliquid
3542 588 3699 631 eorum

2184 677 2301 729 quae
2336 678 2440 717 non
2471 672 2627 723 sunt,
2656 678 2829 731 neque
2879 678 2996 730 qua}
3040 672 3194 728 sunt;
3247 678 3412 731 neque
3455 679 3563 733 qua:
3601 676 3705 719 sunt

2184 769 2301 809 eam
2347 764 2703 825 cognoscunt,
2738 763 3004 822 quatenus
3044 748 3147 817 εει,
3180 769 3276 807 nee
3317 754 3426 821 ipsa
3462 759 3705 817 cognoscit

2187 859 2306 913 quae
2333 855 2477 910 sunt,
2504 855 2773 910 quatenus
2799 854 2924 921 sunt
2948 844 3057 915 (l);
3092 860 3191 900 nec
3222 854 3302 901 est
3342 846 3412 899 illi
3456 846 3600 911 ratio,
3636 862 3710 902 ne-

2185 950 2289 1004 que
2321 950 2539 999 nomen,
2568 952 2743 1007 neque
2773 936 3033 1006 cognitio,
3056 951 3228 1005 neque
3264 936 3473 991 tenebra
3506 948 3599 997 est,
3632 951 3710 989 ue-

2187 1040 2291 1094 que
2327 1024 2528 1088 lumen,
2565 1040 2666 1079 nec
2692 1040 2870 1085 error.
2908 1041 3083 1094 neque
3114 1027 3347 1086 veritas;
3386 1042 3479 1080 nec
3510 1035 3589 1080 est
3617 1027 3714 1096 eius

2190 1112 2243 1164 in
2272 1113 2584 1167 universum
2625 1114 2844 1183 positio,
2870 1129 2967 1169 nec
3007 1114 3233 1171 ablatio.
3267 1114 3377 1169 lmo
3415 1131 3530 1170 cum
3554 1131 3712 1169 eorum

2189 1220 2308 1274 quin
2340 1217 2459 1277 post
2496 1208 2665 1276 ipsam
2694 1215 2841 1274 sunt,
2871 1208 3171 1274 positiones
3204 1216 3259 1261 et
3294 1207 3579 1263 ablationes
3605 1207 3716 1263 faci-

2190 1315 2329 1364 mus,
2369 1300 2541 1370 ipsam
2597 1315 2774 1370 neque
2823 1300 3093 1370 ponimus,
3146 1315 3243 1356 nec
3300 1300 3533 1355 tollimus
3571 1301 3715 1368 :quia

2188 1406 2350 1460 supra
2386 1406 2601 1445 omnem
2646 1392 2970 1460 positionem
2997 1401 3079 1446 est
3126 1392 3363 1459 perlecta
3392 1400 3441 1445 et
3466 1391 3715 1460 singularis

2189 1483 2430 1537 omnium
2463 1498 2649 1548 causa,
2686 1494 2737 1539 et
2791 1499 2951 1550 supra
2995 1498 3207 1539 omnem
3253 1483 3569 1536 ablutionem
3596 1497 3720 1536 exsu-

2190 1574 2402 1646 peratio
2431 1574 2671 1629 omnium
2714 1575 3030 1643 simpliciter
3052 1576 3350 1637 abstracta,
3378 1585 3426 1627 et
3462 1574 3593 1629 ultra
3627 1588 3721 1625 om-

2191 1666 2303 1721 nia.
2361 1665 2484 1721 liaec
2532 1666 2815 1721 adamavit
2866 1675 3089 1721 sanctus
3126 1665 3416 1729 Maximus,
3466 1664 3721 1731 inquiens:

2194 1756 2350 1822 Nota,
2374 1760 2512 1828 quod
2539 1775 2714 1827 neque
2742 1758 3001 1813 divinitas
3028 1758 3332 1813 substantia
3364 1768 3440 1811 est
3474 1757 3581 1822 Dei,
3604 1756 3725 1811 sicut

2196 1867 2295 1906 nec
2332 1867 2494 1905 unum
2541 1849 2747 1922 aliquid
2795 1865 2983 1907 eorum
3036 1864 3155 1918 quae
3195 1849 3339 1904 dicta
3389 1857 3528 1913 sunt,
3578 1861 3725 1916 neque

2193 1943 2586 1997 contrariorum
2633 1942 2759 1997 eis:
2807 1958 2980 2011 quare
3031 1942 3163 1998 nihil
3220 1944 3458 2012 ipsorum
3498 1949 3594 2004 est,
3636 1954 3723 1992 non

2192 2032 2333 2087 enim
2363 2043 2490 2089 sunt
2513 2037 2623 2090 haec
2652 2035 2976 2101 substantia,
3007 2035 3101 2090 sed
3138 2034 3306 2105 gloria
3344 2036 3481 2088 circa
3509 2048 3618 2086 eum
3643 2029 3726 2101 (2}.

2194 2120 2286 2180 Sic
2340 2123 2558 2186 Sextus.
2612 2122 3027 2197 ecclesiasticus
3068 2124 3447 2195 philosophus,
3498 2122 3637 2188 dixit,
3678 2130 3721 2175 et

2190 2215 2485 2287 Gregorius
2517 2214 2830 2285 Theologus
2859 2217 2957 2271 lib.
2992 2232 3053 2270 ιιι
3092 2214 3404 2286 Theologire
3452 2229 3577 2277 suae,
3603 2214 3721 2283 quod

2192 2322 2367 2379 neque
2398 2306 2650 2361 divinitas
2674 2307 2777 2380 (3),
2817 2322 2917 2363 nec
2948 2308 3276 2378 ingenitum,
3322 2322 3496 2373 neque
3525 2304 3724 2375 paterni-

2193 2411 2276 2459 las
2306 2390 2665 2455 substantiam
2700 2399 2796 2455 Dei
2832 2400 3164 2470 signiﬁcant.
3196 2398 3439 2455 Observa
3475 2408 3721 2467 prteterea,

2191 2493 2333 2564 quod
2363 2508 2536 2562 neque
2571 2492 2811 2563 Spiritus
2842 2501 2949 2555 est,
2978 2500 3036 2545 ut
3067 2506 3163 2547 nos
3190 2486 3455 2563 Spiritum
3485 2485 3726 2557 cognosci-

2189 2601 2332 2652 mus,
2363 2600 2537 2656 neque
2563 2583 2732 2642 Filius
2759 2596 2864 2649 est,
2898 2598 3072 2654 neque
3102 2584 3285 2649 Pater,
3327 2594 3383 2637 nt
3412 2598 3511 2637 nos
3540 2582 3724 2637 Patrem

2190 2688 2244 2733 et
2268 2677 2461 2732 Filium
2496 2678 2913 2749 cognoscimus;
2942 2676 3070 2731 illud
3104 2674 3250 2731 enim
3290 2694 3305 2729 :
3341 2673 3411 2730 Ut
3437 2689 3532 2729 nos
3557 2685 3727 2740 cogno-

2190 2769 2418 2836 scimus,
2451 2771 2501 2823 in
2536 2768 2684 2823 omni
2732 2770 3014 2836 negatione
3042 2767 3386 2840 superiorum
3417 2768 3618 2835 accipe;
3652 2763 3729 2818 de-

2189 2862 2360 2917 clarat
2394 2870 2594 2927 autem,
2628 2862 2769 2928 quod
2818 2859 2921 2914 dici
2969 2860 3129 2924 solet,
3166 2859 3470 2915 secundum
3514 2864 3722 2911 nostram

2189 2952 2572 3023 cognitionem.
2605 2953 2789 3023 Neque
2821 2963 2871 3007 te
2912 2961 3130 3006 moveat
3166 2958 3274 3007 hoc
3307 2961 3485 3020 caput,
3517 2958 3568 3003 ut
3595 2954 3724 3018 putes

521 3028 669 3085 sunt,
701 3030 794 3074 aut
828 3036 947 3089 quae
989 3021 1056 3075 ab
1099 3023 1281 3092 aliquo
1310 3038 1498 3078 eorum
1539 3026 1629 3094 qui
1680 3040 1823 3089 sunt,
1869 3030 2084 3100 cognita

2191 3021 2334 3099 hunc
2364 3044 2599 3098 divinum
2632 3039 2906 3098 auctorem
2949 3042 3147 3113 aliquid
3190 3043 3506 3115 blaspheme
3538 3043 3717 3103 dicere;

519 3122 669 3174 sunt,
705 3112 942 3179 explicat
972 3114 1390 3179 obscuritatem,
1416 3131 1537 3184 quae
1571 3129 1783 3172 omnem
1820 3120 2083 3177 rationem

517 3210 571 3253 et
609 3211 840 3256 mentem
898 3204 1068 3258 vincit
1114 3221 1127 3258 :
1172 3206 1558 3262 obscuritatem
1591 3209 1712 3264 dico
1754 3211 2082 3274 Divinitatis,

519 3306 640 3359 qua!
672 3307 834 3362 supra
864 3294 1243 3361 substantiam,
1278 3311 1435 3362 supra
1474 3299 1735 3352 rationem
1766 3311 1818 3355 et
1850 3312 2083 3358 mentem

517 3391 617 3435 est.
658 3382 867 3437 Rursus
909 3385 1049 3439 idem
1087 3398 1333 3441 evtremo
1387 3391 1563 3459 capite
1606 3391 1844 3463 Mystiraz
1890 3394 2083 3451 theolo-

454 3492 464 3501 -
514 3476 619 3542 gite
648 3488 667 3528 :
703 3472 908 3529 Rursus
932 3486 1113 3532 autem
1140 3482 1493 3536 ascendentes
1519 3482 1781 3549 dicamus,
1806 3488 1951 3554 quod
1987 3502 2086 3542 nec

519 3563 698 3617 anima
743 3576 847 3628 est,
886 3574 1061 3637 neque
1111 3583 1298 3637 mens;
1356 3584 1453 3625 nec
1500 3572 1956 3642 imaginationem,
2000 3579 2083 3633 vel

520 3655 857 3722 opinionem,
892 3660 975 3712 vel
1013 3662 1295 3725 rationem,
1338 3663 1419 3717 vel
1451 3665 1857 3735 intelligentiam
1896 3669 2079 3734 habet,

518 3763 695 3817 neque
743 3751 881 3804 ratio
923 3762 1028 3814 est,
1080 3768 1182 3808 nec
1230 3755 1605 3826 intelligentia,
1655 3772 1829 3827 neque
1856 3760 2080 3828 dicitur,

517 3841 598 3894 vel
647 3842 982 3911 intelligitur,
1022 3861 1195 3915 neque
1243 3864 1496 3903 numerus
1530 3860 1632 3914 est,
1678 3867 1852 3921 neque
1900 3855 2080 3909 ordo:

518 3942 690 3996 neque
722 3932 1031 4000 magnitudo
1071 3945 1173 3997 est,
1204 3950 1377 4003 neque
1413 3940 1671 4006 parvitas,
1698 3955 1873 4007 neque
1904 3955 2083 4012 teque-

518 4018 659 4083 litas,
685 4035 857 4090 neque
880 4024 1213 4089 similitudo;
1238 4042 1409 4093 neque
1446 4030 1867 4102 dissimilitudo;
1912 4051 2085 4107 neque

516 4119 644 4173 stat,
692 4126 869 4179 neque
903 4125 1173 4179 movetur,
1217 4133 1392 4185 neque
1421 4121 1677 4189 quiescit,
1711 4140 1886 4196 neque
1920 4128 2083 4183 habet

516 4200 659 4265 vim;
698 4217 797 4255 nec
831 4214 914 4259 est
946 4205 1050 4269 vis,
1080 4223 1254 4275 neque
1278 4209 1478 4276 lumen,
1501 4228 1677 4283 neque
1702 4216 1806 4271 vita
1850 4228 1955 4285 est,
1991 4236 2084 4277 ne.

515 4308 624 4359 que
654 4297 951 4350 substantia
982 4311 1087 4363 est,
1123 4316 1292 4368 neque
1315 4304 1596 4372 saecolum,
1638 4323 1813 4378 neque
1846 4320 2079 4382 tempus,

430 4434 441 4447 κ
516 4397 620 4437 nec
657 4394 738 4439 est
769 4387 886 4455 eius
922 4392 1086 4445 tactio
1117 4393 1215 4448 sub
1262 4395 1675 4463 intelligentiam
1718 4404 1941 4465 cadens,
1975 4422 2073 4459 ue-
2115 4383 2157 4437 θ

515 4488 622 4541 que
660 4477 905 4542 scientia,
962 4495 1137 4551 neque
1186 4486 1385 4541 veritas
1437 4496 1540 4553 e-t,
1594 4505 1769 4561 neque
1832 4510 2085 4564 regnum,

518 4584 691 4637 neque
731 4573 1017 4639 sapientia,
1052 4590 1148 4628 nec
1180 4592 1366 4637 unum.
1408 4596 1505 4634 nee
1545 4583 1760 4649 unitas;
1792 4601 1966 4654 neque.
2005 4591 2086 4644 di-

516 4661 732 4722 vinitas.
783 4679 957 4731 neque
990 4667 1225 4730 bonitas,
1266 4685 1443 4740 neque
1480 4671 1717 4742 Spiritus
1749 4688 1852 4742 est,
1884 4691 1940 4733 ut
1974 4684 2083 4737 ‘nos

585 4794 631 4825 ⁸³
660 4795 850 4850 Matth.
884 4813 961 4863 ιι,
992 4797 1083 4851 27.

2190 3135 2529 3205 propositum
2571 3136 2714 3189 enim
2767 3143 2844 3189 est
2897 3134 2944 3189 ei
2994 3134 3381 3190 demonstrare
3430 3135 3584 3189 Deum
3613 3128 3724 3185 nihil

2188 3242 2375 3282 eorum
2409 3241 2532 3281 esse
2564 3239 2684 3294 quae
2714 3233 2860 3289 sunt,
2910 3226 3000 3278 sed
3033 3240 3153 3282 esse
3192 3241 3361 3295 supra
3394 3227 3561 3279 munia
3588 3240 3603 3283 :
3632 3235 3726 3277 ete-

2190 3318 2297 3371 nim
2347 3318 2390 3373 si
2442 3318 2557 3387 ipse
2596 3316 2774 3371 omnia
2808 3304 3085 3382 produxit,
3123 3318 3404 3385 quomodo
3435 3324 3597 3387 potest
3627 3328 3729 3370 esse

2187 3408 2390 3477 aliquid
2446 3422 2633 3463 eorum
2669 3421 2787 3475 qua:
2821 3408 2990 3461 sunt?
3045 3406 3188 3461 Dixit
3224 3418 3436 3468 autem,
3472 3407 3604 3476 quod
3648 3418 3728 3456 nec

2186 3516 2246 3555 ea
2283 3517 2400 3568 quae
2436 3510 2581 3566 sunt,
2619 3510 2953 3570 cognoscunt
3002 3501 3168 3554 Deum
3221 3517 3447 3555 causam
3479 3499 3737 3563 omnium;

2187 3602 2241 3646 at
2279 3607 2383 3645 non
2422 3606 2751 3660 cognoscere
2805 3592 2994 3651 Deum,
3026 3591 3289 3645 interitus
3326 3592 3481 3662 plane
3522 3599 3614 3644 est.
3648 3585 3730 3641 Ve-

2191 3696 2305 3735 rum
2351 3681 2537 3735 statim
2583 3682 2724 3736 idem
2756 3682 3007 3751 exposuit
3032 3681 3175 3749 quod
3210 3681 3453 3746 dixerat,
3481 3695 3594 3734 cum
3622 3677 3729 3732 ευῐιο

2181 3773 2363 3841 iunxit
2396 3792 2407 3826 :
2441 3775 2723 3840 Quatenus
2754 3773 2870 3842 ipse
2905 3783 3010 3837 est,
3043 3775 3183 3842 quod
3224 3774 3456 3844 perinde
3484 3782 3584 3833 est,
3614 3779 3664 3822 ιιι
3694 3766 3729 3821 si

2186 3862 2443 3918 dientur:
2492 3860 2637 3916 Nihil
2674 3875 2738 3916 ex
2791 3862 2859 3916 iis
2889 3879 3011 3932 qua:
3059 3873 3208 3928 sunt,
3243 3864 3520 3934 cognoscit
3567 3860 3728 3919 Deum,

2187 3963 2455 4022 quatenus
2490 3964 2591 4018 est,
2634 3956 2683 4008 id
2728 3965 2813 4010 cst
2860 3956 3221 4010 substantiam
3256 3956 3399 4026 ejus,
3445 3972 3558 4026 qua),
3593 3967 3728 4021 supra

2186 4044 2543 4098 substantiam
2576 4057 2682 4109 est,
2719 4056 2775 4100 et
2823 4061 2941 4113 qua:
2995 4036 3220 4116 intelligi
3282 4064 3391 4102 non
3446 4055 3625 4115 potest,
3661 4039 3729 4095 vel

2186 4134 2561 4189 exsistcutiam
2582 4136 2879 4190 secundum
2912 4153 3070 4206 quam
3096 4137 3338 4192 exsistit.
3370 4138 3571 4190 Dictum
3606 4134 3726 4186 enim

2186 4238 2289 4291 est,
2326 4227 2467 4294 quod
2506 4229 2670 4280 Nemo
2714 4230 2978 4297 cognoscit
3018 4225 3238 4293 Filium,
3274 4231 3381 4283 nisi
3428 4228 3617 4290 Pater;
3659 4238 3731 4275 ηε·
3807 4282 3813 4289 ,

2187 4334 2283 4387 que
2326 4316 2540 4372 Patrem
2584 4320 2700 4388 quis
2749 4320 2910 4383 novit,
2968 4320 3069 4372 nisi
3116 4318 3283 4373 Filius
3319 4320 3390 4374 ⁸³.
3444 4320 3519 4374 Ac
3568 4326 3730 4371 rursus

2186 4409 2465 4479 subj-angit
2512 4424 2736 4481 magnus
2768 4408 3081 4481 Dionysius,
3113 4419 3168 4465 et
3202 4411 3279 4464 ait
3315 4429 3329 4465 :
3364 4410 3529 4464 Nemo
3554 4419 3730 4473 cogno-

2186 4504 2289 4557 scit
2320 4500 2540 4567 Filium,
2583 4514 2850 4572 quatenus
2884 4510 2990 4564 est,
3029 4518 3129 4557 nec
3165 4502 3282 4571 ipse
3321 4503 3459 4558 Deus
3485 4495 3732 4568 cognoscit

2184 4608 2246 4647 ea
2277 4609 2395 4659 quae
2436 4602 2584 4658 sunt,
2618 4603 2885 4660 quatenus
2919 4602 3066 4659 sunt,
3111 4593 3161 4647 id
3209 4604 3314 4662 est,
3347 4610 3451 4648 non
3486 4593 3623 4645 novit
3667 4590 3729 4640 ill-

2189 4684 2408 4737 teudere
2440 4692 2675 4737 mentem
2715 4684 3011 4739 secundum
3054 4700 3273 4740 sensum
3307 4686 3372 4740 ad
3404 4701 3463 4738 ea
3493 4698 3604 4754 qua:
3628 4695 3731 4734 sen-

1994 4924 2275 4986 Scholia.

586 5041 663 5111 (i)
692 5041 961 5117 Quatenus
980 5048 1096 5117 sunt
1135 5037 1211 5117 _ld
1249 5051 1477 5117 est,_nou
1508 5048 1792 5117 cognoscit
1817 5047 1918 5100 alia
1941 5062 2073 5117 qua-

516 5125 537 5167 t
575 5109 675 5165 nos
710 5122 833 5183 sunt
869 5113 921 5164 iu
960 5125 1019 5164 se
1050 5110 1199 5177 ipsis,
1233 5109 1325 5163 sed
1359 5111 1410 5183 iu
1435 5127 1492 5166 se
1520 5109 1652 5183 ipso,
1682 5115 1736 5168 id
1770 5127 1873 5177 est,
1903 5109 2075 5173 in'sua

516 5184 773 5245 εςωιιιίςι,
810 5181 860 5234 in
893 5197 993 5255 qua
1025 5194 1212 5255 omnes~
1237 5181 1446 5255 species
1472 5181 1647 5239 rerum
1669 5195 1791 5239 sunt
1828 5201 2079 5255 compre-

521 5255 717 5316 benszr,
754 5260 808 5306 et
836 5247 1001 5305 multo
1036 5247 1387 5303 excellentius
1429 5252 1480 5304 in
1518 5270 1601 5318 eo,
1638 5271 1796 5319 qttun
1827 5256 1879 5309 in
1910 5247 1969 5311 se
1993 5257 2078 5328 ip-

517 5324 593 5376 sis
614 5332 756 5375 sunt.

588 5392 665 5459 (2)
694 5391 795 5447 Sed
817 5391 981 5460 gloria
1007 5392 1143 5443 circa
1167 5405 1305 5462 eum.
1332 5390 1445 5442 Non
1470 5392 1601 5445 dixit
1650 5396 1815 5462 gloria
1869 5398 1918 5451 in
1993 5414 2078 5461 eo,

519 5478 638 5528 qme
669 5474 746 5515 est
779 5467 1039 5525 lttcreztla,
1061 5466 1112 5514 id
1137 5470 1242 5522 est,
1263 5460 1373 5528 ipsa
1399 5460 1776 5527 essentiafsed
1798 5468 1938 5521 circa
1959 5460 2082 5522 eum

520 5540 661 5606 sunt,
688 5548 806 5599 qun
834 5531 992 5606 abeo
1018 5539 1205 5606 creata
1236 5539 1383 5597 sunt,
1412 5544 1476 5584 ex
1511 5538 1704 5601 quibus
1724 5553 1749 5587 a
1784 5538 1939 5592 nobis
1964 5537 2080 5606 glo-

526 5600 764 5653 ri‘imtur
809 5609 866 5655 et
909 5601 1174 5655 laudatur.

592 5669 668 5739 (5)
692 5670 870 5739 Neque
894 5670 1144 5728 divinitas
1168 5675 1518 5731 substantiam
1551 5673 1644 5731 Dei
1671 5675 1961 5747 signiﬁcat,
1988 5692 2085 5731 ne-

2175 5073 2279 5124 que
2332 5059 2633 5113 substantia
2669 5060 2758 5114 Dei
2791 5071 2898 5119 est.
2930 5061 3141 5116 scilicet
3194 5072 3367 5115 ιιιιιοε
3415 5059 3723 5115 divinitatem

2177 5131 2554 5195 cegnoseioms
2588 5147 2602 5194 ;
2643 5132 3022 5198 cognoscimus
3046 5131 3189 5183 enim
3224 5132 3552 5183 divinitatem
3579 5139 3721 5177 crea-

2182 5206 2286 5275 ίλΨ
2320 5199 2377 5275 i"_
2406 5200 2581 5275 “39‘”
2610 5215 2703 5275 Pe"
2721 5201 3188 5275 P3_rllCip_ali_onetn
3215 5200 3488 5275 dicuntur,
3514 5199 3620 5275 sive
3642 5207 3728 5275 an-

2180 5267 2305 5332 geli,
2335 5270 2446 5321 sive
2478 5270 2724 5323 homines
2757 5272 2859 5324 sint
2887 5288 2911 5351 ,ς
2942 5270 3251 5353 litt‘jusmpdi
3276 5274 3450 5351 autem
3504 5267 3732 5353 divinitas

2181 5346 2383 5399 errata,
2413 5350 2630 5411 necest,
2658 5354 2828 5411 neque
2856 5336 3126 5411 signiﬁcat
3147 5340 3479 5411 divinitatem
3505 5336 3733 5411 υυίηίιβέε

2183 5408 2444 5469 εεςειιιὶει,
2479 5406 2590 5461 sive
2616 5404 2931 5462 substantia
2946 5407 3060 5473 ejus
3092 5417 3172 5461 est
3203 5426 3216 5473 ;
3243 5408 3333 5461 sed
3365 5408 3539 5475 potius
3601 5404 3728 5454 divi—

2188 5476 2347 5554 nitas,
2376 5478 2619 5554 bonitas,_
2636 5478 2923 5554 sapientia,
2957 5486 3013 5554 ει
3043 5489 3261 5554 (πέμπει,
3293 5487 3347 5531 ut
3376 5491 3499 5554 nios
3534 5483 3730 5554 cogito:

2186 5543 2390 5599 scimus
2418 5546 2539 5608 ista,
2571 5543 2739 5615 gloria
2762 5556 2888 5600 sunt
2922 5546 3069 5600 circa
3090 5545 3278 5610 Deum,
3302 5547 3419 5606 quia
3442 5545 3507 5596 ab
3533 5544 3731 5609 hisqu

2188 5615 2251 5669 ab
2276 5628 2339 5670 eo
2372 5624 2549 5672 creata
2584 5626 2730 5682 sunt,
2760 5616 3092 5688 gloriﬁcatur
3126 5625 3178 5671 ct
3216 5618 3533 5671 celebratur.
