4016 6204
316 296 418 359 αξ)

1204 308 1441 367 DECAS
1482 311 1556 371 Χ.
1592 335 1658 347 ·-·
1705 312 1804 373 DE
1849 314 2115 373 DIVINA
2154 317 2706 378 SlMPLlClTA'l‘E.

3453 289 3558 387 99c

230 460 235 465 ,
314 410 430 466 silia
468 418 617 505 sunt,
649 426 750 505 nec
771 412 836 467 ad
866 413 1221 484 substantias,
1252 429 1522 488 quatenus
1557 423 1877 479 substantim
1911 432 1951 484 Α
1986 428 2102 481 fieri
2154 440 2353 498 potest,
2387 442 2445 484 ut
2472 447 2589 501 quae
2624 433 2774 488 ﬁnita
2803 443 2950 497 sunt,
2987 442 3363 501 pertranscaut
3407 440 3550 505 quod

313 509 436 553 sunt
472 516 485 553 :
519 497 620 553 hoc
662 501 804 554 enim
854 517 958 557 nou
986 506 1239 560 convenit
1278 506 1407 563 Deo.
1444 507 1554 565 Nos
1588 512 1755 575 enim,
1787 512 1877 580 qtti

311 589 563 645 homines
612 606 821 659 sumus,
862 609 923 648 ea
960 610 1079 663 qua:
1130 612 1293 652 sensu
1338 600 1737 669 percipiuntur,
1790 615 1881 655 aut

309 696 558 755 aspectu,
611 695 703 739 aut
740 695 985 755 gustatu,
1034 698 1123 743 aut
1153 699 1319 756 tactu,
1366 690 1719 761 intelligimus
1752 694 1879 762 quid

308 779 455 833 sint:
490 794 553 835 ea
590 794 721 835 vero
761 795 881 850 quae
922 782 1028 837 sub
1072 781 1481 852 intelligentiam
1525 786 1749 850 cadunt,
1790 795 1882 840 aut

308 886 403 941 per
433 870 774 941 disciplinam
804 872 905 945 (l),
934 883 1029 927 aut
1062 875 1385 939 doctrinam,
1426 884 1519 931 aut
1550 892 1645 947 per
1678 879 1880 932 illumi-

306 964 585 1019 natiouem
634 967 1039 1037 cognoscimus.
1094 968 1234 1024 Deus
1286 980 1470 1025 autem
1521 971 1668 1025 nullo
1720 970 1879 1023 modo

303 1072 369 1110 ex
413 1058 536 1113 istis
569 1058 719 1112 novit
749 1073 811 1114 ea
844 1074 965 1129 quae
1011 1069 1160 1125 sunt,
1194 1061 1287 1115 sed
1321 1062 1505 1131 potius
1556 1076 1621 1115 ex
1674 1079 1732 1116 se
1763 1063 1879 1132 ipso

302 1145 670 1215 cognitionem
731 1148 970 1202 omnium
1018 1149 1203 1215 habet,
1251 1151 1354 1205 hoc
1399 1153 1545 1205 enim
1605 1154 1880 1221 signiﬁcat

303 1234 647 1291 subobscure
675 1234 983 1307 Scriptura,
1025 1256 1144 1309 qua:
1194 1242 1314 1297 ait:
1357 1241 1462 1307 Qui
1512 1245 1650 1297 novit
1696 1245 1875 1297 omnia

302 1338 581 1397 antequam
608 1330 794 1399 ﬁerent
827 1333 893 1394 “,
925 1334 1069 1400 quod
1094 1333 1314 1402 quidem
1350 1335 1610 1401 declarat,
1645 1352 1750 1390 non
1785 1351 1874 1390 se-

301 1406 540 1474 cundum
591 1421 857 1476 rationem
910 1424 1289 1494 productionis
1325 1440 1515 1481 eorum
1564 1428 1780 1482 novisse
1811 1442 1874 1481 ea

300 1506 467 1561 Deum
522 1508 819 1567 secundum
884 1528 1109 1571 sensum
1151 1517 1734 1596 aut-intelligentiam,
1780 1519 1874 1574 sed

300 1598 483 1663 potius
517 1614 681 1669 supra
702 1616 914 1658 omnem
944 1620 1161 1661 sensum
1195 1616 1249 1679 et
1275 1607 1690 1678 intelligentiam
1732 1611 1783 1663 in
1818 1626 1875 1663 sc

297 1698 511 1745 tantum
548 1691 786 1749 intuens.
840 1694 983 1751 Idem
1016 1697 1215 1754 ibidem
1248 1715 1266 1754 :
1300 1700 1433 1767 Quae
1469 1712 1623 1767 sunt,
1670 1704 1870 1774 inquit,

292 1782 349 1834 id
372 1792 456 1837 est
487 1793 771 1851 creaturae,
812 1801 918 1841 nou
950 1799 1175 1857 possunt
1222 1805 1386 1859 supra
1429 1801 1677 1846 naturam
1714 1808 1867 1847 suam

293 1873 425 1927 ferri
472 1876 866 1945 intelligendo:
908 1891 1275 1937 consentanea
1342 1883 1508 1952 igitur
1542 1898 1664 1940 cum
1716 1885 1768 1938 in
1810 1901 1870 1941 se

291 1964 601 2033 intuentur,
666 1969 907 2024 divinam
959 1980 1210 2025 naturam
1268 1974 1519 2042 ignorant
1571 1976 1867 2032 secundum

286 2048 594 2125 illudquod
623 2059 737 2129 ipsa
784 2070 862 2115 est
895 2062 1033 2130 ;,sic
1070 2063 1236 2132 igitur
1266 2064 1450 2120 divina
1487 2076 1680 2121 natura
1721 2068 1774 2122 in
1810 2085 1870 2126 se

285 2145 467 2214 ipsam
501 2148 741 2218 intuens,
772 2167 875 2207 non
912 2153 1061 2209 novit
1105 2154 1157 2210 in
1200 2170 1259 2212 se
1303 2172 1425 2215 esse
1466 2170 1747 2216 creaturas
1782 2177 1869 2217 se-

284 2240 533 2294 cundum
571 2242 836 2298 rationem
878 2246 1200 2302 substantiae
1230 2264 1418 2305 eorum
1450 2252 1564 2321 (2);
1596 2252 1696 2309 hoc
1724 2254 1864 2310 enim

282 2334 619 2401 signiﬁcavit
664 2354 785 2394 cum
836 2342 978 2397 dixit
1015 2358 1030 2397 :
1065 2345 1343 2411 Quatenus
1390 2359 1541 2417 sunt,
1595 2351 1865 2422 siquidem

282 2434 375 2479 est
425 2440 589 2495 supra
625 2431 811 2485 omnia
858 2448 979 2502 qua:
1027 2446 1175 2499 sunt,
1231 2447 1285 2493 et
1320 2438 1499 2507 ipsum
1530 2456 1655 2495 esse
1702 2460 1863 2511 supra

279 2519 654 2574 substantiam
686 2525 870 2603 habet,
892 2526 1051 2582 aliter
1075 2530 1221 2584 enim
1254 2546 1415 2587 nemo
1448 2534 1590 2590 dicet
1614 2535 1865 2603 ignorare

280 2606 460 2661 Deum
513 2602 789 2668 creaturas
837 2631 988 2672 suas.
1040 2618 1115 2674 Ex
1151 2619 1350 2689 quibus
1391 2623 1450 2677 tit
1492 2602 1859 2692 manifestum,

278 2703 434 2771 quod
462 2706 646 2760 unitas
669 2724 831 2777 supra
862 2712 1249 2776 substantiam.
1272 2716 1340 2769 ab
1371 2718 1623 2772 omnibus
1646 2719 1864 2775 abstra-

275 2807 375 2851 cta
408 2806 513 2861 cst,
559 2807 613 2853 et
640 2814 800 2867 supra
834 2804 1013 2856 omnia
1046 2813 1170 2869 est;
1201 2806 1485 2861 immensis
1530 2812 1676 2864 enim
1712 2828 1863 2867 men-

274 2890 455 2952 suris,
485 2898 538 2944 et
578 2904 698 2958 quae
744 2893 979 2951 conferri
1033 2912 1139 2951 non
1186 2909 1438 2965 possunt,
1477 2915 1653 2957 causa:
1697 2920 1859 2974 supra

274 2981 513 3036 eﬂ'ectus
556 2983 803 3039 locantur
831 2987 932 3057 (5),
972 2998 1027 3043 et
1061 2989 1397 3058 eximuntur,
1432 3003 1487 3047 et
1532 2995 1598 3050 ab
1640 2996 1719 3050 eis
1760 2999 1855 3049 ah-

275 3082 433 3137 sunt,
478 3082 534 3129 ut
564 3088 707 3145 sape
755 3078 961 3135 dictum
990 3090 1096 3135 est.
1142 3080 1424 3145 Quomodo
1456 3085 1598 3139 enim
1644 3096 1858 3139 creatu-

273 3178 379 3226 rae,
416 3173 470 3218 et
504 3164 667 3231 l‘act’a,
708 3176 761 3224 et
792 3186 1127 3240 quaecunque
1156 3174 1420 3229 vocabulo
1450 3177 1654 3230 entium
1686 3178 1855 3245 Signi-

275 3255 539 3321 ficantur,
588 3258 820 3315 conferri
857 3275 1083 3328 possunt
1115 3279 1235 3318 cum
1287 3276 1668 3339 uatura,_quz1'
1717 3268 1851 3321 ultra

268 3348 467 3401 omnia
503 3350 627 3404 cst?
658 3350 811 3407 Unde
842 3358 1228 3409 convenienter
1258 3358 1381 3421 sibi,
1416 3375 1575 3412 causa
1608 3362 1850 3413 omnium

271 3454 389 3489 non
424 3448 509 3493 cst
548 3455 711 3494 unum
745 3458 929 3497 eorum
960 3459 1079 3511 quae
1109 3457 1255 3510 sunt,
1300 3463 1403 3501 non
1440 3447 1561 3503 dico
1598 3463 1853 3517 quaecun-

270 3544 387 3590 que
421 3530 620 3598 aliquis
646 3536 1030 3599 numeraverit,
1062 3539 1156 3590 sed
1179 3538 1221 3591 si
1250 3540 1371 3605 quis
1396 3542 1725 3611 cogitatioue
1756 3543 1854 3595 litt-

269 3635 304 3687 g
328 3628 453 3681 ~ret,
488 3628 542 3673 et
574 3621 638 3674 ad
678 3623 765 3675 illa
800 3637 919 3692 quae
960 3626 1101 3679 ultra
1138 3630 1334 3682 sarcula
1373 3642 1518 3694 sunt,
1557 3632 1851 3701 refugeret,

268 3710 561 3776 opiniones
587 3723 768 3767 essent
798 3715 1023 3771 ratio-tis
1058 3720 1198 3787 apud
1235 3735 1332 3774 nos
1376 3722 1608 3778 inaniter
1635 3724 1853 3793 quidem

271 3805 344 3856 ad
378 3804 466 3858 illa
498 3820 617 3874 qua:
646 3807 785 3861 ultra
810 3810 992 3865 omnia
1020 3820 1167 3878 sunt,
1194 3813 1620 3881 proﬁciscentis;
1646 3824 1851 3868 tantum

272 3913 412 3953 vero
458 3913 487 3951 a
540 3915 597 3954 re
642 3900 916 3968 distantis,
956 3913 1218 3972 quantum
1256 3905 1605 3960 simulacrum
1645 3920 1674 3959 a
1708 3906 1850 3959 veri-

270 3999 411 4049 tate,
444 3998 499 4042 et
528 3990 721 4045 domus
752 3990 820 4045 ab
849 3994 1025 4063 coqui
1060 4009 1177 4049 eam
1209 3995 1524 4061 fabricavit;
1566 4005 1617 4050 et
1649 3996 1871 4050 umbras

272 4083 442 4135 abiis
477 4098 598 4149 qua:
656 4093 805 4147 sunt,
841 4092 895 4139 et
950 4101 1046 4154 per
1102 4102 1161 4142 se
1203 4089 1489 4144 exsistunt.
1533 4086 1648 4143 Non
1702 4089 1848 4142 enim

343 4198 393 4227 ³⁸
431 4197 565 4253 Dan.
617 4213 741 4263 xm,
771 4197 864 4252 42.

1988 520 2256 577 infinitum
2289 532 2390 585 est,
2424 525 2672 591 quamvis
2703 541 2854 579 mens
2901 526 3096 579 multas
3142 527 3439 583 infinitates
3472 544 3556 581 re.-

1986 613 2179 679 periat,
2207 624 2260 668 et
2300 630 2485 669 secum
2532 626 2767 684 reputet,
2798 616 3151 670 nihilominus
3185 619 3251 670 ab
3287 618 3558 674 inﬁnitate

1984 719 2108 756 vera
2150 706 2373 772 excidit,
2402 716 2456 759 et
2490 715 2743 777 tanquam
2776 724 2897 763 cum
2937 708 3128 763 umbra
3161 724 3399 777 pugnare
3421 726 3545 764 con-

1983 794 2217 850 vincitur
2246 808 2585 864 attrectaus;
2634 802 2773 854 sicut
2807 802 2897 866 qui
2932 800 3169 856 tenebris
3198 802 3557 864 crassissimis

1985 887 2207 943 involuti
2258 900 2409 955 sunt,
2468 901 2523 946 et
2571 891 2625 947 in
2661 893 2741 946 eis
2794 904 2979 948 ruunt.
3033 893 3114 949 Ob
3151 896 3287 949 hanc
3331 910 3550 949 causam

1984 980 2306 1049 theologiam
2342 982 2639 1035 secundum
2681 987 3017 1048 negationem
3054 985 3103 1047 iu
3136 985 3321 1039 multis
3353 984 3554 1040 valen-

1990 1071 2182 1125 tiorem
2215 1087 2336 1127 esse
2364 1073 2627 1143 theologia
2656 1074 2957 1129 aﬂirntante
2980 1075 3406 1130 demonstratum
3432 1088 3551 1141 est;

1982 1181 2088 1217 non
2142 1165 2353 1232 quidem
2389 1166 2534 1233 quod
2582 1166 2850 1235 theologia
2897 1183 2961 1221 ex
3012 1170 3340 1235 negantibus
3382 1168 3552 1237 magis

1980 1255 2147 1309 Deum
2181 1268 2522 1324 assequatur,
2555 1268 2607 1311 et
2644 1259 2873 1330 attingat
2913 1259 2997 1325 (ex
3034 1276 3188 1327 atquo
3222 1261 3361 1313 enim
3399 1269 3551 1313 utra-

1978 1362 2086 1414 que
2108 1347 2340 1402 aberrat
2370 1363 2398 1401 a
2442 1349 2752 1416 conjectura
2789 1352 2856 1404 de
2900 1353 3050 1412 Dent,
3078 1354 3171 1404 sed
3208 1353 3350 1419 quod
3399 1354 3551 1405 theo-

1977 1437 2117 1507 logia
2176 1454 2383 1505 negans
2432 1441 2551 1507 plus
2600 1426 3216 1507 proﬁteatur‘uescire;
3260 1444 3349 1511 qui
3403 1445 3545 1496 enim

1978 1528 2134 1591 dixit,
2170 1528 2313 1596 quod
2353 1544 2451 1599 nec
2486 1531 2665 1584 unitas
2703 1541 2784 1585 est
2838 1531 3001 1595 Deus,
3047 1535 3266 1602 propius
3314 1534 3547 1588 accessit

1976 1620 2045 1674 ad
2102 1621 2607 1691 incomprehensam
2664 1624 2953 1688 unitatem,
3010 1641 3170 1693 quam
3222 1625 3313 1694 qui
3366 1626 3545 1691 posuit

1975 1724 2095 1765 esse
2132 1712 2299 1766 Deum
2354 1714 2619 1768 unitatem
2678 1715 2973 1769 secundum
3026 1730 3229 1769 moretu
3279 1716 3547 1791 unitatem

1973 1819 2093 1872 quae
2128 1805 2284 1860 nobis
2328 1815 2469 1861 noue
2504 1815 2650 1861 sunt.
2696 1806 2764 1862 Ut
2815 1808 2980 1878 igitur
3027 1810 3340 1862 summatim
3389 1824 3543 1877 repe-

1974 1905 2080 1951 tam
2125 1910 2230 1965 que
2261 1896 2313 1951 in
2349 1896 2450 1952 bac
2484 1898 2696 1953 Decade
2726 1900 2974 1967 exposita
3008 1907 3157 1962 sunt,
3202 1901 3542 1955 demonstra-

1973 1995 2085 2041 tum
2115 1995 2198 2043 est
2227 2003 2256 2041 a
2282 1988 2579 2058 theologis,
2603 2005 2709 2043 non
2755 1998 3007 2057 oportere
3045 2006 3289 2061 quaerere
3325 1992 3377 2046 in
3421 1993 3542 2045 uni-

1972 2089 2105 2146 tate,
2144 2095 2264 2150 (ιω
2300 2096 2463 2150 supra
2506 2082 2865 2136 substantiam
2894 2092 2997 2145 est,
3040 2084 3258 2138 habitus
3282 2092 3339 2137 et
3363 2084 3545 2150 dispo-

1969 2171 2217 2235 sitiones,
2242 2171 2327 2225 vel
2363 2172 2465 2225 alia
2495 2172 2639 2227 circa
2669 2173 2865 2239 ipsam,
2894 2189 3013 2243 qua:
3034 2175 3394 2228 substantiam
3425 2175 3542 2241 ejus

1967 2262 2312 2330 compleant;
2348 2278 2444 2319 nec
2477 2263 2657 2332 aliqua
2700 2264 2753 2319 in
2783 2279 2844 2317 ea
2876 2264 3200 2329 accidentia,
3234 2280 3408 2335 neque
3436 2266 3542 2319 dit-

1968 2353 2228 2409 ferentias
2274 2355 2339 2409 ad
2390 2355 2752 2411 substantiam
2804 2357 2921 2427 ejus
2952 2358 3323 2425 pertinentes;
3368 2374 3542 2427 neque

1968 2446 2092 2515 quia
2140 2460 2205 2499 ex
2258 2460 2317 2499 se
2351 2445 2467 2515 ipsa
2504 2448 2769 2503 exsistere
2818 2449 3041 2511 dicitur,
3089 2450 3297 2504 idcirco
3327 2460 3541 2519 oportet

1967 2538 2298 2591 constituere
2338 2539 2506 2606 ipsam
2560 2553 2683 2593 esse
2740 2538 2823 2591 sui
2873 2555 3115 2604 causam,
3186 2556 3286 2596 nec
3338 2556 3541 2610 ponere

1966 2627 2109 2680 aliud
2161 2628 2213 2681 in
2252 2643 2313 2683 ea
2367 2643 2488 2684 esse
2535 2628 2923 2693 substantiam,
2955 2639 3009 2683 et
3061 2631 3204 2685 aliud
3238 2635 3537 2701 energiam,

1965 2720 2083 2773 sive
2138 2720 2510 2786 operationem
2560 2735 2574 2773 :
2640 2733 2739 2771 nec
2793 2720 3111 2775 cxisdmare
3166 2724 3539 2789 operatimtetu

1964 2825 2118 2865 suam
2150 2810 2468 2866 creatricetu
2502 2811 2812 2865 Sultstantia
2843 2814 3136 2865 secundum
3163 2828 3223 2869 se
3241 2829 3448 2878 carere,
3481 2826 3531 2869 et

1967 2916 2070 2955 non
2099 2917 2195 2972 per
2224 2916 2283 2955 se
2302 2902 2606 2967 exsistere;
2647 2918 2746 2958 nec
2776 2903 2921 2958 aliud
2949 2918 3070 2957 esse
3101 2920 3251 2958 suam
3284 2905 3542 2959 substan-

1965 2994 2117 3058 t’am,
2154 3002 2208 3048 et
2241 2993 2384 3046 aliud
2412 3008 2565 3048 suam
2605 2993 2937 3058 bonitatem,
2972 3003 3025 3046 et
3057 2995 3307 3049 similiter
3339 2996 3391 3048 in
3432 3012 3538 3049 ete-

1968 3081 2098 3135 teris
2140 3079 2437 3149 ejusmodi;
2476 3097 2576 3136 nec
2610 3082 2752 3136 aliud
2799 3098 2919 3136 esse
2961 3086 3320 3139 substantiam
3364 3100 3536 3146 suam,

1964 3183 2017 3227 et
2053 3172 2195 3224 aliud
2258 3172 2621 3238 cognitionem
2673 3172 2782 3236 sui,
2825 3181 2879 3225 et
2928 3174 3179 3228 similiter
3225 3176 3277 3228 in
3318 3178 3542 3243 reliquis

1964 3264 2275 3341 similibus;
2311 3271 2365 3317 et
2406 3262 2585 3315 omnia
2626 3278 2746 3330 qum
2781 3263 2836 3316 in
2876 3279 2938 3317 ea
2984 3273 3136 3329 sunt,
3177 3283 3281 3319 non
3322 3268 3535 3321 diﬂ‘erre

1962 3374 1992 3411 a
2043 3371 2101 3409 se
2151 3354 2303 3421 ipsa;
2339 3367 2441 3407 nec
2495 3353 2547 3406 iu
2591 3369 2651 3405 ea
2691 3368 2852 3421 posse
2909 3356 3133 3423 reperiri
3186 3358 3530 3425 principium.

1963 3448 2195 3502 medium
2235 3454 2289 3501 et
2337 3444 2521 3504 linem.
2566 3460 2664 3499 nec
2694 3447 2954 3501 unitatem
2992 3448 3251 3510 divinam,
3291 3466 3411 3518 qua:
3453 3460 3535 3504 est

1962 3539 2249 3607 ὑπέρθεος,
2297 3538 2346 3589 id
2395 3547 2501 3599 est,
2535 3552 2700 3603 sutira
2742 3552 2834 3591 eos
2870 3540 2959 3607 qui
2997 3539 3250 3592 dicuntur
3285 3540 3381 3604 dii,
3416 3557 3535 3595 es~*c

1962 3629 2353 3695 substantiam;
2399 3644 2501 3682 nec
2532 3644 2653 3682 esse
2693 3631 2957 3683 unitatem
2991 3646 3111 3699 qua:
3156 3641 3399 3692 vocatur,
3438 3648 3534 3686 ne—

1963 3739 2066 3788 que
2091 3722 2413 3776 Trinitatem
2452 3722 2519 3775 ab
2549 3721 2659 3775 ullo
2691 3722 2961 3789 cognitam
2997 3739 3011 3774 :
3044 3721 3138 3775 sed
3170 3724 3345 3790 potius
3370 3738 3537 3791 supra

1960 3815 2321 3872 substantiam
2379 3827 2521 3877 esse,
2572 3824 2627 3867 et
2675 3828 2835 3881 supra
2870 3829 3087 3869 omnem
3138 3815 3442 3879 veritatem,
3477 3826 3533 3868 et

1959 3920 2118 3971 supra
2148 3918 2365 3958 omnem
2399 3903 2718 3956 Trinitatem
2756 3906 3119 3970 excogitatam
3152 3907 3230 3960 vel
3261 3908 3530 3961 assimila-

1961 4004 2069 4051 tam
2094 3995 2196 4063 (ὁ),
2226 4004 2279 4048 et
2302 3994 2651 4061 suprahmne
2684 4010 2849 4047 unum
2881 3997 2986 4049 tale
3024 3995 3349 4050 ab5tractam
3382 4013 3518 4061 esse,

1958 4098 2012 4144 et
2043 4088 2108 4142 ad
2138 4102 2255 4142 eam
2284 4084 2466 4140 accedi
2495 4100 2604 4138 non
2635 4100 2815 4153 posse.
2851 4087 3015 4141 ltecte
3044 4088 3205 4155 igitur
3238 4098 3441 4169 et‘tue
3473 4090 3539 4142 in.

1778 4315 2051 4378 Scholia.

340 4420 420 4488 (l)
449 4417 930 4489 Pcrgdisciplinttm.
963 4419 1098 4475 Cum
1128 4436 1192 4474 ex
1224 4422 1482 4489 magistro
1538 4420 1798 4489 discimus
1832 4435 1846 4481 ;
1885 4422 1926 4477 D
1958 4437 2079 4485 nus,
2114 4422 2165 4475 in
2194 4422 2331 4476 libro
2360 4423 2434 4477 De
2456 4421 2664 4489 Spiritu
2697 4433 2878 4476 sancto
2909 4430 3093 4474 contra
3134 4422 3536 4481 Macedoniam»

272 4487 369 4555 per
398 4487 726 4550 doctrinam,
757 4505 880 4543 cum
915 4499 1098 4543 nostro
1131 4487 1381 4544 studio‘et
1447 4490 1709 4543 industria
1738 4488 1853 4541 sine

274 4559 539 4681 magistro
578 4558 837 4615 docemus
869 4575 884 4624 ;
921 4574 1013 4628 per
1041 4558 1511 4624 illuminationem,
1546 4572 1665 4613 cum
1717 4557 1855 4612 Deus

274 4644 395 4681 reve
421 4636 500 4681 at.

269 4636 500 4683 revelat.

340 4699 420 4767 (2)
454 4696 759 4753 Secundum
803 4701 1061 4754 rationem
1111 4699 1424 4755 substantia
1476 4715 1677 4753 eorum.
1710 4698 1849 4762 Quia

270 4768 385 4839 ipsa
416 4767 595 4821 divina
615 4769 847 4839 essentia
880 4782 957 4824 est
996 4770 1207 4839 propria
1243 4771 1380 4823 ratio
1419 4770 1846 4831 substantiaecu-

264 4837 469 4905 jusque
512 4847 775 4892 creatura:
804 4837 859 4893 in
880 4837 1176 4902 infinitum,
1223 4839 1513 4908 perfectior
1542 4853 1703 4908 quam
1723 4851 1849 4905 pro-

271 4908 387 4974 pria
423 4908 563 4977 ratio
600 4909 917 4963 substantia:
948 4910 999 4963 in
1058 4911 1169 4977 ipsa
1213 4918 1486 4962 creatura.

345 4978 421 5043 (ὅ)
456 4976 662 5050 Qausas
692 4978 822 5033 dicit
858 4976 1089 5047 propter
1139 4992 1398 5045 personas
1454 4978 1690 5050 divinas,
1722 4994 1843 5050 qua!

271 5058 401 5101 sunt
422 5047 621 5116 alioqui
659 5063 767 5102 una
800 5062 961 5105 causa
992 5059 1387 5114 creaturarum,
1422 5048 1564 5104 sicut
1587 5063 1694 5103 una
1742 5047 1841 5105 cs-

270 5130 387 5172 εεηι
402 5134 472 5167 ΙςΙ.

344 5186 421 5258 (4)
452 5184 625 5258 Supra
655 5180 1181 5258 omnemTtinitalem
1202 5188 1572 5258 exagitatam,
1600 5188 1678 5241 vel
1703 5189 1839 5258 qni-

264 5256 535 5310 miiatam.
552 5256 871 5312 Observavit
891 5257 1095 5311 Mattttel
1113 5256 1359 5319 Calecasﬁ,
1383 5259 1434 5311 in
1453 5257 1591 5311 libro
1617 5258 1689 5311 De
1716 5257 1835 5312 Tri-

268 5329 438 5409 nitnle
464 5326 751 5409 imagines,
777 5342 913 5409 quas
952 5326 1541 5409 Patriasexcogitanrunt
1583 5327 1650 5409 ad
1697 5329 1839 5409 assi-

268 5393 697 5450 milandnm‘eas
746 5393 1021 5460 utcunque
1064 5393 1338 5451 Trinitati.
1392 5393 1685 5460 Gregorius
1736 5397 1842 5452 Na-

269 5464 568 5519 zianzenus
600 5481 720 5517 cum
752 5466 907 5521 oculo
938 5464 1125 5525 fontis.
1156 5476 1208 5522 et
1231 5466 1402 5531 fonte,
1423 5476 1476 5518 et
1504 5466 1666 5521 ﬂuvio
1686 5481 1838 5521 com-

268 5544 431 5602 parat
466 5553 479 5599 ;
517 5537 640 5588 item
670 5548 791 5587 cum
854 5538 966 5591 sole
990 5579 1003 5602 ,
1041 5535 1216 5594 radio.
1250 5536 1447 5589 lumine
1480 5552 1495 5599 ;
1533 5538 1657 5590 item
1716 5551 1835 5590 cum

272 5614 456 5673 mente
494 5606 557 5658 ιν
580 5603 837 5673 θυμῆρες,
868 5605 920 5657 Μ
940 5605 1522 5671 θθι,“,εοηεὶόθηιίοηθ,
1555 5604 1826 5666 anima.in

265 5672 471 5742 quibus
529 5690 637 5729 non
661 5672 745 5729 est
768 5674 984 5741 divisio,
1022 5676 1099 5730 vel
1124 5675 1293 5731 sectio
1322 5675 1478 5739 ;itetn
1492 5688 1615 5728 cum
1635 5676 1829 5742 triplici

268 5741 413 5810 sole,
436 5753 490 5797 et
516 5759 620 5798 una
647 5744 866 5798 luminis
889 5746 1265 5799 commistione
1292 5764 1306 5809 ;
1333 5742 1626 5812 Gregorius
1663 5741 1857 5813 Nysse-

1962 4506 2083 4543 cum
2120 4491 2677 4561 tribuslampatlibus,
2701 4508 2928 4561 quarunt
2950 4507 3055 4561 tuta
3099 4491 3307 4543 llamnm
3348 4497 3533 4554 ;itlent

1961 4561 2257 4630 Gregorius
2287 4558 2586 4630 Nyssenus,
2614 4562 2665 4613 itt
2698 4558 2835 4613 libro
2869 4559 2941 4611 De
2964 4558 3239 4630 Trinitate,
3278 4561 3393 4613 haec
3420 4563 3526 4615 tria

1960 4629 2095 4682 dicit
2122 4644 2241 4683 esse
2271 4633 2324 4683 lu
2359 4630 2534 4689 nobis.
2562 4644 2681 4699 quae
2731 4640 2859 4683 sunt
2880 4629 3053 4691 ,vot’ic.
3075 4629 3253 4694 λόγος,
3275 4631 3531 4698 πνεῦμα*

1959 4699 2345 4769 Meus,iuquit,
2388 4700 2527 4767 parit
2568 4700 3022 4765 rationem;ratio
3046 4710 3225 4752 movet
3262 4711 3523 4765 mentem;

1956 4781 2010 4823 et
2043 4784 2215 4837 neque
2235 4785 2386 4824 mens
2419 4769 2534 4823 sine
2593 4770 2801 4822 ratione
2840 4778 2941 4829 est.
3001 4783 3172 4834 neque
3223 4773 3357 4824 ratio
3411 4773 3531 4823 sine

1955 4848 2133 4892 mente
2167 4838 2451 4902 ;similiter
2483 4839 2598 4893 sine
2630 4838 2843 4908 spiritu,
2872 4837 2959 4905 qui
2986 4848 3067 4891 est
3099 4838 3149 4890 in
3179 4839 3339 4908 nobis
3366 4881 3378 4899 .
3421 4856 3535 4893 non‘

1950 4909 2062 4961 exit
2091 4923 2155 4961 ex
2182 4921 2358 4963 mente
2407 4910 2573 4973 ;ltrec,
2624 4909 2816 4977 inquit,
2847 4915 2972 4961 sunt
3000 4907 3248 4977 aequalia,
3273 4919 3325 4961 et
3360 4925 3520 4973 sopa-

1952 4978 2056 5029 rari
2086 4991 2115 5029 a
2133 4992 2191 5030 se
2210 4978 2446 5047 vicissim
2466 4994 2572 5033 non
2592 4976 2816 5045 possunt
2843 4978 2977 5041 :sic,
2999 4976 3197 5047 inquit,
3218 4976 3530 5047 intelligen-

1948 5047 2076 5100 dum
2106 5056 2189 5100 est
2219 5048 2273 5101 in
2305 5046 2601 5113 Trinitate;
2630 5048 2717 5100 alii
2740 5062 2864 5101 cum
2884 5046 3049 5105 fonte.
3079 5046 3266 5111 ﬂuvio,
3291 5046 3521 5113 etlacu;

1947 5132 2067 5173 cum
2098 5116 2236 5185 igne,
2258 5116 2470 5171 ﬂamma
2532 5128 2586 5171 et
2644 5117 2889 5181 lumine;
2940 5114 3535 5186 Cyrilluscumradiee,

1946 5201 2097 5240 ramo
2121 5196 2174 5241 et
2202 5186 2377 5241 fructu
2403 5205 2415 5252 ;
2443 5186 2582 5241 idem
2608 5202 2728 5241 cum
2750 5187 2938 5255 digito,
2959 5200 3117 5238 manu
3171 5194 3223 5239 et
3263 5186 3518 5252 brachio;

1945 5265 2001 5310 et
2026 5256 2160 5309 alias
2187 5271 2305 5309 cum
2327 5271 2467 5322 rosa,
2501 5254 2652 5319 ﬂore,
2686 5266 2737 5311 et
2768 5254 2952 5311 odore.
2985 5255 3039 5309 In
3058 5256 3143 5310 bis
3169 5256 3535 5312 otunibttsre--

1948 5328 2235 5392 pet-iuntur
2257 5326 2498 5395 quaedam
2526 5326 2902 5393 iuseparabilia
2933 5340 2963 5377 a
2986 5340 3045 5380 se
3072 5335 3275 5389 mutuo,
3294 5342 3415 5394 qua:
3432 5344 3522 5381 ns-

1946 5405 2230 5449 sutuuntur
2260 5395 2326 5448 ad
2359 5396 2741 5449 declarandum
2813 5406 3087 5463 utcunque
3122 5408 3241 5449 esse
3265 5407 3371 5448 lt'cs
3396 5412 3527 5464 per-

1948 5479 2043 5517 uas
2074 5464 2463 5532 inseparabiles
2512 5466 2938 5535 proprietatibus
2990 5464 3290 5535 tltStiuCtas,
3324 5467 3519 5517 etuui-

1945 5548 2008 5585 us
2033 5535 2371 5596 substantia,
2407 5536 2477 5588 ita
2503 5534 2646 5601 utab
2674 5534 2777 5587 alio
2801 5547 3052 5588 sumatur
3076 5534 3148 5605 se
3186 5534 3513 5605 ἀχώριστον,

1938 5605 1988 5656 id
2021 5616 2122 5663 est,
2145 5606 2578 5673 illst‘pal'abllilns
2598 5619 2950 5672 personarum
2975 5605 3076 5671 ;ab
3104 5603 3211 5660 alio
3228 5603 3293 5657 τὸ
3309 5603 3517 5674 ὁμοσύ-

1946 5690 2078 5737 σιον,
2110 5676 2156 5728 id
2180 5685 2281 5737 est,
2323 5676 2881 5731 consubstantialitas.
