4016 6204
525 295 627 364 991

1768 272 2008 369 mosx
2037 307 2534 369 SCRIPTORUM
2999 305 3004 310 '
3637 311 3724 374 992

529 418 632 468 hac
673 413 885 468 Decade
925 421 1069 473 sunt,
1099 415 1397 470 secundum
1424 417 1824 486 expositionem
1854 421 2108 474 materia-
2139 421 2178 478 Α
2213 421 2286 474 ris
2321 421 2566 488 partibus
2597 423 2808 485 adesse,
2850 431 2902 476 et
2928 421 2997 475 oh
3031 436 3148 475 eam
3185 436 3399 476 causam
3428 421 3660 474 continua
3681 432 3726 478 et

528 509 664 563 riam
695 507 935 577 exposita
967 514 1090 560 sunt
1120 521 1294 576 neque
1323 509 1616 577 quidquam
1658 510 1855 564 divina:
1890 513 2099 579 simpli-

529 601 677 653 citati
711 600 878 653 deest.
931 597 1334 652 Convenienter
1364 609 1542 653 autem
1588 601 1710 655 huic
1757 602 2099 672 inscriptioui

529 689 598 742 de
643 687 992 756 simplicitate
1025 688 1208 744 divina
1251 699 1361 744 tota
1392 690 1561 746 Decas
1591 692 1656 747 ad
1697 693 1932 747 divinam
1967 697 2100 749 sim-

532 776 825 844 plicitatem
879 787 1131 832 contexta
1179 788 1263 834 est
1298 789 1421 849 apte
1465 783 1530 836 ad
1579 784 1715 839 duas
1752 795 2103 853 antegressas

531 869 788 934 decades,
825 884 922 937 per
950 871 1352 940 pr0positiones
1381 873 1732 930 enuntiantes
1765 875 1833 928 ad
1862 875 2101 928 inﬁnita-

532 969 642 1016 tem
670 960 758 1016 Dei
789 957 1088 1031 procédens
1122 981 1136 1017 :
1169 963 1437 1033 siquidem
1481 964 1627 1018 nulla
1666 965 1912 1020 inﬁnitas
1941 981 2007 1020 ex
2039 966 2104 1020 iis

531 1069 654 1125 qua:
687 1054 960 1118 dicuntur,
1009 1069 1129 1109 cum
1178 1055 1449 1110 inﬁnitate
1494 1055 1589 1111 Dei
1636 1057 1959 1125 aequabitur,
2007 1071 2105 1110 nec

534 1145 682 1200 enim
735 1144 975 1200 inﬁnitas
1023 1145 1289 1211 materiae,
1328 1155 1383 1201 et
1425 1161 1611 1201 carere
1659 1163 1777 1202 eam
1830 1148 2000 1204 forma
2053 1159 2107 1202 et

535 1237 739 1307 specie,
771 1252 894 1290 eum
935 1236 1204 1291 inﬁnitate
1239 1237 1331 1291 Dei
1376 1236 1764 1293 conferendum
1801 1249 1882 1292 est
1909 1239 2108 1306 (mate-

537 1330 617 1382 ria
651 1328 796 1384 enim
829 1327 1016 1382 ﬁnitur
1045 1339 1100 1382 et
1131 1331 1454 1384 terminatur
1474 1332 1678 1397 specie,
1711 1341 1762 1384 et
1793 1331 1960 1383 forma
1988 1347 2111 1400 δρῶν

537 1421 660 1485 ciei,
683 1428 736 1474 et
761 1421 895 1482 haec,
927 1421 1138 1487 species
1163 1420 1397 1485 scilicet,
1438 1429 1492 1474 et
1525 1435 1713 1474 earum
1747 1421 1954 1486 formae,
1982 1433 2111 1476 sunt

540 1513 754 1566 termini
805 1521 860 1566 et
911 1513 1046 1566 ﬁnes
1093 1511 1379 1578 materim),
1413 1527 1512 1566 nec
1570 1512 1812 1567 inﬁnitas
1843 1513 2108 1576 corporis,

540 1605 667 1667 quia
705 1619 906 1671 corpus
937 1603 990 1657 in
1036 1603 1306 1657 inﬁnitum
1339 1604 1505 1657 dividi
1551 1612 1746 1672 potest,
1784 1604 2109 1658 inﬁnitatem

518 1696 640 1750 «Dei
671 1695 900 1756 dirimit,
933 1696 1129 1765 quippe
1164 1710 1287 1749 cum
1320 1694 1370 1749 iu
1405 1709 1602 1763 corpus
1633 1696 1922 1760 dimensio,
1948 1703 2004 1749 et
2031 1696 2112 1749 di-

2205 510 2415 563 inﬁnila
2470 509 2726 566 facultate
2779 522 2959 567 motus
2994 513 3236 579 cmporis
3291 511 3600 580 gubernare,
3643 528 3728 565 non

2206 603 2586 671 progredimur
2612 605 2678 657 ad
2713 603 3034 657 infinitatem
3072 603 3186 667 Dei,
3219 603 3310 669 qui
3354 603 3448 656 llas
3489 601 3732 658 facultates

2206 695 2404 748 animm.
2467 696 2700 757 inserit,
2763 673 2864 751 nec
2927 694 3396 750 innumerabilitas
3457 695 3732 762 angelorum

2208 786 2397 857 (millia
2438 787 2584 840 enim
2646 787 2896 850 millium,
2943 796 2997 840 et
3047 785 3226 840 decies
3272 795 3496 838 centena
3538 785 3734 837 millium

2207 887 2386 932 astant
2426 878 2622 933 throno
2655 878 3068 948 magniﬁcentire
3100 878 3215 947 ejus
3237 877 3342 947 ³⁸),
3378 890 3545 945 neque
3573 891 3738 942 perca-

2208 967 2349 1021 nitas
2373 967 2491 1022 sine
2521 967 2882 1033 dimensione,
2913 983 2975 1020 ac
3007 968 3228 1034 perinde
3259 967 3498 1021 inﬁnitas
3524 966 3636 1018 vita:
3661 979 3736 1017 eo-

2209 1075 2326 1113 rum
2359 1068 2412 1113 et
2446 1059 2887 1123 immortalitatis,
2923 1059 3245 1113 inﬁnitatem
3276 1059 3393 1118 Dei,
3417 1072 3530 1126 quae
3559 1071 3740 1111 omnem

2211 1163 2496 1201 numerum
2553 1157 2607 1203 et
2641 1163 2860 1202 omnem
2913 1148 3298 1219 cogitationem
3341 1148 3464 1201 vita:
3504 1147 3740 1201 continua

2210 1247 2451 1301 superat,
2487 1229 2840 1304 pertransibit
2875 1253 2889 1289 :
2927 1251 3025 1290 nec
3063 1235 3240 1305 ipsum
3274 1248 3468 1298 aevum,
3507 1242 3561 1288 et
3593 1231 3745 1285 inﬁni-

2213 1328 2341 1382 tudo
2389 1328 2504 1395 ejus
2552 1327 2803 1390 omnibus
2858 1337 2980 1381 uota
3015 1337 3069 1379 et
3113 1325 3356 1395 vulgata,
3401 1337 3518 1392 qua:
3559 1335 3740 1377 omnem

2212 1417 2532 1470 inﬁnitatem
2559 1416 2957 1471 intellectilium
2995 1415 3270 1480 continet,
3293 1426 3448 1484 atque
3479 1413 3743 1482 porrigetur

2213 1520 2271 1562 ut
2314 1506 2552 1562 inﬁnitas
2585 1507 2703 1570 Dei,
2733 1508 2824 1575 qui
2856 1505 2990 1560 illud
3032 1507 3328 1576 produxit;
3364 1515 3599 1561 creatum
3625 1504 3742 1558 enim

2215 1616 2242 1652 a
2291 1599 2547 1654 (alieniore
2583 1597 2816 1654 inﬁnitis
2850 1599 3124 1653 mensuris
3167 1598 3418 1668 superari
3462 1605 3634 1652 notum
3661 1607 3747 1650 est.

2217 1692 2271 1747 Si
2310 1693 2474 1760 igitur
2507 1689 2750 1745 inﬁnitas
2781 1690 2876 1744 Dei
2925 1705 3259 1760 supraquam
3305 1687 3513 1743 inﬁnita
3552 1686 3664 1739 nulli
3695 1700 3746 1739 ex

545 1785 945 1851 visioprimum
976 1786 1168 1851 cadat;
1200 1799 1374 1853 neque
1403 1785 1700 1838 secundum
1733 1786 1937 1852 primas
1973 1799 2108 1854 qua-
2143 1766 2186 1824 Β
2219 1786 2336 1839 istis
2375 1783 2738 1839 iuﬁnitatlbus
2778 1781 2945 1838 simili
2998 1785 3266 1846 cernitur,
3300 1781 3452 1836 solus
3496 1780 3644 1849 igitur
3680 1788 3747 1831 est

541 1878 744 1940 lilates,
793 1892 910 1943 quae
945 1876 998 1929 in
1036 1877 1247 1930 inﬁnito
1286 1877 1492 1940 insunt,
1535 1877 1779 1930 inﬁnitas
1815 1875 1908 1930 Dei
1965 1892 2112 1930 eom-

545 1969 784 2036 paranda
825 1977 928 2034 est,
986 1967 1114 2036 quia
1170 1967 1223 2022 in
1281 1967 1414 2035 ipsis
1449 1970 1683 2032 primum
1717 1967 1964 2021 cernitur
1993 1967 2113 2036 plus

544 2069 598 2116 et
637 2061 816 2114 minus
848 2076 862 2122 ;
907 2075 1081 2129 neque
1107 2075 1296 2114 rursus
1326 2061 1595 2114 inﬁnitum
1625 2060 1923 2116 secundum
1952 2074 2114 2129 gene-

547 2154 839 2218 rationem,
866 2163 918 2204 et
948 2155 1311 2222 generationis
1343 2154 1676 2222 perpetuitas
1716 2152 1958 2207 retundit
1993 2152 2114 2204 inﬁ—

548 2241 776 2308 uitatem
809 2239 900 2293 Dei
926 2240 1271 2305 simpliciter,
1291 2250 1343 2294 et
1374 2241 1847 2308 ineireumscripte
1869 2240 2112 2296 circum-

553 2331 811 2395 meantis,
841 2340 894 2384 et
927 2347 1033 2384 non
1062 2332 1126 2384 ad
1156 2332 1334 2385 instar
1358 2332 1545 2386 circuli
1579 2333 1875 2388 motionem
1911 2334 2116 2387 haben-

550 2420 642 2481 tis,
669 2415 791 2490 qua:
818 2421 1163 2476 solummodo
1199 2430 1282 2476 est
1309 2439 1430 2476 cum
1471 2425 1565 2490 ﬁt;
1615 2439 1790 2493 neque
1823 2425 2117 2494 quidquam

551 2516 695 2581 quod
732 2513 784 2565 in
817 2512 978 2576 etelo,
1013 2523 1066 2566 et
1099 2513 1152 2566 in
1196 2526 1343 2567 motu
1372 2515 1487 2579 eius
1522 2519 1750 2570 rutundo
1786 2515 1978 2569 accidit
2004 2516 2122 2586 (ha-

555 2607 646 2659 bet
677 2605 822 2658 enim
873 2607 960 2658 hic
995 2618 1175 2661 motus
1221 2607 1544 2661 inﬁnitatem
1593 2615 1816 2675 propter
1849 2609 2118 2662 inﬁnitam

554 2697 846 2763 potentiam
913 2698 1000 2751 Dei
1041 2700 1354 2762 moventis),
1407 2699 1737 2753 immobilem
1793 2700 2119 2754 inﬁnitatem

559 2785 650 2838 Dei
693 2785 980 2840 excludit:
1027 2801 1204 2854 neque
1260 2787 1502 2842 inﬁnitas
1547 2791 1788 2842 universi
1841 2791 2122 2858 temporis,

555 2877 683 2944 quia
732 2887 888 2930 actus
922 2878 1061 2944 ejus,
1096 2893 1202 2946 quo
1238 2880 1459 2932 metitur
1492 2881 1745 2947 periodos
1774 2897 1959 2935 eorum
2007 2899 2126 2950 qua:

560 2967 613 3020 in
645 2976 888 3043 tempore
938 2978 1083 3035 sunt,
1135 2987 1404 3039 nunquam
1441 2971 1646 3038 deﬁcit,
1676 2983 1728 3028 et
1774 2989 2000 3028 numero
2045 2984 2127 3028 cst

561 3057 827 3122 inﬁnitus,
878 3059 1203 3116 inﬁnitatem
1259 3063 1354 3117 Dei
1400 3073 1642 3128 coercet,
1677 3079 1797 3133 quae
1840 3074 1920 3118 est
1964 3080 2126 3133 supra

2212 1877 2478 1937 inﬁnitus,
2511 1875 2631 1930 fons
2662 1874 2950 1930 inﬁnitatis
2981 1873 3226 1941 effector,
3264 1873 3355 1941 qui
3388 1882 3468 1926 est
3501 1885 3649 1923 unum
3679 1883 3746 1922 so-

2215 1969 2323 2022 lum
2359 1968 2655 2023 secundum
2707 1968 3066 2022 substantiam
3115 1966 3324 2021 bonum
3379 1973 3432 2018 et
3482 1961 3744 2021 inﬁnitum,

2216 2064 2305 2129 qui
2343 2075 2557 2114 omnem
2604 2060 2926 2116 inﬁnitatem
2960 2074 3026 2114 ex
3081 2059 3254 2114 nihilo
3307 2057 3455 2112 fecit.
3498 2054 3601 2108 Etsi
3632 2053 3747 2106 enim

2219 2153 2321 2207 ili:e
2373 2161 2496 2221 post
2551 2153 2721 2206 Deum
2784 2151 3080 2206 inﬁnitates
3129 2151 3409 2212 dicuntur,
3453 2161 3554 2201 non
3611 2155 3754 2198 tamen

2219 2254 2347 2299 sunt
2372 2245 2671 2299 secundum
2705 2242 3064 2298 substantiam
3115 2240 3435 2302 inﬁnitates,
3463 2239 3552 2292 sed
3592 2249 3752 2291 secun-

2220 2338 2347 2392 dum
2379 2352 2690 2392 mensuram
2735 2343 2966 2398 tantum,
3007 2342 3061 2389 et
3097 2332 3587 2404 participationem,
3613 2334 3660 2379 et
3683 2323 3751 2376 in-

2222 2429 2428 2482 ﬁnitam
2478 2427 2901 2490 multitudinem,
2936 2435 2990 2481 et
3029 2426 3336 2480 secundum
3384 2421 3543 2476 vitam
3575 2418 3752 2471 dimen-

2223 2521 2376 2574 sione
2406 2531 2703 2589 carentem,
2729 2526 2783 2572 et
2803 2517 3102 2572 secundum
3131 2524 3302 2569 totam
3343 2515 3422 2567 sui
3455 2506 3749 2580 prassential

2225 2615 2282 2668 in
2320 2612 2467 2674 tOtis,
2506 2621 2559 2664 et
2590 2611 2642 2664 id
2671 2611 2764 2680 qui
2792 2610 3011 2680 quidem
3035 2625 3064 2663 a
3097 2621 3268 2662 causa
3293 2606 3405 2660 sola
3428 2600 3687 2659 eﬁ‘eetrice.
3709 2604 3750 2650 et

2227 2719 2332 2756 non
2371 2701 2476 2755 alio
2511 2700 2669 2755 modo
2710 2701 2926 2755 habent.
2973 2698 3358 2754 Consentauee
3403 2695 3558 2762 igitur
3584 2689 3749 2742 dictum

2227 2804 2309 2847 est
2342 2795 2509 2847 Deum
2541 2808 2659 2847 esse
2689 2794 2826 2846 ultra
2849 2806 3061 2845 omnem
3089 2789 3454 2853 inﬁnitatem;
3492 2785 3624 2841 solus
3641 2779 3755 2834 enim

2229 2886 2370 2939 Deus
2408 2894 2491 2939 est
2536 2883 2770 2937 essentia
2807 2882 3075 2945 infinitus,
3111 2890 3165 2936 et
3212 2881 3336 2936 sola
3386 2877 3623 2938 essentia,
3663 2872 3753 2924 sive

2230 2976 2532 3031 substantia
2569 2976 2664 3028 Dei
2699 2987 2782 3028 est
2810 2975 3064 3041 simplex,
3092 2983 3144 3027 et
3180 2971 3468 3025 uniformis
3492 2970 3583 3037 (α),
3612 2975 3656 3020 et
3679 2977 3756 3017 ex-

2231 3082 2352 3136 pers
2390 3067 2684 3136 qualitatis,
2713 3076 2765 3120 et
2803 3067 3008 3136 quieta,
3045 3074 3099 3121 et
3131 3065 3407 3120 seditione
3435 3073 3630 3122 carens,
3653 3053 3753 3107 inﬁ-

560 3164 777 3203 omnem
815 3167 1121 3219 numerum,
1153 3163 1206 3208 et
1239 3171 1454 3209 omnem
1496 3155 1777 3224 periodum
1819 3172 1834 3208 ε
1868 3156 1993 3208 item
2025 3157 2094 3207 im
2157 3166 2199 3228 ί]
2233 3160 2362 3218 nita,
2396 3160 2753 3220 omnipotens,
2797 3167 2851 3210 et
2897 3155 3138 3210 ell'eetrix
3176 3157 3470 3221 omnium;
3499 3151 3578 3208 cui
3621 3145 3761 3220 gloria

563 3239 875 3294 nntiabiiem
903 3257 1024 3296 esse
1051 3255 1284 3299 mentem
1310 3255 1365 3298 et
1392 3247 1626 3299 animam
1649 3246 1878 3314 (scilicet
1912 3263 1936 3296 a
1977 3247 2136 3300 liber-

563 3338 671 3385 tate
705 3333 961 3403 arhitrii),
999 3343 1050 3389 et
1079 3345 1240 3390 totam
1269 3337 1432 3391 simul
1478 3339 1530 3391 in
1563 3338 1813 3392 omnibus
1841 3337 2134 3407 suicorpo-

635 3470 682 3504 ⁸³
733 3471 868 3528 Dan.
905 3489 997 3536 vn,
1031 3477 1113 3529 i0.

2244 3251 2295 3303 in
2328 3250 2896 3320 swcuiasmeulorum.
2929 3249 3126 3305 Amen.

638 3565 737 3642 (ai,
761 3565 895 3642 Quia
921 3577 997 3642 est
1020 3569 1390 3642 immutabilis
1417 3569 1716 3625 secundum
1741 3583 1866 3625 esse
1919 3579 1978 3626 et
2035 3572 2338 3627 secundum
2375 3543 2691 3626 aﬁ‘cctiones
2723 3579 2780 3626 et
2810 3572 3188 3642 operationes,
3239 3570 3508 3640 quomodo
3540 3583 3634 3625 non
3657 3574 3757 3622 sunt

564 3635 766 3705 angeli,
790 3637 917 3691 licet
946 3639 1198 3693 habeant.

575 3818 3748 3849 W“

1573 3952 1952 4038 INDEX
2032 3951 2799 4041 SCRIPTORUM

1366 4148 1445 4209 IN
1482 4145 1910 4208 DECADIBUS
1935 4145 2493 4204 CYl’AllISSIO'l‘Ji.I
2524 4146 2988 4210 CITATORUM.

1529 4283 1681 4346 Major
1704 4296 1940 4357 numerus
1971 4279 2234 4337 Decadem,
2270 4279 2429 4330 minor
2458 4287 2604 4345 caput
2625 4283 2850 4334 denotat.

648 4504 898 4562 Ahucara
929 4502 1045 4557 sive
1075 4501 1367 4561 Carrarum
1399 4505 1705 4575 episcopus.
1740 4504 1876 4559 Vide
1904 4504 2071 4563 infra,
2097 4503 2344 4573 synodus
2370 4511 2561 4556 contra
2594 4500 2947 4556 lianichmos.

649 4591 923 4646 Anastasii
959 4591 1182 4646 Siua'ta:
1211 4595 1387 4648 oratio
1421 4597 1488 4650 de
1520 4594 2029 4660 ιιηιιιειιῐίιςιιιηιἱοιιι·ν
2060 4590 2143 4654 Vl,
2183 4593 2236 4650 4.
2278 4592 2331 4652 5,
2371 4591 2423 4642 7.

649 4681 972 4737 Anastasius
1004 4683 1375 4739 Antioclteuus
1409 4684 1568 4749 libro,
1602 4684 1745 4754 quod
1780 4683 1919 4736 Deus
1947 4692 2028 4737 est
2056 4677 2579 4742 int-iretnnst-riptus,
2617 4676 2685 4739 Χ,
2715 4677 2767 4730 4.
2801 4676 2856 4729 lu
2889 4678 3064 4744 primo
3096 4675 3236 4730 libro
3273 4679 3336 4729 de
3365 4673 3556 4728 nostris
3584 4671 3772 4733 dogma-

582 4770 726 4825 tibus
766 4771 1032 4831 veritatis,
1067 4769 1182 4832 Vll,
1212 4773 1282 4836 9;
1318 4771 1411 4837 IX,
1449 4775 1515 4840 .l;
1549 4785 1742 4829 contra
1781 4772 2206 4840 Metrophydtas,
2247 4767 2380 4829 V'lll,
2412 4768 2493 4824 ιο.
2530 4767 2834 4822 Conitttans
2864 4767 3179 4836 opinionem
3232 4765 3636 4820 iilaniciiieoruut
3672 4756 3772 4808 Dio-

585 4856 801 4927 nysium
843 4857 996 4912 Alex.
1029 4859 1180 4912 citat.
1215 4860 1292 4915 id.

656 4946 904 5001 Andreas
929 4947 1208 5004 Cretensis
1243 4951 1296 5003 in
1329 4966 1526 5021 magno
1556 4965 1786 5012 canone,
1823 4949 1908 5012 Vl,
1938 4951 1988 5002 6.

654 5034 1010 5099 Athanasius,
1046 5034 1082 5094 Ι.
1112 5037 1143 5091 8
1177 5038 1196 5108 (
1225 5013 1527 5104 Quaestral
1563 5039 1914 5099 Antioviiuu,
1951 5035 2080 5094 Vill.
2115 5037 2226 5102 R);
2266 5033 2328 5095 ll,
2361 5031 2432 5095 8;
2485 5030 2576 5094 IX,
2615 5033 2664 5090 i,
2695 5030 2750 5084 2.
2801 5029 3005 5084 Contra
3042 5030 3295 5092 Arianos,
3332 5025 3441 5090 VII,
3473 5024 3492 5076 i
3524 5039 3538 5086 ;
3584 5018 3668 5108 IX,
3715 5013 3767 5074 7;

583 5122 723 5177 libro
755 5124 949 5191 primo,
978 5123 1048 5188 Χ,
1079 5125 1151 5190 4;
1188 5106 1457 5191 secundo,
1498 5123 1582 5189 Vl,
1620 5127 1691 5188 8;
1733 5124 1840 5186 Vli,
1874 5125 1904 5177 5
1934 5141 1949 5188 ;
1981 5123 2068 5190 lX,
2103 5123 2133 5176 6

2216 5123 2383 5186 ertio,
2415 5119 2502 5182 Ill,
2535 5119 2590 5180 6,
2614 5120 2682 5182 7;
2742 5117 2856 5181 Vll,
2888 5118 2956 5182 αις
2993 5126 3213 5186 quarto,
3269 5113 3359 5177 IX,
3393 5115 3444 5178 8,
3472 5111 3536 5166 9:
3589 5106 3770 5191 quinto.

587 5214 679 5278 IX,
707 5188 769 5280 6,
795 5215 848 5270 8.
889 5215 1038 5284 Disp.
1075 5188 1291 5271 Nicmna
1327 5188 1518 5271 contra
1545 5188 1794 5280 ili-ianus,
1826 5214 1910 5275 lii,
1941 5217 1991 5267 ti.
2025 5188 2141 5280 Ᾰὸγι

2222 5207 2544 5282 κηρυκτικῷ
2583 5207 2636 5259 in
2692 5207 3180 5261 Annuntiationem
3217 5206 3276 5260 Β.
3328 5201 3578 5271 Virginis,
3626 5191 3686 5253 Χ.
3729 5188 3771 5241 3-

584 5303 863 5364 Oratione,
893 5304 1052 5372 cuius
1083 5305 1337 5359 initium:
1374 5305 1634 5359 Omnibus
1666 5303 1826 5365 vobis,
1855 5305 1945 5373 qui
1979 5304 2032 5356 in
2055 5319 2214 5355 unum
2249 5297 2564 5353 convenistis
2589 5311 2606 5354 ;
2631 5309 2741 5364 quo
2771 5295 2961 5349 Patres
2993 5293 3194 5348 Nicaeui
3226 5300 3372 5346 recte
3393 5288 3476 5344 usi
3509 5289 3771 5380 sttui-'02

587 5360 874 5454 Itomoust'i,
911 5360 980 5456 X,
1014 5389 1067 5447 l.
1118 5393 1470 5463 Apologetico
1526 5407 1622 5460 pro
1657 5360 1878 5461 synodo
1924 5390 2160 5452 Nic-zona,
2213 5386 2300 5451 IV,
2335 5388 2402 5448 8:
2438 5385 2505 5451 Χ,
2544 5385 2590 5437 ίο
2649 5360 2728 5436 “De
2768 5381 3005 5434 adveni“
3031 5380 3154 5436 ~Dei
3213 5379 3267 5432 in
3320 5388 3509 5464 “im:
3530 5365 3692 5464 "(1,72
3719 5360 3776 5464 ᾧ

589 5451 974 5532 lncaruatione
1005 5451 1186 5546 Verbi:
1218 5451 1385 5547 ν,”9;
1418 5451 1604 5542 ιΧ,’5.
1645 5451 1812 5547 Epist.
1844 5478 1908 5530 ad
1961 5479 2141 5545 Serapi

2216 5464 2336 5538 iam,
2373 5472 2492 5535 vn.
2543 5473 2598 5532 δ,
2655 5469 2802 5534 ιί,9;
2865 5467 2996 5535 Vtu,
3050 5467 3118 5531 εις
3178 5465 3271 5530 lx.
3300 5465 3354 5529 5,
3389 5462 3444 5527 6,
3486 5460 3536 5553 a.
3596 5451 3777 5553 natura

589 5562 889 5621 Orthoduxi
915 5576 971 5622 et
1001 5539 1277 5633 Anomtri,
1311 5539 1398 5633 IX',
1437 5539 1550 5633 4,7
1581 5584 1596 5631 ;
1628 5539 1776 5632 Χία,
1814 5568 1882 5628 7;
1924 5568 1978 5620 in
2013 5539 2141 5634 Expt

2216 5566 2362 5622 tione
2385 5563 2507 5618 ﬁdei
2539 5563 2593 5616 in
2629 5561 2802 5630 prima
2834 5559 3046 5629 synodo
3103 5557 3123 5628 (
3152 5555 3456 5627 symbolum
3502 5539 3721 5634 intelligit
3745 5539 3773 5594 ἓ.

588 5649 679 5710 IX.
720 5653 772 5706 3.
809 5653 959 5717 Disp.
997 5667 1189 5711 contra
1225 5630 1411 5712 Ariani.
1445 5630 1536 5719 IX,
1669 5630 1872 5710 Contra
1906 5671 2020 5717 eos,
2056 5630 2148 5725 qui
2179 5653 2426 5710 serviunt
2456 5648 2636 5704 Verbis
2687 5657 2740 5702 et
2776 5663 2880 5701 non
2921 5645 3238 5701 nominibus
3281 5649 3554 5697 sacrarum
3605 5630 3775 5682 littera'

593 5753 736 5803 rum,
768 5736 857 5805 l.\',
900 5740 955 5795 6.
