  <div class='ocr_page' id='page_1' title='image "/cluster/home/n/w/nwhite01/storage/ocr_20150623/152/hvd.32044073502635/537.png"; bbox 0 0 4016 6204; ppageno 0'>
   <div class='ocr_carea' id='block_1_1' title="bbox 465 214 599 284">
    <p class='ocr_par' dir='ltr' id='par_1_1' title="bbox 465 214 599 284">
     <span class='ocr_line' id='line_1_1' title="bbox 465 214 599 284; baseline -0.037 0"><span class='ocrx_word' id='word_1_1' title='bbox 465 214 599 284; x_wconf 76' lang='grc'><strong><em>1051</em></strong></span> 
     </span>
    </p>
   </div>
   <div class='ocr_carea' id='block_1_2' title="bbox 1610 195 2528 266">
    <p class='ocr_par' dir='ltr' id='par_1_2' title="bbox 1610 195 2528 266">
     <span class='ocr_line' id='line_1_2' title="bbox 1610 195 2528 266; baseline -0.013 0"><span class='ocrx_word' id='word_1_2' title='bbox 1610 199 1979 266; x_wconf 62' lang='grc' dir='ltr'><strong><em>ΜΑΤἸἮΕῙ</em></strong></span> <span class='ocrx_word' id='word_1_3' title='bbox 1999 195 2528 260; x_wconf 79' lang='lat' dir='ltr'><strong><em>CANTACUZENI</em></strong></span> 
     </span>
    </p>
   </div>
   <div class='ocr_carea' id='block_1_3' title="bbox 3538 187 3660 251">
    <p class='ocr_par' dir='ltr' id='par_1_3' title="bbox 3538 187 3660 251">
     <span class='ocr_line' id='line_1_3' title="bbox 3538 187 3660 251; baseline 0.008 -1"><span class='ocrx_word' id='word_1_4' title='bbox 3538 187 3660 251; x_wconf 72' lang='lat'><strong><em>105?.</em></strong></span> 
     </span>
    </p>
   </div>
   <div class='ocr_carea' id='block_1_4' title="bbox 445 299 2034 393">
    <p class='ocr_par' dir='ltr' id='par_1_4' title="bbox 445 315 2017 393">
     <span class='ocr_line' id='line_1_4' title="bbox 445 315 2017 393; baseline -0.012 -9"><span class='ocrx_word' id='word_1_5' title='bbox 445 341 522 384; x_wconf 89' lang='lat' dir='ltr'><strong><em>tes</em></strong></span> <span class='ocrx_word' id='word_1_6' title='bbox 556 331 610 384; x_wconf 83' lang='lat' dir='ltr'><strong><em>in</em></strong></span> <span class='ocrx_word' id='word_1_7' title='bbox 650 326 861 381; x_wconf 78' lang='lat' dir='ltr'><strong><em>civitate</em></strong></span> <span class='ocrx_word' id='word_1_8' title='bbox 888 341 907 378; x_wconf 91' lang='lat'><strong><em>:</em></strong></span> <span class='ocrx_word' id='word_1_9' title='bbox 933 326 1302 393; x_wconf 79' lang='lat' dir='ltr'><strong><em>percusserunt</em></strong></span> <span class='ocrx_word' id='word_1_10' title='bbox 1331 334 1431 385; x_wconf 89' lang='lat' dir='ltr'><strong><em>me,</em></strong></span> <span class='ocrx_word' id='word_1_11' title='bbox 1478 315 1879 374; x_wconf 73' lang='lat' dir='ltr'><strong><em>vulneraverunt</em></strong></span> <span class='ocrx_word' id='word_1_12' title='bbox 1915 328 2017 378; x_wconf 87' lang='lat' dir='ltr'><strong><em>me,</em></strong></span> 
     </span>
    </p>
   </div>
   <div class='ocr_carea' id='block_1_5' title="bbox 2136 299 3663 393">
    <p class='ocr_par' dir='ltr' id='par_1_5' title="bbox 2136 299 3663 378">
     <span class='ocr_line' id='line_1_5' title="bbox 2136 299 3663 378; baseline -0.009 -14"><span class='ocrx_word' id='word_1_13' title='bbox 2136 310 2178 364; x_wconf 69' lang='grc' dir='ltr'><strong><em>νί</em></strong></span> <span class='ocrx_word' id='word_1_14' title='bbox 2212 310 2504 378; x_wconf 73' lang='grc' dir='ltr'>φύλακες.</span> <span class='ocrx_word' id='word_1_15' title='bbox 2563 308 2618 359; x_wconf 79' lang='grc' dir='ltr'>οι</span> <span class='ocrx_word' id='word_1_16' title='bbox 2669 303 3048 367; x_wconf 71' lang='grc' dir='ltr'><em>κυκλοῦντες</em></span> <span class='ocrx_word' id='word_1_17' title='bbox 3076 302 3143 353; x_wconf 82' lang='grc' dir='ltr'><strong><em>ἐν</em></strong></span> <span class='ocrx_word' id='word_1_18' title='bbox 3192 300 3264 368; x_wconf 75' lang='grc' dir='ltr'>τῇ</span> <span class='ocrx_word' id='word_1_19' title='bbox 3304 302 3507 353; x_wconf 74' lang='grc' dir='ltr'>πόλει·</span> <span class='ocrx_word' id='word_1_20' title='bbox 3540 299 3663 351; x_wconf 70' lang='grc' dir='ltr'>ἐκά-</span> 
     </span>
    </p>
   </div>
   <div class='ocr_carea' id='block_1_6' title="bbox 445 408 1780 474">
    <p class='ocr_par' dir='ltr' id='par_1_6' title="bbox 445 408 1780 474">
     <span class='ocr_line' id='line_1_6' title="bbox 445 408 1780 474; baseline -0.007 -1"><span class='ocrx_word' id='word_1_21' title='bbox 445 421 675 474; x_wconf 85' lang='lat' dir='ltr'><strong><em>tulerunt</em></strong></span> <span class='ocrx_word' id='word_1_22' title='bbox 706 417 1008 471; x_wconf 72' lang='lat' dir='ltr'><strong><em>theristrum</em></strong></span> <span class='ocrx_word' id='word_1_23' title='bbox 1040 429 1207 467; x_wconf 79' lang='lat' dir='ltr'><strong><em>nteant</em></strong></span> <span class='ocrx_word' id='word_1_24' title='bbox 1238 408 1477 465; x_wconf 85' lang='lat' dir='ltr'><strong><em>custodes</em></strong></span> <span class='ocrx_word' id='word_1_25' title='bbox 1513 409 1780 465; x_wconf 66' lang='lat' dir='ltr'><strong><em>manium.</em></strong></span> 
     </span>
    </p>
   </div>
   <div class='ocr_carea' id='block_1_7' title="bbox 1063 587 1389 646">
    <p class='ocr_par' dir='ltr' id='par_1_7' title="bbox 1063 587 1389 646">
     <span class='ocr_line' id='line_1_7' title="bbox 1063 587 1389 646; baseline -0.006 0"><span class='ocrx_word' id='word_1_26' title='bbox 1063 587 1353 646; x_wconf 78' lang='lat' dir='ltr'><strong><em>SCHOLIA</em></strong></span> <span class='ocrx_word' id='word_1_27' title='bbox 1376 630 1389 644; x_wconf 93' lang='lat'><strong><em>.</em></strong></span> 
     </span>
    </p>
   </div>
   <div class='ocr_carea' id='block_1_8' title="bbox 520 676 2020 753">
    <p class='ocr_par' dir='ltr' id='par_1_8' title="bbox 520 676 2020 753">
     <span class='ocr_line' id='line_1_8' title="bbox 520 676 2020 753; baseline -0.009 -11"><span class='ocrx_word' id='word_1_28' title='bbox 520 687 752 753; x_wconf 75' lang='lat' dir='ltr'><strong><em>Qumsivi</em></strong></span> <span class='ocrx_word' id='word_1_29' title='bbox 785 702 924 751; x_wconf 82' lang='lat' dir='ltr'><strong><em>eum,</em></strong></span> <span class='ocrx_word' id='word_1_30' title='bbox 957 696 1006 739; x_wconf 90' lang='lat' dir='ltr'><strong><em>et</em></strong></span> <span class='ocrx_word' id='word_1_31' title='bbox 1063 700 1165 737; x_wconf 86' lang='lat' dir='ltr'><strong><em>non</em></strong></span> <span class='ocrx_word' id='word_1_32' title='bbox 1204 682 1373 737; x_wconf 86' lang='lat' dir='ltr'><strong><em>inveni</em></strong></span> <span class='ocrx_word' id='word_1_33' title='bbox 1405 696 1544 735; x_wconf 88' lang='lat' dir='ltr'><strong><em>eum.</em></strong></span> <span class='ocrx_word' id='word_1_34' title='bbox 1574 676 1849 734; x_wconf 74' lang='lat' dir='ltr'><strong><em>Pervenit</em></strong></span> <span class='ocrx_word' id='word_1_35' title='bbox 1891 688 2020 746; x_wconf 85' lang='lat' dir='ltr'><strong><em>pro-</em></strong></span> 
     </span>
    </p>
   </div>
   <div class='ocr_carea' id='block_1_9' title="bbox 444 768 2022 851">
    <p class='ocr_par' dir='ltr' id='par_1_9' title="bbox 444 768 2022 851">
     <span class='ocr_line' id='line_1_9' title="bbox 444 768 2022 851; baseline -0.008 -18"><span class='ocrx_word' id='word_1_36' title='bbox 444 781 603 851; x_wconf 85' lang='lat' dir='ltr'><strong><em>pheta</em></strong></span> <span class='ocrx_word' id='word_1_37' title='bbox 646 788 757 833; x_wconf 90' lang='lat' dir='ltr'><strong><em>tum</em></strong></span> <span class='ocrx_word' id='word_1_38' title='bbox 797 778 903 841; x_wconf 86' lang='lat' dir='ltr'><strong><em>hic,</em></strong></span> <span class='ocrx_word' id='word_1_39' title='bbox 942 785 1054 831; x_wconf 91' lang='lat' dir='ltr'><strong><em>tum</em></strong></span> <span class='ocrx_word' id='word_1_40' title='bbox 1096 775 1227 829; x_wconf 83' lang='lat' dir='ltr'><strong><em>alibi</em></strong></span> <span class='ocrx_word' id='word_1_41' title='bbox 1275 773 1494 829; x_wconf 79' lang='lat' dir='ltr'><strong><em>concise</em></strong></span> <span class='ocrx_word' id='word_1_42' title='bbox 1534 785 1694 842; x_wconf 86' lang='lat' dir='ltr'><strong><em>pene,</em></strong></span> <span class='ocrx_word' id='word_1_43' title='bbox 1730 768 2022 840; x_wconf 61' lang='lat' dir='ltr'><strong><em>mysterio«</em></strong></span> 
     </span>
    </p>
   </div>
   <div class='ocr_carea' id='block_1_10' title="bbox 444 856 2021 939">
    <p class='ocr_par' dir='ltr' id='par_1_10' title="bbox 444 856 2021 939">
     <span class='ocr_line' id='line_1_10' title="bbox 444 856 2021 939; baseline -0.008 -13"><span class='ocrx_word' id='word_1_44' title='bbox 444 889 564 926; x_wconf 89' lang='lat' dir='ltr'><strong><em>rum</em></strong></span> <span class='ocrx_word' id='word_1_45' title='bbox 595 870 771 939; x_wconf 80' lang='lat' dir='ltr'><strong><em>capita</em></strong></span> <span class='ocrx_word' id='word_1_46' title='bbox 799 869 997 923; x_wconf 61' lang='lat' dir='ltr'><strong><em>iuturte</em></strong></span> <span class='ocrx_word' id='word_1_47' title='bbox 1024 856 1319 922; x_wconf 68' lang='lat' dir='ltr'><strong><em>Verbi’Dei</em></strong></span> <span class='ocrx_word' id='word_1_48' title='bbox 1350 864 1402 918; x_wconf 94' lang='lat' dir='ltr'><strong><em>in</em></strong></span> <span class='ocrx_word' id='word_1_49' title='bbox 1449 878 1613 918; x_wconf 87' lang='lat' dir='ltr'><strong><em>carne</em></strong></span> <span class='ocrx_word' id='word_1_50' title='bbox 1658 859 2021 931; x_wconf 89' lang='lat' dir='ltr'><strong><em>dispensatio-</em></strong></span> 
     </span>
    </p>
   </div>
   <div class='ocr_carea' id='block_1_11' title="bbox 446 953 2022 1031">
    <p class='ocr_par' dir='ltr' id='par_1_11' title="bbox 446 953 2022 1031">
     <span class='ocr_line' id='line_1_11' title="bbox 446 953 2022 1031; baseline -0.01 -12"><span class='ocrx_word' id='word_1_51' title='bbox 446 966 552 1020; x_wconf 87' lang='lat' dir='ltr'><strong><em>nis.</em></strong></span> <span class='ocrx_word' id='word_1_52' title='bbox 580 961 846 1031; x_wconf 73' lang='lat' dir='ltr'><strong><em>Repetens</em></strong></span> <span class='ocrx_word' id='word_1_53' title='bbox 877 974 1095 1029; x_wconf 89' lang='lat' dir='ltr'><strong><em>quoque</em></strong></span> <span class='ocrx_word' id='word_1_54' title='bbox 1127 958 1193 1012; x_wconf 91' lang='lat' dir='ltr'><strong><em>de</em></strong></span> <span class='ocrx_word' id='word_1_55' title='bbox 1224 957 1432 1025; x_wconf 89' lang='lat' dir='ltr'><strong><em>integro</em></strong></span> <span class='ocrx_word' id='word_1_56' title='bbox 1468 970 1562 1024; x_wconf 91' lang='lat' dir='ltr'><strong><em>per</em></strong></span> <span class='ocrx_word' id='word_1_57' title='bbox 1602 953 1779 1023; x_wconf 82' lang='lat' dir='ltr'><strong><em>capita</em></strong></span> <span class='ocrx_word' id='word_1_58' title='bbox 1815 964 2022 1006; x_wconf 89' lang='lat' dir='ltr'><strong><em>sermo-</em></strong></span> 
     </span>
    </p>
   </div>
   <div class='ocr_carea' id='block_1_12' title="bbox 445 1039 2023 1119">
    <p class='ocr_par' dir='ltr' id='par_1_12' title="bbox 445 1039 2023 1119">
     <span class='ocr_line' id='line_1_12' title="bbox 445 1039 2023 1119; baseline -0.009 -13"><span class='ocrx_word' id='word_1_59' title='bbox 445 1068 592 1117; x_wconf 91' lang='lat' dir='ltr'><strong><em>nem,</em></strong></span> <span class='ocrx_word' id='word_1_60' title='bbox 631 1062 888 1119; x_wconf 84' lang='lat' dir='ltr'><strong><em>tanquam</em></strong></span> <span class='ocrx_word' id='word_1_61' title='bbox 921 1065 983 1103; x_wconf 78' lang='lat' dir='ltr'><strong><em>ex</em></strong></span> <span class='ocrx_word' id='word_1_62' title='bbox 1006 1062 1239 1119; x_wconf 78' lang='lat' dir='ltr'><strong><em>persona</em></strong></span> <span class='ocrx_word' id='word_1_63' title='bbox 1270 1056 1435 1101; x_wconf 75' lang='lat' dir='ltr'><strong><em>casta:</em></strong></span> <span class='ocrx_word' id='word_1_64' title='bbox 1464 1044 1654 1100; x_wconf 83' lang='lat' dir='ltr'><strong><em>Matris</em></strong></span> <span class='ocrx_word' id='word_1_65' title='bbox 1676 1042 1913 1103; x_wconf 86' lang='lat' dir='ltr'><strong><em>Domini,</em></strong></span> <span class='ocrx_word' id='word_1_66' title='bbox 1940 1039 2023 1093; x_wconf 89' lang='lat' dir='ltr'><strong><em>di-</em></strong></span> 
     </span>
    </p>
   </div>
   <div class='ocr_carea' id='block_1_13' title="bbox 443 1132 2025 1206">
    <p class='ocr_par' dir='ltr' id='par_1_13' title="bbox 443 1132 2025 1206">
     <span class='ocr_line' id='line_1_13' title="bbox 443 1132 2025 1206; baseline -0.008 -9"><span class='ocrx_word' id='word_1_67' title='bbox 443 1145 520 1197; x_wconf 91' lang='lat' dir='ltr'><strong><em>cit</em></strong></span> <span class='ocrx_word' id='word_1_68' title='bbox 555 1160 571 1196; x_wconf 84' lang='lat'><strong>:</strong></span> <span class='ocrx_word' id='word_1_69' title='bbox 615 1142 847 1206; x_wconf 81' lang='lat' dir='ltr'><strong><em>Qutvsivi</em></strong></span> <span class='ocrx_word' id='word_1_70' title='bbox 888 1156 1027 1205; x_wconf 87' lang='lat' dir='ltr'><strong><em>eum,</em></strong></span> <span class='ocrx_word' id='word_1_71' title='bbox 1065 1150 1116 1193; x_wconf 91' lang='lat' dir='ltr'><strong><em>et</em></strong></span> <span class='ocrx_word' id='word_1_72' title='bbox 1165 1155 1264 1192; x_wconf 87' lang='lat' dir='ltr'><strong><em>non</em></strong></span> <span class='ocrx_word' id='word_1_73' title='bbox 1310 1138 1483 1191; x_wconf 83' lang='lat' dir='ltr'><strong><em>inveni</em></strong></span> <span class='ocrx_word' id='word_1_74' title='bbox 1520 1153 1661 1191; x_wconf 84' lang='lat' dir='ltr'><strong><em>eum.</em></strong></span> <span class='ocrx_word' id='word_1_75' title='bbox 1705 1132 1858 1201; x_wconf 85' lang='lat' dir='ltr'>Quod</span> <span class='ocrx_word' id='word_1_76' title='bbox 1890 1146 2025 1187; x_wconf 85' lang='lat' dir='ltr'><strong><em>sano</em></strong></span> 
     </span>
    </p>
   </div>
   <div class='ocr_carea' id='block_1_14' title="bbox 443 1224 2025 1303">
    <p class='ocr_par' dir='ltr' id='par_1_14' title="bbox 443 1224 2025 1303">
     <span class='ocr_line' id='line_1_14' title="bbox 443 1224 2025 1303; baseline -0.008 -15"><span class='ocrx_word' id='word_1_77' title='bbox 443 1234 791 1303; x_wconf 86' lang='lat' dir='ltr'><strong><em>interpretari</em></strong></span> <span class='ocrx_word' id='word_1_78' title='bbox 818 1232 1033 1302; x_wconf 80' lang='lat' dir='ltr'><strong><em>quidem</em></strong></span> <span class='ocrx_word' id='word_1_79' title='bbox 1055 1230 1270 1300; x_wconf 86' lang='lat' dir='ltr'><strong><em>poterit.</em></strong></span> <span class='ocrx_word' id='word_1_80' title='bbox 1296 1228 1756 1299; x_wconf 79' lang='lat' dir='ltr'><strong><em>quemadmodum</em></strong></span> <span class='ocrx_word' id='word_1_81' title='bbox 1787 1236 1913 1280; x_wconf 88' lang='lat' dir='ltr'><strong><em>ante</em></strong></span> <span class='ocrx_word' id='word_1_82' title='bbox 1937 1224 2025 1277; x_wconf 79' lang='lat' dir='ltr'><strong><em>di-</em></strong></span> 
     </span>
    </p>
   </div>
   <div class='ocr_carea' id='block_1_15' title="bbox 445 1317 2027 1388">
    <p class='ocr_par' dir='ltr' id='par_1_15' title="bbox 445 1317 2027 1388">
     <span class='ocr_line' id='line_1_15' title="bbox 445 1317 2027 1388; baseline -0.009 -7"><span class='ocrx_word' id='word_1_83' title='bbox 445 1337 593 1381; x_wconf 86' lang='lat' dir='ltr'><strong><em>etum</em></strong></span> <span class='ocrx_word' id='word_1_84' title='bbox 627 1335 730 1388; x_wconf 81' lang='lat' dir='ltr'><strong><em>est,</em></strong></span> <span class='ocrx_word' id='word_1_85' title='bbox 762 1325 867 1378; x_wconf 87' lang='lat' dir='ltr'><strong><em>hoc</em></strong></span> <span class='ocrx_word' id='word_1_86' title='bbox 916 1325 1205 1378; x_wconf 82' lang='lat' dir='ltr'><strong><em>verborum</em></strong></span> <span class='ocrx_word' id='word_1_87' title='bbox 1236 1321 1519 1376; x_wconf 77' lang='lat' dir='ltr'><strong><em>involucra</em></strong></span> <span class='ocrx_word' id='word_1_88' title='bbox 1550 1319 1805 1375; x_wconf 80' lang='lat' dir='ltr'><strong><em>eximiam</em></strong></span> <span class='ocrx_word' id='word_1_89' title='bbox 1838 1317 2027 1373; x_wconf 89' lang='lat' dir='ltr'><strong><em>Salva-</em></strong></span> 
     </span>
    </p>
   </div>
   <div class='ocr_carea' id='block_1_16' title="bbox 447 1408 2026 1485">
    <p class='ocr_par' dir='ltr' id='par_1_16' title="bbox 447 1408 2026 1485">
     <span class='ocr_line' id='line_1_16' title="bbox 447 1408 2026 1485; baseline -0.007 -14"><span class='ocrx_word' id='word_1_90' title='bbox 447 1417 587 1471; x_wconf 86' lang='lat' dir='ltr'><strong><em>toris</em></strong></span> <span class='ocrx_word' id='word_1_91' title='bbox 633 1416 685 1469; x_wconf 90' lang='lat' dir='ltr'><strong><em>in</em></strong></span> <span class='ocrx_word' id='word_1_92' title='bbox 728 1415 983 1485; x_wconf 87' lang='lat' dir='ltr'><strong><em>sepulcro</em></strong></span> <span class='ocrx_word' id='word_1_93' title='bbox 1024 1414 1263 1483; x_wconf 83' lang='lat' dir='ltr'><strong><em>requiem</em></strong></span> <span class='ocrx_word' id='word_1_94' title='bbox 1320 1412 1636 1482; x_wconf 83' lang='lat' dir='ltr'><strong><em>signiﬁcari.</em></strong></span> <span class='ocrx_word' id='word_1_95' title='bbox 1684 1410 1838 1464; x_wconf 90' lang='lat' dir='ltr'><strong><em>Tunc</em></strong></span> <span class='ocrx_word' id='word_1_96' title='bbox 1883 1408 2026 1463; x_wconf 86' lang='lat' dir='ltr'><strong><em>enim</em></strong></span> 
     </span>
    </p>
   </div>
   <div class='ocr_carea' id='block_1_17' title="bbox 447 1499 2030 1575">
    <p class='ocr_par' dir='ltr' id='par_1_17' title="bbox 447 1499 2030 1575">
     <span class='ocr_line' id='line_1_17' title="bbox 447 1499 2030 1575; baseline -0.006 -13"><span class='ocrx_word' id='word_1_97' title='bbox 447 1523 573 1562; x_wconf 90' lang='lat' dir='ltr'><strong><em>cum</em></strong></span> <span class='ocrx_word' id='word_1_98' title='bbox 595 1522 844 1575; x_wconf 57' lang='lat' dir='ltr'><strong><em>quaerens</em></strong></span> <span class='ocrx_word' id='word_1_99' title='bbox 864 1506 1231 1561; x_wconf 87' lang='lat' dir='ltr'><strong><em>sacratissima</em></strong></span> <span class='ocrx_word' id='word_1_100' title='bbox 1263 1515 1455 1563; x_wconf 87' lang='lat' dir='ltr'><strong><em>mater.</em></strong></span> <span class='ocrx_word' id='word_1_101' title='bbox 1485 1519 1591 1557; x_wconf 90' lang='lat' dir='ltr'><strong><em>non</em></strong></span> <span class='ocrx_word' id='word_1_102' title='bbox 1619 1503 1845 1559; x_wconf 83' lang='lat' dir='ltr'><strong><em>invenit.</em></strong></span> <span class='ocrx_word' id='word_1_103' title='bbox 1871 1499 2030 1553; x_wconf 84' lang='lat' dir='ltr'><strong><em>Pote-</em></strong></span> 
     </span>
    </p>
   </div>
   <div class='ocr_carea' id='block_1_18' title="bbox 450 1591 2028 1665">
    <p class='ocr_par' dir='ltr' id='par_1_18' title="bbox 450 1591 2028 1665">
     <span class='ocr_line' id='line_1_18' title="bbox 450 1591 2028 1665; baseline -0.003 -18"><span class='ocrx_word' id='word_1_104' title='bbox 450 1596 525 1648; x_wconf 85' lang='lat' dir='ltr'><strong><em>rit</em></strong></span> <span class='ocrx_word' id='word_1_105' title='bbox 540 1595 593 1648; x_wconf 80' lang='lat' dir='ltr'><strong><em>id</em></strong></span> <span class='ocrx_word' id='word_1_106' title='bbox 615 1594 777 1648; x_wconf 86' lang='lat' dir='ltr'><strong><em>etiam</em></strong></span> <span class='ocrx_word' id='word_1_107' title='bbox 799 1596 925 1664; x_wconf 86' lang='lat' dir='ltr'><strong><em>quis</em></strong></span> <span class='ocrx_word' id='word_1_108' title='bbox 945 1594 1245 1665; x_wconf 84' lang='lat' dir='ltr'><strong><em>intelligere</em></strong></span> <span class='ocrx_word' id='word_1_109' title='bbox 1266 1594 1330 1649; x_wconf 88' lang='lat' dir='ltr'><strong><em>de</em></strong></span> <span class='ocrx_word' id='word_1_110' title='bbox 1348 1593 1573 1648; x_wconf 85' lang='lat' dir='ltr'><strong><em>salutari</em></strong></span> <span class='ocrx_word' id='word_1_111' title='bbox 1610 1591 1810 1647; x_wconf 88' lang='lat' dir='ltr'><strong><em>Christi</em></strong></span> <span class='ocrx_word' id='word_1_112' title='bbox 1829 1591 2028 1645; x_wconf 83' lang='lat' dir='ltr'><strong><em>Ascen-</em></strong></span> 
     </span>
    </p>
   </div>
   <div class='ocr_carea' id='block_1_19' title="bbox 450 1683 2017 1755">
    <p class='ocr_par' dir='ltr' id='par_1_19' title="bbox 450 1683 2017 1755">
     <span class='ocr_line' id='line_1_19' title="bbox 450 1683 2017 1755; baseline -0.002 -16"><span class='ocrx_word' id='word_1_113' title='bbox 450 1688 625 1749; x_wconf 85' lang='lat' dir='ltr'><strong><em>sioue,</em></strong></span> <span class='ocrx_word' id='word_1_114' title='bbox 663 1696 785 1755; x_wconf 89' lang='lat' dir='ltr'><strong><em>post</em></strong></span> <span class='ocrx_word' id='word_1_115' title='bbox 828 1695 1261 1741; x_wconf 85' lang='lat' dir='ltr'><strong><em>consummatam</em></strong></span> <span class='ocrx_word' id='word_1_116' title='bbox 1314 1700 1530 1738; x_wconf 91' lang='lat' dir='ltr'><strong><em>omnem</em></strong></span> <span class='ocrx_word' id='word_1_117' title='bbox 1570 1684 1751 1739; x_wconf 85' lang='lat' dir='ltr'><strong><em>carnis</em></strong></span> <span class='ocrx_word' id='word_1_118' title='bbox 1801 1683 2017 1752; x_wconf 76' lang='lat' dir='ltr'><strong><em>dispen-</em></strong></span> 
     </span>
    </p>
   </div>
   <div class='ocr_carea' id='block_1_20' title="bbox 372 1768 2023 1846">
    <p class='ocr_par' dir='ltr' id='par_1_20' title="bbox 372 1768 2023 1846">
     <span class='ocr_line' id='line_1_20' title="bbox 372 1768 2023 1846; baseline -0.003 -13"><span class='ocrx_word' id='word_1_119' title='bbox 372 1768 385 1775; x_wconf 64' lang='grc'><em>’</em></span> <span class='ocrx_word' id='word_1_120' title='bbox 450 1779 739 1833; x_wconf 79' lang='lat' dir='ltr'><strong><em>sationem.</em></strong></span> <span class='ocrx_word' id='word_1_121' title='bbox 767 1782 903 1832; x_wconf 78' lang='lat' dir='ltr'><strong><em>Cum</em></strong></span> <span class='ocrx_word' id='word_1_122' title='bbox 931 1780 1074 1833; x_wconf 87' lang='lat' dir='ltr'><strong><em>enim</em></strong></span> <span class='ocrx_word' id='word_1_123' title='bbox 1110 1793 1231 1831; x_wconf 89' lang='lat' dir='ltr'><strong><em>eum</em></strong></span> <span class='ocrx_word' id='word_1_124' title='bbox 1266 1791 1321 1833; x_wconf 89' lang='lat' dir='ltr'><strong><em>ut</em></strong></span> <span class='ocrx_word' id='word_1_125' title='bbox 1350 1778 1620 1831; x_wconf 80' lang='lat' dir='ltr'><strong><em>hominem</em></strong></span> <span class='ocrx_word' id='word_1_126' title='bbox 1650 1785 1767 1846; x_wconf 87' lang='lat' dir='ltr'><strong><em>post</em></strong></span> <span class='ocrx_word' id='word_1_127' title='bbox 1814 1781 2023 1830; x_wconf 79' lang='lat' dir='ltr'><strong><em>Ascen-</em></strong></span> 
     </span>
    </p>
   </div>
   <div class='ocr_carea' id='block_1_21' title="bbox 2116 388 3665 468">
    <p class='ocr_par' dir='ltr' id='par_1_21' title="bbox 2116 388 3665 468">
     <span class='ocr_line' id='line_1_21' title="bbox 2116 388 3665 468; baseline -0.008 -14"><span class='ocrx_word' id='word_1_128' title='bbox 2116 399 2308 464; x_wconf 79' lang='grc' dir='ltr'>ταξάν</span> <span class='ocrx_word' id='word_1_129' title='bbox 2329 416 2424 468; x_wconf 78' lang='grc' dir='ltr'><strong><em>με,</em></strong></span> <span class='ocrx_word' id='word_1_130' title='bbox 2449 394 2894 467; x_wconf 62' lang='grc' dir='ltr'>ἐτωυμάτισὰν</span> <span class='ocrx_word' id='word_1_131' title='bbox 2945 409 3054 463; x_wconf 81' lang='grc' dir='ltr'>με·</span> <span class='ocrx_word' id='word_1_132' title='bbox 3082 388 3232 461; x_wconf 78' lang='grc' dir='ltr'>ἦραν</span> <span class='ocrx_word' id='word_1_133' title='bbox 3270 393 3336 446; x_wconf 84' lang='grc' dir='ltr'>τὸ</span> <span class='ocrx_word' id='word_1_134' title='bbox 3377 391 3665 459; x_wconf 76' lang='grc' dir='ltr'>θέριστρογ</span> 
     </span>
    </p>
   </div>
   <div class='ocr_carea' id='block_1_22' title="bbox 2117 484 3142 559">
    <p class='ocr_par' dir='ltr' id='par_1_22' title="bbox 2117 484 3142 559">
     <span class='ocr_line' id='line_1_22' title="bbox 2117 484 3142 559; baseline -0.011 -12"><span class='ocrx_word' id='word_1_135' title='bbox 2117 488 2221 547; x_wconf 76' lang='grc' dir='ltr'><strong><em>ἀπ’</em></strong></span> <span class='ocrx_word' id='word_1_136' title='bbox 2251 489 2401 559; x_wconf 81' lang='grc' dir='ltr'>ἐμοῦ</span> <span class='ocrx_word' id='word_1_137' title='bbox 2431 488 2703 558; x_wconf 65' lang='grc' dir='ltr'>φύλακες</span> <span class='ocrx_word' id='word_1_138' title='bbox 2727 486 2847 540; x_wconf 80' lang='grc' dir='ltr'>τῶν</span> <span class='ocrx_word' id='word_1_139' title='bbox 2876 484 3142 553; x_wconf 76' lang='grc' dir='ltr'><strong><em>τειχέων.</em></strong></span> 
     </span>
    </p>
   </div>
   <div class='ocr_carea' id='block_1_23' title="bbox 2755 578 3034 631">
    <p class='ocr_par' dir='ltr' id='par_1_23' title="bbox 2755 578 3034 631">
     <span class='ocr_line' id='line_1_23' title="bbox 2755 578 3034 631; baseline -0.004 0"><span class='ocrx_word' id='word_1_140' title='bbox 2755 578 3034 631; x_wconf 74' lang='grc' dir='ltr'><strong><em>ΣΧΟΑΙΑ.</em></strong></span> 
     </span>
    </p>
   </div>
   <div class='ocr_carea' id='block_1_24' title="bbox 2202 664 3671 746">
    <p class='ocr_par' dir='ltr' id='par_1_24' title="bbox 2202 664 3671 746">
     <span class='ocr_line' id='line_1_24' title="bbox 2202 664 3671 746; baseline -0.014 -12"><span class='ocrx_word' id='word_1_141' title='bbox 2202 678 2501 746; x_wconf 78' lang='grc' dir='ltr'>Ἐζήτησα</span> <span class='ocrx_word' id='word_1_142' title='bbox 2536 673 2726 729; x_wconf 75' lang='grc' dir='ltr'>αὑτὸν</span> <span class='ocrx_word' id='word_1_143' title='bbox 2754 672 2849 727; x_wconf 77' lang='grc' dir='ltr'>καὶ</span> <span class='ocrx_word' id='word_1_144' title='bbox 2880 673 2995 740; x_wconf 81' lang='grc' dir='ltr'><strong><em>οὐχ</em></strong></span> <span class='ocrx_word' id='word_1_145' title='bbox 3023 665 3203 738; x_wconf 81' lang='grc' dir='ltr'>εὖρον</span> <span class='ocrx_word' id='word_1_146' title='bbox 3228 668 3438 721; x_wconf 76' lang='grc' dir='ltr'>αὐτόν.</span> <span class='ocrx_word' id='word_1_147' title='bbox 3484 664 3671 729; x_wconf 82' lang='grc' dir='ltr'>Διεξελ-</span> 
     </span>
    </p>
   </div>
   <div class='ocr_carea' id='block_1_25' title="bbox 2124 756 3671 839">
    <p class='ocr_par' dir='ltr' id='par_1_25' title="bbox 2124 756 3671 839">
     <span class='ocr_line' id='line_1_25' title="bbox 2124 756 3671 839; baseline -0.012 -13"><span class='ocrx_word' id='word_1_148' title='bbox 2124 770 2233 825; x_wconf 84' lang='grc' dir='ltr'><strong><em>θὼν</em></strong></span> <span class='ocrx_word' id='word_1_149' title='bbox 2263 773 2293 825; x_wconf 86' lang='grc' dir='ltr'><strong><em>ό</em></strong></span> <span class='ocrx_word' id='word_1_150' title='bbox 2322 768 2614 839; x_wconf 83' lang='grc' dir='ltr'><strong><em>προφήτης</em></strong></span> <span class='ocrx_word' id='word_1_151' title='bbox 2645 770 2739 818; x_wconf 75' lang='grc' dir='ltr'>καὶ</span> <span class='ocrx_word' id='word_1_152' title='bbox 2763 764 2881 830; x_wconf 89' lang='grc' dir='ltr'>νῦν,</span> <span class='ocrx_word' id='word_1_153' title='bbox 2905 762 3001 816; x_wconf 75' lang='grc' dir='ltr'><strong><em>καὶ</em></strong></span> <span class='ocrx_word' id='word_1_154' title='bbox 3032 763 3090 814; x_wconf 83' lang='grc' dir='ltr'>ὲν</span> <span class='ocrx_word' id='word_1_155' title='bbox 3120 759 3351 830; x_wconf 77' lang='grc' dir='ltr'>ἑτέροις,</span> <span class='ocrx_word' id='word_1_156' title='bbox 3387 756 3460 819; x_wconf 79' lang='grc' dir='ltr'>ὥς</span> <span class='ocrx_word' id='word_1_157' title='bbox 3489 758 3542 809; x_wconf 79' lang='grc' dir='ltr'>ὲν</span> <span class='ocrx_word' id='word_1_158' title='bbox 3564 757 3671 809; x_wconf 78' lang='grc' dir='ltr'>ἑπι-</span> 
     </span>
    </p>
   </div>
   <div class='ocr_carea' id='block_1_26' title="bbox 2122 846 3673 934">
    <p class='ocr_par' dir='ltr' id='par_1_26' title="bbox 2122 846 3673 934">
     <span class='ocr_line' id='line_1_26' title="bbox 2122 846 3673 934; baseline -0.011 -18"><span class='ocrx_word' id='word_1_159' title='bbox 2122 865 2289 934; x_wconf 78' lang='grc' dir='ltr'>τομῇ,</span> <span class='ocrx_word' id='word_1_160' title='bbox 2322 864 2390 914; x_wconf 87' lang='grc' dir='ltr'>τὰ</span> <span class='ocrx_word' id='word_1_161' title='bbox 2417 860 2557 914; x_wconf 83' lang='grc' dir='ltr'><strong><em>κατά</em></strong></span> <span class='ocrx_word' id='word_1_162' title='bbox 2603 858 2702 929; x_wconf 79' lang='grc' dir='ltr'>τὴν</span> <span class='ocrx_word' id='word_1_163' title='bbox 2749 857 3015 925; x_wconf 76' lang='grc' dir='ltr'>ἔνσαρκον</span> <span class='ocrx_word' id='word_1_164' title='bbox 3061 846 3376 919; x_wconf 73' lang='grc' dir='ltr'>οἰκονομίαν</span> <span class='ocrx_word' id='word_1_165' title='bbox 3432 848 3522 901; x_wconf 83' lang='grc' dir='ltr'><strong><em>τοῦ</em></strong></span> <span class='ocrx_word' id='word_1_166' title='bbox 3558 847 3673 899; x_wconf 85' lang='grc' dir='ltr'>Θεοῦ</span> 
     </span>
    </p>
   </div>
   <div class='ocr_carea' id='block_1_27' title="bbox 2125 939 3674 1021">
    <p class='ocr_par' dir='ltr' id='par_1_27' title="bbox 2125 939 3674 1021">
     <span class='ocr_line' id='line_1_27' title="bbox 2125 939 3674 1021; baseline -0.012 -12"><span class='ocrx_word' id='word_1_167' title='bbox 2125 955 2300 1020; x_wconf 83' lang='grc' dir='ltr'>Λόγου</span> <span class='ocrx_word' id='word_1_168' title='bbox 2340 952 2685 1021; x_wconf 80' lang='grc' dir='ltr'><strong><em>γενησόμενα</em></strong></span> <span class='ocrx_word' id='word_1_169' title='bbox 2720 948 3020 1018; x_wconf 79' lang='grc' dir='ltr'><strong><em>μυστήρια,</em></strong></span> <span class='ocrx_word' id='word_1_170' title='bbox 3056 939 3674 1010; x_wconf 73' lang='grc' dir='ltr'>ἐπανακεφαλαιούμενος</span> 
     </span>
    </p>
   </div>
   <div class='ocr_carea' id='block_1_28' title="bbox 2126 1029 3673 1106">
    <p class='ocr_par' dir='ltr' id='par_1_28' title="bbox 2126 1029 3673 1106">
     <span class='ocr_line' id='line_1_28' title="bbox 2126 1029 3673 1106; baseline -0.013 -8"><span class='ocrx_word' id='word_1_171' title='bbox 2126 1046 2223 1098; x_wconf 75' lang='grc' dir='ltr'>καὶ</span> <span class='ocrx_word' id='word_1_172' title='bbox 2272 1041 2428 1104; x_wconf 73' lang='grc' dir='ltr'>αὖθις</span> <span class='ocrx_word' id='word_1_173' title='bbox 2460 1042 2549 1094; x_wconf 82' lang='grc' dir='ltr'><strong><em>τὸν</em></strong></span> <span class='ocrx_word' id='word_1_174' title='bbox 2596 1039 2772 1106; x_wconf 82' lang='grc' dir='ltr'>λόγον,</span> <span class='ocrx_word' id='word_1_175' title='bbox 2809 1037 2883 1099; x_wconf 79' lang='grc' dir='ltr'>ὡς</span> <span class='ocrx_word' id='word_1_176' title='bbox 2920 1039 2983 1089; x_wconf 85' lang='grc' dir='ltr'>ὲκ</span> <span class='ocrx_word' id='word_1_177' title='bbox 3031 1036 3130 1101; x_wconf 77' lang='grc' dir='ltr'>τῆς</span> <span class='ocrx_word' id='word_1_178' title='bbox 3156 1032 3331 1101; x_wconf 78' lang='grc' dir='ltr'>ἁγνῆς</span> <span class='ocrx_word' id='word_1_179' title='bbox 3360 1029 3451 1083; x_wconf 88' lang='grc' dir='ltr'><strong><em>τοῦ</em></strong></span> <span class='ocrx_word' id='word_1_180' title='bbox 3500 1029 3673 1097; x_wconf 79' lang='grc' dir='ltr'>Κυρίου</span> 
     </span>
    </p>
   </div>
   <div class='ocr_carea' id='block_1_29' title="bbox 2131 1115 3679 1205">
    <p class='ocr_par' dir='ltr' id='par_1_29' title="bbox 2131 1115 3679 1205">
     <span class='ocr_line' id='line_1_29' title="bbox 2131 1115 3679 1205; baseline -0.01 -19"><span class='ocrx_word' id='word_1_181' title='bbox 2131 1133 2338 1205; x_wconf 82' lang='grc' dir='ltr'>μητρός</span> <span class='ocrx_word' id='word_1_182' title='bbox 2385 1149 2555 1203; x_wconf 87' lang='grc' dir='ltr'>φησιν</span> <span class='ocrx_word' id='word_1_183' title='bbox 2577 1149 2589 1162; x_wconf 91' lang='grc'><strong>·</strong></span> <span class='ocrx_word' id='word_1_184' title='bbox 2624 1129 2939 1197; x_wconf 78' lang='grc' dir='ltr'>,Ἐζήτησα</span> <span class='ocrx_word' id='word_1_185' title='bbox 2991 1126 3202 1190; x_wconf 82' lang='grc' dir='ltr'>αὑτὸν,</span> <span class='ocrx_word' id='word_1_186' title='bbox 3236 1123 3337 1178; x_wconf 79' lang='grc' dir='ltr'><strong><em>καί</em></strong></span> <span class='ocrx_word' id='word_1_187' title='bbox 3384 1124 3495 1189; x_wconf 82' lang='grc' dir='ltr'><strong><em>οὐχ</em></strong></span> <span class='ocrx_word' id='word_1_188' title='bbox 3522 1115 3679 1187; x_wconf 72' lang='grc' dir='ltr'>εὖρον</span> 
     </span>
    </p>
   </div>
   <div class='ocr_carea' id='block_1_30' title="bbox 2128 1213 3679 1293">
    <p class='ocr_par' dir='ltr' id='par_1_30' title="bbox 2128 1213 3679 1293">
     <span class='ocr_line' id='line_1_30' title="bbox 2128 1213 3679 1293; baseline -0.013 -12"><span class='ocrx_word' id='word_1_189' title='bbox 2128 1227 2347 1281; x_wconf 76' lang='grc' dir='ltr'>αὐτόν’</span> <span class='ocrx_word' id='word_1_190' title='bbox 2406 1224 2565 1277; x_wconf 86' lang='grc' dir='ltr'>τοῦτο</span> <span class='ocrx_word' id='word_1_191' title='bbox 2623 1224 2723 1293; x_wconf 82' lang='grc' dir='ltr'>μὲν</span> <span class='ocrx_word' id='word_1_192' title='bbox 2772 1221 2838 1275; x_wconf 72' lang='grc' dir='ltr'>ἄν</span> <span class='ocrx_word' id='word_1_193' title='bbox 2886 1239 2971 1284; x_wconf 89' lang='grc' dir='ltr'><strong><em>τις</em></strong></span> <span class='ocrx_word' id='word_1_194' title='bbox 3019 1218 3169 1272; x_wconf 80' lang='grc' dir='ltr'>ὼσάν</span> <span class='ocrx_word' id='word_1_195' title='bbox 3196 1219 3413 1287; x_wconf 79' lang='grc' dir='ltr'>εἴρηται</span> <span class='ocrx_word' id='word_1_196' title='bbox 3445 1213 3679 1283; x_wconf 77' lang='grc' dir='ltr'>πρότερον</span> 
     </span>
    </p>
   </div>
   <div class='ocr_carea' id='block_1_31' title="bbox 2130 1301 3680 1388">
    <p class='ocr_par' dir='ltr' id='par_1_31' title="bbox 2130 1301 3680 1388">
     <span class='ocr_line' id='line_1_31' title="bbox 2130 1301 3680 1388; baseline -0.012 -17"><span class='ocrx_word' id='word_1_197' title='bbox 2130 1318 2374 1382; x_wconf 68' lang='grc' dir='ltr'>ικλόιϐοι,</span> <span class='ocrx_word' id='word_1_198' title='bbox 2421 1316 2520 1388; x_wconf 80' lang='grc' dir='ltr'>τὴν</span> <span class='ocrx_word' id='word_1_199' title='bbox 2570 1315 2627 1367; x_wconf 75' lang='grc' dir='ltr'>ἐν</span> <span class='ocrx_word' id='word_1_200' title='bbox 2659 1312 2737 1382; x_wconf 80' lang='grc' dir='ltr'>τῷ</span> <span class='ocrx_word' id='word_1_201' title='bbox 2775 1315 2932 1382; x_wconf 86' lang='grc' dir='ltr'>τάφῳ</span> <span class='ocrx_word' id='word_1_202' title='bbox 2961 1310 3055 1364; x_wconf 85' lang='grc' dir='ltr'><strong><em>τοῦ</em></strong></span> <span class='ocrx_word' id='word_1_203' title='bbox 3088 1309 3339 1376; x_wconf 80' lang='grc' dir='ltr'><strong><em>Σωτῆρος</em></strong></span> <span class='ocrx_word' id='word_1_204' title='bbox 3379 1301 3680 1357; x_wconf 79' lang='grc' dir='ltr'>αἰνίττεσθαι</span> 
     </span>
    </p>
   </div>
   <div class='ocr_carea' id='block_1_32' title="bbox 2131 1393 3681 1479">
    <p class='ocr_par' dir='ltr' id='par_1_32' title="bbox 2131 1393 3681 1479">
     <span class='ocr_line' id='line_1_32' title="bbox 2131 1393 3681 1479; baseline -0.013 -15"><span class='ocrx_word' id='word_1_205' title='bbox 2131 1411 2392 1479; x_wconf 80' lang='grc' dir='ltr'>ὑπερφυᾶ</span> <span class='ocrx_word' id='word_1_206' title='bbox 2418 1407 2714 1462; x_wconf 77' lang='grc' dir='ltr'><strong><em>κατάθεσιν</em></strong></span> <span class='ocrx_word' id='word_1_207' title='bbox 2737 1424 2748 1437; x_wconf 89' lang='grc'><strong>·</strong></span> <span class='ocrx_word' id='word_1_208' title='bbox 2782 1401 3085 1474; x_wconf 86' lang='grc' dir='ltr'>τηνικαῦτα</span> <span class='ocrx_word' id='word_1_209' title='bbox 3122 1401 3233 1469; x_wconf 78' lang='grc' dir='ltr'>γὰρ</span> <span class='ocrx_word' id='word_1_210' title='bbox 3262 1398 3499 1467; x_wconf 77' lang='grc' dir='ltr'><strong><em>ζητοῦσα</em></strong></span> <span class='ocrx_word' id='word_1_211' title='bbox 3520 1393 3681 1447; x_wconf 84' lang='grc' dir='ltr'>τοῦτον</span> 
     </span>
    </p>
   </div>
   <div class='ocr_carea' id='block_1_33' title="bbox 2133 1483 3684 1574">
    <p class='ocr_par' dir='ltr' id='par_1_33' title="bbox 2133 1483 3684 1574">
     <span class='ocr_line' id='line_1_33' title="bbox 2133 1483 3684 1574; baseline -0.016 -16"><span class='ocrx_word' id='word_1_212' title='bbox 2133 1505 2168 1574; x_wconf 79' lang='grc' dir='ltr'><strong>ἡ</strong></span> <span class='ocrx_word' id='word_1_213' title='bbox 2199 1503 2472 1570; x_wconf 71' lang='grc' dir='ltr'>πάναγνος</span> <span class='ocrx_word' id='word_1_214' title='bbox 2502 1501 2698 1570; x_wconf 80' lang='grc' dir='ltr'><strong><em>Μήτηρ</em></strong></span> <span class='ocrx_word' id='word_1_215' title='bbox 2749 1499 2846 1566; x_wconf 88' lang='grc' dir='ltr'>ούχ</span> <span class='ocrx_word' id='word_1_216' title='bbox 2878 1490 3061 1565; x_wconf 74' lang='grc' dir='ltr'>εὗρεν.</span> <span class='ocrx_word' id='word_1_217' title='bbox 3100 1492 3276 1546; x_wconf 86' lang='grc' dir='ltr'>Τοῦτο</span> <span class='ocrx_word' id='word_1_218' title='bbox 3308 1490 3353 1544; x_wconf 87' lang='grc' dir='ltr'>δ’</span> <span class='ocrx_word' id='word_1_219' title='bbox 3393 1488 3457 1541; x_wconf 79' lang='grc' dir='ltr'><strong><em>ἀν</em></strong></span> <span class='ocrx_word' id='word_1_220' title='bbox 3489 1503 3566 1547; x_wconf 83' lang='grc' dir='ltr'><strong><em>τις</em></strong></span> <span class='ocrx_word' id='word_1_221' title='bbox 3605 1483 3684 1535; x_wconf 73' lang='grc' dir='ltr'>καὶ</span> 
     </span>
    </p>
   </div>
   <div class='ocr_carea' id='block_1_34' title="bbox 2135 1575 3685 1663">
    <p class='ocr_par' dir='ltr' id='par_1_34' title="bbox 2135 1575 3685 1663">
     <span class='ocr_line' id='line_1_34' title="bbox 2135 1575 3685 1663; baseline -0.023 -4"><span class='ocrx_word' id='word_1_222' title='bbox 2135 1596 2217 1657; x_wconf 79' lang='grc' dir='ltr'><strong><em>εἰς</em></strong></span> <span class='ocrx_word' id='word_1_223' title='bbox 2243 1594 2342 1663; x_wconf 79' lang='grc' dir='ltr'>τὴν</span> <span class='ocrx_word' id='word_1_224' title='bbox 2377 1594 2645 1661; x_wconf 84' lang='grc' dir='ltr'>σωτήριον</span> <span class='ocrx_word' id='word_1_225' title='bbox 2679 1591 2818 1659; x_wconf 76' lang='grc' dir='ltr'>μετὰ</span> <span class='ocrx_word' id='word_1_226' title='bbox 2853 1589 2914 1641; x_wconf 71' lang='grc' dir='ltr'>τὸ</span> <span class='ocrx_word' id='word_1_227' title='bbox 2945 1589 3127 1639; x_wconf 82' lang='grc' dir='ltr'>πᾶσαν</span> <span class='ocrx_word' id='word_1_228' title='bbox 3157 1580 3474 1651; x_wconf 74' lang='grc' dir='ltr'><strong><em>οἰκονομίαν</em></strong></span> <span class='ocrx_word' id='word_1_229' title='bbox 3503 1575 3685 1643; x_wconf 83' lang='grc' dir='ltr'>πεπλη-</span> 
     </span>
    </p>
   </div>
   <div class='ocr_carea' id='block_1_35' title="bbox 2131 1668 3686 1755">
    <p class='ocr_par' dir='ltr' id='par_1_35' title="bbox 2131 1668 3686 1755">
     <span class='ocr_line' id='line_1_35' title="bbox 2131 1668 3686 1755; baseline -0.012 -18"><span class='ocrx_word' id='word_1_230' title='bbox 2131 1684 2335 1755; x_wconf 85' lang='grc' dir='ltr'>ρῶσθαι</span> <span class='ocrx_word' id='word_1_231' title='bbox 2384 1683 2477 1736; x_wconf 85' lang='grc' dir='ltr'><strong><em>τοῦ</em></strong></span> <span class='ocrx_word' id='word_1_232' title='bbox 2526 1680 2763 1752; x_wconf 84' lang='grc' dir='ltr'><strong><em>Χριστοῦ</em></strong></span> <span class='ocrx_word' id='word_1_233' title='bbox 2818 1679 3132 1747; x_wconf 66' lang='grc' dir='ltr'>ἀνάληψινο</span> <span class='ocrx_word' id='word_1_234' title='bbox 3188 1669 3550 1744; x_wconf 81' lang='grc' dir='ltr'><strong><em>ἀνθρωπικῶς</em></strong></span> <span class='ocrx_word' id='word_1_235' title='bbox 3595 1668 3686 1735; x_wconf 75' lang='grc' dir='ltr'>γὰρ</span> 
     </span>
    </p>
   </div>
   <div class='ocr_carea' id='block_1_36' title="bbox 2128 1761 3687 1847">
    <p class='ocr_par' dir='ltr' id='par_1_36' title="bbox 2128 1761 3687 1847">
     <span class='ocr_line' id='line_1_36' title="bbox 2128 1761 3687 1847; baseline -0.006 -19"><span class='ocrx_word' id='word_1_236' title='bbox 2128 1779 2267 1847; x_wconf 81' lang='grc' dir='ltr'><strong><em>μετά</em></strong></span> <span class='ocrx_word' id='word_1_237' title='bbox 2290 1775 2461 1829; x_wconf 85' lang='grc' dir='ltr'>ταῦτα</span> <span class='ocrx_word' id='word_1_238' title='bbox 2483 1775 2676 1828; x_wconf 88' lang='grc' dir='ltr'>τοῦτον</span> <span class='ocrx_word' id='word_1_239' title='bbox 2704 1772 2946 1842; x_wconf 75' lang='grc' dir='ltr'><strong><em>ζητοῦσα</em></strong></span> <span class='ocrx_word' id='word_1_240' title='bbox 2980 1769 3240 1838; x_wconf 88' lang='grc' dir='ltr'>παρεῖναι</span> <span class='ocrx_word' id='word_1_241' title='bbox 3279 1767 3314 1834; x_wconf 80' lang='grc' dir='ltr'><strong>ὴ</strong></span> <span class='ocrx_word' id='word_1_242' title='bbox 3338 1761 3687 1831; x_wconf 78' lang='grc' dir='ltr'>ὑπεράμωμος</span> 
     </span>
    </p>
   </div>
   <div class='ocr_carea' id='block_1_37' title="bbox 451 1852 2034 1940">
    <p class='ocr_par' dir='ltr' id='par_1_37' title="bbox 451 1866 2021 1940">
     <span class='ocr_line' id='line_1_37' title="bbox 451 1866 2021 1940; baseline -0.004 -15"><span class='ocrx_word' id='word_1_243' title='bbox 451 1870 659 1925; x_wconf 85' lang='lat' dir='ltr'><strong><em>sionem</em></strong></span> <span class='ocrx_word' id='word_1_244' title='bbox 693 1879 983 1940; x_wconf 70' lang='lat' dir='ltr'><strong><em>qumrcret,</em></strong></span> <span class='ocrx_word' id='word_1_245' title='bbox 1018 1878 1077 1923; x_wconf 91' lang='lat' dir='ltr'><strong><em>ut</em></strong></span> <span class='ocrx_word' id='word_1_246' title='bbox 1126 1879 1321 1938; x_wconf 58' lang='lat' dir='ltr'><strong><em>praesto</em></strong></span> <span class='ocrx_word' id='word_1_247' title='bbox 1366 1875 1533 1933; x_wconf 84' lang='lat' dir='ltr'><strong><em>esset,</em></strong></span> <span class='ocrx_word' id='word_1_248' title='bbox 1580 1868 1872 1937; x_wconf 88' lang='lat' dir='ltr'><strong><em>purissima</em></strong></span> <span class='ocrx_word' id='word_1_249' title='bbox 1928 1866 2021 1920; x_wconf 90' lang='lat' dir='ltr'><strong><em>Dei</em></strong></span> 
     </span>
    </p>
   </div>
   <div class='ocr_carea' id='block_1_38' title="bbox 2136 1852 3689 1940">
    <p class='ocr_par' dir='ltr' id='par_1_38' title="bbox 2136 1852 3689 1935">
     <span class='ocr_line' id='line_1_38' title="bbox 2136 1852 3689 1935; baseline -0.014 -14"><span class='ocrx_word' id='word_1_250' title='bbox 2136 1866 2219 1921; x_wconf 77' lang='grc' dir='ltr'><strong><em>τοῦ</em></strong></span> <span class='ocrx_word' id='word_1_251' title='bbox 2276 1865 2411 1920; x_wconf 82' lang='grc' dir='ltr'>Θεοῦ</span> <span class='ocrx_word' id='word_1_252' title='bbox 2466 1864 2789 1935; x_wconf 84' lang='grc' dir='ltr'>λοχεύτρια,</span> <span class='ocrx_word' id='word_1_253' title='bbox 2816 1864 2915 1931; x_wconf 86' lang='grc' dir='ltr'>οὑχ</span> <span class='ocrx_word' id='word_1_254' title='bbox 2948 1860 3208 1930; x_wconf 75' lang='grc' dir='ltr'><strong><em>εὕρισκεν</em></strong></span> <span class='ocrx_word' id='word_1_255' title='bbox 3255 1855 3418 1909; x_wconf 87' lang='grc' dir='ltr'>αὑτόν</span> <span class='ocrx_word' id='word_1_256' title='bbox 3442 1868 3453 1881; x_wconf 84' lang='grc'><em>’</em></span> <span class='ocrx_word' id='word_1_257' title='bbox 3484 1852 3572 1904; x_wconf 75' lang='grc' dir='ltr'><strong><em>καὶ</em></strong></span> <span class='ocrx_word' id='word_1_258' title='bbox 3605 1866 3689 1902; x_wconf 67' lang='grc' dir='ltr'>και</span> 
     </span>
    </p>
   </div>
   <div class='ocr_carea' id='block_1_39' title="bbox 450 1939 2034 2028">
    <p class='ocr_par' dir='ltr' id='par_1_39' title="bbox 450 1939 2027 2028">
     <span class='ocr_line' id='line_1_39' title="bbox 450 1939 2027 2028; baseline -0.002 -15"><span class='ocrx_word' id='word_1_259' title='bbox 450 1939 745 2027; x_wconf 82' lang='lat' dir='ltr'><strong><em>Puerpera,</em></strong></span> <span class='ocrx_word' id='word_1_260' title='bbox 792 1973 900 2012; x_wconf 88' lang='lat' dir='ltr'><strong><em>non</em></strong></span> <span class='ocrx_word' id='word_1_261' title='bbox 945 1959 1149 2017; x_wconf 81' lang='lat' dir='ltr'><strong><em>invenit</em></strong></span> <span class='ocrx_word' id='word_1_262' title='bbox 1198 1973 1343 2022; x_wconf 73' lang='lat' dir='ltr'><strong><em>eritn,</em></strong></span> <span class='ocrx_word' id='word_1_263' title='bbox 1388 1973 1559 2027; x_wconf 86' lang='lat' dir='ltr'><strong><em>neque</em></strong></span> <span class='ocrx_word' id='word_1_264' title='bbox 1606 1958 1778 2028; x_wconf 80' lang='lat' dir='ltr'><strong><em>ipsam</em></strong></span> <span class='ocrx_word' id='word_1_265' title='bbox 1817 1956 2027 2011; x_wconf 81' lang='lat' dir='ltr'><strong><em>audivit</em></strong></span> 
     </span>
    </p>
   </div>
   <div class='ocr_carea' id='block_1_40' title="bbox 2136 1939 3688 2028">
    <p class='ocr_par' dir='ltr' id='par_1_40' title="bbox 2136 1939 3688 2028">
     <span class='ocr_line' id='line_1_40' title="bbox 2136 1939 3688 2028; baseline -0.011 -19"><span class='ocrx_word' id='word_1_266' title='bbox 2136 1959 2293 2012; x_wconf 73' lang='grc' dir='ltr'>&gt;.οῦσα</span> <span class='ocrx_word' id='word_1_267' title='bbox 2325 1959 2423 2028; x_wconf 87' lang='grc' dir='ltr'>οὑχ</span> <span class='ocrx_word' id='word_1_268' title='bbox 2454 1958 2757 2026; x_wconf 83' lang='grc' dir='ltr'>ὑπήκουεν.</span> <span class='ocrx_word' id='word_1_269' title='bbox 2794 1949 2870 2026; x_wconf 61' lang='grc' dir='ltr'><strong><em>’ξι</em></strong></span> <span class='ocrx_word' id='word_1_270' title='bbox 2921 1954 2978 2006; x_wconf 76' lang='grc' dir='ltr'>δὲ</span> <span class='ocrx_word' id='word_1_271' title='bbox 3033 1951 3168 2012; x_wconf 74' lang='grc' dir='ltr'>Θεὸς</span> <span class='ocrx_word' id='word_1_272' title='bbox 3222 1947 3394 2015; x_wconf 81' lang='grc' dir='ltr'>συνῆν</span> <span class='ocrx_word' id='word_1_273' title='bbox 3421 1945 3550 2012; x_wconf 79' lang='grc' dir='ltr'>αὐτῇ</span> <span class='ocrx_word' id='word_1_274' title='bbox 3572 1958 3586 1976; x_wconf 77' lang='grc' dir='ltr'><strong><em>ο</em></strong></span> <span class='ocrx_word' id='word_1_275' title='bbox 3608 1939 3688 1994; x_wconf 79' lang='grc' dir='ltr'>καὶ</span> 
     </span>
    </p>
   </div>
   <div class='ocr_carea' id='block_1_41' title="bbox 452 2047 2028 2118">
    <p class='ocr_par' dir='ltr' id='par_1_41' title="bbox 452 2047 2028 2118">
     <span class='ocr_line' id='line_1_41' title="bbox 452 2047 2028 2118; baseline -0.002 -16"><span class='ocrx_word' id='word_1_276' title='bbox 452 2057 774 2113; x_wconf 83' lang='lat' dir='ltr'><strong><em>vocantem;</em></strong></span> <span class='ocrx_word' id='word_1_277' title='bbox 816 2048 1067 2117; x_wconf 87' lang='lat' dir='ltr'><strong><em>quamvis</em></strong></span> <span class='ocrx_word' id='word_1_278' title='bbox 1098 2058 1155 2101; x_wconf 91' lang='lat' dir='ltr'><strong><em>ut</em></strong></span> <span class='ocrx_word' id='word_1_279' title='bbox 1192 2047 1336 2103; x_wconf 86' lang='lat' dir='ltr'><strong><em>Deus</em></strong></span> <span class='ocrx_word' id='word_1_280' title='bbox 1364 2064 1488 2103; x_wconf 90' lang='lat' dir='ltr'><strong><em>cum</em></strong></span> <span class='ocrx_word' id='word_1_281' title='bbox 1522 2049 1640 2118; x_wconf 83' lang='lat' dir='ltr'><strong><em>ipsa</em></strong></span> <span class='ocrx_word' id='word_1_282' title='bbox 1682 2048 1843 2114; x_wconf 80' lang='lat' dir='ltr'><strong><em>iuret,</em></strong></span> <span class='ocrx_word' id='word_1_283' title='bbox 1889 2048 2028 2101; x_wconf 84' lang='lat' dir='ltr'><strong><em>lilia-</em></strong></span> 
     </span>
    </p>
   </div>
   <div class='ocr_carea' id='block_1_42' title="bbox 454 2139 2026 2209">
    <p class='ocr_par' dir='ltr' id='par_1_42' title="bbox 454 2139 2026 2209">
     <span class='ocr_line' id='line_1_42' title="bbox 454 2139 2026 2209; baseline -0.003 -13"><span class='ocrx_word' id='word_1_284' title='bbox 454 2142 603 2209; x_wconf 82' lang='lat' dir='ltr'><strong><em>iique</em></strong></span> <span class='ocrx_word' id='word_1_285' title='bbox 630 2139 793 2194; x_wconf 87' lang='lat' dir='ltr'><strong><em>simul</em></strong></span> <span class='ocrx_word' id='word_1_286' title='bbox 830 2147 885 2194; x_wconf 84' lang='lat' dir='ltr'><strong><em>et</em></strong></span> <span class='ocrx_word' id='word_1_287' title='bbox 928 2150 1153 2208; x_wconf 82' lang='lat' dir='ltr'><strong><em>paterno</em></strong></span> <span class='ocrx_word' id='word_1_288' title='bbox 1201 2140 1421 2204; x_wconf 66' lang='lat' dir='ltr'><strong><em>alrectu,</em></strong></span> <span class='ocrx_word' id='word_1_289' title='bbox 1472 2156 1595 2209; x_wconf 69' lang='lat' dir='ltr'><strong><em>quae</em></strong></span> <span class='ocrx_word' id='word_1_290' title='bbox 1631 2141 1803 2209; x_wconf 87' lang='lat' dir='ltr'><strong><em>ipsius</em></strong></span> <span class='ocrx_word' id='word_1_291' title='bbox 1848 2150 2026 2206; x_wconf 87' lang='lat' dir='ltr'><strong><em>erant,</em></strong></span> 
     </span>
    </p>
   </div>
   <div class='ocr_carea' id='block_1_43' title="bbox 458 2232 2027 2301">
    <p class='ocr_par' dir='ltr' id='par_1_43' title="bbox 458 2232 2027 2301">
     <span class='ocr_line' id='line_1_43' title="bbox 458 2232 2027 2301; baseline -0.001 -14"><span class='ocrx_word' id='word_1_292' title='bbox 458 2233 803 2301; x_wconf 79' lang='lat' dir='ltr'><strong><em>gubernaret.</em></strong></span> <span class='ocrx_word' id='word_1_293' title='bbox 869 2232 1183 2286; x_wconf 86' lang='lat' dir='ltr'><strong><em>Invenerunt</em></strong></span> <span class='ocrx_word' id='word_1_294' title='bbox 1208 2250 1285 2286; x_wconf 89' lang='lat' dir='ltr'><strong><em>me</em></strong></span> <span class='ocrx_word' id='word_1_295' title='bbox 1308 2234 1546 2287; x_wconf 78' lang='lat' dir='ltr'><strong><em>custodes</em></strong></span> <span class='ocrx_word' id='word_1_296' title='bbox 1569 2235 1949 2287; x_wconf 83' lang='lat' dir='ltr'><strong><em>circumeuntes</em></strong></span> <span class='ocrx_word' id='word_1_297' title='bbox 1974 2234 2027 2286; x_wconf 84' lang='lat' dir='ltr'><strong><em>in</em></strong></span> 
     </span>
    </p>
   </div>
   <div class='ocr_carea' id='block_1_44' title="bbox 458 2323 2032 2396">
    <p class='ocr_par' dir='ltr' id='par_1_44' title="bbox 458 2323 2032 2396">
     <span class='ocr_line' id='line_1_44' title="bbox 458 2323 2032 2396; baseline 0 -18"><span class='ocrx_word' id='word_1_298' title='bbox 458 2325 686 2379; x_wconf 79' lang='lat' dir='ltr'><strong><em>civitate.</em></strong></span> <span class='ocrx_word' id='word_1_299' title='bbox 726 2323 1010 2389; x_wconf 78' lang='lat' dir='ltr'><strong><em>Videlicet,</em></strong></span> <span class='ocrx_word' id='word_1_300' title='bbox 1046 2341 1166 2379; x_wconf 79' lang='lat' dir='ltr'><strong><em>cum</em></strong></span> <span class='ocrx_word' id='word_1_301' title='bbox 1200 2340 1497 2395; x_wconf 69' lang='lat' dir='ltr'><strong><em>quaererem</em></strong></span> <span class='ocrx_word' id='word_1_302' title='bbox 1530 2339 1763 2396; x_wconf 89' lang='lat' dir='ltr'><strong><em>eumque</em></strong></span> <span class='ocrx_word' id='word_1_303' title='bbox 1809 2325 2032 2379; x_wconf 87' lang='lat' dir='ltr'><strong><em>invoca-</em></strong></span> 
     </span>
    </p>
   </div>
   <div class='ocr_carea' id='block_1_45' title="bbox 460 2416 2032 2472">
    <p class='ocr_par' dir='ltr' id='par_1_45' title="bbox 460 2416 2032 2472">
     <span class='ocr_line' id='line_1_45' title="bbox 460 2416 2032 2472; baseline 0.001 -3"><span class='ocrx_word' id='word_1_304' title='bbox 460 2430 596 2471; x_wconf 88' lang='lat' dir='ltr'><strong><em>rem.</em></strong></span> <span class='ocrx_word' id='word_1_305' title='bbox 631 2425 686 2470; x_wconf 90' lang='lat' dir='ltr'><strong><em>et</em></strong></span> <span class='ocrx_word' id='word_1_306' title='bbox 720 2416 884 2471; x_wconf 93' lang='lat' dir='ltr'><strong><em>Deum</em></strong></span> <span class='ocrx_word' id='word_1_307' title='bbox 918 2431 984 2470; x_wconf 84' lang='lat' dir='ltr'><strong><em>ex</em></strong></span> <span class='ocrx_word' id='word_1_308' title='bbox 1018 2432 1102 2470; x_wconf 90' lang='lat' dir='ltr'><strong><em>me</em></strong></span> <span class='ocrx_word' id='word_1_309' title='bbox 1144 2416 1263 2472; x_wconf 86' lang='lat' dir='ltr'><strong><em>sine</em></strong></span> <span class='ocrx_word' id='word_1_310' title='bbox 1292 2417 1500 2472; x_wconf 87' lang='lat' dir='ltr'><strong><em>semine</em></strong></span> <span class='ocrx_word' id='word_1_311' title='bbox 1535 2424 1719 2471; x_wconf 84' lang='lat' dir='ltr'><strong><em>natum</em></strong></span> <span class='ocrx_word' id='word_1_312' title='bbox 1751 2430 1873 2472; x_wconf 87' lang='lat' dir='ltr'><strong><em>esse</em></strong></span> <span class='ocrx_word' id='word_1_313' title='bbox 1901 2431 2032 2470; x_wconf 87' lang='lat' dir='ltr'><strong><em>con-</em></strong></span> 
     </span>
    </p>
   </div>
   <div class='ocr_carea' id='block_1_46' title="bbox 2128 2034 3688 2119">
    <p class='ocr_par' dir='ltr' id='par_1_46' title="bbox 2128 2034 3688 2119">
     <span class='ocr_line' id='line_1_46' title="bbox 2128 2034 3688 2119; baseline -0.015 -13"><span class='ocrx_word' id='word_1_314' title='bbox 2128 2052 2321 2114; x_wconf 83' lang='grc' dir='ltr'>υίῖκῶς</span> <span class='ocrx_word' id='word_1_315' title='bbox 2347 2050 2483 2119; x_wconf 84' lang='grc' dir='ltr'>ὁμοῦ</span> <span class='ocrx_word' id='word_1_316' title='bbox 2533 2049 2629 2101; x_wconf 82' lang='grc' dir='ltr'>καὶ</span> <span class='ocrx_word' id='word_1_317' title='bbox 2660 2046 2942 2116; x_wconf 82' lang='grc' dir='ltr'>πατρικῶς</span> <span class='ocrx_word' id='word_1_318' title='bbox 2970 2045 3037 2098; x_wconf 75' lang='grc' dir='ltr'>τὰ</span> <span class='ocrx_word' id='word_1_319' title='bbox 3064 2041 3188 2096; x_wconf 76' lang='grc' dir='ltr'>κατ’</span> <span class='ocrx_word' id='word_1_320' title='bbox 3236 2039 3406 2108; x_wconf 84' lang='grc' dir='ltr'>αὑτὴν</span> <span class='ocrx_word' id='word_1_321' title='bbox 3429 2034 3688 2101; x_wconf 79' lang='grc' dir='ltr'>ὲκυὸέρνιι.</span> 
     </span>
    </p>
   </div>
   <div class='ocr_carea' id='block_1_47' title="bbox 2130 2124 3688 2210">
    <p class='ocr_par' dir='ltr' id='par_1_47' title="bbox 2130 2124 3688 2210">
     <span class='ocr_line' id='line_1_47' title="bbox 2130 2124 3688 2210; baseline -0.01 -14"><span class='ocrx_word' id='word_1_322' title='bbox 2130 2143 2412 2210; x_wconf 78' lang='grc' dir='ltr'>Εὔροσάν</span> <span class='ocrx_word' id='word_1_323' title='bbox 2458 2157 2537 2210; x_wconf 84' lang='grc' dir='ltr'><strong><em>με</em></strong></span> <span class='ocrx_word' id='word_1_324' title='bbox 2583 2142 2638 2195; x_wconf 84' lang='grc' dir='ltr'><strong><em>οι</em></strong></span> <span class='ocrx_word' id='word_1_325' title='bbox 2692 2139 2987 2208; x_wconf 72' lang='grc' dir='ltr'>φύλακες.</span> <span class='ocrx_word' id='word_1_326' title='bbox 3026 2140 3078 2191; x_wconf 80' lang='grc' dir='ltr'>οὶ</span> <span class='ocrx_word' id='word_1_327' title='bbox 3125 2134 3505 2205; x_wconf 73' lang='grc' dir='ltr'>κυκλοῦντες</span> <span class='ocrx_word' id='word_1_328' title='bbox 3531 2130 3595 2183; x_wconf 80' lang='grc' dir='ltr'><strong><em>ἐν</em></strong></span> <span class='ocrx_word' id='word_1_329' title='bbox 3628 2124 3688 2191; x_wconf 80' lang='grc' dir='ltr'>τῇ</span> 
     </span>
    </p>
   </div>
   <div class='ocr_carea' id='block_1_48' title="bbox 2132 2222 3687 2303">
    <p class='ocr_par' dir='ltr' id='par_1_48' title="bbox 2132 2222 3687 2303">
     <span class='ocr_line' id='line_1_48' title="bbox 2132 2222 3687 2303; baseline -0.01 -15"><span class='ocrx_word' id='word_1_330' title='bbox 2132 2236 2342 2289; x_wconf 75' lang='grc' dir='ltr'>πόλει·</span> <span class='ocrx_word' id='word_1_331' title='bbox 2385 2232 2576 2303; x_wconf 69' lang='grc' dir='ltr'>ἤγουν,</span> <span class='ocrx_word' id='word_1_332' title='bbox 2615 2230 2853 2299; x_wconf 81' lang='grc' dir='ltr'><strong><em>ζητοῦσα</em></strong></span> <span class='ocrx_word' id='word_1_333' title='bbox 2897 2229 3101 2292; x_wconf 80' lang='grc' dir='ltr'>τοῦτον,</span> <span class='ocrx_word' id='word_1_334' title='bbox 3150 2227 3250 2280; x_wconf 69' lang='grc' dir='ltr'>καὶ</span> <span class='ocrx_word' id='word_1_335' title='bbox 3287 2222 3687 2301; x_wconf 70' lang='grc' dir='ltr'>ἐπικαλουμένη.</span> 
     </span>
    </p>
   </div>
   <div class='ocr_carea' id='block_1_49' title="bbox 2133 2314 3689 2392">
    <p class='ocr_par' dir='ltr' id='par_1_49' title="bbox 2133 2314 3689 2392">
     <span class='ocr_line' id='line_1_49' title="bbox 2133 2314 3689 2392; baseline -0.009 -15"><span class='ocrx_word' id='word_1_336' title='bbox 2133 2326 2228 2377; x_wconf 75' lang='grc' dir='ltr'>καὶ</span> <span class='ocrx_word' id='word_1_337' title='bbox 2286 2322 2418 2376; x_wconf 77' lang='grc' dir='ltr'>Θεὸν</span> <span class='ocrx_word' id='word_1_338' title='bbox 2467 2322 2527 2386; x_wconf 79' lang='grc' dir='ltr'><strong><em>ἐξ</em></strong></span> <span class='ocrx_word' id='word_1_339' title='bbox 2580 2320 2713 2392; x_wconf 80' lang='grc' dir='ltr'>ἐμοῦ</span> <span class='ocrx_word' id='word_1_340' title='bbox 2764 2321 2892 2375; x_wconf 83' lang='grc' dir='ltr'>ἀνευ</span> <span class='ocrx_word' id='word_1_341' title='bbox 2949 2320 3160 2390; x_wconf 79' lang='grc' dir='ltr'>σπορᾶς</span> <span class='ocrx_word' id='word_1_342' title='bbox 3191 2314 3591 2387; x_wconf 83' lang='grc' dir='ltr'>ἀνομολογοῦσα</span> <span class='ocrx_word' id='word_1_343' title='bbox 3616 2328 3689 2363; x_wconf 80' lang='grc' dir='ltr'><strong><em>τι-</em></strong></span> 
     </span>
    </p>
   </div>
   <div class='ocr_carea' id='block_1_50' title="bbox 2132 2404 3689 2483">
    <p class='ocr_par' dir='ltr' id='par_1_50' title="bbox 2132 2404 3689 2483">
     <span class='ocr_line' id='line_1_50' title="bbox 2132 2404 3689 2483; baseline -0.009 -18"><span class='ocrx_word' id='word_1_344' title='bbox 2132 2414 2329 2481; x_wconf 83' lang='grc' dir='ltr'>χθέντα</span> <span class='ocrx_word' id='word_1_345' title='bbox 2349 2452 2364 2477; x_wconf 92' lang='grc'><strong><em>,</em></strong></span> <span class='ocrx_word' id='word_1_346' title='bbox 2427 2412 2503 2483; x_wconf 75' lang='grc' dir='ltr'>μὴ</span> <span class='ocrx_word' id='word_1_347' title='bbox 2558 2411 2895 2479; x_wconf 78' lang='grc' dir='ltr'>ἐνεγκόντων</span> <span class='ocrx_word' id='word_1_348' title='bbox 2923 2409 3012 2462; x_wconf 80' lang='grc' dir='ltr'><strong><em>τὸν</em></strong></span> <span class='ocrx_word' id='word_1_349' title='bbox 3042 2408 3244 2476; x_wconf 83' lang='grc' dir='ltr'>φθόνον</span> <span class='ocrx_word' id='word_1_350' title='bbox 3285 2406 3395 2459; x_wconf 84' lang='grc' dir='ltr'><strong><em>τῶν</em></strong></span> <span class='ocrx_word' id='word_1_351' title='bbox 3421 2404 3689 2458; x_wconf 75' lang='grc' dir='ltr'>δοκούντων</span> 
     </span>
    </p>
   </div>
   <div class='ocr_carea' id='block_1_51' title="bbox 458 2494 2034 2578">
    <p class='ocr_par' dir='ltr' id='par_1_51' title="bbox 458 2504 2031 2574">
     <span class='ocr_line' id='line_1_51' title="bbox 458 2504 2031 2574; baseline 0.003 -19"><span class='ocrx_word' id='word_1_352' title='bbox 458 2505 736 2556; x_wconf 87' lang='lat' dir='ltr'><strong><em>tenderem</em></strong></span> <span class='ocrx_word' id='word_1_353' title='bbox 770 2520 786 2558; x_wconf 92' lang='lat'><strong>:</strong></span> <span class='ocrx_word' id='word_1_354' title='bbox 826 2505 877 2558; x_wconf 89' lang='lat' dir='ltr'><strong><em>id</em></strong></span> <span class='ocrx_word' id='word_1_355' title='bbox 910 2519 1021 2559; x_wconf 89' lang='lat' dir='ltr'><strong><em>non</em></strong></span> <span class='ocrx_word' id='word_1_356' title='bbox 1049 2504 1354 2559; x_wconf 73' lang='lat' dir='ltr'><strong><em>ferentibus</em></strong></span> <span class='ocrx_word' id='word_1_357' title='bbox 1399 2520 1465 2559; x_wconf 82' lang='lat' dir='ltr'><strong><em>ex</em></strong></span> <span class='ocrx_word' id='word_1_358' title='bbox 1503 2505 1796 2559; x_wconf 85' lang='lat' dir='ltr'><strong><em>invidentia</em></strong></span> <span class='ocrx_word' id='word_1_359' title='bbox 1828 2504 2031 2574; x_wconf 85' lang='lat' dir='ltr'><strong><em>princi-</em></strong></span> 
     </span>
    </p>
   </div>
   <div class='ocr_carea' id='block_1_52' title="bbox 2136 2494 3703 2578">
    <p class='ocr_par' dir='ltr' id='par_1_52' title="bbox 2136 2494 3703 2578">
     <span class='ocr_line' id='line_1_52' title="bbox 2136 2494 3703 2578; baseline -0.008 -19"><span class='ocrx_word' id='word_1_360' title='bbox 2136 2505 2442 2578; x_wconf 81' lang='grc' dir='ltr'>ἀρχιερέων</span> <span class='ocrx_word' id='word_1_361' title='bbox 2459 2504 2753 2573; x_wconf 49' lang='grc' dir='ltr'>τοῦννόμου</span> <span class='ocrx_word' id='word_1_362' title='bbox 2777 2502 3136 2573; x_wconf 87' lang='grc' dir='ltr'>προεστάναι,</span> <span class='ocrx_word' id='word_1_363' title='bbox 3157 2501 3405 2570; x_wconf 82' lang='grc' dir='ltr'>ὑπέστην</span> <span class='ocrx_word' id='word_1_364' title='bbox 3430 2500 3515 2553; x_wconf 78' lang='grc' dir='ltr'>ὑπ’</span> <span class='ocrx_word' id='word_1_365' title='bbox 3536 2494 3703 2550; x_wconf 73' lang='grc' dir='ltr'>αὐτῶν</span> 
     </span>
    </p>
   </div>
   <div class='ocr_carea' id='block_1_53' title="bbox 460 2593 2034 2665">
    <p class='ocr_par' dir='ltr' id='par_1_53' title="bbox 460 2594 2034 2665">
     <span class='ocr_line' id='line_1_53' title="bbox 460 2594 2034 2665; baseline 0.003 -19"><span class='ocrx_word' id='word_1_366' title='bbox 460 2594 621 2662; x_wconf 87' lang='lat' dir='ltr'><strong><em>pibus</em></strong></span> <span class='ocrx_word' id='word_1_367' title='bbox 643 2594 1009 2656; x_wconf 85' lang='lat' dir='ltr'><strong><em>sacerdotum,</em></strong></span> <span class='ocrx_word' id='word_1_368' title='bbox 1029 2595 1121 2664; x_wconf 86' lang='lat' dir='ltr'><strong><em>qui</em></strong></span> <span class='ocrx_word' id='word_1_369' title='bbox 1150 2596 1472 2650; x_wconf 83' lang='lat' dir='ltr'><strong><em>videbantur</em></strong></span> <span class='ocrx_word' id='word_1_370' title='bbox 1497 2597 1600 2665; x_wconf 90' lang='lat' dir='ltr'><strong><em>legi</em></strong></span> <span class='ocrx_word' id='word_1_371' title='bbox 1626 2611 1881 2663; x_wconf 79' lang='lat' dir='ltr'><strong><em>praeesse,</em></strong></span> <span class='ocrx_word' id='word_1_372' title='bbox 1912 2612 2034 2663; x_wconf 80' lang='lat' dir='ltr'><strong><em>gra-</em></strong></span> 
     </span>
    </p>
   </div>
   <div class='ocr_carea' id='block_1_54' title="bbox 2136 2593 3690 2665">
    <p class='ocr_par' dir='ltr' id='par_1_54' title="bbox 2136 2593 3690 2663">
     <span class='ocr_line' id='line_1_54' title="bbox 2136 2593 3690 2663; baseline -0.006 -12"><span class='ocrx_word' id='word_1_373' title='bbox 2136 2598 2304 2653; x_wconf 83' lang='grc' dir='ltr'>δεινά.</span> <span class='ocrx_word' id='word_1_374' title='bbox 2343 2598 2617 2663; x_wconf 71' lang='grc' dir='ltr'>Φύλακες</span> <span class='ocrx_word' id='word_1_375' title='bbox 2659 2597 2704 2649; x_wconf 82' lang='grc' dir='ltr'>δ’</span> <span class='ocrx_word' id='word_1_376' title='bbox 2756 2598 2823 2650; x_wconf 83' lang='grc' dir='ltr'><strong><em>ἂν</em></strong></span> <span class='ocrx_word' id='word_1_377' title='bbox 2875 2596 3128 2649; x_wconf 74' lang='grc' dir='ltr'>καλοῖντο</span> <span class='ocrx_word' id='word_1_378' title='bbox 3157 2593 3259 2647; x_wconf 79' lang='grc' dir='ltr'><strong><em>τοῦ</em></strong></span> <span class='ocrx_word' id='word_1_379' title='bbox 3285 2595 3452 2663; x_wconf 87' lang='grc' dir='ltr'>νόμου</span> <span class='ocrx_word' id='word_1_380' title='bbox 3485 2593 3529 2644; x_wconf 79' lang='grc' dir='ltr'><strong><em>οἱ</em></strong></span> <span class='ocrx_word' id='word_1_381' title='bbox 3555 2606 3690 2657; x_wconf 80' lang='grc' dir='ltr'>τηνι-</span> 
     </span>
    </p>
   </div>
   <div class='ocr_carea' id='block_1_55' title="bbox 458 2681 2034 2759">
    <p class='ocr_par' dir='ltr' id='par_1_55' title="bbox 458 2684 2034 2757">
     <span class='ocr_line' id='line_1_55' title="bbox 458 2684 2034 2757; baseline 0.004 -21"><span class='ocrx_word' id='word_1_382' title='bbox 458 2686 547 2738; x_wconf 79' lang='lat' dir='ltr'><strong><em>via</em></strong></span> <span class='ocrx_word' id='word_1_383' title='bbox 583 2684 650 2737; x_wconf 85' lang='lat' dir='ltr'><strong><em>ah</em></strong></span> <span class='ocrx_word' id='word_1_384' title='bbox 685 2684 791 2739; x_wconf 84' lang='lat' dir='ltr'><strong><em>illis</em></strong></span> <span class='ocrx_word' id='word_1_385' title='bbox 840 2699 998 2754; x_wconf 84' lang='lat' dir='ltr'><strong><em>passa</em></strong></span> <span class='ocrx_word' id='word_1_386' title='bbox 1046 2701 1192 2741; x_wconf 88' lang='lat' dir='ltr'><strong><em>sum.</em></strong></span> <span class='ocrx_word' id='word_1_387' title='bbox 1243 2687 1496 2741; x_wconf 75' lang='lat' dir='ltr'><strong><em>Custodes</em></strong></span> <span class='ocrx_word' id='word_1_388' title='bbox 1550 2698 1725 2742; x_wconf 89' lang='lat' dir='ltr'><strong><em>autem</em></strong></span> <span class='ocrx_word' id='word_1_389' title='bbox 1776 2690 2034 2757; x_wconf 80' lang='lat' dir='ltr'><strong><em>appellari</em></strong></span> 
     </span>
    </p>
   </div>
   <div class='ocr_carea' id='block_1_56' title="bbox 2136 2681 3691 2759">
    <p class='ocr_par' dir='ltr' id='par_1_56' title="bbox 2140 2684 3691 2759">
     <span class='ocr_line' id='line_1_56' title="bbox 2140 2684 3691 2759; baseline -0.005 -17"><span class='ocrx_word' id='word_1_390' title='bbox 2140 2689 2315 2744; x_wconf 85' lang='grc' dir='ltr'>καῦτα</span> <span class='ocrx_word' id='word_1_391' title='bbox 2369 2688 2477 2741; x_wconf 87' lang='grc' dir='ltr'><strong><em>τῶν</em></strong></span> <span class='ocrx_word' id='word_1_392' title='bbox 2522 2688 2793 2741; x_wconf 81' lang='grc' dir='ltr'>Ἰουδαίων</span> <span class='ocrx_word' id='word_1_393' title='bbox 2840 2688 3156 2759; x_wconf 82' lang='grc' dir='ltr'>ἀρχιερεῖς,</span> <span class='ocrx_word' id='word_1_394' title='bbox 3200 2687 3284 2748; x_wconf 76' lang='grc' dir='ltr'><strong><em>ὡς</em></strong></span> <span class='ocrx_word' id='word_1_395' title='bbox 3330 2685 3407 2755; x_wconf 83' lang='grc' dir='ltr'>τῷ</span> <span class='ocrx_word' id='word_1_396' title='bbox 3436 2684 3691 2755; x_wconf 77' lang='grc' dir='ltr'>γράμματι</span> 
     </span>
    </p>
   </div>
   <div class='ocr_carea' id='block_1_57' title="bbox 460 2774 2034 2852">
    <p class='ocr_par' dir='ltr' id='par_1_57' title="bbox 460 2776 2034 2849">
     <span class='ocr_line' id='line_1_57' title="bbox 460 2776 2034 2849; baseline 0.006 -21"><span class='ocrx_word' id='word_1_397' title='bbox 460 2785 695 2845; x_wconf 63' lang='lat' dir='ltr'><strong><em>possunt</em></strong></span> <span class='ocrx_word' id='word_1_398' title='bbox 722 2776 856 2845; x_wconf 77' lang='lat' dir='ltr'><strong><em>legis</em></strong></span> <span class='ocrx_word' id='word_1_399' title='bbox 899 2778 1180 2844; x_wconf 78' lang='lat' dir='ltr'><strong><em>pontiﬁces</em></strong></span> <span class='ocrx_word' id='word_1_400' title='bbox 1210 2778 1521 2834; x_wconf 68' lang='lat' dir='ltr'><strong><em>Iudaeorum</em></strong></span> <span class='ocrx_word' id='word_1_401' title='bbox 1560 2790 1708 2848; x_wconf 88' lang='lat' dir='ltr'><strong><em>tunc,</em></strong></span> <span class='ocrx_word' id='word_1_402' title='bbox 1740 2790 1922 2848; x_wconf 82' lang='lat' dir='ltr'><strong><em>utpote</em></strong></span> <span class='ocrx_word' id='word_1_403' title='bbox 1945 2787 2034 2849; x_wconf 89' lang='lat' dir='ltr'><strong><em>qui</em></strong></span> 
     </span>
    </p>
   </div>
   <div class='ocr_carea' id='block_1_58' title="bbox 2136 2774 3691 2852">
    <p class='ocr_par' dir='ltr' id='par_1_58' title="bbox 2143 2774 3691 2852">
     <span class='ocr_line' id='line_1_58' title="bbox 2143 2774 3691 2852; baseline -0.007 -17"><span class='ocrx_word' id='word_1_404' title='bbox 2143 2783 2290 2852; x_wconf 85' lang='grc' dir='ltr'>μόνῳ</span> <span class='ocrx_word' id='word_1_405' title='bbox 2348 2782 2803 2850; x_wconf 73' lang='grc' dir='ltr'>προσανέχοντες,</span> <span class='ocrx_word' id='word_1_406' title='bbox 2843 2781 3035 2852; x_wconf 76' lang='grc' dir='ltr'>πόρρω</span> <span class='ocrx_word' id='word_1_407' title='bbox 3097 2779 3153 2831; x_wconf 80' lang='grc' dir='ltr'>δὲ</span> <span class='ocrx_word' id='word_1_408' title='bbox 3216 2774 3333 2832; x_wconf 65' lang='grc' dir='ltr'><strong><em>τῶν</em></strong></span> <span class='ocrx_word' id='word_1_409' title='bbox 3393 2775 3691 2843; x_wconf 75' lang='grc' dir='ltr'>ἐγκειμένων</span> 
     </span>
    </p>
   </div>
   <div class='ocr_carea' id='block_1_59' title="bbox 460 2865 2034 2942">
    <p class='ocr_par' dir='ltr' id='par_1_59' title="bbox 460 2865 2034 2942">
     <span class='ocr_line' id='line_1_59' title="bbox 460 2865 2034 2942; baseline 0.004 -22"><span class='ocrx_word' id='word_1_410' title='bbox 460 2865 564 2920; x_wconf 79' lang='lat' dir='ltr'><strong><em>soli</em></strong></span> <span class='ocrx_word' id='word_1_411' title='bbox 596 2866 783 2921; x_wconf 65' lang='lat' dir='ltr'><strong><em>littera:</em></strong></span> <span class='ocrx_word' id='word_1_412' title='bbox 813 2868 1273 2934; x_wconf 81' lang='lat' dir='ltr'><strong><em>adhaeresceutes,</em></strong></span> <span class='ocrx_word' id='word_1_413' title='bbox 1303 2870 1460 2942; x_wconf 88' lang='lat' dir='ltr'><strong><em>longe</em></strong></span> <span class='ocrx_word' id='word_1_414' title='bbox 1499 2872 1715 2941; x_wconf 88' lang='lat' dir='ltr'><strong><em>quidem</em></strong></span> <span class='ocrx_word' id='word_1_415' title='bbox 1761 2872 1983 2926; x_wconf 85' lang='lat' dir='ltr'><strong><em>aberant</em></strong></span> <span class='ocrx_word' id='word_1_416' title='bbox 2009 2888 2034 2926; x_wconf 83' lang='lat' dir='ltr'><strong><em>a</em></strong></span> 
     </span>
    </p>
   </div>
   <div class='ocr_carea' id='block_1_60' title="bbox 2136 2865 3692 2942">
    <p class='ocr_par' dir='ltr' id='par_1_60' title="bbox 2143 2867 3692 2935">
     <span class='ocr_line' id='line_1_60' title="bbox 2143 2867 3692 2935; baseline -0.006 -8"><span class='ocrx_word' id='word_1_417' title='bbox 2143 2874 2365 2928; x_wconf 85' lang='grc' dir='ltr'>ὲννοιῶν</span> <span class='ocrx_word' id='word_1_418' title='bbox 2406 2872 2633 2935; x_wconf 73' lang='grc' dir='ltr'>ἑαυτοὺς</span> <span class='ocrx_word' id='word_1_419' title='bbox 2664 2874 3085 2935; x_wconf 81' lang='grc' dir='ltr'>ἀπελαύνοντες.</span> <span class='ocrx_word' id='word_1_420' title='bbox 3121 2875 3189 2926; x_wconf 84' lang='grc' dir='ltr'><strong><em>οι</em></strong></span> <span class='ocrx_word' id='word_1_421' title='bbox 3237 2870 3594 2932; x_wconf 67' lang='grc' dir='ltr'>κυκλοῦντες</span> <span class='ocrx_word' id='word_1_422' title='bbox 3634 2867 3692 2918; x_wconf 72' lang='grc' dir='ltr'>ἐν</span> 
     </span>
    </p>
   </div>
   <div class='ocr_carea' id='block_1_61' title="bbox 463 2958 2034 3036">
    <p class='ocr_par' dir='ltr' id='par_1_61' title="bbox 463 2958 2033 3028">
     <span class='ocr_line' id='line_1_61' title="bbox 463 2958 2033 3028; baseline 0.004 -18"><span class='ocrx_word' id='word_1_423' title='bbox 463 2970 652 3021; x_wconf 84' lang='lat' dir='ltr'><strong><em>sensu,</em></strong></span> <span class='ocrx_word' id='word_1_424' title='bbox 682 2958 773 3027; x_wconf 92' lang='lat' dir='ltr'><strong><em>qui</em></strong></span> <span class='ocrx_word' id='word_1_425' title='bbox 808 2958 861 3012; x_wconf 92' lang='lat' dir='ltr'><strong><em>in</em></strong></span> <span class='ocrx_word' id='word_1_426' title='bbox 891 2958 999 3013; x_wconf 90' lang='lat' dir='ltr'><strong><em>illis</em></strong></span> <span class='ocrx_word' id='word_1_427' title='bbox 1030 2959 1225 3016; x_wconf 88' lang='lat' dir='ltr'><strong><em>inerat.</em></strong></span> <span class='ocrx_word' id='word_1_428' title='bbox 1256 2960 1655 3027; x_wconf 47' lang='lat' dir='ltr'><strong><em>Circu‘meuntes</em></strong></span> <span class='ocrx_word' id='word_1_429' title='bbox 1701 2964 1753 3015; x_wconf 90' lang='lat' dir='ltr'><strong><em>in</em></strong></span> <span class='ocrx_word' id='word_1_430' title='bbox 1788 2964 2033 3028; x_wconf 86' lang='lat' dir='ltr'><strong><em>civitate;</em></strong></span> 
     </span>
    </p>
   </div>
   <div class='ocr_carea' id='block_1_62' title="bbox 2136 2958 3689 3036">
    <p class='ocr_par' dir='ltr' id='par_1_62' title="bbox 2139 2958 3689 3036">
     <span class='ocr_line' id='line_1_62' title="bbox 2139 2958 3689 3036; baseline -0.008 -16"><span class='ocrx_word' id='word_1_431' title='bbox 2139 2966 2212 3035; x_wconf 73' lang='grc' dir='ltr'>τῇ</span> <span class='ocrx_word' id='word_1_432' title='bbox 2246 2968 2440 3031; x_wconf 67' lang='grc' dir='ltr'>πόλει,</span> <span class='ocrx_word' id='word_1_433' title='bbox 2492 2966 2795 3027; x_wconf 83' lang='grc' dir='ltr'>τουτέστιν,</span> <span class='ocrx_word' id='word_1_434' title='bbox 2842 2966 2893 3017; x_wconf 83' lang='grc' dir='ltr'>οἱ</span> <span class='ocrx_word' id='word_1_435' title='bbox 2942 2967 3070 3036; x_wconf 84' lang='grc' dir='ltr'>περὶ</span> <span class='ocrx_word' id='word_1_436' title='bbox 3109 2964 3179 3018; x_wconf 76' lang='grc' dir='ltr'><strong><em>τὰ</em></strong></span> <span class='ocrx_word' id='word_1_437' title='bbox 3227 2966 3366 3018; x_wconf 85' lang='grc' dir='ltr'><strong><em>αὑτά</em></strong></span> <span class='ocrx_word' id='word_1_438' title='bbox 3398 2964 3487 3016; x_wconf 82' lang='grc' dir='ltr'>καὶ</span> <span class='ocrx_word' id='word_1_439' title='bbox 3518 2962 3569 3012; x_wconf 82' lang='grc' dir='ltr'>ἐν</span> <span class='ocrx_word' id='word_1_440' title='bbox 3594 2958 3689 3015; x_wconf 81' lang='grc' dir='ltr'>τοῖς</span> 
     </span>
    </p>
   </div>
   <div class='ocr_carea' id='block_1_63' title="bbox 464 3046 2034 3128">
    <p class='ocr_par' dir='ltr' id='par_1_63' title="bbox 464 3046 2034 3123">
     <span class='ocr_line' id='line_1_63' title="bbox 464 3046 2034 3123; baseline 0.004 -23"><span class='ocrx_word' id='word_1_441' title='bbox 464 3046 569 3109; x_wconf 76' lang='lat' dir='ltr'><strong><em>hoc</em></strong></span> <span class='ocrx_word' id='word_1_442' title='bbox 610 3057 712 3111; x_wconf 86' lang='lat' dir='ltr'><strong><em>est.</em></strong></span> <span class='ocrx_word' id='word_1_443' title='bbox 768 3048 861 3119; x_wconf 87' lang='lat' dir='ltr'><strong><em>qui</em></strong></span> <span class='ocrx_word' id='word_1_444' title='bbox 916 3050 1060 3105; x_wconf 88' lang='lat' dir='ltr'><strong><em>circa</em></strong></span> <span class='ocrx_word' id='word_1_445' title='bbox 1114 3050 1377 3119; x_wconf 86' lang='lat' dir='ltr'><strong><em>litteram,</em></strong></span> <span class='ocrx_word' id='word_1_446' title='bbox 1430 3061 1484 3107; x_wconf 82' lang='lat' dir='ltr'><strong><em>et</em></strong></span> <span class='ocrx_word' id='word_1_447' title='bbox 1514 3052 1568 3107; x_wconf 91' lang='lat' dir='ltr'><strong><em>in</em></strong></span> <span class='ocrx_word' id='word_1_448' title='bbox 1609 3053 1786 3107; x_wconf 88' lang='lat' dir='ltr'><strong><em>littera</em></strong></span> <span class='ocrx_word' id='word_1_449' title='bbox 1824 3068 2034 3123; x_wconf 88' lang='lat' dir='ltr'><strong><em>semper</em></strong></span> 
     </span>
    </p>
   </div>
   <div class='ocr_carea' id='block_1_64' title="bbox 2136 3046 3718 3128">
    <p class='ocr_par' dir='ltr' id='par_1_64' title="bbox 2144 3048 3718 3128">
     <span class='ocr_line' id='line_1_64' title="bbox 2144 3048 3718 3128; baseline -0.009 -16"><span class='ocrx_word' id='word_1_450' title='bbox 2144 3054 2345 3121; x_wconf 78' lang='grc' dir='ltr'>αὐτοῖς’</span> <span class='ocrx_word' id='word_1_451' title='bbox 2376 3059 2463 3110; x_wconf 75' lang='grc' dir='ltr'>ἀεὶ</span> <span class='ocrx_word' id='word_1_452' title='bbox 2494 3058 2944 3128; x_wconf 72' lang='grc' dir='ltr'>συστρεφόμενοι,</span> <span class='ocrx_word' id='word_1_453' title='bbox 2984 3059 3073 3110; x_wconf 69' lang='grc' dir='ltr'><strong><em>καὶ</em></strong></span> <span class='ocrx_word' id='word_1_454' title='bbox 3133 3057 3308 3126; x_wconf 81' lang='grc' dir='ltr'>μηδὲν</span> <span class='ocrx_word' id='word_1_455' title='bbox 3346 3054 3541 3123; x_wconf 72' lang='grc' dir='ltr'>ὑψηλὸν</span> <span class='ocrx_word' id='word_1_456' title='bbox 3584 3048 3718 3117; x_wconf 73' lang='grc' dir='ltr'>περὶ.</span> 
     </span>
    </p>
   </div>
   <div class='ocr_carea' id='block_1_65' title="bbox 464 3139 2034 3217">
    <p class='ocr_par' dir='ltr' id='par_1_65' title="bbox 464 3139 2034 3206">
     <span class='ocr_line' id='line_1_65' title="bbox 464 3139 2034 3206; baseline 0.007 -16"><span class='ocrx_word' id='word_1_457' title='bbox 464 3149 767 3206; x_wconf 72' lang='lat' dir='ltr'><strong><em>versantes,</em></strong></span> <span class='ocrx_word' id='word_1_458' title='bbox 810 3139 946 3195; x_wconf 81' lang='lat' dir='ltr'><strong><em>nihil</em></strong></span> <span class='ocrx_word' id='word_1_459' title='bbox 970 3142 1249 3198; x_wconf 81' lang='lat' dir='ltr'><strong><em>excelsum</em></strong></span> <span class='ocrx_word' id='word_1_460' title='bbox 1279 3144 1345 3200; x_wconf 88' lang='lat' dir='ltr'><strong><em>de</em></strong></span> <span class='ocrx_word' id='word_1_461' title='bbox 1378 3145 1486 3199; x_wconf 91' lang='lat' dir='ltr'><strong><em>Deo</em></strong></span> <span class='ocrx_word' id='word_1_462' title='bbox 1517 3146 1779 3201; x_wconf 87' lang='lat' dir='ltr'><strong><em>sentiunt.</em></strong></span> <span class='ocrx_word' id='word_1_463' title='bbox 1815 3146 2034 3201; x_wconf 87' lang='lat' dir='ltr'><strong><em>Percus-</em></strong></span> 
     </span>
    </p>
   </div>
   <div class='ocr_carea' id='block_1_66' title="bbox 2136 3139 3690 3217">
    <p class='ocr_par' dir='ltr' id='par_1_66' title="bbox 2142 3139 3690 3217">
     <span class='ocr_line' id='line_1_66' title="bbox 2142 3139 3690 3217; baseline -0.008 -14"><span class='ocrx_word' id='word_1_464' title='bbox 2142 3148 2277 3203; x_wconf 76' lang='grc' dir='ltr'>Θεοῦ</span> <span class='ocrx_word' id='word_1_465' title='bbox 2301 3148 2695 3217; x_wconf 76' lang='grc' dir='ltr'>διανοούμενοι.</span> <span class='ocrx_word' id='word_1_466' title='bbox 2735 3146 3078 3212; x_wconf 76' lang='grc' dir='ltr'>Ἐπάταξάν</span> <span class='ocrx_word' id='word_1_467' title='bbox 3115 3162 3219 3215; x_wconf 82' lang='grc' dir='ltr'>με·</span> <span class='ocrx_word' id='word_1_468' title='bbox 3264 3148 3449 3215; x_wconf 70' lang='grc' dir='ltr'>ἧγουν,</span> <span class='ocrx_word' id='word_1_469' title='bbox 3481 3139 3690 3212; x_wconf 73' lang='grc' dir='ltr'>ἡλγννάν</span> 
     </span>
    </p>
   </div>
   <div class='ocr_carea' id='block_1_67' title="bbox 462 3226 2034 3308">
    <p class='ocr_par' dir='ltr' id='par_1_67' title="bbox 462 3235 2034 3306">
     <span class='ocr_line' id='line_1_67' title="bbox 462 3235 2034 3306; baseline 0.006 -23"><span class='ocrx_word' id='word_1_470' title='bbox 462 3240 644 3285; x_wconf 85' lang='lat' dir='ltr'><strong><em>serunt</em></strong></span> <span class='ocrx_word' id='word_1_471' title='bbox 677 3249 780 3300; x_wconf 86' lang='lat' dir='ltr'><strong><em>me,</em></strong></span> <span class='ocrx_word' id='word_1_472' title='bbox 826 3235 1096 3301; x_wconf 79' lang='lat' dir='ltr'><strong><em>videlicet,</em></strong></span> <span class='ocrx_word' id='word_1_473' title='bbox 1143 3236 1292 3306; x_wconf 80' lang='lat' dir='ltr'><strong><em>gravi</em></strong></span> <span class='ocrx_word' id='word_1_474' title='bbox 1341 3251 1429 3291; x_wconf 82' lang='lat' dir='ltr'><strong><em>me</em></strong></span> <span class='ocrx_word' id='word_1_475' title='bbox 1483 3237 1670 3293; x_wconf 88' lang='lat' dir='ltr'><strong><em>dolore</em></strong></span> <span class='ocrx_word' id='word_1_476' title='bbox 1719 3238 2034 3303; x_wconf 69' lang='lat' dir='ltr'><strong><em>affecerunt,</em></strong></span> 
     </span>
    </p>
   </div>
   <div class='ocr_carea' id='block_1_68' title="bbox 2136 3226 3691 3308">
    <p class='ocr_par' dir='ltr' id='par_1_68' title="bbox 2145 3226 3691 3308">
     <span class='ocr_line' id='line_1_68' title="bbox 2145 3226 3691 3308; baseline -0.009 -16"><span class='ocrx_word' id='word_1_477' title='bbox 2145 3255 2235 3308; x_wconf 86' lang='grc' dir='ltr'><strong><em>με,</em></strong></span> <span class='ocrx_word' id='word_1_478' title='bbox 2272 3241 2343 3291; x_wconf 78' lang='grc' dir='ltr'><strong><em>,ὲν</em></strong></span> <span class='ocrx_word' id='word_1_479' title='bbox 2388 3232 2470 3301; x_wconf 74' lang='grc' dir='ltr'>οἷς</span> <span class='ocrx_word' id='word_1_480' title='bbox 2508 3236 2856 3289; x_wconf 79' lang='grc' dir='ltr'>ὲπεδείκυντο</span> <span class='ocrx_word' id='word_1_481' title='bbox 2917 3235 3111 3298; x_wconf 85' lang='grc' dir='ltr'>δεινοῖς</span> <span class='ocrx_word' id='word_1_482' title='bbox 3160 3236 3303 3305; x_wconf 68' lang='grc' dir='ltr'>πρδς</span> <span class='ocrx_word' id='word_1_483' title='bbox 3334 3234 3431 3304; x_wconf 76' lang='grc' dir='ltr'><strong><em>τὴν</em></strong></span> <span class='ocrx_word' id='word_1_484' title='bbox 3463 3229 3550 3282; x_wconf 88' lang='grc' dir='ltr'><strong><em>τοῦ</em></strong></span> <span class='ocrx_word' id='word_1_485' title='bbox 3578 3226 3691 3281; x_wconf 68' lang='grc' dir='ltr'>θεοῦ</span> 
     </span>
    </p>
   </div>
   <div class='ocr_carea' id='block_1_69' title="bbox 464 3319 2034 3398">
    <p class='ocr_par' dir='ltr' id='par_1_69' title="bbox 464 3323 2034 3398">
     <span class='ocr_line' id='line_1_69' title="bbox 464 3323 2034 3398; baseline 0.008 -27"><span class='ocrx_word' id='word_1_486' title='bbox 464 3334 591 3373; x_wconf 83' lang='lat' dir='ltr'><strong><em>cum</em></strong></span> <span class='ocrx_word' id='word_1_487' title='bbox 624 3323 762 3375; x_wconf 86' lang='lat' dir='ltr'><strong><em>mala</em></strong></span> <span class='ocrx_word' id='word_1_488' title='bbox 794 3324 970 3393; x_wconf 83' lang='lat' dir='ltr'><strong><em>palam</em></strong></span> <span class='ocrx_word' id='word_1_489' title='bbox 1009 3325 1274 3382; x_wconf 83' lang='lat' dir='ltr'><strong><em>inferrent</em></strong></span> <span class='ocrx_word' id='word_1_490' title='bbox 1303 3326 1393 3383; x_wconf 92' lang='lat' dir='ltr'><strong><em>Dei</em></strong></span> <span class='ocrx_word' id='word_1_491' title='bbox 1434 3326 1709 3395; x_wconf 57' lang='lat' dir='ltr'><strong><em>Ecclesiae,</em></strong></span> <span class='ocrx_word' id='word_1_492' title='bbox 1766 3330 2034 3398; x_wconf 78' lang='lat' dir='ltr'><strong><em>expellen-</em></strong></span> 
     </span>
    </p>
   </div>
   <div class='ocr_carea' id='block_1_70' title="bbox 2136 3319 3693 3398">
    <p class='ocr_par' dir='ltr' id='par_1_70' title="bbox 2154 3319 3693 3398">
     <span class='ocr_line' id='line_1_70' title="bbox 2154 3319 3693 3398; baseline -0.009 -18"><span class='ocrx_word' id='word_1_493' title='bbox 2154 3328 2503 3398; x_wconf 75' lang='grc' dir='ltr'>Ἐκκλησίαν,</span> <span class='ocrx_word' id='word_1_494' title='bbox 2555 3327 2957 3389; x_wconf 82' lang='grc' dir='ltr'>ἀπελαύνοντες</span> <span class='ocrx_word' id='word_1_495' title='bbox 3009 3324 3134 3387; x_wconf 82' lang='grc' dir='ltr'>τοὺς</span> <span class='ocrx_word' id='word_1_496' title='bbox 3180 3325 3451 3394; x_wconf 78' lang='grc' dir='ltr'>μαθητὰς,</span> <span class='ocrx_word' id='word_1_497' title='bbox 3488 3322 3571 3373; x_wconf 73' lang='grc' dir='ltr'><strong><em>καὶ</em></strong></span> <span class='ocrx_word' id='word_1_498' title='bbox 3616 3319 3693 3370; x_wconf 76' lang='grc' dir='ltr'>τὸν</span> 
     </span>
    </p>
   </div>
   <div class='ocr_carea' id='block_1_71' title="bbox 467 3408 2034 3490">
    <p class='ocr_par' dir='ltr' id='par_1_71' title="bbox 467 3413 2034 3490">
     <span class='ocr_line' id='line_1_71' title="bbox 467 3413 2034 3490; baseline 0.01 -26"><span class='ocrx_word' id='word_1_499' title='bbox 467 3419 552 3465; x_wconf 89' lang='lat' dir='ltr'><strong><em>tes</em></strong></span> <span class='ocrx_word' id='word_1_500' title='bbox 612 3413 1006 3485; x_wconf 52' lang='lat' dir='ltr'><strong><em>discipulos,“</em></strong></span> <span class='ocrx_word' id='word_1_501' title='bbox 1041 3415 1321 3489; x_wconf 81' lang='lat' dir='ltr'><strong><em>Evangelii</em></strong></span> <span class='ocrx_word' id='word_1_502' title='bbox 1350 3421 1663 3490; x_wconf 86' lang='lat' dir='ltr'><strong><em>progressui</em></strong></span> <span class='ocrx_word' id='word_1_503' title='bbox 1688 3422 2034 3480; x_wconf 86' lang='lat' dir='ltr'><strong><em>obsistentes.</em></strong></span> 
     </span>
    </p>
   </div>
   <div class='ocr_carea' id='block_1_72' title="bbox 2136 3408 3692 3490">
    <p class='ocr_par' dir='ltr' id='par_1_72' title="bbox 2140 3408 3692 3490">
     <span class='ocr_line' id='line_1_72' title="bbox 2140 3408 3692 3490; baseline -0.008 -17"><span class='ocrx_word' id='word_1_504' title='bbox 2140 3420 2343 3490; x_wconf 86' lang='grc' dir='ltr'>δρόμον</span> <span class='ocrx_word' id='word_1_505' title='bbox 2391 3419 2497 3473; x_wconf 56' lang='grc' dir='ltr'>τοῦ,</span> <span class='ocrx_word' id='word_1_506' title='bbox 2522 3418 2860 3488; x_wconf 85' lang='grc' dir='ltr'>Εὑαγγε).ίου</span> <span class='ocrx_word' id='word_1_507' title='bbox 2915 3417 3245 3479; x_wconf 83' lang='grc' dir='ltr'>κωλύοντες.</span> <span class='ocrx_word' id='word_1_508' title='bbox 3280 3413 3472 3483; x_wconf 76' lang='grc' dir='ltr'>ἾΙραγ</span> <span class='ocrx_word' id='word_1_509' title='bbox 3512 3413 3571 3465; x_wconf 81' lang='grc' dir='ltr'>τὸ</span> <span class='ocrx_word' id='word_1_510' title='bbox 3614 3408 3692 3462; x_wconf 75' lang='grc' dir='ltr'><strong><em>θέ-</em></strong></span> 
     </span>
    </p>
   </div>
   <div class='ocr_carea' id='block_1_73' title="bbox 470 3499 2034 3582">
    <p class='ocr_par' dir='ltr' id='par_1_73' title="bbox 470 3500 2034 3580">
     <span class='ocr_line' id='line_1_73' title="bbox 470 3500 2034 3580; baseline 0.005 -24"><span class='ocrx_word' id='word_1_511' title='bbox 470 3500 726 3558; x_wconf 79' lang='lat' dir='ltr'><strong><em>Tulerunt</em></strong></span> <span class='ocrx_word' id='word_1_512' title='bbox 767 3507 1068 3561; x_wconf 78' lang='lat' dir='ltr'><strong><em>theristrum</em></strong></span> <span class='ocrx_word' id='word_1_513' title='bbox 1102 3523 1269 3562; x_wconf 88' lang='lat' dir='ltr'><strong><em>meum</em></strong></span> <span class='ocrx_word' id='word_1_514' title='bbox 1300 3549 1314 3574; x_wconf 93' lang='lat'><strong><em>,</em></strong></span> <span class='ocrx_word' id='word_1_515' title='bbox 1353 3509 1548 3580; x_wconf 84' lang='lat' dir='ltr'><strong><em>capitis</em></strong></span> <span class='ocrx_word' id='word_1_516' title='bbox 1593 3510 1840 3565; x_wconf 78' lang='lat' dir='ltr'><strong><em>videlicet</em></strong></span> <span class='ocrx_word' id='word_1_517' title='bbox 1878 3524 2034 3565; x_wconf 91' lang='lat' dir='ltr'><strong><em>orna-</em></strong></span> 
     </span>
    </p>
   </div>
   <div class='ocr_carea' id='block_1_74' title="bbox 2136 3499 3693 3582">
    <p class='ocr_par' dir='ltr' id='par_1_74' title="bbox 2136 3499 3693 3582">
     <span class='ocr_line' id='line_1_74' title="bbox 2136 3499 3693 3582; baseline -0.01 -13"><span class='ocrx_word' id='word_1_518' title='bbox 2136 3529 2388 3582; x_wconf 80' lang='grc' dir='ltr'>ριστρον</span> <span class='ocrx_word' id='word_1_519' title='bbox 2417 3512 2518 3568; x_wconf 78' lang='grc' dir='ltr'><strong><em>ἀπ’</em></strong></span> <span class='ocrx_word' id='word_1_520' title='bbox 2552 3512 2723 3582; x_wconf 80' lang='grc' dir='ltr'>ἐμοῦ,</span> <span class='ocrx_word' id='word_1_521' title='bbox 2760 3511 2852 3564; x_wconf 80' lang='grc' dir='ltr'>τὸν</span> <span class='ocrx_word' id='word_1_522' title='bbox 2881 3512 2976 3579; x_wconf 84' lang='grc' dir='ltr'>τῆς</span> <span class='ocrx_word' id='word_1_523' title='bbox 3011 3508 3256 3579; x_wconf 83' lang='grc' dir='ltr'>κεφαλῆς</span> <span class='ocrx_word' id='word_1_524' title='bbox 3280 3500 3483 3577; x_wconf 68' lang='grc' dir='ltr'>κόσμον</span> <span class='ocrx_word' id='word_1_525' title='bbox 3505 3499 3693 3573; x_wconf 84' lang='grc' dir='ltr'>δηλονό-</span> 
     </span>
    </p>
   </div>
   <div class='ocr_carea' id='block_1_75' title="bbox 472 3592 2034 3672">
    <p class='ocr_par' dir='ltr' id='par_1_75' title="bbox 472 3598 2034 3672">
     <span class='ocr_line' id='line_1_75' title="bbox 472 3598 2034 3672; baseline 0.004 -21"><span class='ocrx_word' id='word_1_526' title='bbox 472 3606 740 3662; x_wconf 87' lang='lat' dir='ltr'><strong><em>mentum,</em></strong></span> <span class='ocrx_word' id='word_1_527' title='bbox 790 3598 934 3665; x_wconf 89' lang='lat' dir='ltr'><strong><em>piam</em></strong></span> <span class='ocrx_word' id='word_1_528' title='bbox 987 3600 1246 3655; x_wconf 89' lang='lat' dir='ltr'><strong><em>nimirum</em></strong></span> <span class='ocrx_word' id='word_1_529' title='bbox 1293 3600 1359 3657; x_wconf 90' lang='lat' dir='ltr'><strong><em>de</em></strong></span> <span class='ocrx_word' id='word_1_530' title='bbox 1413 3600 2034 3672; x_wconf 69' lang='lat' dir='ltr'><strong><em>Deo,iutelligcntiam:</em></strong></span> 
     </span>
    </p>
   </div>
   <div class='ocr_carea' id='block_1_76' title="bbox 2136 3592 3691 3672">
    <p class='ocr_par' dir='ltr' id='par_1_76' title="bbox 2139 3592 3691 3671">
     <span class='ocr_line' id='line_1_76' title="bbox 2139 3592 3691 3671; baseline -0.013 -12"><span class='ocrx_word' id='word_1_531' title='bbox 2139 3621 2216 3668; x_wconf 82' lang='grc' dir='ltr'><strong><em>τι,</em></strong></span> <span class='ocrx_word' id='word_1_532' title='bbox 2252 3604 2352 3671; x_wconf 73' lang='grc' dir='ltr'>τὴν</span> <span class='ocrx_word' id='word_1_533' title='bbox 2405 3601 2603 3670; x_wconf 81' lang='grc' dir='ltr'>εὐσεϐῆ</span> <span class='ocrx_word' id='word_1_534' title='bbox 2637 3602 2767 3671; x_wconf 73' lang='grc' dir='ltr'>περὶ</span> <span class='ocrx_word' id='word_1_535' title='bbox 2812 3600 2947 3655; x_wconf 88' lang='grc' dir='ltr'>Θεοῦ</span> <span class='ocrx_word' id='word_1_536' title='bbox 2977 3600 3245 3663; x_wconf 81' lang='grc' dir='ltr'>διάνοιαν,</span> <span class='ocrx_word' id='word_1_537' title='bbox 3281 3599 3349 3669; x_wconf 81' lang='grc' dir='ltr'>ῆν</span> <span class='ocrx_word' id='word_1_538' title='bbox 3376 3592 3691 3650; x_wconf 72' lang='grc' dir='ltr'>ἐσπουδάκει-</span> 
     </span>
    </p>
   </div>
   <div class='ocr_carea' id='block_1_77' title="bbox 468 3682 2034 3763">
    <p class='ocr_par' dir='ltr' id='par_1_77' title="bbox 468 3690 2034 3759">
     <span class='ocr_line' id='line_1_77' title="bbox 468 3690 2034 3759; baseline 0.004 -16"><span class='ocrx_word' id='word_1_539' title='bbox 468 3705 631 3757; x_wconf 87' lang='lat' dir='ltr'><strong><em>quam</em></strong></span> <span class='ocrx_word' id='word_1_540' title='bbox 674 3690 896 3759; x_wconf 87' lang='lat' dir='ltr'><strong><em>quidem</em></strong></span> <span class='ocrx_word' id='word_1_541' title='bbox 925 3690 1140 3748; x_wconf 78' lang='lat' dir='ltr'><strong><em>summ&#39;o</em></strong></span> <span class='ocrx_word' id='word_1_542' title='bbox 1176 3692 1359 3748; x_wconf 89' lang='lat' dir='ltr'><strong><em>studio</em></strong></span> <span class='ocrx_word' id='word_1_543' title='bbox 1391 3694 1789 3749; x_wconf 88' lang='lat' dir='ltr'><strong><em>contenderunt</em></strong></span> <span class='ocrx_word' id='word_1_544' title='bbox 1817 3711 1881 3751; x_wconf 84' lang='lat' dir='ltr'><strong><em>ex</em></strong></span> <span class='ocrx_word' id='word_1_545' title='bbox 1911 3695 2034 3749; x_wconf 88' lang='lat' dir='ltr'><strong><em>ulti-</em></strong></span> 
     </span>
    </p>
   </div>
   <div class='ocr_carea' id='block_1_78' title="bbox 2136 3682 3690 3763">
    <p class='ocr_par' dir='ltr' id='par_1_78' title="bbox 2144 3682 3690 3763">
     <span class='ocr_line' id='line_1_78' title="bbox 2144 3682 3690 3763; baseline -0.008 -17"><span class='ocrx_word' id='word_1_546' title='bbox 2144 3710 2240 3746; x_wconf 90' lang='grc' dir='ltr'><strong><em>σαν</em></strong></span> <span class='ocrx_word' id='word_1_547' title='bbox 2273 3693 2373 3763; x_wconf 84' lang='grc' dir='ltr'>μὲν</span> <span class='ocrx_word' id='word_1_548' title='bbox 2399 3694 2461 3745; x_wconf 83' lang='grc' dir='ltr'>ὲκ</span> <span class='ocrx_word' id='word_1_549' title='bbox 2494 3692 2604 3745; x_wconf 86' lang='grc' dir='ltr'><strong><em>τῶν</em></strong></span> <span class='ocrx_word' id='word_1_550' title='bbox 2638 3693 2891 3762; x_wconf 79' lang='grc' dir='ltr'>περάτων</span> <span class='ocrx_word' id='word_1_551' title='bbox 2920 3690 3016 3759; x_wconf 83' lang='grc' dir='ltr'>τῆς</span> <span class='ocrx_word' id='word_1_552' title='bbox 3049 3690 3154 3759; x_wconf 75' lang='grc' dir='ltr'>γῆς</span> <span class='ocrx_word' id='word_1_553' title='bbox 3181 3689 3426 3759; x_wconf 83' lang='grc' dir='ltr'>ἀφελεῖν,</span> <span class='ocrx_word' id='word_1_554' title='bbox 3469 3687 3559 3740; x_wconf 81' lang='grc' dir='ltr'><strong><em>οὐκ</em></strong></span> <span class='ocrx_word' id='word_1_555' title='bbox 3586 3682 3690 3751; x_wconf 75' lang='grc' dir='ltr'>ἡδυ-</span> 
     </span>
    </p>
   </div>
   <div class='ocr_carea' id='block_1_79' title="bbox 470 3774 2034 3855">
    <p class='ocr_par' dir='ltr' id='par_1_79' title="bbox 470 3780 2034 3850">
     <span class='ocr_line' id='line_1_79' title="bbox 470 3780 2034 3850; baseline 0.003 -16"><span class='ocrx_word' id='word_1_556' title='bbox 470 3781 577 3834; x_wconf 91' lang='lat' dir='ltr'><strong><em>mis</em></strong></span> <span class='ocrx_word' id='word_1_557' title='bbox 604 3790 760 3834; x_wconf 74' lang='lat' dir='ltr'><strong><em>terra:</em></strong></span> <span class='ocrx_word' id='word_1_558' title='bbox 789 3780 1011 3846; x_wconf 70' lang='lat' dir='ltr'><strong><em>utribus,</em></strong></span> <span class='ocrx_word' id='word_1_559' title='bbox 1036 3783 1272 3849; x_wconf 81' lang='lat' dir='ltr'><strong><em>auferre,</em></strong></span> <span class='ocrx_word' id='word_1_560' title='bbox 1310 3784 1405 3838; x_wconf 89' lang='lat' dir='ltr'><strong><em>sed</em></strong></span> <span class='ocrx_word' id='word_1_561' title='bbox 1442 3798 1549 3838; x_wconf 92' lang='lat' dir='ltr'><strong><em>non</em></strong></span> <span class='ocrx_word' id='word_1_562' title='bbox 1577 3784 1886 3850; x_wconf 81' lang='lat' dir='ltr'><strong><em>valuerunt,</em></strong></span> <span class='ocrx_word' id='word_1_563' title='bbox 1911 3786 2034 3839; x_wconf 74' lang='lat' dir='ltr'><strong><em>eum</em></strong></span> 
     </span>
    </p>
   </div>
   <div class='ocr_carea' id='block_1_80' title="bbox 2136 3774 3691 3855">
    <p class='ocr_par' dir='ltr' id='par_1_80' title="bbox 2146 3774 3691 3855">
     <span class='ocr_line' id='line_1_80' title="bbox 2146 3774 3691 3855; baseline -0.01 -17"><span class='ocrx_word' id='word_1_564' title='bbox 2146 3783 2393 3854; x_wconf 79' lang='grc' dir='ltr'>νήθησαν</span> <span class='ocrx_word' id='word_1_565' title='bbox 2428 3784 2485 3837; x_wconf 73' lang='grc' dir='ltr'>δὲ</span> <span class='ocrx_word' id='word_1_566' title='bbox 2512 3782 2932 3855; x_wconf 77' lang='grc' dir='ltr'>ὑπερϐαλλούσῃ</span> <span class='ocrx_word' id='word_1_567' title='bbox 2977 3782 3209 3850; x_wconf 82' lang='grc' dir='ltr'>δυνάμει</span> <span class='ocrx_word' id='word_1_568' title='bbox 3261 3781 3356 3834; x_wconf 87' lang='grc' dir='ltr'><strong><em>τοῦ</em></strong></span> <span class='ocrx_word' id='word_1_569' title='bbox 3382 3774 3691 3850; x_wconf 82' lang='grc' dir='ltr'>κηρυττομέ-</span> 
     </span>
    </p>
   </div>
   <div class='ocr_carea' id='block_1_81' title="bbox 471 3868 2034 3945">
    <p class='ocr_par' dir='ltr' id='par_1_81' title="bbox 471 3871 2034 3944">
     <span class='ocr_line' id='line_1_81' title="bbox 471 3871 2034 3944; baseline 0.003 -18"><span class='ocrx_word' id='word_1_570' title='bbox 471 3871 667 3942; x_wconf 84' lang='lat' dir='ltr'><strong><em>majori</em></strong></span> <span class='ocrx_word' id='word_1_571' title='bbox 702 3871 754 3926; x_wconf 91' lang='lat' dir='ltr'><strong><em>vi</em></strong></span> <span class='ocrx_word' id='word_1_572' title='bbox 783 3872 1076 3928; x_wconf 87' lang='lat' dir='ltr'><strong><em>obsisteret</em></strong></span> <span class='ocrx_word' id='word_1_573' title='bbox 1119 3873 1291 3929; x_wconf 81' lang='lat' dir='ltr'><strong><em>virtus</em></strong></span> <span class='ocrx_word' id='word_1_574' title='bbox 1319 3875 1576 3944; x_wconf 59' lang='lat' dir='ltr'><strong><em>praconii</em></strong></span> <span class='ocrx_word' id='word_1_575' title='bbox 1610 3875 1813 3932; x_wconf 87' lang='lat' dir='ltr'><strong><em>Christi</em></strong></span> <span class='ocrx_word' id='word_1_576' title='bbox 1855 3876 2034 3931; x_wconf 87' lang='lat' dir='ltr'><strong><em>Salva-</em></strong></span> 
     </span>
    </p>
   </div>
   <div class='ocr_carea' id='block_1_82' title="bbox 2136 3868 3689 3945">
    <p class='ocr_par' dir='ltr' id='par_1_82' title="bbox 2143 3868 3689 3945">
     <span class='ocr_line' id='line_1_82' title="bbox 2143 3868 3689 3945; baseline -0.015 -6"><span class='ocrx_word' id='word_1_577' title='bbox 2143 3892 2233 3929; x_wconf 79' lang='grc' dir='ltr'>νου</span> <span class='ocrx_word' id='word_1_578' title='bbox 2296 3876 2546 3945; x_wconf 81' lang='grc' dir='ltr'>Σωτῆρος</span> <span class='ocrx_word' id='word_1_579' title='bbox 2605 3875 2863 3945; x_wconf 82' lang='grc' dir='ltr'>Χριστοῦ.</span> <span class='ocrx_word' id='word_1_580' title='bbox 2923 3875 3199 3939; x_wconf 75' lang='grc' dir='ltr'>Φύλακες</span> <span class='ocrx_word' id='word_1_581' title='bbox 3263 3873 3380 3926; x_wconf 84' lang='grc' dir='ltr'><strong><em>τῶν</em></strong></span> <span class='ocrx_word' id='word_1_582' title='bbox 3441 3868 3689 3937; x_wconf 57' lang='grc' dir='ltr'>τειχέων</span> 
     </span>
    </p>
   </div>
   <div class='ocr_carea' id='block_1_83' title="bbox 471 3954 2034 4039">
    <p class='ocr_par' dir='ltr' id='par_1_83' title="bbox 471 3964 2034 4039">
     <span class='ocr_line' id='line_1_83' title="bbox 471 3964 2034 4039; baseline 0.004 -21"><span class='ocrx_word' id='word_1_583' title='bbox 471 3964 625 4019; x_wconf 83' lang='lat' dir='ltr'><strong><em>toris.</em></strong></span> <span class='ocrx_word' id='word_1_584' title='bbox 661 3964 914 4019; x_wconf 82' lang='lat' dir='ltr'><strong><em>Custodes</em></strong></span> <span class='ocrx_word' id='word_1_585' title='bbox 945 3967 1214 4031; x_wconf 67' lang='lat' dir='ltr'><strong><em>moenium,</em></strong></span> <span class='ocrx_word' id='word_1_586' title='bbox 1266 3965 1519 4022; x_wconf 83' lang='lat' dir='ltr'><strong><em>videlicet</em></strong></span> <span class='ocrx_word' id='word_1_587' title='bbox 1548 3967 1725 4038; x_wconf 80' lang='lat' dir='ltr'><strong><em>legem</em></strong></span> <span class='ocrx_word' id='word_1_588' title='bbox 1758 3970 1937 4039; x_wconf 85' lang='lat' dir='ltr'><strong><em>specie</em></strong></span> <span class='ocrx_word' id='word_1_589' title='bbox 1964 3978 2034 4025; x_wconf 89' lang='lat' dir='ltr'><strong><em>te-</em></strong></span> 
     </span>
    </p>
   </div>
   <div class='ocr_carea' id='block_1_84' title="bbox 2136 3954 3690 4039">
    <p class='ocr_par' dir='ltr' id='par_1_84' title="bbox 2144 3954 3690 4038">
     <span class='ocr_line' id='line_1_84' title="bbox 2144 3954 3690 4038; baseline -0.01 -16"><span class='ocrx_word' id='word_1_590' title='bbox 2144 3969 2335 4036; x_wconf 78' lang='grc' dir='ltr'>ῆγουν,</span> <span class='ocrx_word' id='word_1_591' title='bbox 2390 3971 2458 4038; x_wconf 79' lang='grc' dir='ltr'>τῇ</span> <span class='ocrx_word' id='word_1_592' title='bbox 2501 3968 2723 4037; x_wconf 81' lang='grc' dir='ltr'>δοκήσει</span> <span class='ocrx_word' id='word_1_593' title='bbox 2781 3967 2875 4020; x_wconf 89' lang='grc' dir='ltr'><strong><em>τοῦ</em></strong></span> <span class='ocrx_word' id='word_1_594' title='bbox 2928 3965 3228 4034; x_wconf 81' lang='grc' dir='ltr'>φυλάσσειν</span> <span class='ocrx_word' id='word_1_595' title='bbox 3289 3965 3380 4017; x_wconf 71' lang='grc' dir='ltr'>τὸν</span> <span class='ocrx_word' id='word_1_596' title='bbox 3421 3962 3601 4029; x_wconf 88' lang='grc' dir='ltr'>νόμον·</span> <span class='ocrx_word' id='word_1_597' title='bbox 3640 3954 3690 4005; x_wconf 85' lang='grc' dir='ltr'><strong><em>ού</em></strong></span> 
     </span>
    </p>
   </div>
   <div class='ocr_carea' id='block_1_85' title="bbox 472 4048 2034 4132">
    <p class='ocr_par' dir='ltr' id='par_1_85' title="bbox 472 4056 2034 4128">
     <span class='ocr_line' id='line_1_85' title="bbox 472 4056 2034 4128; baseline 0.005 -20"><span class='ocrx_word' id='word_1_598' title='bbox 472 4070 578 4108; x_wconf 88' lang='lat' dir='ltr'><strong><em>nus</em></strong></span> <span class='ocrx_word' id='word_1_599' title='bbox 606 4065 907 4112; x_wconf 85' lang='lat' dir='ltr'><strong><em>servantes.</em></strong></span> <span class='ocrx_word' id='word_1_600' title='bbox 976 4056 1093 4111; x_wconf 83' lang='lat' dir='ltr'><strong><em>Non</em></strong></span> <span class='ocrx_word' id='word_1_601' title='bbox 1130 4057 1276 4111; x_wconf 88' lang='lat' dir='ltr'><strong><em>enim</em></strong></span> <span class='ocrx_word' id='word_1_602' title='bbox 1316 4057 1544 4128; x_wconf 87' lang='lat' dir='ltr'><strong><em>dignum</em></strong></span> <span class='ocrx_word' id='word_1_603' title='bbox 1585 4058 1740 4114; x_wconf 79' lang='lat' dir='ltr'><strong><em>duxit</em></strong></span> <span class='ocrx_word' id='word_1_604' title='bbox 1783 4061 1905 4116; x_wconf 86' lang='lat' dir='ltr'><strong><em>illos</em></strong></span> <span class='ocrx_word' id='word_1_605' title='bbox 1947 4076 2034 4116; x_wconf 90' lang='lat' dir='ltr'><strong><em>cu-</em></strong></span> 
     </span>
    </p>
   </div>
   <div class='ocr_carea' id='block_1_86' title="bbox 2136 4048 3690 4132">
    <p class='ocr_par' dir='ltr' id='par_1_86' title="bbox 2147 4048 3690 4132">
     <span class='ocr_line' id='line_1_86' title="bbox 2147 4048 3690 4132; baseline -0.012 -14"><span class='ocrx_word' id='word_1_606' title='bbox 2147 4060 2253 4131; x_wconf 80' lang='grc' dir='ltr'>γὰρ</span> <span class='ocrx_word' id='word_1_607' title='bbox 2282 4060 2423 4126; x_wconf 80' lang='grc' dir='ltr'>ἀξιοῖ</span> <span class='ocrx_word' id='word_1_608' title='bbox 2443 4062 2669 4125; x_wconf 83' lang='grc' dir='ltr'>τούτους</span> <span class='ocrx_word' id='word_1_609' title='bbox 2699 4061 2951 4132; x_wconf 84' lang='grc' dir='ltr'>φύλακας</span> <span class='ocrx_word' id='word_1_610' title='bbox 2967 4055 3105 4112; x_wconf 70' lang='grc' dir='ltr'>εἶναι</span> <span class='ocrx_word' id='word_1_611' title='bbox 3128 4058 3338 4121; x_wconf 83' lang='grc' dir='ltr'>πόλεως</span> <span class='ocrx_word' id='word_1_612' title='bbox 3357 4073 3370 4088; x_wconf 85' lang='lat'><strong><em>°</em></strong></span> <span class='ocrx_word' id='word_1_613' title='bbox 3404 4054 3513 4110; x_wconf 82' lang='grc' dir='ltr'>ἀλλ’</span> <span class='ocrx_word' id='word_1_614' title='bbox 3532 4048 3690 4108; x_wconf 80' lang='grc' dir='ltr'>ἁπλῶς</span> 
     </span>
    </p>
   </div>
   <div class='ocr_carea' id='block_1_87' title="bbox 472 4140 2034 4224">
    <p class='ocr_par' dir='ltr' id='par_1_87' title="bbox 472 4145 2034 4215">
     <span class='ocr_line' id='line_1_87' title="bbox 472 4145 2034 4215; baseline 0.006 -16"><span class='ocrx_word' id='word_1_615' title='bbox 472 4145 662 4200; x_wconf 77' lang='lat' dir='ltr'><strong><em>stades</em></strong></span> <span class='ocrx_word' id='word_1_616' title='bbox 688 4160 810 4200; x_wconf 83' lang='lat' dir='ltr'><strong><em>esse</em></strong></span> <span class='ocrx_word' id='word_1_617' title='bbox 849 4145 1111 4213; x_wconf 85' lang='lat' dir='ltr'><strong><em>civitatis,</em></strong></span> <span class='ocrx_word' id='word_1_618' title='bbox 1146 4147 1240 4203; x_wconf 84' lang='lat' dir='ltr'><strong><em>sed</em></strong></span> <span class='ocrx_word' id='word_1_619' title='bbox 1276 4155 1483 4203; x_wconf 82' lang='lat' dir='ltr'><strong><em>tantum</em></strong></span> <span class='ocrx_word' id='word_1_620' title='bbox 1541 4150 1826 4215; x_wconf 74' lang='lat' dir='ltr'><strong><em>mmnium,</em></strong></span> <span class='ocrx_word' id='word_1_621' title='bbox 1847 4153 1929 4209; x_wconf 91' lang='lat' dir='ltr'><strong><em>sic</em></strong></span> <span class='ocrx_word' id='word_1_622' title='bbox 1960 4163 2034 4209; x_wconf 89' lang='lat' dir='ltr'><strong><em>ut-</em></strong></span> 
     </span>
    </p>
   </div>
   <div class='ocr_carea' id='block_1_88' title="bbox 2136 4140 3692 4224">
    <p class='ocr_par' dir='ltr' id='par_1_88' title="bbox 2144 4140 3692 4224">
     <span class='ocr_line' id='line_1_88' title="bbox 2144 4140 3692 4224; baseline -0.008 -16"><span class='ocrx_word' id='word_1_623' title='bbox 2144 4154 2256 4208; x_wconf 87' lang='grc' dir='ltr'><strong><em>τῶν</em></strong></span> <span class='ocrx_word' id='word_1_624' title='bbox 2286 4154 2510 4224; x_wconf 72' lang='grc' dir='ltr'>τειχέων</span> <span class='ocrx_word' id='word_1_625' title='bbox 2543 4154 2651 4207; x_wconf 87' lang='grc' dir='ltr'><strong><em>τῶν</em></strong></span> <span class='ocrx_word' id='word_1_626' title='bbox 2680 4153 2823 4207; x_wconf 78' lang='grc' dir='ltr'>οὑτω</span> <span class='ocrx_word' id='word_1_627' title='bbox 2862 4169 2978 4216; x_wconf 79' lang='grc' dir='ltr'><strong><em>πως</em></strong></span> <span class='ocrx_word' id='word_1_628' title='bbox 3017 4151 3291 4222; x_wconf 74' lang='grc' dir='ltr'>κειμένων</span> <span class='ocrx_word' id='word_1_629' title='bbox 3312 4167 3326 4183; x_wconf 78' lang='grc' dir='ltr'><strong>ο</strong></span> <span class='ocrx_word' id='word_1_630' title='bbox 3378 4147 3471 4203; x_wconf 77' lang='grc' dir='ltr'>καὶ</span> <span class='ocrx_word' id='word_1_631' title='bbox 3493 4146 3549 4199; x_wconf 84' lang='grc' dir='ltr'><strong><em>οῦ</em></strong></span> <span class='ocrx_word' id='word_1_632' title='bbox 3583 4140 3692 4210; x_wconf 82' lang='grc' dir='ltr'>περὶ</span> 
     </span>
    </p>
   </div>
   <div class='ocr_carea' id='block_1_89' title="bbox 475 4233 2034 4311">
    <p class='ocr_par' dir='ltr' id='par_1_89' title="bbox 475 4233 1744 4311">
     <span class='ocr_line' id='line_1_89' title="bbox 475 4233 1744 4311; baseline 0.005 -22"><span class='ocrx_word' id='word_1_633' title='bbox 475 4249 694 4303; x_wconf 77' lang='lat' dir='ltr'><strong><em>cunque</em></strong></span> <span class='ocrx_word' id='word_1_634' title='bbox 726 4233 1049 4305; x_wconf 86' lang='lat' dir='ltr'><strong><em>positorum,</em></strong></span> <span class='ocrx_word' id='word_1_635' title='bbox 1080 4245 1136 4292; x_wconf 89' lang='lat' dir='ltr'><strong><em>et</em></strong></span> <span class='ocrx_word' id='word_1_636' title='bbox 1171 4252 1281 4311; x_wconf 85' lang='lat' dir='ltr'><strong><em>non</em></strong></span> <span class='ocrx_word' id='word_1_637' title='bbox 1312 4251 1378 4293; x_wconf 79' lang='lat' dir='ltr'><strong><em>ex</em></strong></span> <span class='ocrx_word' id='word_1_638' title='bbox 1409 4236 1502 4293; x_wconf 89' lang='lat' dir='ltr'><strong><em>Dei</em></strong></span> <span class='ocrx_word' id='word_1_639' title='bbox 1541 4245 1744 4295; x_wconf 87' lang='lat' dir='ltr'><strong><em>mente.</em></strong></span> 
     </span>
    </p>
   </div>
   <div class='ocr_carea' id='block_1_90' title="bbox 2136 4233 2817 4311">
    <p class='ocr_par' dir='ltr' id='par_1_90' title="bbox 2146 4244 2817 4298">
     <span class='ocr_line' id='line_1_90' title="bbox 2146 4244 2817 4298; baseline 0.001 -1"><span class='ocrx_word' id='word_1_640' title='bbox 2146 4244 2255 4298; x_wconf 86' lang='grc' dir='ltr'><strong><em>τῶν</em></strong></span> <span class='ocrx_word' id='word_1_641' title='bbox 2289 4244 2385 4297; x_wconf 86' lang='grc' dir='ltr'><strong><em>τοῦ</em></strong></span> <span class='ocrx_word' id='word_1_642' title='bbox 2409 4244 2547 4298; x_wconf 85' lang='grc' dir='ltr'>Θεοῦ</span> <span class='ocrx_word' id='word_1_643' title='bbox 2576 4244 2817 4298; x_wconf 72' lang='grc' dir='ltr'>ἐννοιῶν.</span> 
     </span>
    </p>
   </div>
   <div class='ocr_carea' id='block_1_91' title="bbox 1138 4301 2034 4407">
    <p class='ocr_par' dir='ltr' id='par_1_91' title="bbox 1138 4304 1369 4387">
     <span class='ocr_line' id='line_1_91' title="bbox 1138 4304 1369 4387; baseline 0.013 -3"><span class='ocrx_word' id='word_1_644' title='bbox 1138 4304 1369 4387; x_wconf 74' lang='lat' dir='ltr'><strong><em>CANT.</em></strong></span> 
     </span>
    </p>
   </div>
   <div class='ocr_carea' id='block_1_92' title="bbox 2136 4301 3045 4407">
    <p class='ocr_par' dir='ltr' id='par_1_92' title="bbox 2808 4331 3045 4407">
     <span class='ocr_line' id='line_1_92' title="bbox 2808 4331 3045 4407; baseline 0.008 -19"><span class='ocrx_word' id='word_1_645' title='bbox 2808 4331 3045 4407; x_wconf 72' lang='grc' dir='ltr'><strong><em>τᾼΣΜΑ.</em></strong></span> 
     </span>
    </p>
   </div>
   <div class='ocr_carea' id='block_1_93' title="bbox 547 4413 2034 4497">
    <p class='ocr_par' dir='ltr' id='par_1_93' title="bbox 547 4416 2034 4493">
     <span class='ocr_line' id='line_1_93' title="bbox 547 4416 2034 4493; baseline 0.01 -23"><span class='ocrx_word' id='word_1_646' title='bbox 547 4416 601 4470; x_wconf 87' lang='grc'>8.</span> <span class='ocrx_word' id='word_1_647' title='bbox 644 4416 897 4485; x_wconf 76' lang='lat' dir='ltr'><strong><em>Adiuravi</em></strong></span> <span class='ocrx_word' id='word_1_648' title='bbox 930 4436 1039 4485; x_wconf 82' lang='lat' dir='ltr'><strong><em>vos,</em></strong></span> <span class='ocrx_word' id='word_1_649' title='bbox 1072 4421 1200 4489; x_wconf 79' lang='lat' dir='ltr'><strong><em>lilia:</em></strong></span> <span class='ocrx_word' id='word_1_650' title='bbox 1225 4421 1546 4493; x_wconf 78' lang='lat' dir='ltr'><strong><em>Jerusalem,</em></strong></span> <span class='ocrx_word' id='word_1_651' title='bbox 1581 4429 1638 4484; x_wconf 84' lang='lat' dir='ltr'><strong><em>in</em></strong></span> <span class='ocrx_word' id='word_1_652' title='bbox 1680 4431 1962 4487; x_wconf 84' lang='lat' dir='ltr'><strong><em>virtutibus</em></strong></span> <span class='ocrx_word' id='word_1_653' title='bbox 1990 4441 2034 4487; x_wconf 90' lang='lat' dir='ltr'><strong><em>et</em></strong></span> 
     </span>
    </p>
   </div>
   <div class='ocr_carea' id='block_1_94' title="bbox 2136 4413 3693 4497">
    <p class='ocr_par' dir='ltr' id='par_1_94' title="bbox 2221 4413 3693 4497">
     <span class='ocr_line' id='line_1_94' title="bbox 2221 4413 3693 4497; baseline -0.004 -15"><span class='ocrx_word' id='word_1_654' title='bbox 2221 4428 2475 4497; x_wconf 76' lang='grc' dir='ltr'>Ὠρκισα</span> <span class='ocrx_word' id='word_1_655' title='bbox 2500 4424 2680 4496; x_wconf 80' lang='grc' dir='ltr'>ὑμᾶς,</span> <span class='ocrx_word' id='word_1_656' title='bbox 2701 4426 3022 4495; x_wconf 76' lang='grc' dir='ltr'>θυγατέρες</span> <span class='ocrx_word' id='word_1_657' title='bbox 3058 4422 3479 4493; x_wconf 74' lang='grc' dir='ltr'>Ἰερουσαλὴμ,</span> <span class='ocrx_word' id='word_1_658' title='bbox 3497 4419 3561 4473; x_wconf 77' lang='grc' dir='ltr'>ἐν</span> <span class='ocrx_word' id='word_1_659' title='bbox 3584 4413 3693 4476; x_wconf 81' lang='grc' dir='ltr'>ταῖς</span> 
     </span>
    </p>
   </div>
   <div class='ocr_carea' id='block_1_95' title="bbox 479 4509 2034 4591">
    <p class='ocr_par' dir='ltr' id='par_1_95' title="bbox 479 4509 2034 4591">
     <span class='ocr_line' id='line_1_95' title="bbox 479 4509 2034 4591; baseline 0.012 -30"><span class='ocrx_word' id='word_1_660' title='bbox 479 4509 532 4561; x_wconf 88' lang='lat' dir='ltr'><strong><em>in</em></strong></span> <span class='ocrx_word' id='word_1_661' title='bbox 570 4509 764 4564; x_wconf 83' lang='lat' dir='ltr'><strong><em>viribus</em></strong></span> <span class='ocrx_word' id='word_1_662' title='bbox 795 4512 932 4580; x_wconf 85' lang='lat' dir='ltr'><strong><em>agri.</em></strong></span> <span class='ocrx_word' id='word_1_663' title='bbox 958 4514 1005 4565; x_wconf 88' lang='lat' dir='ltr'><strong><em>si</em></strong></span> <span class='ocrx_word' id='word_1_664' title='bbox 1026 4513 1327 4571; x_wconf 86' lang='lat' dir='ltr'><strong><em>inveneritis</em></strong></span> <span class='ocrx_word' id='word_1_665' title='bbox 1362 4529 1595 4587; x_wconf 82' lang='lat' dir='ltr'><strong><em>nepotem</em></strong></span> <span class='ocrx_word' id='word_1_666' title='bbox 1621 4538 1815 4591; x_wconf 84' lang='lat' dir='ltr'><strong><em>meum,</em></strong></span> <span class='ocrx_word' id='word_1_667' title='bbox 1852 4541 2034 4579; x_wconf 82' lang='lat' dir='ltr'><strong><em>renun-</em></strong></span> 
     </span>
    </p>
   </div>
   <div class='ocr_carea' id='block_1_96' title="bbox 2136 4509 3693 4591">
    <p class='ocr_par' dir='ltr' id='par_1_96' title="bbox 2149 4509 3693 4589">
     <span class='ocr_line' id='line_1_96' title="bbox 2149 4509 3693 4589; baseline -0.011 -14"><span class='ocrx_word' id='word_1_668' title='bbox 2149 4520 2448 4589; x_wconf 80' lang='grc' dir='ltr'>δυνάμεσι</span> <span class='ocrx_word' id='word_1_669' title='bbox 2473 4518 2574 4572; x_wconf 77' lang='grc' dir='ltr'>καὶ</span> <span class='ocrx_word' id='word_1_670' title='bbox 2612 4517 2683 4571; x_wconf 79' lang='grc' dir='ltr'>ἐν</span> <span class='ocrx_word' id='word_1_671' title='bbox 2728 4517 2859 4583; x_wconf 85' lang='grc' dir='ltr'>ταῖς</span> <span class='ocrx_word' id='word_1_672' title='bbox 2891 4516 3180 4585; x_wconf 83' lang='grc' dir='ltr'>ῑσχύσεσι</span> <span class='ocrx_word' id='word_1_673' title='bbox 3221 4515 3329 4569; x_wconf 85' lang='grc' dir='ltr'><strong><em>τοῦ</em></strong></span> <span class='ocrx_word' id='word_1_674' title='bbox 3360 4511 3566 4581; x_wconf 75' lang='grc' dir='ltr'>ἀγροῦο</span> <span class='ocrx_word' id='word_1_675' title='bbox 3602 4509 3693 4560; x_wconf 72' lang='grc' dir='ltr'><strong><em>ἐὰν</em></strong></span> 
     </span>
    </p>
   </div>
   <div class='ocr_carea' id='block_1_97' title="bbox 481 4600 2034 4679">
    <p class='ocr_par' dir='ltr' id='par_1_97' title="bbox 481 4602 1861 4679">
     <span class='ocr_line' id='line_1_97' title="bbox 481 4602 1861 4679; baseline 0.011 -27"><span class='ocrx_word' id='word_1_676' title='bbox 481 4602 607 4654; x_wconf 87' lang='lat' dir='ltr'><strong><em>tiate</em></strong></span> <span class='ocrx_word' id='word_1_677' title='bbox 633 4602 682 4654; x_wconf 88' lang='lat' dir='ltr'><strong><em>ei</em></strong></span> <span class='ocrx_word' id='word_1_678' title='bbox 713 4604 852 4673; x_wconf 81' lang='lat' dir='ltr'><strong><em>quod</em></strong></span> <span class='ocrx_word' id='word_1_679' title='bbox 880 4602 1158 4659; x_wconf 83' lang='lat' dir='ltr'><strong><em>vulnerata</em></strong></span> <span class='ocrx_word' id='word_1_680' title='bbox 1184 4622 1365 4662; x_wconf 85' lang='lat' dir='ltr'><strong><em>amore</em></strong></span> <span class='ocrx_word' id='word_1_681' title='bbox 1393 4625 1487 4679; x_wconf 86' lang='lat' dir='ltr'><strong><em>ego</em></strong></span> <span class='ocrx_word' id='word_1_682' title='bbox 1517 4626 1657 4665; x_wconf 82' lang='lat' dir='ltr'><strong><em>sum.</em></strong></span> <span class='ocrx_word' id='word_1_683' title='bbox 1852 4670 1861 4679; x_wconf 66' lang='grc'><strong><em>,</em></strong></span> 
     </span>
    </p>
   </div>
   <div class='ocr_carea' id='block_1_98' title="bbox 2136 4600 3694 4679">
    <p class='ocr_par' dir='ltr' id='par_1_98' title="bbox 2148 4600 3694 4679">
     <span class='ocr_line' id='line_1_98' title="bbox 2148 4600 3694 4679; baseline -0.011 -13"><span class='ocrx_word' id='word_1_684' title='bbox 2148 4612 2362 4679; x_wconf 82' lang='grc' dir='ltr'>εὕρητε</span> <span class='ocrx_word' id='word_1_685' title='bbox 2404 4608 2512 4663; x_wconf 83' lang='grc' dir='ltr'><strong><em>τὸν</em></strong></span> <span class='ocrx_word' id='word_1_686' title='bbox 2566 4608 2896 4676; x_wconf 65' lang='grc' dir='ltr'>ἀδελφιδόν</span> <span class='ocrx_word' id='word_1_687' title='bbox 2921 4625 3061 4675; x_wconf 87' lang='grc' dir='ltr'>μου,</span> <span class='ocrx_word' id='word_1_688' title='bbox 3086 4607 3485 4677; x_wconf 69' lang='grc' dir='ltr'>ἀπαγγείλατε</span> <span class='ocrx_word' id='word_1_689' title='bbox 3533 4600 3694 4656; x_wconf 75' lang='lat' dir='ltr'><strong><em>ai-sc‘r</em></strong></span> 
     </span>
    </p>
   </div>
   <div class='ocr_carea' id='block_1_99' title="bbox 2153 4699 3175 4779">
    <p class='ocr_par' dir='ltr' id='par_1_99' title="bbox 2153 4699 3175 4779">
     <span class='ocr_line' id='line_1_99' title="bbox 2153 4699 3175 4779; baseline -0.001 -25"><span class='ocrx_word' id='word_1_690' title='bbox 2153 4700 2594 4779; x_wconf 63' lang='grc' dir='ltr'>ὅτιτετρωμένςη</span> <span class='ocrx_word' id='word_1_691' title='bbox 2622 4699 2862 4769; x_wconf 82' lang='grc' dir='ltr'>ἀγάπης</span> <span class='ocrx_word' id='word_1_692' title='bbox 2895 4699 3010 4768; x_wconf 75' lang='grc' dir='ltr'>ειμι</span> 
     </span>
    </p>
   </div>
   <div class='ocr_carea' id='block_1_100' title="bbox 2803 4791 3079 4846">
    <p class='ocr_par' dir='ltr' id='par_1_100' title="bbox 2803 4791 3079 4846">
     <span class='ocr_line' id='line_1_100' title="bbox 2803 4791 3079 4846; baseline 0.004 -3"><span class='ocrx_word' id='word_1_693' title='bbox 2803 4791 3079 4846; x_wconf 79' lang='grc' dir='ltr'><strong><em>ΣΧΟΛΙΑ.</em></strong></span> 
     </span>
    </p>
   </div>
   <div class='ocr_carea' id='block_1_101' title="bbox 2213 4883 3692 4955">
    <p class='ocr_par' dir='ltr' id='par_1_101' title="bbox 2213 4883 3692 4955">
     <span class='ocr_line' id='line_1_101' title="bbox 2213 4883 3692 4955; baseline 0.001 -19"><span class='ocrx_word' id='word_1_694' title='bbox 2213 4884 2343 4937; x_wconf 82' lang='grc' dir='ltr'>Ὀύκ</span> <span class='ocrx_word' id='word_1_695' title='bbox 2373 4883 2467 4937; x_wconf 74' lang='grc' dir='ltr'>επὶ</span> <span class='ocrx_word' id='word_1_696' title='bbox 2493 4884 2592 4954; x_wconf 73' lang='grc' dir='ltr'>τὴν</span> <span class='ocrx_word' id='word_1_697' title='bbox 2626 4884 2798 4953; x_wconf 77' lang='grc' dir='ltr'>αὐτὴν</span> <span class='ocrx_word' id='word_1_698' title='bbox 2845 4884 3055 4941; x_wconf 75' lang='grc' dir='ltr'>ἔννοιαν</span> <span class='ocrx_word' id='word_1_699' title='bbox 3089 4886 3182 4941; x_wconf 81' lang='grc' dir='ltr'>τὸν</span> <span class='ocrx_word' id='word_1_700' title='bbox 3207 4888 3369 4941; x_wconf 83' lang='grc' dir='ltr'>αὑτὸν</span> <span class='ocrx_word' id='word_1_701' title='bbox 3404 4885 3692 4955; x_wconf 69' lang='grc' dir='ltr'>παρήγαγεν</span> 
     </span>
    </p>
   </div>
   <div class='ocr_carea' id='block_1_102' title="bbox 2154 4973 3690 5048">
    <p class='ocr_par' dir='ltr' id='par_1_102' title="bbox 2154 4973 3690 5048">
     <span class='ocr_line' id='line_1_102' title="bbox 2154 4973 3690 5048; baseline -0.005 -19"><span class='ocrx_word' id='word_1_702' title='bbox 2154 4977 2338 5045; x_wconf 85' lang='grc' dir='ltr'>ὅρκον,</span> <span class='ocrx_word' id='word_1_703' title='bbox 2378 4974 2437 5029; x_wconf 77' lang='grc' dir='ltr'>ὃν</span> <span class='ocrx_word' id='word_1_704' title='bbox 2463 4975 2559 5029; x_wconf 72' lang='grc' dir='ltr'>καὶ</span> <span class='ocrx_word' id='word_1_705' title='bbox 2588 4974 2855 5045; x_wconf 86' lang='grc' dir='ltr'>πρότερον</span> <span class='ocrx_word' id='word_1_706' title='bbox 2876 4978 3014 5039; x_wconf 59' lang='grc' dir='ltr'>κταῖς</span> <span class='ocrx_word' id='word_1_707' title='bbox 3043 4975 3352 5048; x_wconf 83' lang='grc' dir='ltr'>θυγατράσι</span> <span class='ocrx_word' id='word_1_708' title='bbox 3383 4975 3481 5044; x_wconf 78' lang='grc' dir='ltr'>τῆς</span> <span class='ocrx_word' id='word_1_709' title='bbox 3516 4973 3690 5038; x_wconf 80' lang='grc' dir='ltr'>Ἰερου-</span> 
     </span>
    </p>
   </div>
   <div class='ocr_carea' id='block_1_103' title="bbox 2158 5059 3692 5137">
    <p class='ocr_par' dir='ltr' id='par_1_103' title="bbox 2158 5059 3692 5137">
     <span class='ocr_line' id='line_1_103' title="bbox 2158 5059 3692 5137; baseline 0.002 -18"><span class='ocrx_word' id='word_1_710' title='bbox 2158 5066 2370 5136; x_wconf 85' lang='grc' dir='ltr'>σαλήμ·</span> <span class='ocrx_word' id='word_1_711' title='bbox 2415 5064 2531 5118; x_wconf 82' lang='grc' dir='ltr'>ἀλλ’</span> <span class='ocrx_word' id='word_1_712' title='bbox 2574 5064 2810 5119; x_wconf 73' lang='grc' dir='ltr'>ἐνταῦθα</span> <span class='ocrx_word' id='word_1_713' title='bbox 2857 5064 3172 5137; x_wconf 83' lang='grc' dir='ltr'>θυγατέρας</span> <span class='ocrx_word' id='word_1_714' title='bbox 3221 5069 3321 5135; x_wconf 84' lang='grc' dir='ltr'>τῆς</span> <span class='ocrx_word' id='word_1_715' title='bbox 3371 5059 3692 5133; x_wconf 67' lang='grc' dir='ltr'>Ἰερουσαλὴμ</span> 
     </span>
    </p>
   </div>
   <div class='ocr_carea' id='block_1_104' title="bbox 2156 5152 3691 5230">
    <p class='ocr_par' dir='ltr' id='par_1_104' title="bbox 2156 5152 3691 5230">
     <span class='ocr_line' id='line_1_104' title="bbox 2156 5152 3691 5230; baseline -0.003 -19"><span class='ocrx_word' id='word_1_716' title='bbox 2156 5158 2256 5221; x_wconf 72' lang='grc' dir='ltr'><strong><em>τὰς</em></strong></span> <span class='ocrx_word' id='word_1_717' title='bbox 2297 5156 2743 5227; x_wconf 83' lang='grc' dir='ltr'>ἀκολουθησάσας</span> <span class='ocrx_word' id='word_1_718' title='bbox 2789 5158 2868 5227; x_wconf 84' lang='grc' dir='ltr'>τῷ</span> <span class='ocrx_word' id='word_1_719' title='bbox 2910 5160 3157 5230; x_wconf 74' lang='grc' dir='ltr'>Δεσπότῃ</span> <span class='ocrx_word' id='word_1_720' title='bbox 3192 5160 3347 5214; x_wconf 85' lang='grc' dir='ltr'>καλεῖ</span> <span class='ocrx_word' id='word_1_721' title='bbox 3379 5152 3691 5229; x_wconf 55' lang='lat' dir='ltr'><strong><em>tradit;th</em></strong></span> 
     </span>
    </p>
   </div>
   <div class='ocr_carea' id='block_1_105' title="bbox 2157 5241 3696 5321">
    <p class='ocr_par' dir='ltr' id='par_1_105' title="bbox 2157 5241 3696 5321">
     <span class='ocr_line' id='line_1_105' title="bbox 2157 5241 3696 5321; baseline -0.004 -17"><span class='ocrx_word' id='word_1_722' title='bbox 2157 5251 2215 5304; x_wconf 78' lang='grc' dir='ltr'>αἲ</span> <span class='ocrx_word' id='word_1_723' title='bbox 2278 5250 2371 5302; x_wconf 82' lang='grc' dir='ltr'><strong><em>καὶ</em></strong></span> <span class='ocrx_word' id='word_1_724' title='bbox 2410 5250 2501 5303; x_wconf 75' lang='grc' dir='ltr'><strong><em>διὰ</em></strong></span> <span class='ocrx_word' id='word_1_725' title='bbox 2559 5250 2863 5321; x_wconf 83' lang='grc' dir='ltr'>μαρτυρίου</span> <span class='ocrx_word' id='word_1_726' title='bbox 2906 5251 3000 5303; x_wconf 71' lang='grc' dir='ltr'>τὸν</span> <span class='ocrx_word' id='word_1_727' title='bbox 3037 5251 3237 5321; x_wconf 83' lang='grc' dir='ltr'>δρόμον</span> <span class='ocrx_word' id='word_1_728' title='bbox 3265 5252 3539 5321; x_wconf 71' lang='grc' dir='ltr'>ἡνύκασιν.</span> <span class='ocrx_word' id='word_1_729' title='bbox 3570 5241 3696 5296; x_wconf 72' lang='grc' dir='ltr'>Ἐὰν</span> 
     </span>
    </p>
   </div>
   <div class='ocr_carea' id='block_1_106' title="bbox 2152 5331 3689 5411">
    <p class='ocr_par' dir='ltr' id='par_1_106' title="bbox 2152 5331 3689 5411">
     <span class='ocr_line' id='line_1_106' title="bbox 2152 5331 3689 5411; baseline -0.002 -17"><span class='ocrx_word' id='word_1_730' title='bbox 2152 5341 2366 5406; x_wconf 80' lang='grc' dir='ltr'>εὕρητε</span> <span class='ocrx_word' id='word_1_731' title='bbox 2391 5338 2497 5391; x_wconf 84' lang='grc' dir='ltr'><strong><em>τὸν</em></strong></span> <span class='ocrx_word' id='word_1_732' title='bbox 2526 5338 2859 5407; x_wconf 74' lang='grc' dir='ltr'>ἁδελφιὸόν</span> <span class='ocrx_word' id='word_1_733' title='bbox 2899 5358 3041 5409; x_wconf 84' lang='grc' dir='ltr'>μου,</span> <span class='ocrx_word' id='word_1_734' title='bbox 3072 5341 3467 5411; x_wconf 72' lang='grc' dir='ltr'>ἀπαγγείλατε</span> <span class='ocrx_word' id='word_1_735' title='bbox 3507 5331 3689 5392; x_wconf 74' lang='grc' dir='ltr'>αὐτὸν.</span> 
     </span>
    </p>
   </div>
   <div class='ocr_carea' id='block_1_107' title="bbox 2154 5426 3695 5505">
    <p class='ocr_par' dir='ltr' id='par_1_107' title="bbox 2154 5426 3695 5505">
     <span class='ocr_line' id='line_1_107' title="bbox 2154 5426 3695 5505; baseline -0.008 -19"><span class='ocrx_word' id='word_1_736' title='bbox 2154 5433 2245 5486; x_wconf 85' lang='grc' dir='ltr'>ὅτι</span> <span class='ocrx_word' id='word_1_737' title='bbox 2274 5430 2606 5500; x_wconf 79' lang='grc' dir='ltr'>τετρωμένη</span> <span class='ocrx_word' id='word_1_738' title='bbox 2640 5432 2878 5501; x_wconf 76' lang='grc' dir='ltr'>ἀγάπης</span> <span class='ocrx_word' id='word_1_739' title='bbox 2907 5434 3027 5502; x_wconf 70' lang='grc' dir='ltr'>ειμι</span> <span class='ocrx_word' id='word_1_740' title='bbox 3201 5435 3311 5503; x_wconf 82' lang='grc' dir='ltr'><strong><em>Οὐχ</em></strong></span> <span class='ocrx_word' id='word_1_741' title='bbox 3339 5433 3411 5495; x_wconf 77' lang='grc' dir='ltr'><strong><em>ὡς</em></strong></span> <span class='ocrx_word' id='word_1_742' title='bbox 3429 5426 3695 5498; x_wconf 80' lang='grc' dir='ltr'>ἀγνοοῦντα</span> 
     </span>
    </p>
   </div>
   <div class='ocr_carea' id='block_1_108' title="bbox 2155 5514 3689 5597">
    <p class='ocr_par' dir='ltr' id='par_1_108' title="bbox 2155 5514 3689 5597">
     <span class='ocr_line' id='line_1_108' title="bbox 2155 5514 3689 5597; baseline -0.004 -21"><span class='ocrx_word' id='word_1_743' title='bbox 2155 5525 2246 5576; x_wconf 57' lang='grc' dir='ltr'>ττιν</span> <span class='ocrx_word' id='word_1_744' title='bbox 2286 5522 2487 5591; x_wconf 79' lang='grc' dir='ltr'>ἑαυτῆς</span> <span class='ocrx_word' id='word_1_745' title='bbox 2536 5522 2665 5575; x_wconf 70' lang='grc' dir='ltr'>Υἰὸν</span> <span class='ocrx_word' id='word_1_746' title='bbox 2700 5527 2793 5575; x_wconf 68' lang='grc' dir='ltr'><strong><em>καὶ</em></strong></span> <span class='ocrx_word' id='word_1_747' title='bbox 2842 5528 3140 5597; x_wconf 85' lang='grc' dir='ltr'>Δεσπότην,</span> <span class='ocrx_word' id='word_1_748' title='bbox 3189 5522 3556 5595; x_wconf 85' lang='grc' dir='ltr'>παρεγγυᾶται</span> <span class='ocrx_word' id='word_1_749' title='bbox 3588 5514 3689 5570; x_wconf 74' lang='grc' dir='ltr'>ταῖς</span> 
     </span>
    </p>
   </div>
   <div class='ocr_carea' id='block_1_109' title="bbox 2160 5603 3692 5691">
    <p class='ocr_par' dir='ltr' id='par_1_109' title="bbox 2160 5603 3692 5691">
     <span class='ocr_line' id='line_1_109' title="bbox 2160 5603 3692 5691; baseline -0.001 -22"><span class='ocrx_word' id='word_1_750' title='bbox 2160 5616 2377 5684; x_wconf 66' lang='grc' dir='ltr'>γυναιξὶ</span> <span class='ocrx_word' id='word_1_751' title='bbox 2425 5615 2524 5685; x_wconf 77' lang='grc' dir='ltr'>τὴν</span> <span class='ocrx_word' id='word_1_752' title='bbox 2572 5616 2776 5688; x_wconf 86' lang='grc' dir='ltr'>ταύτης</span> <span class='ocrx_word' id='word_1_753' title='bbox 2829 5619 3052 5691; x_wconf 77' lang='grc' dir='ltr'>ἀγάπην</span> <span class='ocrx_word' id='word_1_754' title='bbox 3084 5619 3219 5691; x_wconf 75' lang='grc' dir='ltr'>πρὸς</span> <span class='ocrx_word' id='word_1_755' title='bbox 3253 5615 3418 5673; x_wconf 71' lang='grc' dir='ltr'>αὑτὸν</span> <span class='ocrx_word' id='word_1_756' title='bbox 3453 5603 3692 5675; x_wconf 71' lang='grc' dir='ltr'>ἀπαγγεῖ-</span> 
     </span>
    </p>
   </div>
   <div class='ocr_carea' id='block_1_110' title="bbox 1100 4783 1427 4842">
    <p class='ocr_par' dir='ltr' id='par_1_110' title="bbox 1100 4783 1427 4842">
     <span class='ocr_line' id='line_1_110' title="bbox 1100 4783 1427 4842; baseline 0.006 -2"><span class='ocrx_word' id='word_1_757' title='bbox 1100 4783 1393 4842; x_wconf 83' lang='lat' dir='ltr'><strong><em>SCHOLIA</em></strong></span> <span class='ocrx_word' id='word_1_758' title='bbox 1412 4825 1427 4842; x_wconf 92' lang='lat'><strong><em>.</em></strong></span> 
     </span>
    </p>
   </div>
   <div class='ocr_carea' id='block_1_111' title="bbox 548 4873 2053 4953">
    <p class='ocr_par' dir='ltr' id='par_1_111' title="bbox 548 4873 2053 4953">
     <span class='ocr_line' id='line_1_111' title="bbox 548 4873 2053 4953; baseline 0.006 -24"><span class='ocrx_word' id='word_1_759' title='bbox 548 4873 669 4929; x_wconf 87' lang='lat' dir='ltr'><strong><em>Non</em></strong></span> <span class='ocrx_word' id='word_1_760' title='bbox 698 4874 887 4931; x_wconf 88' lang='lat' dir='ltr'><strong><em>eodem</em></strong></span> <span class='ocrx_word' id='word_1_761' title='bbox 936 4890 1126 4941; x_wconf 86' lang='lat' dir='ltr'><strong><em>sensu,</em></strong></span> <span class='ocrx_word' id='word_1_762' title='bbox 1172 4890 1517 4935; x_wconf 86' lang='lat' dir='ltr'><strong><em>sacramento</em></strong></span> <span class='ocrx_word' id='word_1_763' title='bbox 1570 4881 1708 4937; x_wconf 78' lang='lat' dir='ltr'><strong><em>tilias</em></strong></span> <span class='ocrx_word' id='word_1_764' title='bbox 1767 4883 2053 4953; x_wconf 89' lang='lat' dir='ltr'><strong><em>compellat</em></strong></span> 
     </span>
    </p>
   </div>
   <div class='ocr_carea' id='block_1_112' title="bbox 476 4969 2051 5043">
    <p class='ocr_par' dir='ltr' id='par_1_112' title="bbox 476 4969 2051 5043">
     <span class='ocr_line' id='line_1_112' title="bbox 476 4969 2051 5043; baseline 0.005 -20"><span class='ocrx_word' id='word_1_765' title='bbox 476 4969 803 5033; x_wconf 81' lang='lat' dir='ltr'><strong><em>Jerusalem,</em></strong></span> <span class='ocrx_word' id='word_1_766' title='bbox 847 4983 955 5037; x_wconf 92' lang='lat' dir='ltr'><strong><em>quo</em></strong></span> <span class='ocrx_word' id='word_1_767' title='bbox 986 4978 1038 5023; x_wconf 91' lang='lat' dir='ltr'><strong><em>et</em></strong></span> <span class='ocrx_word' id='word_1_768' title='bbox 1077 4970 1227 5038; x_wconf 91' lang='lat' dir='ltr'><strong><em>prius</em></strong></span> <span class='ocrx_word' id='word_1_769' title='bbox 1249 4970 1609 5041; x_wconf 84' lang='lat' dir='ltr'><strong><em>jurejurando</em></strong></span> <span class='ocrx_word' id='word_1_770' title='bbox 1648 4974 1926 5043; x_wconf 86' lang='lat' dir='ltr'><strong><em>adegerat,</em></strong></span> <span class='ocrx_word' id='word_1_771' title='bbox 1946 4976 2051 5031; x_wconf 77' lang='lat' dir='ltr'><strong><em>sed</em></strong></span> 
     </span>
    </p>
   </div>
   <div class='ocr_carea' id='block_1_113' title="bbox 484 5055 2053 5129">
    <p class='ocr_par' dir='ltr' id='par_1_113' title="bbox 484 5055 2053 5129">
     <span class='ocr_line' id='line_1_113' title="bbox 484 5055 2053 5129; baseline 0.004 -17"><span class='ocrx_word' id='word_1_772' title='bbox 484 5059 570 5114; x_wconf 90' lang='lat' dir='ltr'><strong><em>hic</em></strong></span> <span class='ocrx_word' id='word_1_773' title='bbox 635 5059 776 5112; x_wconf 82' lang='lat' dir='ltr'><strong><em>tilias</em></strong></span> <span class='ocrx_word' id='word_1_774' title='bbox 830 5055 1136 5114; x_wconf 80' lang='lat' dir='ltr'><strong><em>Jerusalem</em></strong></span> <span class='ocrx_word' id='word_1_775' title='bbox 1192 5069 1485 5129; x_wconf 81' lang='lat' dir='ltr'><strong><em>sequentes</em></strong></span> <span class='ocrx_word' id='word_1_776' title='bbox 1553 5062 1843 5117; x_wconf 88' lang='lat' dir='ltr'><strong><em>Dominum</em></strong></span> <span class='ocrx_word' id='word_1_777' title='bbox 1894 5076 2053 5119; x_wconf 79' lang='lat' dir='ltr'><strong><em>vocat.</em></strong></span> 
     </span>
    </p>
   </div>
   <div class='ocr_carea' id='block_1_114' title="bbox 484 5148 2047 5223">
    <p class='ocr_par' dir='ltr' id='par_1_114' title="bbox 484 5148 2047 5223">
     <span class='ocr_line' id='line_1_114' title="bbox 484 5148 2047 5223; baseline 0.006 -22"><span class='ocrx_word' id='word_1_778' title='bbox 484 5148 778 5218; x_wconf 88' lang='lat' dir='ltr'><strong><em>discipulas</em></strong></span> <span class='ocrx_word' id='word_1_779' title='bbox 817 5167 831 5204; x_wconf 91' lang='lat'><strong>:</strong></span> <span class='ocrx_word' id='word_1_780' title='bbox 874 5165 995 5219; x_wconf 69' lang='lat' dir='ltr'><strong><em>qua:</em></strong></span> <span class='ocrx_word' id='word_1_781' title='bbox 1029 5165 1124 5219; x_wconf 87' lang='lat' dir='ltr'><strong><em>per</em></strong></span> <span class='ocrx_word' id='word_1_782' title='bbox 1171 5152 1490 5223; x_wconf 84' lang='lat' dir='ltr'><strong><em>martyrium</em></strong></span> <span class='ocrx_word' id='word_1_783' title='bbox 1542 5156 1665 5209; x_wconf 74' lang='lat' dir='ltr'><strong><em>vita:</em></strong></span> <span class='ocrx_word' id='word_1_784' title='bbox 1711 5156 2047 5211; x_wconf 89' lang='lat' dir='ltr'><strong><em>curriculum</em></strong></span> 
     </span>
    </p>
   </div>
   <div class='ocr_carea' id='block_1_115' title="bbox 486 5240 2056 5316">
    <p class='ocr_par' dir='ltr' id='par_1_115' title="bbox 486 5240 2056 5316">
     <span class='ocr_line' id='line_1_115' title="bbox 486 5240 2056 5316; baseline 0.004 -22"><span class='ocrx_word' id='word_1_785' title='bbox 486 5241 849 5310; x_wconf 79' lang='lat' dir='ltr'><strong><em>perfecerunt.</em></strong></span> <span class='ocrx_word' id='word_1_786' title='bbox 893 5240 953 5296; x_wconf 85' lang='lat' dir='ltr'><strong><em>Si</em></strong></span> <span class='ocrx_word' id='word_1_787' title='bbox 992 5244 1291 5298; x_wconf 82' lang='lat' dir='ltr'><strong><em>inveneritis</em></strong></span> <span class='ocrx_word' id='word_1_788' title='bbox 1352 5255 1590 5316; x_wconf 84' lang='lat' dir='ltr'><strong><em>nepotem</em></strong></span> <span class='ocrx_word' id='word_1_789' title='bbox 1623 5264 1816 5313; x_wconf 87' lang='lat' dir='ltr'><strong><em>meum,</em></strong></span> <span class='ocrx_word' id='word_1_790' title='bbox 1864 5265 2056 5302; x_wconf 87' lang='lat' dir='ltr'><strong><em>renun-</em></strong></span> 
     </span>
    </p>
   </div>
   <div class='ocr_carea' id='block_1_116' title="bbox 480 5331 2052 5409">
    <p class='ocr_par' dir='ltr' id='par_1_116' title="bbox 480 5331 2052 5409">
     <span class='ocr_line' id='line_1_116' title="bbox 480 5331 2052 5409; baseline 0.004 -23"><span class='ocrx_word' id='word_1_791' title='bbox 480 5333 608 5386; x_wconf 71' lang='lat' dir='ltr'><strong><em>tiate</em></strong></span> <span class='ocrx_word' id='word_1_792' title='bbox 642 5333 689 5385; x_wconf 91' lang='lat' dir='ltr'><strong><em>ei</em></strong></span> <span class='ocrx_word' id='word_1_793' title='bbox 715 5331 855 5401; x_wconf 81' lang='lat' dir='ltr'><strong><em>quod</em></strong></span> <span class='ocrx_word' id='word_1_794' title='bbox 889 5334 1162 5389; x_wconf 84' lang='lat' dir='ltr'><strong><em>vulnerata</em></strong></span> <span class='ocrx_word' id='word_1_795' title='bbox 1211 5352 1390 5391; x_wconf 83' lang='lat' dir='ltr'><strong><em>amore</em></strong></span> <span class='ocrx_word' id='word_1_796' title='bbox 1429 5352 1522 5407; x_wconf 85' lang='lat' dir='ltr'><strong><em>ego</em></strong></span> <span class='ocrx_word' id='word_1_797' title='bbox 1556 5354 1692 5392; x_wconf 89' lang='lat' dir='ltr'><strong><em>sum.</em></strong></span> <span class='ocrx_word' id='word_1_798' title='bbox 1740 5339 1855 5392; x_wconf 83' lang='lat' dir='ltr'><strong><em>Non</em></strong></span> <span class='ocrx_word' id='word_1_799' title='bbox 1905 5339 2052 5409; x_wconf 89' lang='lat' dir='ltr'><strong><em>quod</em></strong></span> 
     </span>
    </p>
   </div>
   <div class='ocr_carea' id='block_1_117' title="bbox 482 5420 2051 5499">
    <p class='ocr_par' dir='ltr' id='par_1_117' title="bbox 482 5420 2051 5499">
     <span class='ocr_line' id='line_1_117' title="bbox 482 5420 2051 5499; baseline 0.006 -26"><span class='ocrx_word' id='word_1_800' title='bbox 482 5420 750 5488; x_wconf 86' lang='lat' dir='ltr'><strong><em>ejusmodi</em></strong></span> <span class='ocrx_word' id='word_1_801' title='bbox 778 5422 855 5476; x_wconf 88' lang='lat' dir='ltr'><strong><em>rei</em></strong></span> <span class='ocrx_word' id='word_1_802' title='bbox 885 5439 1045 5479; x_wconf 89' lang='lat' dir='ltr'><strong><em>suum</em></strong></span> <span class='ocrx_word' id='word_1_803' title='bbox 1072 5426 1244 5495; x_wconf 88' lang='lat' dir='ltr'><strong><em>ipsius</em></strong></span> <span class='ocrx_word' id='word_1_804' title='bbox 1265 5426 1463 5481; x_wconf 85' lang='lat' dir='ltr'><strong><em>Filium</em></strong></span> <span class='ocrx_word' id='word_1_805' title='bbox 1488 5438 1542 5483; x_wconf 90' lang='lat' dir='ltr'><strong><em>et</em></strong></span> <span class='ocrx_word' id='word_1_806' title='bbox 1572 5429 1860 5483; x_wconf 77' lang='lat' dir='ltr'><strong><em>Daminnm</em></strong></span> <span class='ocrx_word' id='word_1_807' title='bbox 1896 5430 2051 5499; x_wconf 87' lang='lat' dir='ltr'><strong><em>igua-</em></strong></span> 
     </span>
    </p>
   </div>
   <div class='ocr_carea' id='block_1_118' title="bbox 489 5512 2051 5590">
    <p class='ocr_par' dir='ltr' id='par_1_118' title="bbox 489 5512 2051 5590">
     <span class='ocr_line' id='line_1_118' title="bbox 489 5512 2051 5590; baseline 0.007 -25"><span class='ocrx_word' id='word_1_808' title='bbox 489 5526 610 5566; x_wconf 83' lang='lat' dir='ltr'><strong><em>rum</em></strong></span> <span class='ocrx_word' id='word_1_809' title='bbox 640 5512 757 5569; x_wconf 75' lang='lat' dir='ltr'><strong><em>fore</em></strong></span> <span class='ocrx_word' id='word_1_810' title='bbox 798 5516 1210 5582; x_wconf 79' lang='lat' dir='ltr'><strong><em>existimaverit,</em></strong></span> <span class='ocrx_word' id='word_1_811' title='bbox 1242 5520 1487 5590; x_wconf 73' lang='lat' dir='ltr'><strong><em>praecipit</em></strong></span> <span class='ocrx_word' id='word_1_812' title='bbox 1540 5522 1861 5577; x_wconf 74' lang='lat' dir='ltr'><strong><em>mulieribus</em></strong></span> <span class='ocrx_word' id='word_1_813' title='bbox 1893 5538 2051 5577; x_wconf 78' lang='lat' dir='ltr'><strong><em>Suum</em></strong></span> 
     </span>
    </p>
   </div>
   <div class='ocr_carea' id='block_1_119' title="bbox 483 5612 2056 5694">
    <p class='ocr_par' dir='ltr' id='par_1_119' title="bbox 483 5612 2056 5694">
     <span class='ocr_line' id='line_1_119' title="bbox 483 5612 2056 5694; baseline 0.005 -33"><span class='ocrx_word' id='word_1_814' title='bbox 483 5616 611 5673; x_wconf 69' lang='lat' dir='ltr'><strong><em>erga</em></strong></span> <span class='ocrx_word' id='word_1_815' title='bbox 646 5614 894 5675; x_wconf 87' lang='lat' dir='ltr'><strong><em>uepotctn</em></strong></span> <span class='ocrx_word' id='word_1_816' title='bbox 941 5612 1253 5667; x_wconf 85' lang='lat' dir='ltr'><strong><em>renuntient</em></strong></span> <span class='ocrx_word' id='word_1_817' title='bbox 1300 5630 1580 5694; x_wconf 86' lang='lat' dir='ltr'><strong><em>amorem:</em></strong></span> <span class='ocrx_word' id='word_1_818' title='bbox 1615 5616 1711 5685; x_wconf 88' lang='lat' dir='ltr'><strong><em>qui</em></strong></span> <span class='ocrx_word' id='word_1_819' title='bbox 1743 5617 1886 5672; x_wconf 83' lang='lat' dir='ltr'><strong><em>enim</em></strong></span> <span class='ocrx_word' id='word_1_820' title='bbox 1938 5615 2056 5671; x_wconf 81' lang='lat' dir='ltr'><strong><em>ﬁeri</em></strong></span> 
     </span>
    </p>
   </div>
  </div>
