3892 6192
413 267 426 279 ’
517 311 660 376 1Ο6¹1
687 257 698 266 ’

1653 316 2023 376 ΜΑΤΤΠᾸΞΙ
2067 317 2596 380 CANTACUZENI

3602 317 3732 393 1068‘

512 427 657 482 clare
688 426 1030 497 signiﬁcavit,
1059 427 1220 496 idque
1254 428 1380 481 olim
1431 426 1755 496 patriarcha:
1803 426 1967 482 Jacob
1995 429 2069 482 de-

2189 432 2329 500 τῆρα
2362 431 2666 499 δεδήλωκεο
2716 428 2872 484 τοῦτο
2911 431 3003 484 καὶ
3047 434 3074 483 6
3111 432 3274 484 πάλαι
3309 431 3388 500 τῷ
3427 435 3729 506 πατριάρχῃ

514 526 868 572 monstratum
918 516 1016 570 fuit
1047 518 1115 571 ab
1161 517 1387 588 angelo6
1413 556 1426 580 ,
1463 517 1590 587 quid
1628 517 1777 570 illum
1811 518 1876 572 ad
1909 528 2081 572 certa-

510 626 632 663 men
662 611 824 662 lucta:
857 610 1103 663 excitans
1137 612 1258 678 ejus
1307 608 1510 663 femina
1545 610 1716 677 tetigit
1744 609 1991 663 indicans
2015 627 2077 663 ex

509 702 598 755 illa
629 716 794 755 carne
833 699 1172 753 nasciturum
1211 700 1303 754 Dei
1356 700 1551 754 Filium
1587 702 1953 770 unigenitum.
1986 700 2078 752 Di-

507 791 580 844 cit
613 791 828 860 itaque:
884 790 1092 844 Moduli
1144 791 1395 858 feminum
1446 803 1658 845 tuorum
1709 791 1908 844 similes
1958 800 2079 844 sunt

506 882 826 945 monilibus;
857 882 1115 946 videlicet,
1147 883 1250 947 Qui
1282 897 1499 936 carnem
1531 899 1596 935 cx
1631 891 1681 935 te
1727 889 2079 949 suscepturus

502 982 584 1026 est
626 972 788 1034 Deus,
819 975 1097 1028 immobile
1127 975 1364 1043 sigillum
1394 983 1473 1030 est
1518 975 1634 1038 Dei,
1670 983 1721 1029 et
1765 973 1964 1026 Patris.
1996 971 2081 1026 Si-

502 1073 596 1116 cut
622 1065 766 1118 enim
798 1065 976 1134 inquit
1007 1064 1201 1134 optimi
1232 1066 1473 1119 artiﬁces
1499 1063 1777 1133 signacula
1801 1062 2078 1132 eﬁingnnt,

502 1156 905 1224 exemplaribus
945 1171 1208 1226 perquam
1242 1156 1516 1211 simillima
1543 1172 1588 1221 ;_
1616 1157 1805 1209 eodem
1835 1154 1996 1208 modo
2027 1162 2080 1208 et

439 1273 456 1281 η
507 1249 820 1317 unigenitus
858 1249 952 1303 Dei
973 1247 1179 1313 Filius,
1211 1248 1487 1302 immobile
1515 1247 1776 1316 sigillum,
1811 1258 2076 1314 perquam

503 1339 779 1395 simillima
810 1338 968 1408 plane
997 1349 1100 1404 est,
1133 1337 1311 1392 Patris
1341 1338 1540 1405 imago.

651 1581 653 1594 ι
1181 1517 1378 1573 caua

567 1615 622 1668 2.
685 1595 1127 1666 Umbilicustuus
1189 1620 1362 1662 crater
1428 1605 1716 1666 toruatilis,
1775 1618 1876 1657 non
1920 1619 2071 1672 egens

499 1707 694 1768 misto;
725 1713 900 1755 venter
933 1713 1052 1753 tum
1099 1685 1342 1752 cumulus
1394 1697 1582 1764 tritici,
1637 1696 1865 1748 vallatus
1908 1697 1958 1747 in
2010 1694 2072 1745 li-

497 1795 606 1847 liis.

656 1876 663 1884 ’
1117 1877 1437 1935 SCllOLlA.

569 1975 650 2028 Ad
683 1988 936 2042 magnum
968 1986 1066 2040 pro
1098 1971 1253 2024 nobis
1308 1969 1730 2038 dispensationis
1765 1968 2080 2038 mysterium

501 2066 827 2128 Salvatoris,
860 2064 1124 2132 propheta
1158 2063 1347 2116 oculos
1379 2061 1700 2128 conjiciens,
1732 2063 1807 2114 ait
1835 2064 1901 2115 ad
1959 2056 2080 2113 Vir-

496 2155 674 2225 ginem
707 2169 722 2207 :
756 2153 1047 2206 Umbilicus
1102 2162 1220 2203 tuus
1253 2160 1428 2203 crater
1456 2151 1723 2204 loruatills
1749 2167 1774 2215 ;~
1801 2152 2077 2214 videlicet,

495 2247 573 2300 Ex
608 2256 658 2300 te
691 2255 856 2299 natus
913 2243 1006 2296 Dei
1052 2242 1244 2308 Filius,
1275 2251 1454 2296 crater
1493 2251 1596 2305 est,
1639 2258 1797 2296 suum
1829 2257 1926 2310 pro
1981 2257 2078 2295 no-

495 2350 609 2393 stra
644 2339 842 2401 salute,
875 2335 1157 2410 eﬁundens
1183 2335 1521 2402 sanguinem.
1552 2331 1671 2386 Non
1701 2349 1854 2402 egens
1887 2334 2074 2396 mislo;

493 2446 560 2482 ex
583 2444 693 2498 quo
751 2429 894 2481 enim
926 2424 1173 2479 Salvator
1228 2433 1411 2477 noster
1439 2421 1675 2477 Verbum
1710 2440 1839 2478 caro
1867 2424 2072 2478 factum

494 2531 597 2584 est,
631 2529 683 2574 et
719 2534 879 2574 suum
915 2519 1236 2588 sanguinem
1287 2517 1340 2569 in
1373 2529 1559 2587 potum
1597 2517 1848 2572 ﬁdelibus
1883 2517 2070 2571 dedit:

502 2628 570 2665 ex
598 2626 687 2674 eo,
723 2611 972 2678 inquam,
1013 2621 1276 2677 tempore,
1309 2619 1488 2662 crater
1516 2625 1623 2663 non
1654 2609 1827 2664 deluit
1854 2610 1934 2679 ,in
1968 2610 2072 2663 Ee-

494 2703 704 2765 elesiis,
739 2716 862 2770 quae
915 2711 1044 2754 sunt
1093 2700 1293 2768 ubique
1345 2707 1638 2773 terrarum.
1691 2702 2076 2765 QuinimOitn-

495 2797 678 2863 pietur
713 2794 965 2862 quotidie
1001 2793 1174 2848 sacris
1226 2793 1528 2847 incruentis
1557 2793 1861 2859 sacriﬁciis,
1897 2793 2071 2855 vitali,

493 2899 548 2945 et
575 2889 762 2943 divino
795 2887 1081 2957 sanguine.
1133 2885 1320 2941 Venter
1353 2897 1471 2938 tuus
1499 2885 1739 2938 cumulus
1762 2896 1834 2938 est
1870 2886 2070 2951 tritici;

492 2996 682 3036 revera
722 2980 889 3045 enim,
931 2980 1044 3048 ipsa
1076 2961 1354 3033 ccelestem
1404 2977 1561 3032 nobis
1593 2992 1783 3045 panem
1819 2976 2067 3046 peperit;

2197 520 2392 574 Ἰακὼὸ
2413 521 2597 590 ὀφθεὶς
2635 521 2889 588 ἄγγελος,
2939 523 3034 574 καὶ
3072 523 3206 590 πρὸς
3235 521 3555 594 συμπλοκὴν
3588 524 3727 578 αὐτὸν

2182 610 2493 678 ἀναστήσας
2523 609 2700 678 πάλης
2721 651 2735 676 ,
2767 610 2945 679 ἥψατο
2971 610 3079 662 τῶν
3134 613 3347 662 ἐκείνου
3391 612 3607 680 μηρῶν,
3650 612 3728 682 τὴν

2183 699 2245 762 ἐξ
2269 699 2477 751 ἐκείνου
2514 700 2793 768 σάρκωσιν
2821 698 2915 752 τοῦ
2947 701 3273 768 μονογενοῦς
3304 702 3587 769 ἐμφαίνων
3620 703 3726 755 Υἱοῦ

2181 789 2275 841 τοῦ
2311 789 2471 844 Θεοῦ.
2499 792 2635 862 Φησὶ
2653 793 2833 846 τοίνυν
2853 804 2869 819 ⁶
2916 791 3153 859 Ῥυθμοὶ
3178 792 3388 860 μηρῶν
3411 810 3529 846 σου
3562 793 3731 860 ὅμοιοι

2184 881 2532 948 ὀρμίσκοιςυ
2607 881 2795 951 ἧγουν,
2854 880 2914 933 '0
2973 883 3036 933 ὲκ
3101 881 3196 933 σοῦ
3261 882 3732 950 σαρκωθησὸμενος

2182 971 2314 1034 Θεὸς
2350 973 2380 1041 ἡ
2419 973 2493 1042 μὴ
2548 972 2838 1043 κινουμένη
2878 971 3114 1041 σφραγίς
3166 973 3280 1024 ἐστι
3327 972 3422 1024 τοῦ
3472 972 3610 1023 Θεοῦ
3661 971 3732 1023 καὶ

2183 1066 2416 1132 Πατρός.
2455 1065 2664 1134 Ὠσπερ
2713 1066 2841 1134 γὰρ,
2873 1065 3059 1132 φησιν,
3108 1064 3156 1115 οἱ
3186 1063 3295 1116 τῶν
3345 1057 3609 1133 τέχνιτῶν
3637 1063 3735 1131 ἀρι-

2185 1172 2298 1208 στοι
2331 1157 2788 1226 ἀπαραλλάκτους
2814 1155 2909 1217 τὰς
2935 1155 3244 1224 σφραγῖδας
3279 1155 3392 1208 τῶν
3426 1154 3732 1223 ἁρχετύπων

2182 1246 2500 1310 ποιοῦνται,
2529 1245 2672 1297 οὕτω
2703 1249 2795 1296 καὶ
2822 1246 2850 1297 6
2888 1245 3183 1313 μονογενὴς
3220 1244 3345 1305 Υἱὸς
3385 1243 3647 1296 τοῦ-Θεοῦ
3667 1284 3681 1308 ,
3708 1246 3733 1312 ἡ

2185 1335 2258 1404 μὴ
2284 1334 2576 1404 κινούμενη
2635 1336 2896 1403 σφραγὶς,
2943 1332 3368 1404 ἀπαράλλακτός
3399 1335 3548 1386 ἐστιν
3591 1335 3732 1386 εἰκὼν

2180 1425 2274 1478 τοῦ
2312 1425 2545 1494 Πατρός.

2838 1510 3080 1585 τᾼΣΜΑ.

2250 1607 2553 1675 Ὀμφαλός
2591 1619 2707 1660 σου
2727 1605 2951 1674 κρατὴρ
2978 1607 3317 1675 τορνευτός,
3349 1607 3435 1675 μὴ
3465 1605 3732 1672 ὑστερού-

2174 1716 2356 1768 μενος
2394 1697 2622 1768 κρᾶμα·
2673 1698 2878 1773 facilia
2917 1712 3033 1752 σου
3073 1700 3340 1767 θημωνια
3390 1700 3595 1765 σίτου,
3648 1711 3732 1749 ειε-

2084 1765 2147 1824 ‘B
2174 1765 2482 1860 έοραγμένη
2504 1765 2584 1842 γέν
2621 1765 2867 1856 κρίνοις.

2821 1881 3096 1935 ΣΧΟΛΙΑ.

2245 1975 2386 2042 Πρὸς
2417 1972 2477 2024 τὸ
2515 1972 2657 2041 μέγα
2681 1973 2779 2044 τῆς
2815 1974 2956 2042 ὑπὲρ
3006 1973 3161 2043 ἡμῶν
3191 1971 3499 2040 οἰκονομίας
3536 1972 3737 2041 μυστή-

2174 2060 2414 2135 ριοντοῦ
2473 2065 2722 2133 Σωτῆρος
2776 2063 2997 2132 ἀφορῶν
3044 2067 3072 2116 6
3128 2063 3421 2134 Προφήτης
3470 2063 3612 2131 πρὸς
3645 2061 3735 2132 τὴν

2173 2157 2448 2227 Παρθένον
2482 2157 2644 2224 φησιν
2669 2170 2681 2184 ·
2729 2155 3033 2222 Ὀμφαλός
3089 2167 3206 2207 σου
3243 2152 3468 2221 κρατὴρ
3502 2169 3737 2220 τορνευ-

2169 2251 2306 2316 τός·
2352 2250 2540 2318 ἧγουν,
2577 2247 2637 2300 ⁸0
2670 2249 2733 2299 έκ
2774 2246 2866 2299 σοῦ
2903 2247 3113 2317 τεχθεὶς
3145 2247 3272 2308 Υἱὸς
3306 2245 3401 2298 τοῦ
3431 2245 3572 2298 Θεοῦ
3612 2262 3734 2315 κρα-

2168 2343 2275 2410 τήρ
2307 2343 2423 2396 ἔστι
2456 2340 2706 2409 προχέων
2742 2339 2804 2392 τὺ
2839 2340 3035 2391 ἑαυτοῦ
3085 2335 3226 2408 αἷμα
3273 2339 3413 2408 ὑπὲρ
3461 2340 3560 2408 τῆς
3587 2339 3735 2409 ἡμῶν

2171 2433 2465 2502 σωτηρίας.
2501 2429 2598 2496 Μὴ
2634 2431 3076 2497 ὑστερούμενοι·
3107 2428 3323 2498 κρᾶμα.
3378 2429 3598 2492 Ἐξότου
3636 2431 3736 2498 γὰρ

2167 2524 2194 2575 6
2227 2522 2419 2591 Σωτὴρ
2457 2522 2613 2590 ἡμῶν
2643 2519 3033 2590 ὲνηνθρώπησε
3078 2520 3274 2588 Λόγος,
3324 2521 3419 2571 καὶ
3452 2519 3512 2571 τὸ
3544 2518 3734 2572 ἑαυτοῦ

2165 2611 2306 2683 αἷμα
2327 2615 2405 2674 εἰς
2428 2613 2587 2665 πόσιν
2619 2611 2818 2665 δέδωκε
2859 2614 2971 2674 τοῖς
3001 2615 3212 2674 πιστοῖς
3235 2618 3254 2642 δ
3294 2609 3353 2676 ἐξ
3373 2613 3586 2664 ἐκείνου
3618 2629 3736 2664 και-

2169 2707 2261 2773 ροῦ
2301 2705 2360 2757 οὐ
2393 2704 2634 2756 διέλιπεν
2666 2705 2694 2754 6
2747 2703 2956 2773 κρατὴρ
2991 2704 3048 2754 ὲν
3097 2703 3217 2764 ταῖς
3269 2702 3591 2771 ἁπανταχοῦ
3633 2706 3730 2771 γῆς

2177 2788 2526 2862 Ἐκκλησίαις
2551 2795 2626 2864 μὴ
2654 2793 2990 2863 πληροῦσθαι
3011 2794 3126 2856 ταῖς
3151 2794 3274 2846 καθ’
3295 2795 3510 2863 ἡμέραν
3536 2793 3640 2844 τῶν
3664 2796 3735 2845 ἰε-

2166 2891 2307 2958 ρέων
2340 2885 2699 2954 ἀναιμάκτοις
2739 2885 2962 2946 ,θυσίαις
3007 2882 3104 2935 τοῦ
3153 2883 3419 2946 ζωοποιοῦ
3465 2885 3563 2935 καὶ
3594 2885 3732 2937 θείου

2163 2981 2411 3050 αἵματος.
2437 2978 2649 3032 Κοιλίιι
2691 2992 2806 3029 σου
2855 2975 3121 3042 θημωνία
3151 2974 3327 3027 σίτου
3355 2989 3370 3004 ·
3425 2975 3595 3038 εντως
3626 2982 3734 3042 γὰρ

492 3077 558 3132 de
589 3093 700 3146 quo
727 3077 1041 3144 quicunque
1073 3072 1373 3128 comederit
1404 3088 1510 3127 non
1563 3074 1822 3125 morietur
1844 3071 1863 3101 '
1896 3109 1909 3123 .
1946 3068 2063 3134 Quo

2178 3073 2308 3142 ιῦτη
2357 3071 2448 3124 τὸν
2482 3069 2732 3138 οὐράνιον
2794 3069 2926 3137 ἡμῖν
2959 3068 3124 3136 ἄρτον
3176 3067 3513 3120 ἀποτέτοκεν
3535 3085 3548 3098 ο
3587 3069 3642 3133 ἐξ
3674 3063 3732 3122 οὗ

489 3178 671 3224 autem
705 3168 867 3220 modo
899 3181 1006 3219 non
1039 3165 1139 3219 erit
1171 3163 1337 3218 tritici
1370 3163 1642 3233 cumulus,
1676 3177 1799 3230 quae
1831 3160 2062 3228 singulis

2178 3168 2282 3226 πᾶς
2311 3168 2338 3218 6
2368 3163 2595 3233 τρώγων
2632 3162 2691 3214 οὗ
2723 3160 2968 3230 θνήσκει.
3010 3161 3132 3220 Πῶς
3165 3161 3223 3214 δὲ
3271 3161 3332 3213 οὑ
3375 3163 3623 3233 θημωνία
3658 3163 3734 3214 σι-

488 3259 705 3323 diebus,
772 3256 957 3311 ﬁdeles
1027 3255 1197 3324 replet
1255 3256 1468 3310 abunde
1519 3255 1919 3325 supernaturali
1969 3255 2061 3310 illo

2178 3277 2267 3312 του
2304 3259 2335 3328 ἡ
2370 3255 2492 3310 καθ’
2541 3256 2752 3325 ἡμέραν
2803 3253 3106 3323 ἀρδεύουσα
3145 3255 3256 3316 τοῖς
3290 3258 3506 3316 πιστοῖς
3547 3255 3635 3308 τοῦ
3675 3255 3733 3319 ἐξ

491 3365 649 3419 pane,
707 3350 798 3419 qui
829 3349 1076 3405 absolute
1107 3349 1172 3402 ab
1207 3349 1320 3416 ipsa
1358 3348 1674 3401 emanavit?
1730 3345 1969 3400 Vallatus
2005 3347 2060 3399 in

490 3443 643 3508 (iliis,
676 3443 916 3511 undique
950 3441 1149 3495 divinis
1180 3442 1386 3493 munita
1437 3440 1805 3510 dogmatibus,
1855 3439 2058 3494 doctri-

490 3538 684 3607 nisque
741 3535 944 3591 Christi
1008 3534 1122 3599 Dei,
1183 3535 1278 3603 qui
1333 3549 1550 3588 carnem
1607 3548 1674 3588 ex
1739 3519 1850 3601 ipsa
1907 3546 2058 3588 sum-

488 3628 618 3698 psit.

1168 3716 1373 3772 CANT.

555 3815 612 3869 5.
644 3814 762 3866 Duo
812 3813 970 3866 ubera
1020 3821 1136 3881 tua,
1186 3813 1323 3866 sicut
1355 3813 1457 3865 duo
1497 3810 1699 3866 Iiinnuli
1729 3811 1933 3882 gemelli
1969 3826 2060 3864 ca-

482 3922 644 3977 prew.

1109 3991 1416 4048 SCHOLIA.

559 4091 635 4146 De
665 4088 978 4158 huiusmodi
1019 4103 1184 4157 supra
1225 4088 1462 4142 dilucide
1492 4097 1672 4142 actum
1701 4095 1805 4143 est.

630 4243 638 4250 _
1162 4178 1368 4234 CANT.
1749 4163 1756 4168 ’

553 4271 606 4326 4.
636 4269 841 4325 Collum
867 4279 1016 4323 tuum
1049 4271 1181 4322 sicut
1217 4271 1380 4321 turris
1406 4269 1658 4326 eburnea.

1119 4342 1432 4416 SCUOL'tA.

2174 3351 2342 3420 αὐτῆς
2371 3346 2860 3418 τελεσφορηθέντος
2889 3343 3200 3416 ὑπερφυοῦς
3235 3345 3436 3417 ἄρτους
3474 3350 3731 3416 "appar-

2166 3443 2318 3512 μένη
2370 3441 2438 3494 ἐν
2487 3443 2752 3508 κρίνοιςο
2812 3439 3153 3506 πανταχόθεν
3216 3443 3729 3509 περιφρουρουμένη

2169 3539 2284 3598 τοῖς
2319 3536 2483 3596 θείοις
2506 3534 2742 3602 δόγμασι
2775 3533 2867 3584 καὶ
2889 3533 3182 3601 διδάγμασι
3205 3533 3296 3584 τοῦ
3322 3533 3381 3597 ἐξ
3406 3535 3575 3603 αὐτῆς
3605 3551 3730 3602 σαρ-

2171 3627 2439 3687 κωθέντος
2469 3623 2703 3696 Χριστοῦ
2729 3622 2824 3676 τοῦ
2869 3623 3029 3676 Θεοῦ.

2799 3710 3054 3786 ΪᾼΣΜΑ.

2237 3811 2375 3865 Δύο·
2387 3808 2611 3880 μαστοί
2637 3822 2777 3872 σου,
2811 3808 2892 3874 ὡς
2933 3806 3044 3860 δύο
3079 3808 3274 3876 νεϐροὶ
3317 3808 3555 3880 δίδυμοι
3597 3810 3724 3881 δορ-

2167 3903 2372 3969 κάδος.

2809 3995 3082 4049 ΣΧΟΛΙΑ.

2240 4089 2379 4161 Περὶ
2407 4087 2601 4141 τούτου
2633 4086 2892 4157 ἀνωτέρω
2921 4087 3234 4155 δεδήλωται.

2824 4177 3065 4252 τᾼΣΜΑ.

2245 4274 2553 4346 Τράχηλός
2582 4291 2700 4329 σου
2729 4275 2810 4339 ὡς
2841 4275 3068 4342 πύργος
3096 4273 3511 4343 ἐλεφάντινος.

2821 4367 3094 4421 ΣΧΟΛΙΛ.

556 4453 741 4508 Turris
796 4454 1017 4522 quidem
1076 4453 1512 4522 eburnea,juxta
1539 4453 1846 4520 historiam,
1893 4453 2058 4508 inter-

2235 4463 2447 4534 Πύργος
2475 4434 2762 4531 ἱστορικῶς
2794 4459 2891 4528 μὲν
2937 4460 3280 4527 ἐλεφάντινος
3325 4461 3475 4518 ἔστιν
3515 4464 3544 4516 6
3569 4477 3715 4531 μεσι-

477 4545 620 4614 jecta
670 4555 757 4600 est
797 4544 938 4598 inter
992 4543 1268 4596 civitatem
1318 4541 1647 4610 Jerusalem,
1693 4554 1747 4599 et
1771 4545 1914 4597 inter
1938 4542 2058 4613 ejus

456 4638 719 4712 civitatis
768 4651 973 4701 arcem,
1010 4636 1307 4701 Bethleem,
1340 4651 1458 4690 eam
1484 4653 1712 4705 magnus
1740 4638 1917 4691 erexit
1949 4636 2054 4690 Da-

482 4729 566 4782 vid
600 4748 613 4793 ;
642 4733 731 4782 cui
777 4727 1022 4798 Virginis
1047 4727 1246 4781 collum
1276 4729 1455 4783 simile
1473 4730 1633 4792 dixit,
1675 4739 1896 4798 propter
1931 4742 2055 4796 pro-

477 4819 728 4884 bitatem,
761 4827 814 4872 et
837 4817 1240 4881 rectitudineni,
1267 4829 1318 4871 et
1355 4818 1501 4888 quod
1534 4818 1687 4870 omni
1718 4821 1857 4872 iuret
1895 4815 2055 4870 undi-

477 4927 584 4982 que
619 4901 794 4981 gratia
831 4907 1140 4978 perfusum.

1165 5001 1366 5054 CANT.

550 5095 704 5149 Oculi
755 5096 833 5147 tui
864 5094 1002 5147 sicut
1059 5103 1246 5163 stagna
1280 5095 1334 5147 in
1388 5093 1611 5162 Esebon,
1647 5097 1699 5148 in
1731 5098 1897 5165 portis
1926 5099 2053 5168 ﬁlice
2087 5157 2101 5164 ,

477 5186 786 5239 multorum.

497 5291 499 5293 ’
1101 5279 1392 5334 SCllOLlA
1411 5320 1423 5334 .

552 5371 754 5427 Esebou
777 5388 918 5445 apud
949 5371 1229 5437 licbrwos,
1259 5374 1609 5443 cogitationes
1635 5374 1925 5442 signiﬁcat.
1952 5373 2046 5429 Di-

460 5469 550 5518 .cit
582 5466 780 5538 igitur:
814 5467 968 5522 Oculi
999 5468 1077 5520 tui
1102 5477 1353 5535 tanquam
1390 5476 1579 5536 stagna
1608 5469 1659 5518 in
1690 5465 1897 5521 Esebon
1924 5485 1936 5521 :
1966 5469 2046 5521 vi—

479 5559 676 5612 delicet
728 5575 923 5628 purum
953 5570 1140 5628 putum
1178 5569 1284 5613 tua:
1345 5559 2044 5630 virginimtismystcrium,

551 5732 572 5763 ⁸
602 5729 915 5800 Gemuit“,
945 5735 968 5787 l
1004 5751 1155 5804 seqq.
1233 5741 1253 5771 ⁷
1296 5735 1453 5790 Joan.
1489 5754 1561 5804 γι,
1594 5740 1683 5794 50.

2163 4557 2335 4611 τεύων
2382 4558 2461 4624 τῇ
2507 4569 2567 4606 τε
2627 4553 2783 4605 πόλει
2840 4553 3196 4622 Ἰερουσαλὴμ
3251 4555 3347 4606 καὶ
3394 4557 3460 4624 τῇ
3512 4556 3711 4622 ἐκείνης

2163 4647 2457 4720 ἀκροπόλει
2496 4644 2768 4718 βηθλεὲμ,
2815 4645 2874 4697 ὃν
2913 4650 2941 4696 ὁ
2989 4645 3169 4712 μέγας
3215 4647 3483 4716 ἀνέστησε
3523 4647 3706 4699 626$-

2160 4741 2337 4810 τούτῳ
2364 4739 2456 4792 τὸν
2498 4739 2598 4808 τῆς
2650 4737 2924 4807 Παρθένου
2962 4739 3262 4806 παρείκασε
3311 4741 3589 4808 τράχηλον,
3630 4737 3705 4789 διὰ

2165 4830 2226 4883 τὸ
2270 4829 2520 4896 εὐεργὸν,
2569 4827 2664 4880 καὶ
2700 4825 2922 4896 ὄρθιον,
2973 4833 3068 4881 καὶ
3118 4829 3250 4896 πρὸς
3300 4829 3516 4882 ᾶπαντα
3559 4847 3704 4896 x511-

2168 4920 2445 4991 ρισμένον.

2830 5003 3071 5083 τᾼΣΜΑ.

2245 5102 2566 5170 Ὀφθαλμοί
2606 5116 2721 5154 σου
2752 5103 2832 5168 ὡς
2861 5105 3066 5171 λίμναι
3095 5104 3164 5157 ἐν
3209 5105 3487 5175 Ἐὰεεῖὼη
3511 5107 3577 5161 ὲν
3612 5109 3702 5160 πύ-

2161 5197 2298 5262 λαις
2322 5197 2613 5265 θυγατρὸς
2643 5197 2913 5250 πολλῶν.

2808 5291 3084 5346 ΣΧΟΛΙΑ.

2243 5380 2478 5434 Ἐσεὸὼν
2532 5382 2663 5451 παρ’
2699 5383 2974 5452 Ἐὃραίοις
3031 5387 3154 5446 τοὺς
3211 5387 3503 5456 λογισμοὺς
3545 5384 3692 5452 δηλοῖ.

2155 5476 2291 5544 Φησὶ
2325 5477 2526 5541 τοίνυν,
2550 5459 2615 5528 ὸι
2639 5478 2936 5545 ὀφθαλμοί
2965 5493 3081 5531 σου
3111 5480 3191 5544 ὡς
3217 5481 3503 5547 λίμναιέν
3549 5480 3692 5530 Ἐσε-

2158 5567 2275 5622 ϐὠν
2299 5587 2313 5604 ⁸
2350 5569 2538 5638 ἤγουν,
2563 5570 2634 5635 Τὸ
2665 5569 2908 5640 καθαρὸν
2933 5575 3029 5642 τῆς
3065 5571 3160 5641 σῆς
3191 5573 3482 5643 παρθενίας
3507 5569 3692 5642 μυστή-
