4016 6204
268 251 407 321 10⁸17

266 462 433 531 τειρά
468 478 543 515 σε
569 478 584 495 ο
615 463 739 516 ἀντὶ
766 462 883 527 τοῦ,
945 461 1025 515 Δι’
1076 463 1209 515 αὐτὸ
1251 463 1411 516 τοῦτο
1457 465 1521 517 ἐκ
1557 464 1658 533 τῆς
1708 464 1848 534 ἐμῆς

263 554 467 623 ὀσφύος
494 553 799 623 γεγέννηκά
824 570 906 617 σε,
943 555 1027 607 ἵνα
1048 553 1107 607 τὸ
1134 556 1232 623 τῆς
1264 553 1407 624 ζωῆς
1457 554 1700 625 ἁνθήσῃς
1741 556 1845 623 μῆ-

267 647 383 702 λον.
421 644 588 699 Ἐκεῖ
620 644 885 712 ὠδίγησέ
927 662 1002 700 σε
1036 647 1073 713 ἠ
1113 645 1375 700 τεκοῦσά
1416 663 1489 701 σε
1513 661 1526 676 ·
1565 649 1706 716 ἦτοι,
1762 648 1849 700 διὰ

268 738 371 807 τὴν
392 737 561 801 αὐτὴν
593 736 794 789 αἰτίαν.
831 738 941 803 Θές
963 754 1039 807 με
1092 738 1171 804 ὡς
1219 738 1521 807 σφραγῖδα
1581 738 1679 791 ἐπὶ
1737 737 1851 805 τὴν

272 826 526 895 καρδίαν
571 842 712 882 σου.
738 826 1048 894 Ton-rectm,
1079 829 1202 882 Εἴθε
1230 829 1619 895 ἀνεξάλειπτον
1671 828 1846 893 ἄγοις,

272 920 377 982 εμὲ
405 920 709 989 κατέχουσα
741 922 798 973 ἐν
825 924 891 991 τῇ
958 922 1157 992 καρδίᾳ.
1215 939 1331 975 σου.
1399 921 1497 985 Ὠς
1551 918 1851 995 σφραγῖδα

271 1009 377 1063 ἐπὶ
408 1010 515 1065 τὸν
546 1010 851 1078 βραχίονά
889 1024 1008 1066 σου
1033 1028 1047 1043 ·
1092 1014 1149 1065 ὲν
1178 1015 1246 1083 τῇ
1277 1013 1503 1082 δυνάμει
1553 1028 1667 1075 σου,
1698 1011 1853 1079 δηλο-

275 1104 417 1164 νότι,
449 1102 552 1171 ἐμὲ
596 1092 933 1172 συνέχουσα,Δ
972 1106 1136 1173 οἱονες
1173 1122 1226 1159 τι
1267 1106 1359 1158 σὸν
1414 1102 1853 1174 ἐσφραγισμένοι

278 1192 576 1262 πρόϐατον.
646 1194 777 1248 Ὀτι
834 1195 1081 1261 reparata
1137 1197 1217 1262 ὠς
1298 1196 1551 1260 θάνατος
1607 1192 1808 1262 ἀγάπη
1834 1209 1849 1226 ·

274 1283 472 1352 ἤγουν,
504 1281 570 1334 Ἦ
610 1280 676 1352 σὴ
704 1282 839 1353 πρὸς
898 1283 1001 1353 ἐμὲ
1066 1285 1257 1354 ἀγάπη
1325 1284 1691 1353 κραταιοτέρα
1738 1280 1853 1335 ἐστὶ

273 1377 377 1429 καὶ
396 1375 646 1429 θανάτου.
688 1375 899 1446 Ὠσπερ
935 1376 1044 1447 γὰρ
1094 1378 1144 1429 οἱ
1173 1379 1254 1439 εἰς
1315 1375 1447 1446 ᾅδην
1511 1373 1856 1443 πεμφθέντες

274 1466 345 1519 οὐ
372 1466 570 1536 ῥᾳδίως
591 1465 1024 1530 παλινοστοῦσιν,
1055 1467 1190 1520 ἀλλὰ
1249 1466 1521 1538 κραταιῶς
1556 1465 1686 1533 παρ’
1714 1464 1856 1519 ὲκεί-

276 1574 377 1610 νου
405 1557 720 1628 κατέχονται
745 1573 761 1588 ·
794 1557 939 1611 οὕτω
971 1557 1218 1631 δηλονότι
1251 1562 1347 1610 καὶ
1381 1559 1414 1629 ἡ
1466 1556 1532 1627 σὴ
1570 1554 1709 1627 πρὸς
1757 1555 1857 1625 ὲμὶ

273 1646 467 1715 ἀγάπη
499 1647 778 1716 κραταιῶς
810 1649 1027 1717 συνέχει
1087 1647 1278 1717 ὥσπερ
1338 1646 1586 1708 θάνατος.
1617 1647 1689 1698 Ἢ
1732 1646 1847 1711 καὶ,

274 1735 390 1791 Τοῦ
420 1736 651 1791 Θανάτου
692 1755 760 1807 με
787 1737 1088 1807 ἐξαρπάζει
1114 1739 1252 1808 πρὸς
1280 1738 1476 1808 ἀγήρω
1516 1734 1662 1806 ζωὴν
1717 1736 1856 1787 ἐπα--

274 1830 540 1898 νάγουσα.
571 1832 842 1900 Σκληρὸς
879 1832 961 1906 ὡς
1016 1830 1164 1898 ᾅδης
1227 1828 1441 1899 ζῆλος·
1482 1831 1510 1883 ὁ
1556 1828 1614 1881 δὲ
1668 1825 1850 1898 ζῆλος,

275 1926 403 1978 ἀντὶ
430 1922 546 1988 τοῦ,
583 1924 617 1992 ἠ
645 1925 961 1994 ἀποστροφή
996 1941 1092 1977 σου
1126 1924 1220 1976 καὶ
1263 1923 1324 1976 τὸ
1384 1921 1683 1991 νεμεσῆσαι
1738 1920 1851 1981 τοῖς

275 2018 459 2085 ἐμοῖς.
488 2015 719 2087 σκληρὸν
742 2015 996 2086 ὑπάρχει.
1043 2016 1141 2081 Ὠς
1190 2016 1361 2083 ᾅδης,
1397 2015 1538 2088 ἦτοι,
1593 2012 1653 2069 τὸ
1685 2012 1855 2085 χειρι-

275 2123 408 2161 στον
431 2107 526 2159 καὶ
554 2106 958 2162 ἑπωδυνότατον
983 2108 1220 2178 ὑπάρχει
1255 2124 1382 2177 μου.

950 2194 1192 2270 τᾼΣΜΑ.

284 2294 291 2297 ’
356 2290 682 2358 Περίπτερα
719 2292 910 2359 αὐτῆς
925 2292 1251 2360 περιπτερα
1276 2292 1468 2360 πυρὸς
1498 2292 1721 2363 φλόγες
1750 2292 1855 2344 αὐ·-

281 2380 414 2448 τῆς.
446 2380 641 2448 ’ἴδωρ
670 2381 829 2435 πολὺ
866 2384 938 2435 οὐ
972 2381 1302 2451 δυνήσεται
1334 2383 1549 2437 σϐέσαι
1575 2382 1690 2450 τὴν
1714 2380 1857 2450 ἀγά-

284 2486 410 2537 πην
433 2487 449 2502 ’
479 2471 577 2524 και
600 2471 845 2539 ποταμοὶ
865 2472 939 2524 οὐ
958 2474 1442 2538 συγκλείσουσιν
1462 2471 1677 2539 αὐτήν.
1722 2469 1857 2524 Ἐὰν

282 2562 371 2627 δῷ
406 2564 563 2629 ἀνὴρ
587 2565 695 2615 τὸν
730 2561 927 2615 πάντα
958 2563 1104 2625 βίον
1135 2564 1323 2617 αὐτοῦ
1384 2565 1453 2617 ἐν
1508 2563 1582 2632 τῇ
1632 2563 1853 2633 ἀγάπῃ,

281 2649 677 2717 ἐξουδενώσει
712 2649 1238 2714 ἐξουδενώσουσιν
1259 2650 1466 2704 αὐτόν.

937 2742 1207 2795 ΣΧΟΔΙΑ.

354 2836 470 2889 Καὶ
495 2836 553 2888 ἐν
585 2836 795 2897 τούτοις
821 2834 883 2887 τὸ
902 2833 1104 2902 ὑψηλὸν
1129 2834 1221 2885 καὶ
1257 2834 1531 2905 μετέωρον
1598 2835 1696 2907 τῆς
1756 2853 1860 2888 πα-

287 2925 556 2995 ναμώμου
588 2926 865 2993 Παρθένου
900 2924 1171 2978 δείκνυσιν
1199 2926 1227 2977 ὁ
1263 2926 1554 2996 Προφήτης
1579 2941 1594 2960 ο
1626 2927 1720 2978 καὶ
1757 2926 1856 2996 οὐχ

1288 242 1687 321 COMMENT.
1728 258 1811 318 IN
1853 257 2180 319 CANTICA
2225 258 2522 319 CANTIC.
2582 302 2593 307 -

150 369 154 371 Α
266 368 760 441 ὲπιστηριζομένην
787 386 847 424 τε
874 372 961 424 ἐπ’
1000 371 1180 425 αὐτόν.
1237 370 1381 426 Ὑπὸ
1431 373 1636 443 μῆλον
1678 372 1821 440 ἐξή-
1854 412 1862 433 ι

1965 375 2116 427 rbore
2139 374 2366 427 excitavi
2401 382 2489 438 te;
2518 387 2616 443 pro
2643 388 2708 429 eo
2742 372 2888 443 quod
2921 382 3026 441 est,
3056 375 3261 431 ldcirco
3286 392 3354 431 ex
3373 377 3521 432 lum-

1880 1692 1929 1753 B

3369 261 3512 328 1078

1950 465 2033 521 bis
2080 465 2217 519 meis
2251 474 2298 518 te
2324 466 2510 535 genui,
2543 474 2603 520 ut
2631 466 2755 521 vita:
2782 482 3004 536 pomum
3040 469 3396 538 produceres.
3426 470 3515 526 lbi

1949 558 2143 625 peperit
2186 568 2234 610 te
2286 564 2450 610 mater
2516 566 2643 623 tua;
2706 566 2929 628 propter
2957 560 3204 613 eamdem
3254 560 3515 615 nimirum

1950 662 2193 701 causam.
2238 645 2380 700 Pone
2416 664 2493 701 me
2540 649 2618 701 uti
2647 649 3005 717 signaculum,
3045 666 3202 719 super
3235 661 3519 715 cortuum,

1952 738 2003 791 id
2029 746 2152 795 est:
2185 735 2401 790 Utinam
2454 737 2529 791 ita
2566 754 2715 807 agas,
2751 749 2809 793 ut
2840 739 3120 794 indelebili
3158 730 3324 793 modo
3352 754 3437 793 me
3463 739 3515 792 in

1953 835 2047 880 tuo
2121 825 2362 880 detineas
2413 826 2597 880 corde.
2646 826 2796 881 Sicut
2852 828 3182 898 signaculum
3215 844 3370 896 super
3403 826 3526 880 bra-

1952 916 2128 971 chium
2155 929 2326 983 tuum,
2360 919 2412 973 in
2449 928 2537 973 tua
2563 919 2815 975 videlicet
2839 914 3078 991 potentia
3104 934 3192 974 me
3215 919 3520 986 contineas,

1952 1022 2063 1061 non
2096 1023 2256 1062 secus
2292 1024 2359 1063 ac
2390 1025 2559 1065 unum
2603 1011 2819 1081 aliquod
2858 1027 2924 1066 ex
2952 1013 3178 1084 signatis
3218 1013 3326 1067 tuis
3353 1028 3521 1081 pecu-

1952 1095 2136 1152 dibus.
2170 1097 2310 1166 Quia
2338 1108 2515 1167 potens
2544 1111 2617 1153 est
2636 1112 2710 1155 'ut
2742 1118 2881 1156 mors
2928 1103 3140 1156 dilectio
3159 1120 3178 1158 :
3204 1101 3356 1157 Tuus
3375 1102 3523 1158 vide—

1955 1189 2084 1244 licet
2115 1191 2167 1244 in
2202 1204 2288 1245 me
2340 1206 2516 1255 amor,
2551 1200 2725 1246 morte
2747 1194 2910 1247 etiam
2948 1194 3062 1262 ipsa
3098 1194 3372 1263 potentior
3400 1204 3521 1261 est;

1954 1279 2418 1349 quemadmodum
2442 1281 2589 1335 enim
2631 1281 2723 1351 qui
2761 1282 2815 1335 in
2857 1283 3071 1338 inferna
3120 1292 3248 1338 sunt
3274 1283 3520 1348 demissi,

1954 1371 2099 1426 haud
2126 1371 2283 1427 facile
2304 1381 2673 1434 revertuntur.
2703 1374 2797 1428 sed
2829 1389 3023 1443 magna
3048 1375 3097 1427 vi
3128 1384 3283 1428 arcte
3303 1374 3522 1429 stricte—

1955 1480 2064 1534 que
2121 1471 2266 1537 apud
2332 1456 2540 1522 inferos
2573 1467 2924 1542 detinentur:
2966 1469 3046 1539 sic
3088 1467 3375 1534 nimirum,
3431 1476 3524 1523 tua

1957 1571 2173 1637 qucque
2196 1558 2249 1612 in
2289 1572 2378 1613 me
2409 1557 2648 1621 dilectio.
2694 1574 2801 1613 non
2853 1574 3016 1615 secus
3048 1574 3111 1613 ac
3142 1574 3291 1615 mors
3330 1573 3525 1626 magna

1958 1666 2045 1706 me
2070 1650 2120 1707 ri
2151 1661 2300 1705 arcte
2324 1651 2591 1705 continet.
2618 1651 2714 1705 Vel
2741 1657 2943 1705 etiam:
2973 1652 3017 1704 Α
3051 1660 3226 1706 morte
3258 1666 3348 1705 me
3376 1651 3526 1705 abri-

1959 1742 2094 1815 piss,
2137 1742 2205 1796 ad
2238 1742 2405 1795 vitam
2431 1741 2709 1798 deducens
2753 1744 3151 1813 incorruptam.
3180 1743 3360 1797 Durus
3386 1744 3524 1797 sicut

1955 1833 2191 1902 infernus
2223 1833 2405 1897 zelus;
2440 1834 2592 1888 zelus
2621 1848 2771 1898 vero,
2804 1835 2859 1889 id
2893 1845 3000 1898 est.
3031 1842 3082 1889 te
3112 1848 3141 1887 a
3174 1848 3296 1888 meo
3326 1848 3521 1888 averso

1954 1922 2177 1993 populo,
2214 1923 2375 1992 eique
2400 1932 2757 1979 succensente
2785 1925 2921 1980 dura
2945 1940 3034 1980 res
3059 1933 3161 1979 est.
3194 1921 3341 1979 Sicut
3358 1924 3528 1993 infer-

1954 2012 2090 2078 nus;
2156 2013 2427 2079 videlicet,
2493 2016 2821 2085 gravissima
2884 2032 2973 2071 res
3008 2023 3115 2084 est,
3143 2026 3199 2071 et
3225 2029 3523 2081 summum,

1956 2105 2344 2176 ingentemque
2372 2107 2504 2160 milii
2535 2106 2799 2172 dolorem,
2824 2106 3001 2163 affert.

2635 2195 2839 2252 CANT.

2026 2285 2079 2352 6,
2109 2287 2165 2340 7.
2197 2286 2387 2343 Pinna:
2413 2288 2577 2357 ipsius
2609 2304 2726 2358 qua:
2750 2288 2802 2341 in
2826 2290 3000 2343 orbem
3029 2298 3173 2350 sunt.
3203 2289 3378 2357 pinum
3394 2288 3530 2356 ignis

1955 2377 2184 2447 ﬂamma:
2204 2379 2341 2448 ejus.
2369 2381 2521 2450 Aqua
2538 2381 2706 2433 multa
2735 2397 2837 2434 non
2864 2382 3055 2448 poterit
3083 2384 3414 2453 exstinguere
3441 2381 3529 2433 di-

1959 2471 2250 2537 lectionem,
2289 2481 2339 2524 et
2376 2471 2601 2538 ﬂumina
2637 2488 2737 2526 non
2762 2473 3075 2529 concludant
3109 2490 3271 2538 eant;
3304 2473 3349 2526 si
3373 2472 3530 2525 dede-

1959 2562 2027 2615 rit
2059 2563 2140 2615 uir
2166 2578 2372 2616 omnem
2403 2579 2552 2618 suam
2578 2565 2745 2620 vitam
2796 2582 2891 2633 pro
2923 2565 3222 2629 dilectione,
3268 2563 3421 2617 illum
3446 2564 3532 2617 ni-

1958 2654 2056 2706 hili
2081 2655 2330 2722 pendent.

2585 2743 2895 2801 SCHOLIA.

2031 2831 2087 2887 ln
2127 2833 2212 2890 his
2272 2850 2492 2904 quoque
2517 2836 2834 2898 sublimem,
2867 2836 3182 2905 celsamque
3231 2835 3529 2905 inculpata:

1960 2925 2199 2996 Virginis
2272 2922 2668 2994 priestanliam,
2700 2928 2959 2999 propheta
3016 2929 3398 2995 demonstrat;
3432 2943 3534 2983 nec

286 3017 481 3080 ἁπλῶς
512 3018 674 3087 μέχρι
704 3016 850 3080 τινὸς
874 3016 1088 3070 ἵσταται
1115 3031 1129 3046 ’
1162 3015 1298 3070 ἀλλὰ
1328 3018 1423 3072 καὶ
1448 3018 1556 3071 τῶν
1613 3018 1862 3088 Σεραφὶμ

1966 3015 2282 3085 simpliciter
2315 3016 2365 3069 in
2419 3016 2605 3085 aliquo
2637 3019 2870 3086 quodam
2908 3016 3051 3084 loco,
3077 3032 3196 3072 eam
3225 3017 3533 3082 constituit,

287 3108 565 3162 δείκνυσιν
589 3107 759 3179 αὐτὴν
790 3108 1096 3177 ἀγιωτέραν
1128 3122 1144 3137 ·
1186 3109 1283 3160 καί
1316 3124 1457 3178 φησι
1489 3124 1505 3139 ο
1532 3110 1863 3176 Περιπτερα

286 3196 482 3266 αὐτῆς
532 3199 855 3266 περίπτερα
904 3197 1094 3265 πυρὸς
1144 3200 1367 3267 φλόγες
1395 3212 1412 3230 ⁸
1441 3198 1560 3251 ἀντὶ
1617 3198 1733 3260 τοῦ,
1801 3196 1864 3250 Ἦ

286 3289 496 3358 ταύτης
523 3288 848 3358 δωροφορία,
921 3288 1017 3342 καὶ
1055 3289 1429 3359 προσκύνησις
1459 3303 1475 3319 ·
1530 3288 1703 3340 ταῦτα
1758 3285 1865 3354 γὰρ

289 3379 467 3448 αὐτῆς
498 3380 568 3433 τὰ
591 3380 897 3450 περίπτερα
935 3380 1107 3450 πυρὸς
1163 3381 1361 3451 φλόγες
1415 3379 1552 3433 εἰσιν
1579 3394 1593 3408 ·
1643 3376 1864 3441 ὡσανεὶ,

288 3472 343 3525 εἰ
387 3471 592 3539 ελεγεν,
658 3471 1017 3541 Ἐπικάθηται
1071 3472 1181 3524 τῶν
1229 3471 1496 3541 Σεραφὶμ,
1548 3470 1643 3523 καὶ
1686 3468 1867 3522 αὐτῶν

289 3562 404 3616 τῶν
437 3562 757 3632 ὕπερτάτων
789 3564 944 3629 νόων,
997 3562 1283 3635 ἑγκρλπιον
1332 3563 1573 3632 φέρουσα
1633 3560 1726 3635 τῂν
1764 3559 1869 3628 Δη-

296 3629 581 3723 μιουργδν.
610 3655 703 3707 καὶ
731 3654 972 3724 κτίστην
997 3629 1115 3707 τοῦ⁸
1120 3654 1342 3716 παντός.
1375 3629 1559 3720 ’Ῡδωρ
1597 3629 1755 3704 πολὺ
1794 3651 1868 3703 οὐ

289 3744 621 3814 δυνήσεται
645 3738 860 3799 σϐέσαι
901 3744 1017 3812 τὴν
1069 3743 1332 3813 ἀγάπην.
1360 3743 1562 3807 filios,
1618 3743 1720 3812 τῆς
1779 3740 1871 3796 ῐσα

293 3838 393 3890 καὶ
429 3836 546 3907 Θεῷ
576 3836 1048 3906 δορυφορουμένης
1085 3833 1189 3887 ὑπὸ
1241 3834 1351 3887 τῶν
1411 3832 1869 3903 λειτουργούντων

282 3927 447 3996 αὖτῷ
480 3944 494 3960 ο
527 3926 670 3980 οὗτοι
695 3927 802 3996 γὰρ
836 3926 902 3980 ἂν
940 3921 1049 3979 εἷεν
1074 3926 1164 3979 καὶ
1226 3925 1396 3994 πυρὸς
1459 3924 1673 3992 φλόγες,
1728 3924 1802 3986 ὡς
1840 3923 1869 3974 ὁ

292 4019 465 4072 Δαϐξδ
522 4035 685 4088 φησιν
714 4034 728 4049 ·
774 4018 836 4070 '0
884 4015 1070 4072 ποιῶν
1142 4016 1284 4081 τοὺς
1327 4016 1623 4085 ἀγγέλους
1681 4014 1869 4069 αὐτοῦ

292 4111 632 4177 πνεύματα,
666 4108 765 4162 καὶ
818 4109 958 4174 τοὺς
996 4106 1382 4176 λειτουργοὺς
1414 4107 1623 4171 αυτοῦ,
1679 4107 1871 4174 πυρὸς

290 4204 519 4272 φλόγα.
585 4202 697 4270 Τὴν
756 4198 852 4253 οὖν
909 4199 1132 4267 ἀγάπην
1170 4199 1371 4267 ταύτην
1422 4199 1495 4252 οὐ
1543 4197 1871 4269 δυνήσεται

292 4292 518 4347 σϐέσαι
557 4291 716 4361 ὕδωρ
754 4291 915 4345 πολύ
940 4306 955 4323 ν
993 4290 1290 4354 τουτέστιν,
1350 4292 1405 4344 αι
1432 4289 1668 4343 ἐναντίαι
1710 4289 1868 4343 δυνά-

297 4399 447 4453 μεις.
482 4383 543 4435 Et
568 4383 677 4454 γὰρ
703 4385 751 4435 οἱ
793 4383 872 4451 τῷ
903 4382 1023 4452 Θεῷ
1046 4380 1487 4452 λειτουργοῆντες
1538 4381 1708 4450 πυρός
1760 4382 1868 4433 εισι

294 4477 519 4546 φλόγες,
577 4477 626 4529 οἱ
683 4475 1047 4544 ἀντικείμενοι
1098 4474 1175 4545 τῷ
1229 4474 1421 4526 τούτου
1484 4472 1868 4541 προστάγματι

293 4566 446 4635 ὕδωρ
466 4566 533 4618 ἂν
562 4560 674 4617 εἷεν
694 4562 918 4625 τούτους
947 4581 962 4594 ο
992 4563 1086 4615 καὶ
1115 4565 1143 4615 ὁ
1175 4561 1341 4614 Δαῦὶδ
1389 4562 1532 4631 ὕδωρ
1564 4562 1870 4614 ἀνυπόστα-

292 4673 392 4712 τον
418 4655 592 4717 καλεῖ,
623 4654 700 4717 ὥς
734 4669 900 4723 φησιο
937 4655 1086 4720 Ἀρα
1110 4651 1363 4720 διῆλθεν
1391 4653 1429 4719 ἠ
1477 4652 1649 4722 ψυκή
1704 4652 1873 4721 φυσῶν

292 4747 369 4801 τὸ
403 4745 559 4814 ὕδωρ
589 4744 657 4798 τὸ
682 4744 1131 4799 ἀνυπόστατον.
1159 4743 1269 4797 Καὶ
1303 4743 1556 4814 ποταμοὶ
1594 4745 1665 4798 οὺ
1722 4759 1871 4813 συγ-

296 4838 662 4892 κλείσουσιν
692 4832 907 4899 αὑτήν.
943 4833 1058 4886 Κᾶν
1091 4833 1399 4904 ῥᾳδιουργοί
1429 4850 1572 4895 τινες
1606 4826 1705 4886 ὦσι
1728 4833 1883 4903 δηλο-

299 4931 439 4994 ven,
467 4928 562 4983 καὶ
592 4926 836 4996 σφοδρῶς
867 4927 1001 4995 ήμῐν
1031 4925 1424 4994 ἐπιτιθέμενοι,
1471 4926 1521 4978 οι
1583 4925 1684 4994 τῆς
1733 4924 1878 4993 ζωῆς

303 5020 463 5089 ἡμῶν
488 5019 772 5073 ἀντίπαλοι
803 5018 1072 5087 δαίμονες.
1109 5016 1292 5080 Οὕτως
1308 5017 1449 5071 ἑάλω
1470 5017 1567 5087 τῆς
1614 5017 1749 5085 πρὸς
1778 5015 1880 5086 τὴν

302 5111 578 5180 Παρθένον
614 5112 838 5183 ἀγάπης
881 5112 910 5163 ὁ
981 5112 1295 5182 Προφήτης,
1355 5111 1449 5164 καὶ
1492 5108 1663 5172 οὕτως
1709 5109 1877 5179 αὐτὴν

304 5203 592 5271 ὴγάσατου
626 5204 719 5256 καὶ
748 5202 923 5255 ταῦτα
985 5205 1125 5272 μετὰ
1174 5202 1439 5264 τοσαύτας
1479 5199 1628 5269 αὐτῷ
1683 5200 1876 5268 γενεὰς

302 5291 532 5362 ὕστερον
554 5292 1016 5362 προσδοκωμένην
1043 5292 1213 5362 αὐτὴν
1277 5290 1657 5360 τεχθήσεσθαι.
1736 5290 1877 5343 Ἐὰν

302 5380 394 5446 δῷ
423 5382 577 5450 ἀνὴρ
600 5384 706 5438 τὸν
737 5381 935 5437 πάντα
985 5384 1132 5447 ,βίον
1173 5383 1359 5437 αὐτοῦ
1423 5383 1491 5436 ἐν
1544 5380 1618 5449 τῇ
1675 5381 1876 5451 ἀγάπῃ

303 5473 703 5538 defendar-(basi
737 5475 1495 5540 ἐξουδενώσουσινιαύτόν.
1560 5474 1705 5528 Ἀντὶ
1757 5475 1874 5541 τοῦ,

382 5647 591 5704 “Psal.
615 5664 726 5717 cm,
770 5650 822 5704 4.
901 5651 941 5681 ³⁷
965 5649 1109 5706 Psal.
1135 5662 1324 5713 cxxnt,
1357 5650 1411 5703 5.

1966 3106 2058 3161 sed
2091 3104 2409 3170 Seraphinis
2436 3108 2763 3162 sanctiorem
2785 3123 2907 3163 esse
2936 3109 3274 3177 pronuntiat,
3299 3107 3529 3162 etdicit:

1967 3195 2154 3251 Pinna:
2176 3215 2290 3267 qua:
2306 3200 2469 3266 ipsius
2494 3200 2547 3251 in
2571 3198 2746 3252 orbem
2769 3208 2910 3264 sunt,
2933 3199 3108 3267 pinna:
3126 3199 3358 3267 ﬂamma:
3376 3198 3531 3265 ignis.

1965 3288 2042 3359 Ac
2071 3288 2117 3343 si
2149 3288 2380 3343 diceret:
2418 3288 2771 3354 Satellitium,
2825 3290 2972 3359 quod
3035 3304 3156 3344 eam
3218 3290 3529 3355 comitatur,

1966 3390 2020 3432 et
2040 3378 2255 3446 cultus;
2318 3380 2400 3434 liae
2438 3395 2674 3450 namque
2709 3381 2884 3451 pinna:
2927 3390 3055 3438 sunt
3100 3381 3213 3450 ejus
3271 3382 3325 3433 in
3357 3381 3533 3433 orbem

1966 3470 2196 3539 ﬂamma:
2239 3472 2399 3541 ignis.
2439 3470 2673 3528 Perinde
2703 3488 2769 3527 ac
2801 3472 3027 3545 diceret,
3060 3472 3214 3527 Sedit
3243 3486 3406 3540 super
3436 3471 3536 3525 Se-

1971 3562 2203 3630 rapliim,
2236 3571 2289 3615 et
2317 3576 2480 3631 super
2512 3563 2661 3633 ipsas
2710 3578 2999 3631 supremas
3026 3563 3441 3633 intelligentias,
3478 3563 3535 3619 in

1970 3654 2093 3709 sinu
2116 3653 2297 3709 ferens
2319 3654 2594 3723 opilicem,
2636 3664 2690 3708 et
2713 3654 3050 3709 conditorem
3080 3654 3348 3711 universi.
3377 3654 3535 3722 Aqua

1970 3728 2262 3797 multa-non
2294 3745 2481 3812 poterit
2514 3745 2842 3814 exstinguere
2871 3745 3226 3799 dilectionem.
3250 3745 3533 3813 Tanquam

1969 3835 2162 3905 aequali
2224 3851 2350 3889 cum
2383 3834 2494 3889 Deo
2521 3834 2778 3890 satellitio
2818 3837 3048 3907 stipata,
3084 3835 3152 3890 ab
3176 3834 3419 3903 ejusdem
3446 3835 3538 3888 ni-

1970 3928 2167 3981 mirum
2203 3926 2375 3996 ipsius
2409 3925 2801 3981 ministristti
2828 3943 2934 3982 non
2971 3938 3095 3982 sunt
3120 3908 3347 3981 ﬂamina:
3373 3928 3534 3997 ignis,

1970 4017 2426 4087 quemadmodum
2492 4017 2660 4072 David
2690 4034 2908 4088 quoque
2936 4019 3105 4075 dicit:
3150 4020 3255 4085 Qui
3278 4019 3411 4086 facit
3437 4037 3540 4073 an-

1970 4107 2110 4178 gelos
2169 4123 2315 4172 suos,
2367 4110 2610 4175 spiritus.
2672 4108 2741 4163 Et
2790 4112 3061 4164 ministros
3084 4128 3230 4178 suos,
3263 4113 3539 4181 ﬂammam

1971 4199 2105 4269 ignis
2131 4198 2199 4252 ".
2227 4198 2380 4255 Hanc
2415 4201 2585 4271 igitur
2622 4201 2740 4270 ejus
2802 4203 3152 4259 dilectionem
3200 4194 3307 4260 non
3348 4207 3564 4273 poterit.

1972 4291 2302 4360 exstinguere
2334 4308 2473 4363 aqua
2500 4294 2671 4349 multa
2692 4310 2714 4359 ;
2738 4294 2841 4351 hoc
2877 4306 2961 4350 est
2988 4297 3277 4351 contrariae
3301 4306 3542 4366 potesta—

1974 4391 2070 4437 tes.
2111 4381 2169 4436 Si
2202 4383 2348 4436 enim
2390 4382 2485 4437 Dei
2520 4385 2755 4440 ministri
2802 4384 3033 4439 ﬂammae
3079 4392 3205 4440 sunt
3251 4388 3414 4456 ignis,
3441 4389 3538 4456 qui

1975 4470 2069 4525 Dei
2122 4471 2484 4527 adversantur
2538 4474 2788 4543 imperio,
2817 4489 2954 4543 aqua
2978 4475 3085 4528 dici
3121 4485 3368 4544 possunt,
3399 4493 3539 4546 quos

1977 4576 2108 4615 sane
2129 4562 2474 4619 adversarios
2500 4579 2695 4632 aquam
2727 4565 3125 4621 intolerabilem
3154 4566 3328 4623 David
3358 4579 3539 4632 vocat,

1980 4669 2105 4727 cum
2168 4653 2341 4708 dicit:
2412 4654 2669 4708 Forsitan
2730 4659 3310 4725 pertransissetanima
3359 4672 3545 4718 nostra

1979 4759 2174 4814 aquam
2235 4744 2622 4798 intolerabilem
2659 4745 2721 4799 ".
2753 4747 2819 4799 Et
2854 4747 3077 4814 ﬂumina
3096 4766 3199 4803 non
3231 4751 3544 4805 concludent

1979 4839 2170 4906 ipsam.
2220 4834 2371 4890 Licet
2403 4836 2699 4893 faciuorosi
2734 4838 2922 4901 utique
2955 4848 3008 4893 et
3059 4848 3395 4896 veteratores
3424 4842 3548 4911 qui-

1981 4925 2104 4979 dam
2138 4925 2269 4984 sint.
2318 4935 2373 4979 et
2400 4925 2557 4980 valde
2584 4926 2743 4982 nobis
2777 4927 3131 4994 insidientur,
3179 4929 3411 4998 vitaeque
3447 4948 3547 4984 uo-

1981 5030 2106 5075 strte
2167 5019 2527 5074 adversentur
2564 5018 2861 5075 daemones.
2918 5021 3068 5075 Adeo
3127 5021 3394 5089 Propheta
3430 5031 3548 5079 erat

1980 5109 2224 5180 Virginis
2276 5124 2461 5164 arnore
2495 5122 2708 5180 captus,
2736 5111 2924 5178 sicque
2954 5114 3127 5181 ipsam
3159 5113 3543 5168 venerabatur.

1980 5198 2146 5268 quue
2167 5212 2291 5252 cum
2326 5206 2448 5266 post
2492 5199 2805 5252 innumeras
2834 5199 2901 5253 ab
2935 5200 3050 5267 ipso
3076 5202 3288 5253 futuras
3324 5216 3548 5270 genera-

1983 5290 2185 5353 tiones,
2236 5290 2511 5343 nascitura
2561 5298 2975 5359 esspeetaretur
3035 5287 3222 5360 Virgo.
3254 5289 3313 5345 Si
3342 5291 3547 5346 dederit

1982 5381 2065 5435 vir
2086 5395 2237 5432 suam
2268 5394 2467 5432 omnem
2506 5384 2665 5433 vitam
2694 5396 2788 5448 pro
2821 5380 3121 5445 dilectione,
3158 5380 3293 5434 nihil
3314 5383 3549 5450 pendent

1984 5472 2176 5537 illum;
2204 5473 2304 5528 hoc
2338 5481 2441 5537 est,
2477 5484 2602 5528 sunt
2628 5476 2764 5530 adeo
2785 5473 3196 5528 cacodwmoncs
3229 5472 3420 5539 invidi,
3448 5471 3549 5525 ho-
