4016 6204
284 275 414 343 1οη

1271 276 1667 344 COMMENT.
1715 283 1797 343 IN
1832 284 2159 345 CANTICA
2194 286 2501 347 CANTIC.

3387 288 3521 351 10-2

278 397 423 450 στοῦ.
461 395 527 450 Ἐ
536 393 610 463 γὼ
645 395 808 463 ἥμην
837 396 907 449 ἐν
927 396 1259 465 ὀφθαλμοῖς
1289 399 1498 462 αὐτοῦ,
1530 401 1843 466 εὑρίσκου-

1951 415 2043 455 rex
2098 398 2370 456 Christus.
2408 401 2518 472 Ego
2570 417 2715 454 erant
2759 402 2813 454 in
2843 400 3009 455 oculis
3049 401 3216 470 ipsius
3255 402 3520 457 inveniens

276 506 359 543 σα
407 487 689 556 εἷρήνην*
723 490 841 556 ἢτοι
873 492 978 559 πρὸ
1006 489 1301 557 ὀφθαλμῶν
1332 490 1495 543 αὐτοῦ
1531 492 1619 543 ἀεὶ
1661 492 1846 559 κειμέ-

276 599 363 650 νη,
395 582 484 632 καὶ
535 580 643 648 πρὸ
693 580 996 650 καταϐολῆς
1028 582 1238 650 κόσμου
1274 582 1373 649 τὴν
1407 579 1501 634 τοῦ
1536 585 1843 649 μυστηρίου

275 674 416 742 πρὸς
450 674 551 738 ἐμὲ
587 674 761 741 ἄκραν
788 674 956 725 αὑτοῦ
984 674 1402 739 συγκατάδασιν
1423 673 1842 743 προορίσαντος.

276 762 670 828 Εὐρίσκουσα
718 762 1004 829 εἰρήνην-ο
1053 765 1213 834 χάριν
1253 764 1453 834 δηλαδὴ
1505 763 1594 816 καὶ
1635 766 1848 833 παῤῥη-

276 853 399 905 σὶαν
435 857 576 921 πρὸς
606 853 791 906 αὐτόν.
1015 918 1040 928 _

944 943 1180 1018 τᾼΣΜΑ.

358 1038 663 1107 Ἀμπελὼν
707 1033 963 1107 ἐγενήθη
1040 1038 1120 1104 τῷ
1163 1040 1453 1109 Σαλομὼν
1508 1040 1579 1094 ἐκ
1631 1043 1846 1094 Βεελα-

263 1129 422 1196 μώνσ
457 1127 643 1182 ἔδωκε
668 1127 777 1181 τὸν
804 1128 1130 1198 ἀμπελῶνα
1164 1130 1352 1184 αὐτοῦ
1382 1131 1504 1195 τοῖς
1530 1131 1842 1198 τηροῦσιν.

287 1224 468 1292 Ἀνὴρ
502 1225 657 1278 οἴσει
698 1225 769 1276 ἐν
800 1224 1008 1292 καρπῷ
1038 1225 1221 1280 αὑτοῦ
1271 1226 1505 1293 χιλίους
1536 1226 1844 1295 ἀργυρίου.

266 1311 586 1378 Ἀμπελὼν
629 1330 748 1380 μου
795 1314 937 1379 ἐμὸς
969 1312 1229 1367 ἐνώπιόν
1267 1327 1423 1383 μουο
1452 1318 1510 1367 ol
1543 1317 1723 1382 χίλιοι
1765 1315 1844 1380 τῷ

266 1400 624 1471 Σαλομῶνι,
686 1402 783 1455 καὶ
839 1406 893 1455 οἱ
932 1403 1228 1458 διακόσιοι
1268 1405 1393 1471 τοῖς
1431 1406 1687 1474 τηροῦσι
1739 1408 1845 1461 τόν

265 1496 508 1564 καρπὸν
538 1495 746 1549 αὑτοῦ.

918 1591 1193 1645 ΣΧΟΛΙΑ.

345 1680 457 1747 Τῆς
492 1680 591 1749 μὲν
618 1679 759 1751 πρὸς
788 1680 887 1749 τὴν
921 1681 1196 1749 Παρθένον
1218 1685 1597 1754 προφητείας,”
1620 1689 1713 1741 καὶ
1742 1689 1843 1758 τῆς

1947 507 2126 558 pacem
2159 507 2178 545 :
2207 507 2271 547 ac
2301 494 2344 547 si
2393 495 2642 547 diceret:
2678 494 2821 547 Ante
2879 494 3027 547 illius
3082 495 3271 549 oculos
3305 510 3524 565 semper

1948 585 2257 646 manebam,
2338 583 2434 653 qui
2495 595 2548 638 et
2614 596 2742 639 ante
2807 584 2994 639 mundi
3067 586 3520 641 constitutionem

1950 668 2193 738 mysterii
2254 672 2709 741 magnitudinem,
2750 674 2933 743 ipsius
2980 675 3266 739 nimirum,
3322 677 3375 729 in
3435 692 3522 731 me

1946 756 2259 814 decreverat
2288 763 2638 817 descensum.
2687 761 2964 817 Invenietis
3010 779 3246 832 pacem;
3286 765 3516 835 gratiam

1948 849 2181 917 scilicet,
2209 863 2266 906 et
2318 852 2574 908 ﬁduciam
2613 856 2780 908 ineo.

2482 964 2490 1015 ς
2623 943 2826 999 CANT.

2051 1030 2138 1095 ll,
2180 1031 2262 1084 12.
2310 1030 2468 1089 Vinea
2499 1034 2644 1101 facta
2672 1047 2751 1090 est
2788 1036 3063 1092 Salomoni
3088 1039 3140 1092 in
3191 1039 3519 1108 Beelamon;

1946 1119 2089 1173 dedit
2129 1123 2333 1176 vineam
2365 1140 2516 1178 suam
2545 1129 2869 1185 custodibus.
2909 1130 2999 1183 Vir
3030 1134 3190 1186 solvet
3220 1136 3275 1186 in
3339 1136 3518 1201 [ructu

1946 1212 2060 1281 ejus
2111 1213 2255 1268 mille
2310 1227 2603 1286 argenteos.
2658 1220 2817 1274 Vinea
2851 1238 2965 1275 mea
2997 1222 3126 1276 milii
3153 1226 3207 1276 in
3242 1237 3519 1294 conspectu

1947 1319 2060 1356 meo
2090 1319 2110 1357 :
2156 1304 2299 1376 mille
2332 1307 2631 1374 Salomoni,
2663 1322 2710 1365 et
2740 1313 2950 1366 ducenti
2976 1315 3281 1369 custodibus
3311 1316 3520 1384 [ructus

1947 1410 2082 1462 eius.

2565 1582 2883 1641 SCHOLIA.

2017 1670 2153 1726 Cum
2189 1673 2258 1728 de
2286 1674 2566 1743 prophetia
2596 1678 2814 1746 quidem
2854 1678 3107 1749 Virginis,
3160 1681 3337 1753 deque
3395 1683 3518 1739 Sal-

260 1773 369 1825 τοΰ
411 1774 656 1843 Σωτῆρος
714 1772 771 1838 ἐξ
834 1774 1009 1840 αὐτῆς
1060 1775 1548 1847 ἐνανθρωπήσεως,
1602 1781 1699 1835 καὶ
1742 1782 1837 1835 τοῦ

1946 1773 2132 1820 vatore
2160 1781 2227 1820 ex
2253 1766 2742 1835 ipsaincarnando,
2782 1782 2838 1824 et
2857 1771 2920 1824 de
2946 1773 3202 1840 passione
3229 1789 3293 1829 ac
3330 1791 3520 1831 resur-

264 1863 476 1927 πάθεος
501 1903 515 1926 ,
549 1865 644 1917 καὶ
678 1865 777 1933 τῆς
809 1865 1182 1931 ἀναστάσεως,
1218 1868 1418 1932 ἱκανῶς
1463 1870 1598 1939 πρὸς
1627 1874 1841 1937 ἀπόδει-

264 1956 378 2019 ξιν,
434 1956 518 2008 διὰ
578 1956 791 2009 πολλῶν
824 1957 934 2009 τῶν
976 1956 1131 2026 ᾠδῶν
1184 1958 1244 2011 ἐν
1293 1960 1508 2025 πολλοῖς
1547 1962 1636 2015 τὸν
1684 1963 1842 2031 λόγον

261 2048 636 2117 ὲνεστὴσατο’
674 2048 771 2101 νῦν
816 2047 874 2100 δὲ
920 2048 995 2111 ὡς
1043 2051 1100 2101 ἐν
1148 2049 1390 2121 ἐπιλόγῳ
1421 2054 1682 2122 περὶτῆς
1716 2056 1843 2118 νέας

272 2141 612 2211 Ἐκκλησέας
662 2141 766 2210 τὴν
817 2144 1163 2211 προφητείαν
1225 2150 1482 2208 ποιεῖται,
1523 2145 1711 2215 ὥσπερ
1747 2149 1844 2201 καὶ

260 2235 331 2284 ὲν
365 2234 431 2301 τῇ
461 2233 604 2301 ἀρχῇ
641 2234 769 2302 περὶ
815 2232 1022 2303 ταύτην
1054 2238 1495 2305 μεμνημόνευκε,
1524 2237 1620 2290 καί
1651 2255 1839 2307 φησιν·

272 2325 584 2393 Ἀμπελὼν
627 2325 886 2395 ἐγενήθη
928 2326 1035 2380 τοῦ
1067 2327 1357 2397 Σαλομὼν
1390 2331 1461 2383 ἐν
1504 2333 1840 2401 Βεελαμὼν.

275 2419 429 2471 Ἀντὶ
481 2418 598 2483 τοῦ,
635 2418 697 2471 Ἦ
734 2420 828 2495 νέα
876 2420 1170 2490 Ἐκκλησία
1198 2423 1275 2493 τῷ
1306 2423 1569 2494 εἰρηνικῷ
1596 2424 1840 2494 Χριστῷ.

200 2537 206 2542 ε
264 2513 405 2579 Περὶ
434 2511 640 2579 ταύτης
672 2512 763 2563 καὶ
811 2511 1043 2575 Ἡσαΐας
1078 2513 1264 2582 φησίν*
1308 2514 1616 2584 Ἀμπελὼν
1645 2517 1841 2585 ἐγενή·

261 2608 343 2671 θη
372 2602 449 2668 τῷ
473 2603 861 2673 ἠγαπημένῳ.
895 2604 1123 2659 Ἔδωκε
1152 2606 1260 2659 τὸν
1295 2606 1623 2675 ἀμπελῶνα
1655 2610 1842 2663 αὐτοῦ

265 2694 396 2761 τοῖς
436 2694 732 2764 τηροῦσιν
757 2712 791 2735 ⁸-
810 2697 952 2767 ἤτοι,
997 2697 1133 2767 μετὰ
1161 2697 1223 2749 τὸ
1255 2699 1718 2768 περιποιήσασθαι
1746 2700 1843 2754 αὖ·

261 2788 363 2840 τὸν
400 2787 477 2856 τῷ
511 2788 697 2856 οἰκείῳ
730 2787 947 2858 αἵματι.
995 2787 1221 2842 Ἔδωκε
1258 2789 1383 2853 τοῖς
1419 2791 1689 2859 τηροῦσι.
1724 2794 1839 2846 Mat-

260 2883 483 2951 θηταῖς,
517 2881 628 2944 τοῖς
661 2881 922 2951 μάρτυσι,
960 2884 1076 2942 τοῖς
1118 2881 1486 2948 διδασκάλοις.
1528 2885 1696 2939 Αὐτοὶ
1735 2885 1841 2955 γὰρ

265 2975 337 3027 ἂν
381 2969 495 3027 εἶεν
547 2975 595 3026 οἱ
647 2968 1011 3042 ςυλάσσοντες
1052 2974 1151 3045 τὴν
1203 2977 1297 3028 τοῦ
1346 2962 1594 3046 Χριστοίῗ
1621 2976 1844 3049 Ἐκκλη-

267 3066 419 3128 σίαν,
470 3067 519 3117 oi
550 3067 659 3119 τῶν
690 3064 786 3118 τοῦ
821 3067 1157 3133 [εὐαγγελίου
1199 3066 1486 3135 δογμάτων
1522 3069 1842 3139 ἀκραιφνεῖς
1872 3098 1916 3156 c
1946 3052 2058 3156 .91.“?
2120 3053 2266 3109 mm‘
2311 3068 2582 3156 αιςαθηιεοε

1945 1858 2209 1924 rectione,
2244 1867 2306 1912 ut
2341 1872 2403 1914 ea
2437 1860 2845 1915 demonstraret
2878 1863 3115 1930 abunde,
3169 1864 3355 1919 multis
3386 1881 3521 1920 can-

1946 1949 2211 2016 tionibus,
2244 1966 2342 2022 per
2369 1953 2535 2007 multa
2567 1962 2889 2024 argumenta
2910 1970 3220 2012 sermonem
3250 1958 3519 2012 instituis-

1943 2049 2046 2105 set,
2085 2057 2237 2097 nunc
2267 2057 2403 2098 sane
2433 2046 2579 2099 velut
2609 2046 2664 2099 in
2695 2046 2924 2116 epilogo,
2960 2046 3027 2103 de
3076 2063 3218 2103 nova
3275 2048 3519 2106 Ecclesia

1944 2134 2284 2202 prOphetiam
2316 2137 2493 2203 aiIert,
2542 2140 2734 2194 eodem
2791 2141 2950 2209 plane
3001 2141 3187 2209 modo,
3235 2157 3345 2213 quo
3366 2150 3418 2197 et
3465 2147 3518 2196 in

1945 2226 2218 2295 principio
2261 2229 2327 2283 de
2386 2216 2463 2285 ea
2511 2242 2936 2287 memoraverat.
2998 2231 3294 2303 Dicitque:
3357 2234 3521 2291 Vinea

1945 2316 2091 2385 facta
2107 2328 2183 2371 est
2213 2318 2514 2387 Salomoni,
2543 2323 2599 2375 in
2622 2322 2908 2378 Beelamon
2936 2343 2957 2390 ;
2991 2327 3244 2382 videlicet
3274 2327 3521 2385 Ecclesia

1950 2422 2098 2462 nova
2131 2410 2359 2479 paciﬁco
2390 2412 2633 2481 Christo,
2674 2416 2741 2471 de
2768 2417 3057 2486 qualsaias
3088 2437 3305 2492 quoque
3350 2423 3522 2479 'dicit:

1957 2500 2119 2557 Vinea
2153 2504 2297 2573 facta
2326 2517 2401 2560 est
2427 2509 2616 2564 dilecto
2636 2511 2700 2565 ιθ.
2731 2511 2883 2565 Dedit
2922 2515 3125 2568 vineam
3153 2532 3303 2569 suam
3344 2528 3523 2571 custo~

1946 2595 2140 2661 dibus;
2164 2596 2440 2662 videlicet,
2470 2613 2762 2671 postquam
2791 2620 2910 2659 eam
2933 2605 3037 2662 sibi
3066 2624 3164 2663 suo
3183 2613 3525 2678 comparavit

1945 2689 2248 2756 sanguine;
2323 2691 2468 2745 dedit
2520 2694 2843 2761 custodibus,
2901 2696 3185 2768 discipulis
3239 2702 3523 2765 nimirum,

1945 2780 2277 2850 martyribus
2304 2791 2359 2836 et
2407 2783 2747 2841 doctoribus.
2792 2787 2885 2842 Isti
2925 2790 3069 2843 cutim
3129 2791 3236 2846 dici
3294 2807 3526 2862 possunt

1944 2869 2201 2925 custodes
2229 2869 2485 2929 Ecclesiae
2507 2873 2738 2942 Christi,
2772 2878 2867 2947 qui
2917 2889 3047 2933 sunt
3077 2883 3523 2952 evangelicorum

1945 2959 2258 3031 dogmatum
2289 2966 2550 3021 custodes
2582 2954 2906 3041 incorrupti.
2943 2968 3037 3026 Vir
3059 2974 3222 3028 solvet
3242 2977 3295 3029 in
3344 2976 3523 3045 {ructu

2637 3075 2652 3125 ;
2706 3061 2841 3115 adeo
2896 3077 3132 3133 namque
3193 3071 3522 3134 praeconium

262 3160 532 3227 φύλακες.
575 3159 747 3227 Ἀνὴρ
785 3158 941 3212 οἴσει
992 3160 1065 3212 ἐν
1118 3158 1323 3227 καρπῷ
1367 3161 1553 3215 αὐτοῦ
1609 3155 1843 3229 χιλίους

1949 3144 2123 3212 ipsius
2156 3152 2418 3214 excrevit,
2452 3164 2511 3204 ut
2535 3166 2639 3205 non
2663 3152 3240 3220 modosexagesimum
3269 3168 3365 3212 aut
3397 3176 3523 3213 cen-

259 3254 585 3320 ὐργυρίου.
641 3252 797 3304 Οὕτω
850 3252 961 3321 γὰρ
1011 3254 1074 3305 τὸ
1135 3254 1403 3324 κήρυγμα
1461 3254 1847 3306 πεπολλαπλα-

261 3346 512 3410 σιοισται,
555 3345 629 3408 ὠς
685 3345 748 3396 οὔ
812 3347 974 3415 μόνον
1027 3348 1107 3407 εἰς
1157 3346 1444 3415 ἐξήκοντα,
1507 3346 1601 3397 καὶ
1629 3346 1843 3409 ἑκατὸν,

260 3437 409 3491 ἀλλὰ
465 3439 563 3490 καὶ
609 3439 687 3500 εἰς
738 3437 943 3507 χιλίους
999 3438 1247 3509 προεὰν,
1278 3436 1389 3489 τῶν
1443 3437 1845 3504 διαυγεστάτων

260 3529 621 3597 διδαγμάτων
648 3531 783 3598 ὁμοῦ
832 3530 925 3582 καὶ
950 3528 1237 3597 δογμάτων
1263 3529 1428 3582 πᾶσιν
1453 3522 1708 3598 ἄφορμὰς
1740 3545 1845 3580 πα-

1951 3237 2229 3302 tesimum,
2258 3240 2352 3294 sed
2371 3241 2534 3295 etiam
2564 3241 2914 3302 millesimum
2947 3244 3186 3300 fructum
3211 3252 3523 3319 percipien-

1948 3327 2025 3392 di,
2047 3330 2431 3396 prteclararnm
2451 3332 2829 3388 doctrinarum
2855 3336 3079 3404 pariter,
3095 3353 3159 3392 ac
3178 3340 3518 3410 dogmatum.

1947 3426 2202 3481 omnibus
2242 3427 2532 3496 pratbuerit
2597 3431 2938 3486 occasiones.
3010 3431 3171 3487 Vinea
3224 3452 3341 3491 mea
3389 3441 3521 3494 milii

1946 3517 2000 3570 in
2030 3528 2309 3585 conspectu
2343 3535 2495 3586 meo;
2550 3534 2613 3573 ac
2636 3521 2680 3572 si
2739 3521 2943 3577 diceret
2972 3540 2990 3577 :
3014 3524 3168 3580 Oculi
3218 3531 3316 3583 mei
3369 3549 3524 3602 super

263 3622 499 3692 ρασχὸν.
550 3620 863 3688 Ἀμπελὼν
921 3639 1040 3689 μου
1097 3614 1238 3691 ἐιῖὸς
1280 3621 1539 3674 ἐνώπιόν
1579 3638 1737 3688 μου·
1770 3619 1843 3683 ὡς

1946 3608 2136 3677 iustos,
2191 3619 2239 3663 et
2270 3626 2425 3664 aures
2451 3626 2578 3665 mea:
2612 3612 2681 3664 ad
2714 3628 2887 3680 preces
2920 3632 3097 3670 eorum
3113 3618 3181 3673 ¹⁰.
3212 3619 3328 3675 Νοιι
3365 3638 3524 3681 secus

263 3715 335 3767 ἂν
392 3715 441 3765 ει
489 3712 694 3781 ἐλεγενο
744 3715 807 3767 Οἱ
840 3713 1137 3783 ὀφθαλμοί
1192 3730 1313 3782 μου
1391 3710 1493 3766 ἐπὶ
1548 3710 1843 3777 δικαίους,

261 3806 366 3859 καὶ
410 3805 481 3858 τὰ
505 3800 627 3858 ὦτά
666 3822 787 3874 μου
842 3805 928 3868 εὶς
983 3802 1199 3873 δέησιν
1221 3801 1439 3857 αὐτῶν.
1497 3802 1582 3866 Ὠς
1613 3802 1721 3856 ἀπὸ
1753 3802 1843 3857 τοῦ

260 3898 525 3967 Σωτῆρος
571 3897 677 3967 γὰρ
708 3896 971 3965 Χριστοῦ,
1008 3896 1145 3967 πρὸς
1189 3897 1290 3965 τὴν
1331 3895 1656 3964 Ἐκκλησίαν
1696 3894 1847 3964 εἴρη-

259 4010 379 4053 ται,
428 3993 684 4061 ἄντικρυς
737 3990 1055 4057 φβσκοντοςθ
1120 3987 1268 4056 Ἐγὼ
1325 3989 1441 4057 εἰμί
1496 3990 1625 4057 μεθ’
1674 3988 1843 4058 ἡμῶν

261 4088 477 4150 πάσας
533 4084 639 4149 τὰς
692 4083 951 4152 ἡμέρας,
1002 4080 1115 4147 ἓως
1163 4084 1275 4148 τῆς
1327 4083 1684 4147 συντελείας
1736 4080 1841 4136 τοῦ

260 4177 508 4242 αἰῶνος.
550 4176 617 4231 0i
652 4177 834 4245 χίλιοι
866 4174 944 4238 τῷ
972 4173 1280 4242 Σαλομὼν,
1308 4173 1406 4226 καὶ
1446 4176 1499 4228 οι
1544 4173 1841 4227 διακόσιοι

262 4269 397 4334 τοῖς
423 4269 676 4336 τηροῦσι
716 4269 826 4322 τὸν
853 4268 1090 4336 καρπὸν
1116 4267 1324 4321 αὐτοῦ.
1360 4268 1435 4319 Οὐ
1481 4268 1589 4336 γὰρ
1625 4267 1839 4319 ἀδάπα-

261 4380 360 4415 νον
410 4363 470 4413 τὸ
512 4361 867 4428 Εὑοιγγέλιον,
920 4359 1032 4413 οὐδ’
1069 4359 1323 4430 ἄμισθον,
1374 4359 1512 4411 ἀλλὰ
1567 4359 1840 4430 πεπολλα-

1946 3702 2091 3755 euim
2123 3717 2187 3757 ac
2224 3717 2254 3756 a
2284 3702 2566 3757 Salvatore
2591 3703 2809 3759 Christo
2837 3707 2902 3759 ad
2922 3705 3222 3771 Eccles‘iam
3240 3714 3517 3781 prolatum

1946 3802 2047 3859 cst,
2080 3796 2367 3866 perspicue
2397 3798 2610 3852 dicente
2640 3814 2653 3851 :
2692 3794 2800 3867 Ego
2824 3800 3089 3853 vobiscum
3129 3818 3246 3857 sum
3273 3808 3516 3864 omnibus

1945 3889 2126 3942 diebus
2143 3904 2303 3960 usque
2325 3890 2394 3942 ad
2405 3894 2906 3945 consummationem
2924 3895 3105 3949 stecnti
3116 3896 3183 3929 ²¹’
3204 3897 3354 3954 Mille
3367 3899 3522 3956 Salo-

1947 3981 2109 4043 moni,
2134 3990 2182 4034 et
2213 3981 2425 4035 ducenti
2456 3983 2759 4037 custodibus
2796 3983 3000 4052 fructus
3024 3988 3160 4054 ejus.
3197 3988 3313 4045 Non
3370 3994 3517 4048 enim
3570 3974 3591 3995 ί

1946 4072 2151 4129 fenoris
2200 4089 2394 4144 expers
2459 4075 2808 4146 Evangelium
2865 4088 2975 4147 est,
3028 4096 3208 4152 neque
3265 4088 3518 4141 mercede

1945 4175 2115 4235 caret,
2147 4167 2238 4223 sed
2268 4168 2500 4223 multum
2526 4170 2728 4239 ubique
2756 4180 3027 4227 terrarum
3063 4178 3309 4231 excrevit
3334 4177 3514 4233 Evan-

1943 4260 2144 4330 gelium
2176 4262 2280 4316 sub
2318 4261 2580 4330 apostolis
2628 4262 2717 4316 Dei
2759 4264 3097 4332 praeconibus
3130 4283 3145 4332 ;
3192 4279 3520 4337 receperunt

1945 4361 2126 4406 autem
2160 4350 2357 4421 singuli
2386 4368 2572 4407 eorum
2610 4354 2922 4423 centuplum
2954 4371 3055 4425 pro
3081 4358 3333 4414 mercede
3360 4361 3519 4414 labo-

264 4454 576 4507 πλασῐαστο
612 4455 709 4522 μὲν
743 4455 803 4506 τὸ
832 4454 1168 4522 Εὑαγγέλιον
1196 4453 1274 4516 εἰς
1320 4454 1503 4504 πᾶσαν
1534 4451 1633 4520 τὴν
1656 4414 1836 4504 obeat;
1867 4434 1918 4494 Ῐ)
1946 4463 2062 4501 rum
2089 4462 2333 4509 suorum.

278 4547 458 4616 μένην
495 4546 600 4599 ὑπὸ
654 4546 761 4597 τῶν
816 4544 1172 4615 θεοκηρύκων
1212 4544 1555 4599 ἀποστόλων.
1594 4542 1796 4603 Ἔλαὸε
1833 4539 1878 4593 δ’
1912 4540 2143 4603 ἕκαστος
2201 4539 2382 4592 αὐτῶν
2451 4539 3020 4604 ἑκατονταπλασίονας
3059 4541 3185 4602 τοὺς
3254 4539 3479 4609 μισθοὺς
3505 4581 3519 4605 ,

264 4641 419 4712 ὑπὲρ
446 4635 520 4695 ὧν
552 4641 877 4694 κεκοπίακε.

946 4727 1178 4802 *ᾼΣΜᾹ.

351 4825 418 4878 '0
446 4824 780 4891 καθήμενος
801 4824 871 4877 ἐν
895 4825 1132 4893 κήποις,
1154 4823 1371 4890 ἑταῖροι
1396 4822 1838 4891 προσσχόντες,

187 4967 203 4976 ,
270 4918 383 4986 τῆς
409 4916 613 4987 φωνῆς
653 4916 1119 4980 σουνάκούτισόν
1146 4932 1244 4984 με.

906 5013 1192 5065 ΣΧΟΛΙΑ.

358 5104 689 5168 Ἀσυνδέτως
736 5103 909 5158 ταῦτα
970 5105 1216 5175 ἐκφέρει,
1276 5102 1367 5156 διὰ
1418 5103 1479 5154 τ’)
1543 5102 1735 5164 εἰωθὸς
1784 5103 1842 5153 ὲν

265 5195 394 5256 ταῖς
433 5196 638 5263 εὐχαῖς,
692 5194 789 5246 καὶ
847 5193 1081 5262 μάλιστα
1139 5196 1266 5248 ὅταν
1318 5191 1556 5263 γνησίως
1617 5191 1843 5254 ⁸τοιύτοιις

265 5284 671 5351 προσιείμεθα.
724 5281 880 5334 Οὕτω
929 5284 1048 5353 γάρ’
1087 5300 1286 5352 φαμεν,
1333 5283 1434 5336 Θεέ
1484 5300 1611 5352 μου,
1652 5282 1845 5350 Σωτήρ

271 5390 407 5441 μου,
436 5375 688 5437 Θεοτόκε,
743 5377 1139 5439 παντάνασσα,
1187 5375 1335 5441 ἅγιοι
1404 5377 1630 5439 πάντες,
1684 5374 1846 5435 ὅσιοι,

266 5466 371 5515 καὶ
400 5462 625 5517 δίκαιοι.
662 5465 925 5525 Εὑκτικός
962 5465 1111 5516 ἐστιν
1162 5467 1189 5517 ὁ
1234 5463 1416 5530 λόγος,
1440 5464 1534 5516 καὶ
1566 5461 1730 5514 οἱονεί
1766 5478 1849 5521 τις

260 5555 588 5618 ἁπόπαυσις
620 5555 728 5608 τῶν
766 5555 937 5625 ᾠδῶν·
971 5557 1093 5609 ἀντὶ
1135 5555 1251 5619 τοῦ,
1280 5555 1391 5608 εἴθε
1433 5556 1738 5619 ἀκοντίζοις
1780 5572 1846 5621 με

2646 4724 2849 4784 CANT.

2059 4818 2145 4873 15.
2233 4817 2336 4883 Qui
2371 4819 2578 4873 habitas
2600 4820 2654 4873 in
2724 4820 2914 4885 hortis,
2975 4822 3135 4876 amici
3191 4823 3517 4879 intendentes

1948 4920 2070 4965 sunt
2103 4927 2122 4977 ;
2161 4924 2335 4964 vocem
2375 4918 2523 4964 tuam
2563 4910 2650 4980 {ac
2686 4927 2764 4964 me
2799 4913 3007 4967 audire.

2586 5002 2900 5060 SCIIOLIA.

2024 5097 2154 5154 Sine
2185 5096 2573 5169 conjunctione
2610 5097 2726 5151 haec
2755 5098 2870 5166 ipsa
2901 5095 3129 5167 profert,
3158 5108 3349 5154 nostro
3381 5114 3516 5169 snp-

1950 5188 2268 5257 plicantium
2331 5203 2501 5252 more,
2548 5196 2604 5243 et
2650 5188 2888 5241 maxime
2944 5188 3167 5258 quando
3221 5205 3287 5245 ex
3332 5191 3521 5243 animo

1946 5279 2431 5349 supplicationibus
2501 5280 2810 5335 innitimur.
2869 5279 2960 5336 Sic
3013 5281 3159 5335 enim
3210 5281 3447 5337 dicimus
3504 5298 3517 5335 :

1949 5372 2090 5428 Deus
2122 5388 2295 5439 meus,
2318 5371 2571 5428 Salvator
2603 5373 3011 5441 meus,Deipara
3032 5373 3220 5445 regina
3243 5375 3488 5428 omnium
3504 5414 3518 5436 ,

1946 5465 2119 5520 sancti
2142 5479 2355 5529 omnes,
2386 5466 2725 5527 innocentes,
2753 5476 2808 5520 et
2830 5467 2984 5536 justi.
3011 5466 3206 5523 Sermo
3223 5478 3309 5523 est
3329 5481 3523 5537 optan-

1947 5553 2038 5618 tis,
2070 5568 2131 5608 ac
2155 5553 2451 5623 precantis,
2470 5566 2524 5610 et
2542 5555 2698 5625 quasi
2725 5556 2885 5612 linem
2908 5557 3148 5614 Canticis
3166 5558 3522 5629 imponentis,

350 5730 391 5764 ¹⁹
438 5730 542 5787 lsa.
578 5748 632 5802 ν,
694 5732 739 5786 ι.
818 5733 863 5764 ³ο
910 5732 1052 5788 Psal.
1084 5734 1374 5801 xxxtn,l6.
1454 5734 1495 5765 ¹¹
1542 5733 1731 5793 Matth.
1783 5750 1972 5802 imm,
2010 5734 2101 5790 :20.
