4016 6204
258 343 392 409 1101

1337 316 1729 405 εγΝοοιομίι
1767 344 2455 408 ροΝεΤίΤυτίοΝΕε.

3371 345 3516 411 1102

258 456 353 534 Kl;
368 455 607 525 Synodus
632 450 975 534 ιηείτόροέίιιι»
1002 455 1356 534 ᾼηιὶιιιιᾳηιηι
1392 459 1676 534 Ραιτανῳη
1706 477 1819 534 con-

1932 462 2058 532 δικὴ
2085 462 2285 532 πρᾶξις
2315 463 2416 529 τῆς
2466 460 2625 531 ἡμῶν
2699 460 3079 531 μετριότητος,
3116 462 3182 531 τῇ
3216 460 3519 534 ὑπογραφῇ

324 524 426 595 [ενι
482 525 811 596 metropoli»:
852 524 1375 583 Laceda’mom'orum
1409 544 1501 597 per
1530 530 1830 601 adjunctio-

324 614 462 652 nem.

321 734 364 806 -ι-
396 734 508 789 Οὐκ
534 735 901 807 ἀνεγκλήτους
929 738 1109 807 κρινεῖ
1128 754 1210 800 τις
1234 736 1341 790 τῶν
1364 736 1624 791 ἁπάντων
1649 736 1827 805 ἡμᾶς,

254 828 331 898 μὴ
399 828 579 881 πάντα
644 827 853 899 τρόπον
941 827 1433 899 προθυμουμένους
1484 825 1830 897 προμηθείας

248 919 434 984 ἀξιοῦν
468 918 593 982 τούς
642 936 701 973 τε
730 919 924 982 ἀλλους
952 920 1010 972 ὲν
1044 920 1206 991 χρείᾳ
1239 920 1398 983 ὁντας
1425 920 1525 988 τῆς
1572 919 1828 987 δυνατῆς,

248 1016 343 1066 καὶ
397 1012 637 1078 μάλιστά
672 1028 735 1080 γε
788 1012 906 1066 ὅσοι
939 1012 1041 1081 τῆς
1070 1013 1259 1083 χρείας
1284 1013 1385 1064 οὐκ
1434 1011 1541 1076 ἔξω
1576 1011 1831 1082 μένουσιν

247 1107 314 1159 ἐκ
340 1107 446 1160 τῶν
478 1104 944 1175 συμπληρούντων
979 1105 1077 1175 τὴν
1134 1104 1253 1159 καθ’
1290 1105 1437 1175 ἡμᾶς
1482 1104 1635 1173 ίὲράν
1672 1103 1831 1157 σύνο-

245 1196 356 1262 δον,
384 1198 682 1266 ἀγαπητῶν
703 1197 862 1267 ἡμῶν
892 1196 1033 1249 κατά
1067 1195 1272 1267 Κύριον
1303 1195 1553 1265 ἀδελφῶν
1577 1196 1670 1250 καὶ
1699 1196 1829 1250 συλε-

244 1288 599 1359 λειτουργῶν.
640 1290 706 1344 Εί
739 1291 849 1360 γάρ
907 1290 1064 1344 αὐτοὶ
1100 1290 1201 1359 μὲν
1260 1289 1410 1359 πάσῃ
1472 1292 1616 1344 κατά
1669 1290 1831 1361 χρέος

247 1381 453 1451 σπουδῇ
475 1379 585 1432 τῶν
628 1379 1014 1447 πνευματικῶν
1069 1380 1297 1449 ἀγώνων
1353 1380 1450 1433 καὶ
1488 1380 1691 1446 πόνων,
1744 1381 1832 1451 ἐφ’

244 1469 325 1538 οἷς
360 1476 425 1528 ἂν
457 1474 587 1534 δέοι.
606 1475 738 1544 ημῖν
763 1472 1275 1544 συναντιλὴψονται,
1304 1475 1465 1544 ἡμεῖς
1493 1474 1549 1528 δὲ
1582 1475 1660 1545 μὴ
1689 1476 1832 1530 κατὰ

240 1567 305 1621 τὸ
334 1566 481 1630 είκός
537 1566 685 1621 ἅπαν
744 1565 927 1620 αὐτῶν
992 1563 1438 1638 προνοησόμεθα,
1506 1568 1725 1631 πάντως
1760 1566 1827 1621 ἀν

243 1659 421 1729 μικρά
473 1658 777 1729 φροντίζειν
831 1658 1085 1728 δόξαιμεν
1144 1657 1238 1711 τοῦ
1288 1658 1478 1725 καλοῦ,
1512 1659 1579 1712 τά
1626 1660 1830 1730 προσήο

181 1804 191 1812 ,
241 1768 409 1804 κοντα
440 1752 651 1813 τούτοις
693 1749 769 1820 μὴ
807 1748 1278 1819 ἀντεισφέροντες.
1316 1750 1481 1818 Δηλοῖ
1503 1750 1558 1804 δὲ
1587 1751 1616 1804 ὁ
1649 1750 1828 1820 λόγος,

1936 552 2035 621 τῆς
2059 552 2220 623 ήμῶν
2248 554 2611 622 μετριότητος
2677 553 3038 619 πιστωθεῖσα,
3073 554 3155 616 είς
3215 553 3523 622 ἀσφάλειαν

1935 644 2270 698 ὲπιδέδοται.

1934 755 2052 812 XII.
2088 753 2395 828 Gregorius,
2455 760 2763 827 patriarcha
2814 757 3186 823 Alexandriae,
3243 743 3525 827 ρνοβιειιιν

2473 828 2818 882 orthodoxam
2847 828 3026 894 ﬁdem.

2006 920 2215 991 -ι-Ἐπεὶ
2248 920 2514 990 κρίμασιν
2570 915 2654 982 οἷς
2696 915 2807 972 οἷδε
2844 920 2981 984 Θεὸς
3016 921 3097 982 είς
3128 920 3190 973 τὸ
3233 920 3379 989 μέγα
3428 921 3529 990 τῆς

1934 1014 2306 1083 πατριαρχίας
2384 1011 2629 1082 ἀνήχθην
2707 1013 2946 1083 ἀξίωμα,
3026 1013 3120 1069 καὶ
3175 1014 3529 1084 πατριάρχης

1948 1104 2361 1175 ’Δλεξανδρείας
2383 1105 2707 1175 τετίμημαι,
2741 1105 2834 1159 τὸν
2863 1106 2965 1174 τῆς
3015 1104 3176 1174 ἡμῶν
3223 1106 3526 1175 ὁμολογίας

1936 1196 2199 1266 ὲκτίθημι
2231 1194 2497 1262 λίὸελλον,
2529 1196 2624 1250 καὶ
2657 1196 2797 1267 πρὸς
2828 1196 2921 1249 τὸν
2973 1198 3265 1267 κράτιστον
3308 1198 3526 1268 ὶκπέμ-

1936 1306 2025 1341 πω
2047 1288 2236 1343 τοῦτον
2260 1289 2358 1343 καὶ
2389 1289 2548 1356 ἀγιόν
2575 1305 2677 1359 μου
2708 1290 3113 1359 αὐτοκράτορα,
3142 1288 3202 1342 ὃν
3236 1289 3332 1343 καὶ
3355 1306 3529 1361 προσ-

1933 1379 2092 1443 τάξαι
2149 1379 2453 1452 παρακαλῶ
2482 1379 2560 1449 τῷ
2619 1380 2922 1451 ἁγιωτάτῳ
2984 1380 3385 1451 ὲμφανισθῆναι
3430 1382 3530 1435 καὶ

1935 1465 2307 1538 οίκουμενικῷ
2370 1468 2688 1539 πατριάρχῃ
2722 1469 2817 1522 καὶ
2866 1470 2935 1539 τῇ
3000 1469 3133 1539 περὶ
3186 1469 3354 1523 αὐτὸν
3402 1469 3527 1540 θείᾳ

1938 1556 2030 1610 καὶ
2058 1559 2179 1629 ίερᾷ
2216 1558 2443 1628 συνόδῳ·
2477 1560 2620 1613 οὕτω
2654 1560 2765 1628 γάρ
2802 1561 2867 1614 ἀν
2899 1560 2998 1615 καὶ
3029 1563 3109 1625 είς
3136 1562 3261 1624 τοὺς
3292 1561 3524 1633 ἑτέρους

1936 1651 2146 1715 πάντας
2178 1652 2244 1705 τά
2270 1652 2371 1722 τῆς
2401 1652 2540 1722 ἐμῆς
2559 1652 2795 1723 ἀληθοῦς
2817 1654 3111 1725 ὁμολογίας
3134 1657 3230 1710 καὶ
3246 1655 3527 1725 ἀσφαλοῦς

1934 1741 2277 1812 διαϐήσεται.’
2292 1730 2309 1747 ”

241 1842 325 1895 ὅτι
368 1842 433 1913 δὴ
463 1843 563 1911 τὴν
586 1810 769 1912 αὐτην.
793 1841 890 1911 μὲν
910 1810 1022 1907 τοῖς
1058 1810 1263 1904 λοιποῖς
1290 1810 1414 1895 κατ’
1448 1842 1612 1897 αὐτὸν
1637 1810 1826 1915 ἀρχιεᾇ
1859 1810 1903 1871 Β
2001 1810 2309 1906 ἰ’ῘΪιστιῦω
2346 1838 2428 1900 εις
2487 1837 2585 1893 ἓνειι
2613 1839 2748 1893 Θεδν
2792 1840 3015 1913 Πατέρα
3075 1842 3521 1913 παντοκράτορα.

245 1932 401 2004 ρεῦσι
442 1933 679 2004 σπουδὴν
717 1932 1161 2003 συμϐαλλόμενός
1209 1934 1358 1986 ἐστιν
1396 1934 1493 1986 ἐπὶ
1524 1935 1639 1999 τοῖς
1692 1952 1830 2006 προ-

240 2024 523 2095 κειμένοις
549 2026 680 2094 ημῖν
709 2024 875 2093 ἱεροῖς
905 2022 1087 2093 ἔργοις
1110 2022 1205 2077 καὶ
1234 2018 1525 2094 πράγμασι
1553 2023 1690 2094 πρὸς
1714 2026 1828 2088 τοῖς

238 2118 425 2180 ἄλλοις
453 2116 561 2169 τῶν
615 2114 865 2184 ἀδελφῶν
896 2115 989 2167 καὶ
1022 2114 1051 2168 ὁ
1094 2113 1386 2186 ἱερώτατος
1421 2114 1828 2188 μητροπολίτης

241 2207 500 2264 Παλαιῶν
542 2205 772 2276 Πατρῶν
827 2206 923 2259 καὶ
953 2205 1259 2277 ύπέρτιμος
1284 2247 1298 2272 ,
1348 2206 1451 2260 οὐκ
1484 2207 1730 2278 εὐπόρως
1767 2209 1826 2263 δὲ

241 2303 391 2372 ὅμως
420 2302 529 2356 τῶν
562 2302 698 2373 πρὸς
728 2301 1064 2373 αὐτάρκειαν
1110 2302 1248 2373 ἔχων
1278 2303 1532 2375 εὕρηται,
1566 2306 1722 2361 ἐνθεν
1746 2323 1827 2361 τοι

244 2395 342 2446 καὶ
372 2394 667 2461 ἀναγκαῖον
700 2394 734 2463 ἡ
788 2393 1081 2465 μετριότης
1109 2391 1269 2463 ήμῶν
1314 2390 1457 2447 εῖναι
1490 2395 1586 2449 καὶ
1619 2394 1828 2466 προσῆ-

243 2504 342 2540 κον
372 2488 613 2557 ινόμισε,
641 2486 929 2556 φροντίσαι
951 2484 1143 2539 τούτου
1171 2486 1267 2540 καὶ
1310 2486 1823 2558 προμηθεύσασθαι.

238 2578 353 2634 Καί
377 2594 443 2646 γε
485 2580 639 2648 κοινῇ
670 2577 837 2648 ψήφῳ
884 2593 946 2629 τε
988 2577 1085 2631 καὶ
1116 2575 1315 2647 γνώμῃ
1354 2580 1454 2648 τῆς
1500 2576 1827 2649 ὁμηγύρεως

235 2670 350 2725 τῶν
378 2671 510 2742 περὶ
553 2671 703 2741 ημᾶς
762 2668 1076 2740 ίερωτάτων
1114 2669 1444 2739 ἀρχιερέων,
1501 2668 1598 2723 τοῦ
1651 2670 1824 2741 Ἦρα-

236 2762 451 2829 κλείας,
471 2760 568 2816 τοῦ
591 2760 863 2831 Σάρδεων,
891 2759 985 2813 τοῦ
1008 2759 1056 2814 Ν
1066 2760 1406 2831 ικομηδείας,
1442 2761 1537 2815 τοῦ
1567 2758 1822 2830 Νικαίας,

234 2852 337 2907 τοῦ
389 2851 757 2921 Χαλκηδόνος,
808 2851 903 2905 τοῦ
936 2850 1361 2921 Θεσσαλονίκης,
1397 2851 1493 2905 τοῦ
1524 2852 1823 2921 Μονεμσα-

237 2945 383 3010 σίας,
410 2944 505 2998 τοῦ
532 2942 1025 3015 Ποντοηρακλείας,
1050 2942 1145 2997 τοῦ
1177 2944 1449 3013 Προύσης,
1482 2944 1574 2998 τοῦ
1610 2945 1825 3017 Περγά-

239 3053 373 3107 μου,
429 3035 524 3090 τοῦ
566 3034 808 3107 Σερρῶν,
840 3034 935 3088 τοῦ
984 3034 1363 3104 Ἀμάστριδος,
1392 3034 1485 3088 τοῦ
1514 3036 1819 3105 Φιλίππων,

1931 1925 2163 1996 ποιητὴν
2198 1926 2433 1997 οὐρανοῦ
2480 1928 2588 1984 ’καὶ⁸
2630 1931 2755 2000 γῆς,
2792 1933 3005 2002 ὁρατῶν
3047 1948 3107 1987 τε
3139 1933 3363 1988 πάντων
3390 1936 3524 1990 ικαὶ

1926 2016 2202 2087 ἀοράτων,
2232 2021 2327 2073 καὶ
2350 2022 2431 2087 είς
2462 2023 2561 2077 ἕνα
2598 2024 2815 2095 Κύριον
2851 2024 3061 2095 Ἰησοῦν
3114 2025 3371 2097 Χριστὸν,
3427 2026 3521 2079 τὸν

1928 2106 2059 2160 Υίὸν
2114 2104 2209 2162 τοῦ
2244 2107 2381 2164 Θεοῦ
2427 2112 2521 2166 τὸν
2570 2115 2859 2186 μονογενῆ,
2892 2115 2985 2170 τὸν
3030 2119 3093 2169 ικ
3149 2115 3245 2170 τοῦ
3302 2116 3519 2185 Πατρὸς

1927 2200 2258 2270 γεννηθέντα
2288 2202 2393 2274 πρὸ
2425 2206 2645 2259 πάντων
2674 2206 2784 2260 τῶν
2807 2207 3040 2275 αἰώνων,
3067 2208 3185 2277 φῶς
3220 2213 3286 2262 ὲκ
3314 2209 3514 2277 φωτὸς.

1927 2290 2060 2345 Θεὸν
2087 2292 2346 2363 ἀληθινὸν
2405 2296 2473 2351 ὲκ
2505 2296 2642 2351 Θεοῦ
2692 2298 2984 2369 ἀληθινοῦ,
3038 2300 3390 2370 γεννηθέντα,
3451 2300 3514 2351 οὐ

1928 2383 2252 2453 ποιηθέντα,
2290 2388 2575 2458 ὁμοούσιον
2596 2390 2673 2461 τῷ
2704 2391 2901 2462 Πατρὶ,
2920 2390 2991 2445 δι’
3012 2390 3073 2445 οὗ
3095 2392 3162 2445 τά
3190 2392 3369 2446 πάντα
3397 2392 3521 2459 έγέο

1927 2490 2068 2542 νετο,
2098 2478 2188 2531 τὸν
2212 2480 2282 2533 δι’
2305 2482 2454 2552 ἡμᾶς
2478 2483 2608 2547 τούς
2639 2482 2967 2554 ἀνθρώπους
2992 2486 3088 2539 καὶ¹
3134 2483 3221 2537 διά
3248 2486 3350 2555 τὴν
3377 2486 3517 2555 ἡμε-

1925 2567 2096 2638 ’πέραν
2130 2573 2407 2643 σωτηρίαν
2464 2576 2800 2630 κατελθόντα
2841 2577 2906 2630 ἐκ
2954 2576 3067 2631 τῶν
3124 2577 3374 2647 οὐρανῶν
3418 2578 3515 2629 καὶ

1928 2660 2285 2731 σαρκωθέντα
2331 2666 2397 2719 ὲκ
2426 2666 2748 2737 Πνεύματος
2808 2668 2967 2736 ἁγίου
3002 2670 3097 2722 καὶ
3143 2668 3366 2736 Μαρίας
3413 2668 3516 2735 τῆς

1928 2750 2219 2822 Παρθένου
2276 2756 2376 2808 καὶ
2430 2758 2961 2829 ένανθρωπήσαντα,
3019 2757 3404 2829 σταυρωθέντα
3454 2773 3519 2811 τε

1928 2842 2069 2913 ὑπὲρ
2104 2846 2264 2917 ήμῶν
2297 2848 2390 2902 ἐπὶ
2415 2848 2645 2903 Ποντίου
2699 2849 2961 2915 Πιλάτου,
3012 2850 3111 2905 καὶ
3153 2851 3398 2905 παθόντα
3424 2852 3519 2904 καὶ

1925 2937 2168 3006 ταφέντα
2208 2941 2300 2992 καὶ
2327 2941 2634 2995 ἀναστάντα
2656 2943 2722 2995 tu
2758 2943 2971 3014 νεκρῶν
3018 2946 3085 3014 τῇ
3115 2944 3279 3016 τρίτῃ
3330 2942 3518 3015 ἡμέρᾳ

1926 3029 2068 3082 κατᾶ
2092 3029 2191 3092 τὰς
2227 3031 2471 3103 Γραφάς,
2507 3033 2601 3085 καὶ
2644 3031 2941 3086 ἀνελθόντα
2972 3035 3052 3097 είς
3094 3034 3221 3095 τοὺς
3250 3033 3517 3104 οὐρανοὺς

234 3128 334 3182 τοῦ
359 3128 832 3196 Χριστουπόλεως,
859 3126 952 3179 τοῦ
986 3126 1326 3197 Μιτυλήνης,
1364 3126 1459 3181 τοῦ
1483 3128 1818 3199 Μηθύμνης,
1849 3160 1894 3223 C
1932 3119 2026 3172 καὶ
2050 3122 2413 3192 καθεζόμενον
2446 3126 2509 3177 ὲκ
2553 3124 2744 3190 δεξιῶν
2808 3125 2908 3177 τοῦ
2947 3126 3157 3196 Πατρὸς
3199 3126 3295 3179 καὶ
3346 3127 3513 3179 πάλιν

226 3220 333 3275 τοῦ
361 3220 695 3292 Δυρραχίου,
729 3218 823 3272 τοῦ
868 3217 1279 3287 Διδυμοτείχου,
1319 3216 1413 3269 τοῦ
1448 3218 1673 3288 Βιζύης,
1721 3218 1821 3272 τοῦ
1856 3212 1893 3223 “’
1930 3212 2224 3284 ἐρχόμενον
2257 3218 2396 3284 μετά
2416 3218 2575 3287 δόξης
2631 3220 2812 3286 κρῖναι
2848 3218 3059 3283 ζῶντας
3111 3218 3209 3269 καὶ
3257 3218 3510 3287 νεκροὺς,

235 3312 395 3377 Κίου,
428 3311 524 3366 τοῦ
556 3312 847 3376 Λοπαδίου,
870 3309 964 3365 τοῦ
988 3310 1278 3380 Νυμφαίου
1310 3309 1403 3363 καὶ
1430 3310 1525 3363 τοῦ
1553 3310 1823 3378 Μηδείας,

231 3404 434 3472 διέγνω
482 3404 576 3458 καὶ
605 3402 991 3470 κατεπράξατο
1052 3401 1170 3471 μετ’
1232 3400 1434 3464 αὐτῶν,
1470 3400 1616 3454 κατά
1663 3401 1825 3470 λόγον

232 3496 529 3559 ἐπιδόσεως
578 3497 882 3566 παρασχεῖν
910 3493 1083 3564 τούτῳ
1124 3493 1190 3564 δὴ
1227 3493 1303 3564 τῷ
1334 3492 1615 3563 ἱερωτάτῳ
1640 3493 1826 3563 ἀρχιε-

235 3589 324 3659 ρεῖ
354 3588 452 3659 τὴν
487 3589 797 3656 ἀγιωτάτην
826 3587 935 3640 τῶν
982 3585 1427 3655 Λακεδαιμονίων
1456 3585 1820 3655 μητρόπολιν,

232 3679 296 3731 τὸ
329 3678 427 3747 μέν
453 3696 504 3732 τι
534 3678 611 3741 ῶς
666 3678 1053 3749 σχολάζουσαν,
1088 3676 1148 3730 τὸ
1179 3677 1235 3730 δέ
1266 3694 1317 3729 τι
1372 3677 1469 3729 καὶ
1495 3676 1557 3729 οὐ
1602 3678 1823 3748 μακράν

232 3772 617 3842 ἀφισταμένην
654 3773 755 3841 τῆς
807 3773 926 3826 κατ’
986 3771 1147 3826 αὐτὸν
1205 3768 1466 3840 τοιαύτης
1504 3771 1820 3841 ἁγιωτάτης

246 3864 594 3935 Ἐκκλησίας,
622 3862 689 3917 ἶν’
713 3864 857 3917 οὕτω
884 3867 981 3919 καὶ
1030 3864 1229 3935 ῥᾳδίως
1265 3863 1382 3935 ἔχοι
1414 3864 1505 3917 τὸν
1538 3864 1596 3919 ὲν
1643 3865 1819 3934 ἀμφο-

227 3957 423 4027 τέραις
460 3955 858 4026 Χριστὼνυμον
892 3953 987 4008 τοῦ
1018 3954 1227 4024 Κυρίου
1256 3954 1385 4007 λαὸν
1424 3953 1685 4008 διιθύνειν
1721 3954 1817 4007 καὶ

227 4052 372 4121 πρὸς
392 4050 491 4119 τὴν
526 4048 804 4119 σωτηρίαν
848 4048 1233 4117 χειραγωγεῖν.
1295 4045 1529 4111 Καθέξει
1575 4046 1757 4100 τοίνυν
1785 4047 1816 4104 ὁ

228 4142 418 4212 ῥηθεὶς
472 4141 766 4212 ἱερώτατος
821 4138 1225 4209 μητροπολίτης
1272 4137 1527 4192 Παλαιῶν
1556 4136 1811 4206 Πατρῶν,

228 4233 534 4303 ὐπέρτιμος
584 4233 681 4286 κα)⁸
714 4230 938 4301 ἔξαρχος
974 4228 1158 4298 πάσης
1214 4227 1460 4298 Ἀχαΐας,
1492 4227 1697 4299 ταύτην
1746 4228 1812 4300 δὴ

224 4324 324 4392 τὴν
372 4324 683 4392 ἀγιωτάτην
725 4320 1055 4391 Ἐκκλησίαν
1088 4319 1185 4371 καὶ
1210 4316 1283 4371 τά
1329 4319 1384 4370 ὲν
1415 4318 1553 4389 αὐτῇ
1602 4318 1807 4385 πάντα,

226 4413 323 4467 καὶ
350 4411 440 4465 ἐπ’
478 4410 664 4473 ἀδείας
707 4409 821 4474 ἕξει
854 4408 1161 4478 ἱερουργεῖν
1214 4409 1275 4459 ὲν
1309 4406 1448 4476 αὐτῇ
1503 4407 1601 4460 καὶ
1629 4406 1809 4462 διακό-

1927 3299 1988 3358 οῦ
2018 3305 2117 3373 τῆς
2145 3304 2423 3374 βασιλείας
2456 3310 2557 3362 οὐκ
2587 3309 2743 3363 ἔσται
2771 3307 2946 3375 τέλος,
2970 3309 3064 3363 καὶ
3094 3308 3174 3371 είς
3207 3304 3510 3377 τὸΠνεῦμα

1926 3397 1987 3450 τὸ
2025 3396 2203 3468 ἆγιον,
2230 3400 2292 3453 τὸ
2318 3400 2542 3471 Κύριον,
2596 3400 2657 3455 τὸ
2690 3401 3011 3468 ζωοποιοῦν,
3044 3403 3105 3456 τὸ
3163 3403 3228 3455 ὲκ
3271 3399 3368 3455 τοῦ
3395 3402 3510 3454 Παε-

1926 3491 2054 3562 τρὸς
2081 3494 2539 3563 ἐκπορευόμενον,
2570 3496 2630 3549 τὸ
2687 3496 2786 3549 σὺν
2842 3496 3016 3566 Πατρὶ
3050 3495 3145 3550 καὶ
3198 3494 3313 3565 1⁸ίῷ
3368 3512 3508 3565 συμ-

1928 3583 2410 3655 προσκυνούμενον
2471 3590 2566 3639 καῖ
2614 3586 3090 3656 συνδοξαζόμενον,
3146 3586 3207 3641 τὸ
3263 3586 3504 3656 λαλῆσαν

1924 3676 2138 3730 διᾶτῶν
2166 3661 2484 3748 προφητῶνο
2546 3682 2627 3745 εἰς
2657 3682 2786 3751 μίαν
2838 3681 3001 3749 ἁγίαν
3052 3682 3349 3753 καθολικὴν
3402 3686 3519 3746 καὶ]

1922 3769 2286 3841 ἀποστολικὴν
2326 3772 2683 3841 Ἐκκλησίαν.
2751 3773 3033 3843 Ὀμολογῶ
3089 3776 3146 3829 ἓν
3211 3775 3498 3847 βάπτισμα

1920 3861 2000 3922 είς
2034 3860 2227 3928 ἄφεσιν
2254 3863 2560 3933 ἁμαρτιῶν,
2611 3866 2895 3936 προσδοκῶ
2946 3867 3245 3923 ἀνάστασιν
3290 3869 3502 3940 νεκρῶν

1920 3955 2012 4006 καὶ
2038 3953 2184 4025 ζωὴν
2213 3954 2305 4007 τοῦ
2341 3956 2630 4023 μέλλοντος
2662 3958 2881 4022 αἰῶνος.
2924 3959 3123 4031 Ἀμήν.
3189 3962 3336 4031 Πρὸς
3369 3962 3502 4017 τού-

1917 4061 2030 4108 τοις
2059 4046 2306 4115 ὁμολογῶ
2339 4046 2474 4100 Θεὸν
2503 4049 2596 4102 τὸν
2631 4051 2873 4120 Πατέρα,
2907 4051 3039 4105 Θεὸν
3062 4054 3153 4106 τὸν
3187 4054 3339 4121 Υίὸν,
3364 4055 3501 4110 Θεὸν

1914 4137 1974 4189 τὸ
2006 4137 2231 4209 Πνεῦμα
2257 4138 2317 4190 τὸ
2344 4139 2519 4207 ἅγιον,
2554 4142 2612 4194 έν
2663 4144 2813 4213 τρισὶ
2868 4144 3105 4209 τελείαις
3164 4146 3501 4202 ὑποστάσεσι

1915 4229 2012 4282 ἕνα
2042 4230 2177 4285 Θεὸν
2218 4233 2553 4300 παντέλειον,
2577 4234 2635 4287 ὲν
2666 4237 2763 4305 μιᾷ
2795 4236 2954 4307 οὐσίᾳ
2986 4240 3082 4290 καὶ
3112 4238 3327 4311 θεότητι
3349 4241 3498 4306 τρεῖς

1914 4321 2245 4389 ὑποστάσεις
2274 4325 2594 4397 ὑφεστώσας
2628 4328 2991 4393 καθ’ὲαυτάς,
3037 4331 3116 4394 είς
3148 4330 3216 4395 ἃς
3264 4335 3357 4385 καὶ
3408 4332 3501 4403 βεεν

1912 4417 2218 4487 ϐάπτισμαι
2241 4418 2337 4473 καὶ
2402 4421 2764 4490 τετελείωμαι
2811 4421 2907 4476 καὶ
2940 4428 3331 4492 πνευματικῶς
3364 4428 3500 4481 ava-

224 4520 352 4565 νους
378 4498 733 4572 προϐιϐάζειν
762 4498 855 4553 καὶ
884 4496 1313 4570 πρεσϐυτέρους,
1346 4496 1502 4551 ετιδὲ
1528 4498 1623 4551 καὶ
1648 4498 1813 4569 ἡγοῦ·
1845 4494 1889 4549 ο
1916 4508 2275 4578 γεγιννημαι,
2347 4510 2440 4562 τδν
2500 4511 2558 4563 δὲ
2630 4512 2761 4564 Υιδν
2803 4511 2901 4565 τοῦ
2937 4510 3073 4565 θεοῦ
3103 4514 3195 4566 τὸν
3249 4515 3495 4583 προαιώ.

229 4594 426 4665 μένους
458 4590 874 4660 ἐγκαθιστάναι,
906 4588 1002 4643 καὶ
1044 4588 1235 4650 ἀπλῶς
1263 4587 1372 4643 τῶν
1403 4588 1622 4659 ἐκείνης
1671 4592 1809 4644 πάν-

222 4703 336 4739 των
372 4683 612 4753 μεθέξει,
655 4683 756 4737 ὃσα
805 4698 870 4749 γε
921 4681 1018 4734 καὶ
1066 4680 1293 4751 γνήσιος
1323 4679 1641 4751 ἀρχιερεὺς.
1676 4680 1806 4735 ἀνευ

227 4777 417 4847 μέντοι
468 4776 565 4844 τῆς
626 4773 721 4826 τοῦ
786 4770 933 4837 ίεροῦ
994 4771 1288 4842 συνθρόνου
1346 4771 1803 4842 ὲγκαθιδρύσεως.

225 4868 395 4921 Ὅθεν
434 4866 745 4935 ὀφείλουσιν
778 4864 835 4916 οἵ
884 4880 945 4916 τε
996 4863 1251 4934 κληρικοὶ
1313 4865 1415 4932 τῆς
1468 4863 1805 4934 δηλωθείσης

226 4960 540 5029 ἁγιωτάτης
573 4956 900 5027 Ἐκκλησίας
920 4958 1026 5010 τῶν
1050 4955 1498 5025 Λακεδαιμονίων
1523 4957 1618 5012 καὶ
1633 4958 1683 5009 οῖ
1702 4959 1806 5011 ὐπὸ

223 5053 324 5123 την
352 5052 568 5121 ὲνορίαν
594 5048 797 5118 ταύτης
825 5046 1106 5113 τελοῦντες
1140 5050 1237 5103 καὶ
1274 5053 1657 5118 πνευματικὴν
1690 5049 1807 5103 ἀπι-

224 5145 486 5216 κράτειαν
514 5146 827 5216 ίερωμένοι,
870 5142 1198 5213 μονάζοντες
1230 5143 1327 5195 καὶ
1359 5142 1419 5195 τὸ
1452 5140 1640 5195 λοιπὸν
1671 5138 1805 5210 Χρι-

224 5241 511 5309 στὼνυμον
535 5240 813 5307 πλήρωμα
843 5234 1207 5300 ὐποδέξασθαι
1261 5235 1474 5297 τοῦτον,
1528 5234 1604 5296 ὡς
1636 5222 1807 5303 προσ-ἓ

162 5380 165 5381 ,
202 5334 373 5401 «ήκει,
400 5330 495 5383 καὶ
517 5329 606 5382 διά
643 5329 822 5397 πάσης
846 5327 1002 5394 ἀγειν
1026 5324 1211 5387 αἰδοῦς
1241 5324 1339 5376 καὶ
1385 5324 1577 5392 τιμῆς,
1623 5325 1717 5377 καί
1740 5341 1805 5392 γε

219 5421 325 5491 τὴν
364 5421 713 5490 καθήκουσαν
756 5418 1042 5485 ὑποταγὴν
1101 5415 1279 5484 τούτῳ
1335 5414 1431 5469 καὶ
1488 5417 1833 5469 εὐπείθειαν“

218 5512 521 5579 ἀπονέμειν
549 5550 565 5577 ,
589 5512 664 5575 ὡς
695 5511 944 5579 ἀρχιερεῖ
977 5506 1159 5563 αὐτῶν
1214 5508 1309 5559 καὶ
1343 5509 1512 5577 πατρὶ
1530 5509 1623 5562 καὶ
1652 5508 1799 5562 διδα-

219 5606 410 5674 σκάλῳ
426 5604 807 5676 πνευματικῷ,
842 5602 928 5670 ἐφ’
956 5596 1035 5665 οἷς
1060 5600 1126 5655 ἀν
1157 5601 1250 5654 ὐπ’
1276 5600 1442 5653 αὐτοῦ
1467 5603 1803 5657 νουθετοῖντο

216 5702 315 5754 καὶ
341 5697 713 5750 ἐπιτάττοιντο
773 5695 911 5764 πρὸς
969 5692 1246 5762 σωτηρίαν
1297 5692 1634 5747 συντείνουσι
1689 5696 1798 5748 τῶν

213 5788 408 5859 ψυχῶν
435 5788 636 5844 αὐτῶν.
675 5787 802 5841 Ἐπὶ
833 5786 1007 5855 τούτῳ
1037 5785 1143 5854 γάρ
1177 5783 1269 5837 καὶ
1300 5784 1333 5853 ἡ
1363 5783 1612 5853 παροῦσα
1642 5802 1799 5841 συνο-

1917 4616 2033 4654 νιον
2068 4600 2262 4666 Λόγον,
2303 4599 2393 4651 τὸν
2429 4600 2633 4669 Κύριον
2665 4601 2825 4671 ἡμῶν
2878 4600 3087 4671 Ἰησοῦν
3113 4603 3372 4671 Χριστὸν,
3404 4606 3497 4659 τὸν

1914 4691 2006 4749 διά
2022 4690 2304 4762 σπλάγχνα
2339 4691 2642 4761 οἰκτιρμῶν
2672 4691 2768 4745 καὶ
2802 4691 3237 4763 φιλανθρωπίαν·
3254 4696 3497 4768 ἀμετρον

1919 4785 2013 4837 καὶ
2038 4784 2361 4839 ἀνείκαστον
2388 4785 2608 4856 εὐδοκία
2636 4787 2855 4861 ματρὸς
2879 4787 3051 4841 ἀϊδίου
3086 4793 3183 4845 καὶ
3229 4795 3498 4866 συνεργίᾳ

1917 4876 2015 4930 τοῦ
2046 4877 2316 4945 παναγίου
2365 4879 2683 4949 Πνεύματος
2734 4881 2829 4934 ἐπὶ
2865 4883 3113 4955 σωτηρίᾳ
3164 4887 3495 4944 κατελθόντα

1916 4962 2012 5017 τοῦ
2050 4964 2241 5033 γένους
2272 4965 2431 5037 ἡμῶν
2473 4971 2567 5021 καὶ
2596 4968 2776 5039 σάρκα
2806 4970 3040 5026 λαόόντα
3094 4974 3219 5044 δίχα
3249 4976 3492 5047 θελήμασ

1915 5073 2006 5120 τος
2032 5056 2221 5127 ἀνδρὸς
2243 5059 2337 5111 καὶ
2369 5060 2578 5128 σπορᾶς
2606 5060 2669 5113 ἐκ
2697 5060 2807 5115 τῶν
2834 5064 3130 5133 πανάγνων
3176 5068 3271 5125 καὶ
3310 5069 3489 5137 ἀγίων

1919 5148 2169 5217 αἱμάτων
2198 5152 2297 5218 τῆς
2344 5150 2687 5222 παναμώμου
2718 5153 2968 5209 θεοτόκου
3000 5158 3095 5211 καὶ
3123 5159 3488 5230 ἀειπαρθένου

1920 5240 2160 5307 Μαρίας,
2214 5243 2311 5293 καὶ
2360 5242 2583 5295 διπλοῦν
2615 5245 2681 5299 ἐκ
2712 5247 2947 5316 γαστρὸς
3001 5250 3169 5319 αὐτῆς
3238 5254 3489 5323 ὁμολογῶ

1920 5331 2232 5399 προελθεῖν,
2284 5331 2422 5385 Θεὸν
2482 5334 2620 5403 ὁμοῦ
2655 5352 2713 5387 τε
2762 5336 2857 5389 καὶ
2911 5337 3221 5409 ἄνθρωπον,
3282 5344 3491 5400 τέλειον

1916 5420 2036 5474 ὅλον
2095 5422 2335 5492 θεότητι,
2394 5424 2455 5477 οὐ
2506 5425 2615 5497 γάρ
2655 5427 2868 5498 ἐτράπη
2919 5430 3069 5484 τοῦθ’
3089 5434 3225 5505 ὅπερ
3260 5436 3357 5490 καὶ
3396 5432 3489 5510 ἦν,

1914 5515 2118 5565 τέλειον
2168 5515 2257 5567 τὸν
2310 5516 2473 5568 αὐτὸν
2519 5518 2937 5589 ἀνθρωπότητν
2997 5524 3055 5576 οὐ
3116 5526 3224 5596 γάρ
3272 5528 3486 5603 ἐτράπη

1914 5603 2061 5657 τοῦθ’
2086 5604 2224 5671 ὅπερ
2254 5606 2643 5678 προσείληφεν,
2692 5614 2783 5664 τὸν
2809 5613 2974 5666 αὐτὸν
3010 5615 3105 5670 ἕνα
3153 5622 3217 5689 τῇ
3244 5620 3484 5679 ὐποστά-

1913 5711 1996 5747 σει
2056 5694 2113 5746 ἐν
2174 5694 2268 5747 δύο
2296 5695 2511 5764 φύσεσι,
2596 5702 3001 5773 γνωριζόμενον
3056 5707 3367 5778 ἐνεργείαις
3423 5732 3484 5769 τε

1910 5783 2007 5839 καὶ
2060 5784 2363 5854 θελήσεσινν,
2429 5788 2487 5842 ἐν
2530 5781 2620 5853 αἷς
2678 5789 2869 5861 ἔδρασε
2924 5796 3275 5869 καταλλήλως
3330 5801 3398 5854 τά
3423 5817 3483 5853 τε
