4016 6204
230 316 370 387 1109

1296 307 1693 388 ἑΥΝΟῡιρΑζ
1728 319 2411 386 CONSTITUTIONES.

3329 322 3468 388 1110

215 438 326 493 δων
347 436 443 491 τοῦ
463 437 709 492 τοιούτου
748 437 1047 511 Πατρικίου
1075 440 1460 497 ἀποθανόντων
1502 445 1537 512 ή
1576 444 1783 497 τούτων
1817 442 1866 500 Α
1890 443 2215 511 ταλέγηται,
2251 442 2410 505 0610;
2447 442 2527 505 δὲ,
2559 438 2748 508 ὥσπερ
2782 439 3194 510 ἐπιλαθόμενος,
3228 441 3465 495 δέδωκεν

221 531 449 601 μάμμη,
492 531 526 600 ἠ
559 531 656 583 τοῦ
688 533 1069 604 Κουρουλάκη·
1092 535 1253 606 γυνὴ,
1280 536 1404 590 ὅθεν
1435 538 1530 590 καὶ
1579 536 1795 604 ἀπεφὴ.

219 638 371 684 νατο,
393 623 470 685 ὼς
494 621 615 675 ἐπεὶ
634 623 702 692 τῆ
748 622 841 674 τοῦ
879 623 1238 694 Κουρουλάκη
1270 625 1469 694 ὲγγόνῃ
1488 626 1554 694 τῇ
1587 624 1650 675 ὲκ
1700 621 1793 675 106

224 713 448 783 πρώτου
481 713 675 783 ἀνδρὸς
702 717 806 785 τῇς
856 714 1127 783 θυγατρὸς
1181 716 1347 769 06106
1391 716 1597 785 ἔφθασε
1634 716 1793 784 δοθῆ-

221 822 312 859 ναι
342 806 376 875 ή
422 805 706 875 ἀνήκουσα
757 807 918 876 μερὶς
953 805 1277 872 ἀνελλιπῶς,
1335 808 1537 877 μᾶλλον
1598 807 1655 860 δὲ
1698 809 1794 860 καὶ

225 894 366 966 μετά
398 894 741 964 πλεονασμοῦ
794 912 938 958 τινος
988 896 1095 949 ἀπὸ
1142 896 1250 949 τῶν
1301 898 1573 968 μητρῴων
1623 896 1793 964 αὐτῆς

222 987 598 1059 πραγμάτων,
659 988 729 1039 τά
758 988 1229 1057 ὲναπολειφθέντα
1292 990 1399 1043 ἀπδ
1429 991 1541 1042 τῶν
1607 990 1794 1043 αὐτῶν

222 1079 568 1149 πραγμάτων
601 1080 699 1146 τῆς
725 1077 1004 1148 θυγατρὸς
1029 1080 1123 1133 106
1145 1081 1504 1151 Κουρουλάκη
1524 1081 1795 1151 11011691-

223 1170 468 1239 σκόμενα
491 1168 643 1237 παρά
692 1167 965 1237 τῷιμέρει
1021 1168 1186 1221 06106
1226 1168 1497 1239 ἑνωθῆναι
1526 1169 1621 1221 καὶ
1656 1186 1796 1238 συμ-

222 1260 546 1328 ποσωθῆναι
587 1257 728 1326 μετά
758 1257 859 1326 τῆς
888 1258 1193 1329 ποσότητος
1225 1260 1335 1313 τῶν
1367 1259 1531 1313 πέντε
1567 1258 1791 1327 λιτρῶν,

222 1354 283 1407 αἱ
318 1352 395 1421 τῷ
422 1349 699 1419 Πατρικίῳ
749 1348 1044 1417 ἐδόθησαν,
1086 1350 1161 1413 ὡς
1199 1352 1440 1420 είρηται,
1502 1345 1623 1404 εἶτα
1654 1348 1796 1404 διαί-

227 1461 380 1515 ρεσιν
414 1440 669 1511 γενέσθαι
709 1438 817 1491 τῶν
842 1438 1109 1493 τοιούτων
1147 1441 1493 1511 πραγμάτων
1528 1442 1607 1499 είς
1643 1442 1796 1511 μερί-

220 1536 321 1599 δας
350 1538 497 1604 τρεῖς
533 1536 629 1589 καὶ
659 1534 801 1588 κατά
840 1536 940 1604 τήν
978 1532 1244 1602 διαταγὴν
1297 1535 1398 1602 τῆς
1439 1533 1662 1602 Νεαρᾶς
1699 1531 1797 1601 τὴν

223 1627 328 1697 μὲν
362 1628 492 1696 μίαν
525 1629 723 1697 μερίδα
777 1626 1090 1697 περιελθεῖν
1124 1625 1200 1695 τῷ
1237 1626 1396 1695 μέρει
1460 1624 1557 1679 τοῦ
1596 1626 1798 1693 Πατρι-

220 1719 346 1771 κίου
400 1717 473 1780 ὡς
497 1717 607 1771 ἀπὸ
648 1718 747 1785 τῆς
814 1716 1191 1787 κληρονομίας
1246 1716 1355 1769 τῶν
1415 1716 1620 1769 παίδων
1646 1713 1797 1784 αὐτῷ

1898 536 1979 599 είς
2009 538 2211 604 προῖκα
2240 537 2397 589 τοῦτο
2430 534 2553 587 κατ’
2583 531 2835 598 ἐξουσίαν
2860 537 2925 603 τῇ
2959 534 3159 605 ἑγγόνη
3201 534 3367 587 06106
3392 538 3457 603 τῇ

1899 628 2131 699 θυγατρὶ⁸
2170 631 2270 697 τῆς
2311 626 2609 697 είρημένης
2657 626 3144 696 Φιλανθρωπηνῆς.
3195 626 3318 679 ὅθεν
3368 629 3462 679 καὶ

1896 719 2042 772 ἔστιν
2075 718 2136 783 ἐξ
2169 719 2377 772 ἐκείνου
2409 720 2500 771 100
2536 718 2740 786 τρόπον
2774 716 2964 770 τοῦτον
3014 718 3462 787 ἀποστερουμένη

1895 812 1992 864 τοῦ
2042 809 2338 879 προικόθεν
2390 809 2691 877 ἀνήκοντος
2751 810 2886 879 αὐτῇ
2945 808 3100 861 τοῦδε
3161 809 3465 877 κτήματος.

1898 900 2156 971 ῐιαροῦσα
2175 900 2230 953 δὲ
2259 898 2354 953 καὶ
2386 899 2420 968 ή
2463 899 2689 968 τοιαύτη
2716 898 3150 967 Φιλανθρωπηνὴ
3176 898 3463 964 ἀνέφερεν,
3558 922 3579 937 ~

1894 991 1970 1055 ὡς
1998 992 2256 1045 τέτακται
2293 991 2391 1059 μὲν
2425 990 2575 1059 παρά
2598 988 2693 1041 τοῦ
2730 989 2939 1059 πατρὸς
2971 990 3079 1041 πᾶν
3106 991 3167 1041 10
3201 988 3467 1059 ζευγηλα-
3536 976 3560 1037 ν.

1896 1086 2038 1136 τείον
2057 1082 2214 1136 τοῦτο
2248 1084 2327 1144 εἰς
2357 1082 2561 1150 προῖκα
2595 1080 2730 1149 πρὸς
2758 1081 2929 1149 αὐτὴν
2959 1079 3022 1149 δή
3056 1080 3154 1149 τήν
3187 1079 3463 1148 801.009!-

1896 1191 1994 1228 ναν
2021 1174 2263 1244 δοθῆναι,
2287 1174 2575 1242 μέλλοντος
2606 1171 2692 1224 011’
2722 1172 2858 1240 αὐτῇ
2882 1171 3134 1239 γαμϐρὸν
3162 1168 3468 1238 ἀγαγέσθαι

1895 1266 1990 1319 100
2015 1264 2110 1318 106
2142 1264 2449 1335 ὑπερτίμου
2497 1262 2630 1325 υίδν,
2662 1263 2791 1330 πρὶν
2834 1262 2890 1314 δὲ
2932 1263 3077 1329 ὅμως
3127 1260 3187 1313 10
3226 1260 3467 1313 10106100

1899 1357 2234 1411 000011100100
2284 1355 2629 1424 τελεσθῆναι,
2661 1354 2965 1422 ἀνετράπη,
3005 1352 3099 1405 καὶ
3144 1349 3471 1421 κατεγράφη

1901 1449 2064 1519 μόνον
2093 1447 2231 1517 πρὸς
2266 1446 2438 1515 αὐτὴν
2469 1447 2531 1498 10
2557 1446 2727 1515 ἥμισυ
2757 1444 2974 1506 τούτου,
3021 1444 3113 1495 καὶ
3143 1438 3210 1511 ἦν
3235 1444 3262 1494 ὁ
3291 1440 3473 1510 πατὴρ

1897 1540 1956 1605 ἐξ
1989 1540 2204 1594 ἐκείνου
2236 1538 2485 1607 κατέχων
2520 1536 2580 1589 10
2616 1536 2805 1605 ἕτερον
2827 1535 3001 1605 ἥμισυ
3052 1534 3145 1588 καὶ
3170 1532 3470 1603 νεμόμενος

1900 1630 2038 1702 μετὰ
2090 1629 2185 1682 τοῦ
2238 1631 2297 1682 00
2330 1628 2480 1697 αύτῷ
2512 1627 2808 1695 ἀμπελίου,
2865 1626 3296 1696 προικοδοτήσας
3331 1624 3472 1691 μετά

1896 1721 2069 1775 ταῦτα
2097 1718 2193 1773 καὶ
2215 1719 2318 1788 γῆν
2348 1718 2639 1787 ζευγαρίου
2678 1717 2795 1778 000;
2840 1717 2903 1768 ὲκ
2929 1714 3023 1767 106
3057 1714 3301 1767 τοιούτου
3346 1714 3475 1781 ἠμί-

220 1810 558 1878 ἀνήκουσαν,
607 1808 751 1862 ὥστε
777 1808 886 1862 ἀπὸ
950 1811 1053 1877 τῆς
1087 1806 1347 1876 τοιαύτης
1420 1807 1641 1877 μερίδος
1700 1808 1793 1860 καὶ
1827 1817 1870 1873 Β
1900 1829 2037 1876 σεως
2066 1810 2144 1881 τῷ
2173 1811 2275 1882 υιῷ
2325 1810 2515 1873 αὐτοῦ,
2563 1809 2639 1878 τῷ
2689 1806 2846 1876 ἀνδρὶ
2879 1805 3122 1875 δηλονότι
3160 1808 3258 1874 τῆς
3306 1803 3473 1871 αὐτῆς

218 1900 332 1954 τῶν
360 1900 566 1969 ἑτέρων
624 1900 771 1953 ίδίων
808 1898 977 1954 αὐτοῦ
1020 1898 1366 1970 πραγμάτων
1401 1898 1497 1951 καὶ
1538 1897 1640 1968 τὴν
1675 1898 1797 1951 ίκά-

219 2002 388 2038 νωσιν
417 1985 512 2039 τοῦ
552 1986 817 2040 ὑποϐόλου
854 1986 1112 2055 γενέσθαι
1142 1986 1219 2056 τῷ
1254 1988 1411 2056 μέρει
1472 1988 1569 2055 τῆς
1603 2005 1796 2053 γυναι-

220 2079 319 2140 κὸς
340 2077 530 2143 06106,
556 2078 654 2147 τῆς
678 2077 947 2147 θυγατρὸς
974 2078 1221 2149 δηλονότι
1250 2077 1345 2131 106
1376 2079 1793 2147 Μοσχοπούλου,

220 2172 336 2225 ἀπὸ
356 2171 414 2223 δὲ
433 2172 538 2222 τῶν
563 2170 764 2240 ἑτέρων
786 2170 880 2224 δύο
905 2170 1141 2239 μερίδων
1163 2172 1262 2239 900
1290 2172 1390 2239 τὴν
1421 2171 1549 2235 μίαν
1570 2172 1793 2241 περιελ-

223 2264 343 2319 θεῖν
384 2262 463 2333 τῷ
484 2264 641 2333 μέρει
668 2263 765 2333 τῆς
793 2262 1138 2333 ἐπιζησάσης
1183 2263 1421 2335 μάμμης
1449 2265 1560 2317 τῶν
1591 2265 1797 2317 παίδων

224 2355 318 2410 τοῦ
352 2356 671 2425 Πατρικίου,
707 2358 803 2425 τὴν
832 2355 891 2407 δὲ
926 2356 1122 2426 ἑτέραν
1183 2358 1377 2428 τρίτην
1444 2358 1642 2427 μερίδα
1683 2358 1800 2409 δια-

229 2449 540 2518 νεμηθῆναι
576 2449 716 2517 ὑπὲρ
748 2449 857 2502 τῶν
888 2449 1076 2518 ψυχῶν
1106 2448 1213 2502 τῶν
1248 2450 1559 2518 εἰρημένων
1591 2449 1800 2501 παίδων

229 2543 328 2597 106
356 2544 652 2611 Πατρικίου
678 2541 893 2610 καὶτῆς
926 2541 1135 2610 μητρὸς
1165 2540 1369 2604 αὐτῶν,
1388 2539 1642 2607 γενέσθαι
1673 2538 1799 2604 μέν·

224 2653 315 2688 τοι
342 2636 441 2703 τὴν
460 2634 784 2702 διανέμησιν
823 2633 975 2702 παρὰ
1000 2634 1099 2701 τῆς
1156 2635 1298 2685 κατὰ
1330 2631 1427 2700 τὴν
1456 2630 1628 2699 αὐτὴν
1682 2628 1799 2682 θεό-

226 2742 439 2779 σωστον
470 2725 625 2777 πόλιν
662 2724 1067 2793 Θεσσαλονίκης
1097 2723 1409 2791 ἁγιωτάτης
1447 2721 1797 2785 Ἐκκλησίας,

222 2816 432 2887 είδήσει
456 2817 550 2868 καὶ
578 2817 903 2884 ἀμφοτέρων
919 2814 1029 2868 τῶν
1059 2814 1263 2883 μερῶν.
1306 2814 1361 2867 Ἐ
1375 2814 1459 2866 1:01
1489 2814 1547 2865 δι
1573 2814 1631 2866 10
1650 2813 1796 2866 0610

228 2908 400 2979 9090;
439 2909 534 2961 106
567 2908 931 2979 Κουρουλάκη
960 2906 1059 2961 καὶ
1087 2908 1217 2974 περὶ
1264 2904 1656 2975 ζευγηλατείου
1708 2904 1795 2957 λό-

221 3018 327 3068 γον
387 3000 673 3073 ἐκίνησεν,
709 2999 784 3063 ὡς
819 2998 1067 3067 ὲξωνήθη
1098 2997 1261 3051 τοῦτο
1292 2997 1441 3067 παρὰ
1473 2996 1566 3051 106
1591 2998 1797 3065 ιἸατρι⁹

222 3091 348 3147 κίου
385 3092 450 3143 ὲκ
477 3090 587 3143 τῶν
633 3089 925 3160 119011119100
952 3086 1053 3157 τῆς
1108 3088 1368 3156 γυναικὸς
1425 3089 1799 3157 ὑπερπύρων,

222 3179 579 3247 διέγνωσται,
616 3179 704 3231 ἵνα
731 3177 828 3231 καὶ
854 3178 1097 3232 τοιοῦτον
1129 3177 1539 3247 ζευγηλατεῖον,
1592 3178 1640 3229 εί
1670 3180 1800 3247 ὁμο-

223 3272 577 3340 λογουμένως
606 3270 713 3324 ἀπὸ
742 3269 852 3322 τῶν
880 3269 1139 3325 τοιούτων
1168 3270 1499 3342 ύπερπύρων
1517 3269 1618 3334 τῆς
1641 3285 1801 3336 11901-

219 3366 325 3428 κὸς
360 3363 635 3434 ὲξωνήθη,
666 3364 829 3435 εἴπερ
865 3362 1115 3433 βούλεται
1170 3362 1426 3417 ἐντεῦθεν
1456 3361 1713 3428 δέξασθαι
1744 3363 1805 3415 10

228 3460 404 3531 μέρος
459 3458 556 3513 106
608 3459 976 3530 Κουρουλάκη
1020 3459 1082 3512 10
1121 3458 1369 3513 10106100
1418 3456 1803 3527 ζευγηλατεῖον

223 3556 313 3617 είς
346 3552 448 3623 τὴν
480 3553 790 3623 ἀνήκουσαν
820 3551 969 3623 αύτῷ
998 3552 1218 3623 μερίδα,
1241 3553 1469 3621 γένηται
1493 3552 1553 3603 ὲν
1615 3566 1807 3619 προτι-

234 3646 405 3715 μήσει
430 3645 525 3697 καὶ
551 3643 772 3713 δέξηται
795 3644 975 3709 τοῦτο,
1003 3646 1083 3708 είς
1108 3644 1240 3714 ὃσην
1263 3643 1329 3698 ἂν
1370 3644 1643 3712 ποσότητα
1680 3642 1809 3694 ἁναρ

230 3738 438 3806 φανείη
475 3736 767 3805 ὲξωνηθὶν,
793 3738 844 3790 εί
868 3736 914 3790 δ’
943 3737 1073 3800 ίσως
1094 3736 1381 3800 πλεονάζοι
1434 3737 1530 3789 καὶ
1555 3735 1615 3788 10
1642 3734 1807 3804 τίμη-

231 3851 319 3903 μα
357 3832 454 3885 106
483 3830 726 3885 10106100
758 3833 1151 3903 ζευγηλατείου
1200 3832 1444 3897 πλείονος
1478 3832 1810 3905 εὑρισκόμε-

228 3945 327 3979 νον
355 3926 657 3994 ποσότητος
697 3926 851 3995 παρά
879 3928 981 3996 τήν
1015 3925 1328 3995 ἀνήκουσαν
1378 3925 1457 3996 τῷ
1506 3926 1667 3996 μέρει
1708 3922 1805 3976 τοῦ

223 4019 596 4087 Κουρουλάκη
629 4018 843 4087 μερίδα,
872 4018 1263 4087 άντιστραφείη
1296 4017 1450 4087 παρά
1482 4017 1579 4070 106
1642 4015 1808 4070 06106

230 4108 441 4177 μέρους
464 4108 559 4161 106
588 4108 945 4180 Κουρουλάκη
970 4110 1004 4179 ή
1028 4108 1394 4173 πλεονάζουσα
1419 4087 1813 4178 01101065191;-

240 4218 421 4269 ματος
454 4202 710 4270 ποσότης.
755 4202 878 4255 Ἐπὶ
904 4204 1080 4270 τούτῳ
1116 4200 1223 4271 γάρ
1249 4201 1348 4254 1101
1376 4202 1436 4253 10
1453 4202 1631 4269 παρὸν
1653 4217 1809 4253 συνο-

232 4292 391 4345 δικδν
437 4292 676 4362 γράμμα
722 4293 823 4361 τῆς
872 4293 1029 4363 ἡμῶν
1086 4292 1437 4361 μετριότητος
1486 4291 1565 4362 τῷ
1634 4292 1818 4363 διαλη-

236 4382 439 4450 φθέντι
474 4383 635 4453 μέρει
664 4382 756 4436 τοῦ
782 4381 1138 4452 Κουρουλάκη
1171 4383 1251 4445 είς
1309 4380 1612 4451 ἀσφάλειαν
1641 4382 1820 4435 ἐπιδέ-

239 4473 419 4528 δοται.

315 4563 355 4633 ῒ
387 4560 533 4633 Εῐχε
568 4565 673 4636 τόδ·
707 4564 866 4632 Μηνὶ
896 4566 1223 4637 Δεκεμϐρίῳ
1252 4564 1370 4620 ινδ.
1400 4564 1496 4620 ιδ’.

317 4749 414 4801 111.
454 4747 494 4817 -Ξ-
539 4747 891 4815 Ἐφίστανται
930 4745 1010 4817 τῷ
1038 4744 1161 4799 καθ’
1199 4746 1350 4815 ἡμᾶς
1378 4744 1510 4816 ίερῷ
1551 4745 1818 4815 συνοδικῷ

238 4838 591 4911 δικαστηρίῳ
627 4838 663 4908 ἦ
705 4854 765 4890 τε
787 4836 1047 4891 δούκαινα
1070 4837 1214 4906 κυρά
1246 4834 1503 4906 Θεοδὼρα
1531 4838 1565 4907 ή
1606 4838 1817 4892 Βαλσα-

247 4932 384 4998 μίνα
413 4929 511 4983 καὶ
550 4931 583 5001 ή
618 4928 805 5000 νύμφη
854 4929 1060 4998 ταύτης
1100 4930 1245 4999 κυρά
1294 4930 1527 4983 Εύδοκία
1558 4932 1588 4998 ή
1624 4932 1820 4985 Φιλανο

242 5018 540 5089 θρωπηνὴ,
574 5023 668 5073 καὶ
694 5020 966 5089 ᾐτήσαντο
991 5020 1397 5091 ἀντικριθῆναι,
1434 5020 1561 5091 περὶ
1583 5015 1651 5092 ἦς
1676 5018 1821 5090 εἶχον

235 5110 531 5175 διενέξεως
571 5110 667 5162 ἐπί
707 5126 816 5162 τινι
863 5108 1263 5179 ζευγηλατείῳ,
1307 5110 1695 5181 Χαλκοτουϐίῳ
1724 5130 1818 5165 κα-

231 5201 498 5269 λουμένῳ
520 5216 537 5230 ⁶
568 5200 662 5253 καὶ
689 5199 925 5269 πρώτως
952 5200 1053 5268 μὲν
1084 5201 1389 5269 ἀνήνεγκεν
1422 5203 1454 5271 ή
1480 5201 1822 5270 Βαλσαμίνα,

226 5293 320 5351 ὡς
346 5294 374 5344 ὀ
400 5292 585 5362 πατήρ
616 5292 788 5360 αὐτῆς
822 5293 1029 5355 ἐκεῖνος
1056 5296 1084 5347 ὁ
1123 5291 1392 5361 Ἀγγελος
1436 5294 1826 5362 κατεγράψατο

225 5386 327 5442 είς
374 5386 582 5451 προῖκα
636 5386 733 5437 σὺν
784 5384 967 5449 ἀλλοις
1017 5386 1310 5456 πράγμασι
1346 5386 1533 5439 καὶτὸ
1582 5387 1823 5439 10106100

224 5472 644 5543 ζευγηλατείον
676 5476 841 5546 αὐτῇ,
876 5472 995 5529 εἶτα
1030 5479 1469 5545 καταντήσαντος
1498 5476 1592 5529 τοῦ
1621 5476 1829 5545 πατρὸς

224 5564 425 5632 αὐτῆς
482 5566 561 5627 εἰς
622 5566 918 5636 στενότητα
960 5568 1221 5638 βιωτικῆς
1263 5567 1638 5636 κοϐερνήσεως
1686 5567 1831 5635 λόγῳ

228 5655 561 5724 παρέσχεν,
609 5656 682 5717 ὡς
728 5657 793 5727 δὴ
828 5660 993 5729 πατρὶ
1044 5661 1219 5729 τούτῳ
1252 5658 1513 5728 νέμεσθαι
1559 5659 1621 5711 10
1652 5659 1828 5728 ἥμισυ

224 5729 348 5803 τὸὖ
376 5746 625 5801 τοιούτου
654 5746 1067 5820 ζευγηλατείου,
1091 5752 1203 5805 ἐστ’
1228 5750 1295 5805 ἀν
1321 5751 1433 5812 τοῖς
1464 5748 1600 5814 ζῶσι
1625 5766 1831 5819 συγκα-⁵

264 5852 297 5871 ο

1825 3139 1871 3204 C

1901 1901 2388 1973 Φιλανθρωπηνῆς.
2442 1899 2577 1954 Μεθ’
2630 1897 2852 1960 ἱκανοὺς
2906 1896 3130 1965 χρόνους
3172 1896 3249 1957 είς
3310 1892 3476 1945 10610

1897 1999 2126 2067 γνώμης
2157 1993 2329 2048 ἐλθὼν
2377 1993 2456 2063 τῷ
2501 1990 2863 2059 01110070191
2908 1987 3146 2058 γαμϐρῷ
3198 1987 3369 2056 αὐτῆς
3398 1987 3477 2053 τῷ

1900 2088 2069 2157 Χειὶᾷ
2121 2084 2423 2155 συνέπραξε
2477 2083 2593 2154 μετ’
2641 2081 2807 2137 06106
2849 2081 2945 2134 καὶ
2992 2082 3080 2133 διὰ
3127 2079 3477 2148 γραμμάτων

1899 2179 2202 2248 ἐκύρωσεν,
2261 2176 2407 2246 ἔχειν
2479 2175 2579 2244 900
2612 2174 2805 2227 106100
2860 2170 2925 2242 δὴ
2959 2172 3050 2225 100
3082 2170 3335 2240 γαμϐρὸν
3379 2169 3478 2238 τὴν

1900 2274 2212 2338 ἀνήκουσαν
2241 2271 2320 2339 τῷ
2355 2270 2565 2337 πάππῳ
2605 2266 2803 2338 μερίδα
2838 2268 2931 2318 καὶ
2966 2264 3249 2331 δεσπόζειν
3283 2263 3474 2327 αὐτῆς,

1902 2364 2166 2433 παρέχειν
2196 2361 2253 2414 δὲ
2290 2360 2403 2412 ἀντ’
2439 2359 2653 2427 ἐκείνης
2703 2358 2879 2427 τούτῳ
2923 2356 2990 2408 τὰ
3026 2356 3161 2426 1:90;
3197 2356 3342 2425 ζωὴν
3382 2355 3479 2406 αὑο

1902 2456 1997 2509 τοῦ
2030 2456 2126 2507 καὶ
2159 2453 2418 2506 παντοίαν
2450 2452 2619 2521 ἄλλην
2652 2450 2984 2521 κυϐέρνησιν
3016 2450 3142 2519 ἄχρι
3165 2448 3352 2508 τέλους
3380 2446 3480 2514 τῆς

1902 2546 2069 2600 αὐτοῦ
2112 2545 2316 2616 βιοτῆς.
2366 2546 2475 2598 K01
2516 2543 2899 2612 ἐπεκράτησεν
2940 2543 2973 2606 ή
3009 2541 3230 2609 τοιαύτη
3280 2538 3479 2604 πρᾶξις

1902 2636 2226 2706 στερχθεῖσα
2252 2635 2414 2704 μέχρι
2445 2636 2541 2687 καὶ
2571 2633 2835 2700 τελευτῆς
2871 2633 2963 2684 106
2997 2631 3242 2684 τοιούτου
3286 2629 3481 2695 ’Λγγέο

1903 2728 2018 2782 λου.
2052 2729 2245 2798 ’Ὀμως
2269 2728 2363 2779 καὶ
2390 2726 2602 2793 μέλλων
2644 2726 2905 2793 τελευτᾷν
2933 2727 2960 2777 ὁ
2991 2722 3154 2785 αὐτὸς
3190 2720 3477 2787 Ἄγγελος,

1901 2819 2240 2890 ἠσφαλίσατο
2274 2818 2366 2871 καὶ
2396 2802 2750 2880 ὲνδιαθήκως.
2784 2819 2871 2870 ῐνα
2915 2815 3101 2887 μηδεὶς
3134 2814 3213 2884 τῷ
3241 2812 3476 2883 γαμϐρῷ

1902 2912 2038 2982 τῷδε
2092 2910 2321 2980 γένηταί
2370 2924 2501 2962 ποτε
2558 2907 2627 2961 δι’
2661 2908 2819 2978 ὄχλου
2869 2909 2960 2961 0111
3006 2910 3071 2978 τῇ
3122 2908 3323 2975 κατοχῇ
3376 2905 3475 2973 τῆς

1904 3004 2163 3071 τοιαύτης
2202 3001 2421 3072 μερίδος
2450 3000 2660 3053 ἐκείνου
2694 3001 2786 3054 καὶ
2820 3003 3126 3069 κυριότητι,
3163 2997 3262 3065 τὴν
3296 2998 3481 3066 μέντοι

1909 3096 2102 3165 ἑτέραν
2156 3092 2351 3162 μερίδα
2418 3091 2916 3162 προσεμαρτύρησε
2987 3091 3081 3144 καὶ
3143 3087 3482 3159 ἠσφαλίσατο

1902 3185 2233 3254 κατέχεσθαι
2284 3185 2381 3236 καὶ
2415 3179 2571 3245 αὖθις
2626 3183 2781 3250 παρά
2825 3182 2926 3249 τῆς
2967 3181 3268 3250 είρημένης
3314 3178 3482 3245 θυγα-

1905 3278 2033 3347 190;
2070 3276 2264 3339 αὐτοῦ,
2304 3276 2403 3345 τῆς
2455 3273 2809 3343 Βαλσαμίνης
2849 3271 3121 3343 δηλονότι.
3168 3269 3355 3321 Ταῦτα
3385 3268 3480 3320 060

1903 3367 2245 3435 ἀνενέγκασα
2288 3368 2322 3437 ή
2367 3366 2635 3436 είρημένη
2664 3362 3121 3434 Φιλανθρωπηνὴ,
3164 3360 3481 3427 ἐνεφάνισεν

1904 3461 1981 3524 είς
2018 3459 2365 3530 παράστασιν
2412 3458 2510 3510 καὶ
2557 3458 2620 3510 10
2647 3457 2784 3527 πρὸς
2815 3456 2907 3509 τδν
2931 3455 3103 3525 ἄνδρα
3147 3452 3351 3521 ταύτης
3384 3451 3477 3505 106

1905 3552 2114 3621 πατρὸς
2146 3550 2437 3620 σύμφωνον
2466 3549 2561 3601 καὶ
2594 3548 2697 3619 τὴν
2735 3548 2875 3617 μετά
2909 3546 3001 3600 τοῦ
3026 3544 3281 3615 γαμϐροῦ
3310 3543 3483 3609 αὐτῆς

1906 3644 2187 3712 ἔγγραφον
2217 3639 2540 3711 συμφωνίαν
2582 3640 2679 3692 καὶ
2709 3637 2808 3709 τὴν
2841 3637 3110 3707 διαθήκην
3143 3633 3374 3710 ἐκείνου.
3416 3632 3485 3684 ἰι

1912 3736 2095 3804 μέντοι
2121 3750 2184 3801 γε
2220 3732 2527 3801 δηλωθεῖσα
2562 3729 2889 3799 Βαλσαμίνα
2933 3724 3314 3795 ἀπαιτουμένη
3346 3739 3485 3792 προ-

1908 3831 2083 3883 τεῖναι
2117 3828 2214 3882 καὶ
2265 3827 2407 3896 αὐτή
2458 3827 2519 3879 10
2569 3825 2700 3878 {0100
2748 3825 3040 3894 σύμφωνον
3084 3821 3164 3885 είς
3198 3819 3483 3872 δικαίωσιν

1913 3922 2116 3989 ἑαυτῆς
2140 3920 2174 3988 ή
2209 3920 2581 3991 παραστῆσαι,
2619 3919 2668 3970 εί
2694 3916 2964 3987 ἐκράτησε
2997 3914 3090 3969 καὶ
3118 3911 3359 3981 ὲνεμήθη
3391 3909 3488 3962 1101

1911 4013 2011 4083 τὴν
2042 4012 2300 4082 ἡμίσειαν
2338 4010 2532 4081 μερίδα
2568 4007 2664 4061 106
2704 4004 3098 4075 ζευγηλατείου
3142 4002 3239 4072 τὴν
3271 4000 3376 4053 6110
3404 3999 3484 4068 τῷ

1917 4106 2087 4175 πατρὶ
2124 4102 2267 4172 μετὰ
2309 4103 2371 4155 τὸ
2414 4099 2907 4172 προικοδοτηθῆναι
2951 4095 3121 4166 αὐτὴν
3161 4093 3260 4163 τὴν
3290 4091 3488 4159 λοιπὴν

1918 4197 2199 4267 ⁴ήμίσειαν,
2228 4195 2400 4266 νομήν
2434 4194 2532 4264 μέν
2558 4209 2680 4245 τινα
2710 4192 2772 4245 ού
2796 4190 3136 4260 παρέστησε,
3166 4186 3399 4254 γράμμα
3428 4182 3488 4235 δὲ

1922 4290 2085 4358 μόνον
2115 4288 2431 4355 ἐνεφάνισεν
2463 4285 2536 4349 ὡς
2565 4285 2632 4356 δή
2670 4284 2979 4353 σύμφωνον,
3027 4280 3195 4350 φέρον
3230 4279 3331 4345 μὲν
3356 4292 3491 4346 προ-

1919 4380 2089 4448 ταγάς
2121 4380 2330 4434 ἀνωθεν
2358 4378 2753 4447 γεγραμμένας
2783 4373 2878 4427 τοῦ
2907 4391 2967 4425 τε
3006 4369 3210 4439 πατρὸς
3250 4368 3344 4421 καὶ
3374 4368 3490 4418 λοι-

1928 4469 2044 4523 πῶν
2071 4467 2411 4539 προσγενῶν,
2444 4464 2632 4534 ὥσπερ
2681 4462 2951 4523 είθισται,
2998 4457 3141 4526 πλὴν
3170 4454 3490 4523 ἀμάρτυρον

1924 4560 2169 4615 κάτωθεν
2205 4560 2299 4613 καὶ
2358 4557 2615 4611 ἀϐέϐαιον
2669 4554 2766 4608 καὶ
2804 4555 2941 4623 μήτε
2990 4548 3285 4619 ὑπογραφῇ
3342 4560 3491 4603 τινος

1925 4656 2114 4724 ἑτέρου
2147 4651 2529 4719 πιστούμενον,
2566 4648 2704 4718 μήτε
2732 4644 2897 4701 06106
2944 4643 3008 4713 δὴ
3036 4642 3129 4695 τοῦ
3176 4638 3493 4711 γράψαντος

1916 4745 2294 4805 ταϐελλίωνος.
2326 4743 2422 4797 καὶ
2448 4741 2616 4794 ταῦτα
2647 4740 2800 4801 ὄντος
2832 4737 2927 4791 καὶ
2952 4738 3140 4790 τούτου
3177 4735 3234 4785 ὲν
3265 4731 3483 4791 πολλοῖς

1922 4835 2395 4906 κατεγνωσμένου,
2437 4833 2513 4894 ὡς
2558 4832 2916 4899 πεπλασμένα
2955 4831 3051 4881 καὶ
3081 4824 3255 4895 ψευδῆ
3287 4826 3343 4876 ὲν
3377 4823 3491 4881 τοῖς

1935 4928 2067 4998 παρ’
2112 4925 2278 4981 06106
2317 4922 2739 4995 σημειουμένοις
2776 4920 3091 4990 συμφώνοις
3126 4916 3497 4985 ὲγγράφοντος

1926 5021 2021 5073 καὶ
2046 5020 2133 5073 διὰ
2164 5018 2321 5071 τοῦτο
2350 5017 2445 5070 καὶ
2473 5014 2674 5085 ἀργίαν
2721 5009 3210 5071 καταδικασθέντος
3256 5005 3353 5074 τῆς
3386 5021 3497 5057 τοι·

1926 5114 2094 5183 αύτης
2120 5090 2553 5180 ταϐουλλαρικῆς
2588 5105 2915 5175 ὑπουργίας.
2965 5103 3063 5155 Διά
3089 5101 3266 5153 ταῦτα
3296 5097 3495 5166 δὴκαὶ

1923 5206 2119 5273 διέγνω
2167 5205 2201 5273 ή
2239 5200 2529 5273 μετριότης
2582 5198 2741 5269 ἡμῶν
2788 5196 2928 5265 μετά
2981 5196 3091 5247 τῶν
3139 5195 3266 5261 περὶ
3320 5188 3490 5259 αὐτὴν

1928 5296 2237 5366 ίερωτάτων
2258 5293 2586 5363 ἀρχιερέων,
2608 5288 2702 5344 106
2740 5287 3086 5359 Ἡρακλείας,
3106 5285 3199 5339 106
3223 5283 3495 5353 Σάρδεων,

1927 5387 2023 5441 τοῦ
2055 5386 2443 5455 Νικομηδείας,
2472 5383 2565 5435 τοῦ
2593 5381 2848 5446 Νικκίας,
2884 5380 2978 5432 106
3009 5376 3372 5447 Χαλκηδόνος,
3396 5376 3494 5428 τοῦ

1929 5478 2353 5546 Θεσσαλονίκης,
2380 5474 2472 5528 τοῦ
2519 5473 2902 5542 Μονεμϐασίας
2933 5471 3026 5525 106
3062 5470 3337 5541 Προύσης.
3393 5466 3491 5519 τοῦ

1932 5572 2249 5640 Περγάμου,
2282 5567 2375 5621 τοῦ
2428 5565 2671 5636 Σεῤῥῶν,
2723 5564 2815 5616 τοῦ
2868 5564 3349 5634 Χριστουπόλεως,
3400 5558 3496 5611 106

1930 5660 2261 5729 Δυρραχίου,
2294 5656 2387 5710 τοῦ
2439 5654 2776 5723 Μιτυλήνης,
2804 5653 2897 5707 τοῦ
2934 5654 3158 5724 Βιςύης,
3208 5652 3301 5705 τοῦ
3348 5650 3499 5715 Κίου,

1928 5750 2023 5804 106
2055 5748 2348 5819 Γαρέλλης,
2398 5747 2489 5800 καὶ
2533 5744 2626 5799 τοῦ
2663 5743 2932 5815 Μηδείας,
2986 5745 3235 5815 κατέχειν
3268 5744 3366 5813 μὲν
3401 5745 3495 5795 καὶ
