4022 6204
564 326 701 394 1123
1511 325 1841 388 JOANNIS
1876 328 2116 388 GLYCI!

2215 328 2290 387 ΞΡ.
2329 328 2555 386 ΡΛἸἪΙ
2573 328 2838 387 ᾹΗΟΗΒ
3624 326 3731 395 11ῗέ

560 445 814 508 Νικαίας,
872 443 967 497 τοῦ
1023 442 1392 512 Χαλκηδόνος,
1437 444 1536 498 τοῦ
1588 444 2004 514 Μονεμϐασίας,
2036 444 2129 497 τοῦ
2163 458 2203 508 Α
2235 444 2496 514 ὠμότητα
2534 445 2889 516 ἐγκληθῆναι,
2922 445 3055 513 παρ’
3100 446 3229 516 ἡμῖν
3263 445 3317 497 δὲ
3346 444 3513 507 καλῶς
3540 446 3598 499 ἀν
3624 448 3733 516 ἔχοι.

563 536 1055 607 Ποντοηρακλείας,
1096 536 1186 589 τοῦ
1225 537 1499 607 Προύσης,
1547 536 1643 590 τοῦ
1683 537 2000 605 Περγάμου,
2033 536 2125 590 τοῦ
2229 536 2322 589 16v
2363 537 2787 609 ἐπανῃρημένον
2816 536 2979 589 αὑτὸν
3012 538 3146 607 ἡμῖν
3191 536 3287 590 106
3327 537 3634 606 Εὑαγγελίου
3656 539 3735 603 ζυ-

561 630 790 697 Μύρων,
846 629 941 681 τοῦ
998 628 1469 694 Χριστουπόλεως,
1518 627 1613 681 τοῦ
1659 629 1991 697 Μιτυλήνης.
2033 628 2127 681 τοῦ
2229 627 2326 694 γδν
2355 628 2448 679 καὶ
2478 629 2556 697 τῷ
2588 628 2805 698 ἀρότρῳ
2834 626 2927 681 τοῦ
2958 627 3103 680 θείου
3135 627 3293 695 λόγου
3320 630 3417 690 τάς
3444 627 3544 679 τῶν
3567 630 3736 683 πιστῶν

576 718 957 789 ’Δμάστριδος,
986 720 1080 770 τοῦ
1115 717 1333 787 Βιζύης,
1368 718 1460 770 τοῦ
1506 718 1802 788 Γαρέλλης,
1830 718 1923 770 τοῦ
1973 714 2126 786 Νυμ-

562 813 723 880 φαίου
753 811 847 864 καὶ
880 810 972 864 τοῦ
1002 811 1265 880 Μηδείας,
1293 810 1368 873 ὡς
1392 811 1457 865 ἂν
1483 810 1644 874 αὑτδς
1674 811 1773 880 μὲν
1798 811 2124 880 ἐπικουρίαν

560 904 770 956 ἐκεῖθεν
822 904 955 969 ἕξει,
985 896 1059 957 ὧν
1099 905 1245 957 ἐστιν
1283 903 1523 973 ἐπιδεὴς,
1571 905 1598 957 6
1646 904 1701 955 δὲ
1752 902 1873 955 κατ’
1907 903 2127 972 ἐκείνην

561 993 688 1056 λαὸς
709 995 810 1060 τῆς
845 996 996 1064 παρά
1027 994 1180 1048 τοῦδε
1225 993 1576 1057 διδασκαλίας
1616 995 1979 1048 ἐπαπολαύων
2010 996 2129 1046 ἐπι-

563 1084 810 1154 τυγχάνῃ
842 1086 936 1136 καὶ
960 1086 1059 1154 τῆς
1090 1086 1230 1139 κατά
1251 1085 1431 1155 ψυχὴν
1455 1085 1743 1153 ὠφελείας,
1774 1087 1871 1139 καὶ
1899 1086 2033 1154 πρὸς
2058 1086 2127 1139 τά

562 1176 798 1244 κρείττω
848 1178 1116 1247 ὁσημέραι
1156 1180 1444 1249 προκόπτῃ
1496 1182 1561 1248 τῇ
1597 1179 1691 1231 τοῦ
1749 1179 1884 1231 Θεοῦ
1922 1179 2121 1247 χάριτι.

560 1266 794 1331 Καοέξει
816 1268 994 1320 τοίνυν
1015 1272 1041 1321 ό
1066 1269 1223 1330 0616;
1249 1268 1538 1335 ἱερώτατος
1565 1270 1969 1339 μητροπολίτης
1987 1271 2127 1341 Δυρ-

560 1357 752 1427 ραχίου
790 1359 884 1409 καὶ
911 1358 1211 1427 ὑπέρτιμος
1241 1358 1339 1429 τὴν
1397 1359 1644 1427 τοιαύτην
1680 1358 1992 1429 άγιωτάτην
2030 1362 2125 1413 ἐκ-

555 1448 787 1517 κλησίαν
829 1449 1135 1517 Σηλυϐρίας
1164 1452 1258 1502 x01
1288 1451 1355 1502 τά
1380 1449 1473 1503 ὑπ’
1498 1450 1666 1519 αὑτὴν
1693 1452 1891 1515 πάντα,
1917 1451 2009 1505 x01
2035 1450 2126 1504 ἐπ’

552 1541 735 1602 ἀδείας
760 1540 871 1605 ἕξει
916 1541 1224 1610 ἱερουργεῖν
1251 1543 1310 1595 ἐν
1338 1542 1475 1611 αὑτῇ
1525 1542 1622 1595 καὶ
1671 1542 1954 1605 διακόνους
1988 1559 2125 1611 προ-

556 1629 802 1694 616017111;
835 1631 927 1683 καὶ
962 1631 1391 1701 πρεσϐυτέρους,
1428 1631 1507 1683 ἔτι
1548 1631 1605 1684 δὲ
1655 1633 1751 1685 καὶ
1784 1633 2124 1702 ἡγουμένους

554 1720 911 1791 ἐγκαθιστᾷν,
944 1722 1040 1775 καὶ
1088 1720 1277 1784 ἁπλῶς
1316 1721 1426 1774 τῶν
1460 1722 1676 1791 ἐκείνης
1708 1723 1925 1775 πάντων
1960 1723 2121 1792 μεθέ-

2228 719 2603 787 γεηπονοῦντα
2652 720 2880 789 καρδίας
2914 721 3005 773 καὶ
3037 723 3101 789 τῇ
3138 720 3258 789 θεία
3310 720 3471 773 ᾶλωνι
3499 720 3561 773 τά
3599 722 3737 776 πολλὰ

2228 811 2597 881 ἐνιδρὼσαντα
2634 812 2730 865 καὶ
2754 813 2955 874 ἱκανῶς
2970 812 3123 889 ιαὺτῇ
3152 811 3739 882 προσταλαιπωρήσαντα

2225 901 2369 954 οὑτω
2400 901 2463 971 δὴ
2501 902 2857 970 πεςριμῶσθαι
2895 901 2987 953 καὶ
3017 903 3082 971 τῇ
3113 901 3290 971 ἐνδείᾳ
3319 901 3424 953 τῶν
3467 904 3738 970 ἀναγκαίων

2226 992 2703 1057 καταπιέζεσθαις
2741 992 2806 1044 ἂν
2841 993 2887 1043 δ’
2922 990 3079 1054 0610;
3126 986 3192 1045 06
3244 994 3336 1044 καὶ
3383 992 3551 1061 χρόνῳ
3592 993 3739 1062 πολλῷ

2226 1086 2321 1137 καὶ
2351 1085 2497 1153 γήρᾳ
2530 1084 2625 1136 καὶ
2650 1084 2798 1152 πόνῳ
2841 1085 2935 1137 καὶ
2974 1083 3191 1146 πολλοῖς
3227 1088 3339 1146 τοῖς
3383 1084 3628 1148 κινδύνοις
3664 1086 3737 1153 ἐγ·

2228 1178 2571 1246 καρτερήσῃ,
2601 1176 2695 1228 καὶ
2718 1176 2876 1229 ταῦθ’
2905 1176 3042 1247 ὑπὲρ
3068 1171 3133 1246 ἧς
3158 1177 3304 1245 αὑτῷ
3329 1176 3549 1246 ποίμνης
3580 1179 3605 1228 ὁ
3632 1177 3739 1245 X91-

2227 1266 2352 1326 016;
2385 1268 2806 1329 κατεπίστευσε,
2851 1266 2960 1318 τῶν
2989 1266 3222 1320 εἰκότων
3253 1267 3319 1320 ἀν
3351 1267 3571 1331 γένοιτο,
3603 1266 3644 1316 εί
3679 1264 3739 1335 μὴ

2227 1358 2391 1410 παντὶ
2423 1358 2611 1427 τρόπῳ
2636 1358 2694 1411 16
2722 1358 2900 1419 ἐνδεὲς
2926 1358 3076 1428 αὐτῷ
3113 1359 3453 1429 θεραπεῦσαι
3484 1359 3739 1411 σπουδάσο-

2229 1464 2367 1515 μεν;
2401 1446 2599 1500 πολλοῦ
2649 1465 2711 1516 γε
2746 1451 2838 1501 καὶ
2869 1448 2969 1502 δεῖ.
3013 1448 3155 1501 Ἀλλ’
3189 1454 3240 1502 ει
3290 1451 3389 1518 μὲν
3420 1449 3582 1511 άλλως
3616 1465 3665 1500 τε
3689 1444 3742 1519 ἦν

2224 1540 2288 1591 ἐκ
2316 1537 2409 1591 τοῦ
2445 1539 2707 1608 εὐχεροῦς
2755 1540 2787 1611 ἧ
2824 1540 3123 1605 ἀκινδύνως
3155 1543 3188 1612 ἧ
3240 1543 3387 1602 ὅπως
3418 1541 3528 1593 ποτ’
3560 1542 3618 1593 ἀν
3642 1540 3743 1609 βου-

2226 1629 2415 1699 ληθείη
2463 1648 2547 1693 τις
2585 1631 2661 1700 τῷ
2710 1634 2806 1701 τῆς
2856 1632 3271 1704 ἀρχιερωσύνης
3312 1634 3582 1702 πράγματι
3628 1632 3741 1701 χρῆο

2229 1723 2375 1789 σθαι,
2411 1723 2516 1775 κᾶν
2546 1722 2691 1775 οὑτω
2745 1724 2891 1793 μάλα
2923 1724 3149 1788 δικαίως
3195 1726 3413 1789 ίκανοὺς
3453 1720 3587 1795 εἶχεν
3610 1726 3741 1776 ἁπαι-

555 1812 658 1877 821,
686 1814 786 1865 600
823 1830 883 1880 γε
918 1814 1012 1866 κα)⁸
1038 1813 1260 1883 γνήσιος
1295 1813 1609 1884 ἀρχιερεὺς,
1639 1816 1767 1868 ἀνευ
1814 1818 1999 1885 μέντοι
2024 1816 2123 1885 τῆς
2152 1827 2198 1887 Β
2229 1816 2337 1866 τείν
2374 1815 2500 1878 106;
2553 1815 2779 1884 μισθοὺς
2834 1818 2861 1868 6
2891 1818 3027 1887 πρὸς
3077 1816 3239 1870 τοῦτο
3274 1821 3481 1887 χωρεῖν
3527 1816 3739 1886 βιαζόμε-

554 1905 650 1959 τοῦ
703 1906 849 1975 ἱεροῦ
912 1906 1204 1976 συνθρόνου
1253 1908 1711 1976 ἐγκαθιδρύσεως.
1753 1908 1917 1961 Ὀθεν
1969 1907 2122 1976 ὀφεί-

555 1999 739 2050 λουσιν
774 1999 828 2050 οῖ
878 2016 937 2051 τε
969 1999 1221 2069 κληρικοὶ
1274 1999 1374 2068 τῆς
1424 1999 1759 2069 δηλωθείσης
1811 2002 2123 2069 ἁγιωτάτης

556 2092 855 2162 ἐκκλησίας
880 2092 974 2145 καὶ
1006 2092 1057 2144 οί
1098 2091 1201 2144 ὑπὸ
1228 2092 1326 2162 τὴν
1361 2092 1576 2161 ἐνορίαν
1602 2091 1803 2161 ταύτης
1838 2089 2120 2155 τελοῦντες

554 2186 651 2238 κα)⁸
706 2182 1086 2254 πνευματικὴν
1137 2184 1529 2253 ἐπικράτειαν,
1586 2183 1895 2254 ίερωμένοι,
1955 2184 2121 2254 μονά-

554 2273 741 2337 ζοντες
772 2273 863 2325 καὶ
892 2274 951 2326 16
986 2273 1176 2325 λοιπόν
1221 2272 1616 2344 Χριστώνυμον
1643 2275 1919 2346 πλήρωμα
1964 2276 2122 2339 δέξα-

554 2364 681 2417 σθαι
730 2364 921 2416 τοῦτον
952 2362 1045 2416 καὶ
1074 2362 1163 2415 διά
1210 2364 1390 2433 πάσης
1422 2362 1578 2430 άγειν
1606 2361 1790 2426 αίδοῦς
1822 2362 1915 2415 καὶ
1953 2362 2122 2431 τιμῆς

553 2458 650 2508 καὶ
681 2454 781 2525 τὴν
823 2458 1213 2525 προσήκουσαν
1249 2456 1530 2525 ὑποταγὴν
1581 2456 1755 2525 τούτῳ
1792 2456 1887 2509 x01
1933 2455 2121 2507 εὐπεί-

555 2547 708 2598 θειαν
736 2546 1035 2618 ἀπονέμειν
1065 2546 1140 2609 ὡς
1184 2548 1435 2617 ἀρχιερεῖ
1473 2546 1655 2599 αὑτῶν
1696 2546 1798 2598 καὶ
1826 2544 1995 2611 πατρὶ
2025 2542 2120 2597 καὶ

553 2638 862 2707 διδασκάλῳ
909 2638 1288 2708 πνευματικῷ,
1336 2636 1422 2707 ἐφ’
1452 2632 1532 2702 οἷς
1589 2638 1682 2691 ὑπ’
1722 2638 1891 2691 αὑτοῦ
1935 2637 2122 2691 νουθε-

554 2733 732 2783 τοῖντο
755 2730 889 2799 πρὸς
918 2730 1191 2799 σωτηρίαν
1214 2730 1549 2783 συντείνουσι
1571 2730 1679 2782 τῶν
1700 2727 1890 2798 ψυχῶν
1913 2727 2117 2781 αὐτῶν.

570 2823 693 2876 Ἐπὶ
731 2824 905 2893 τούτῳ
957 2825 1064 2891 γὰρ
1093 2822 1187 2873 καὶ
1220 2822 1282 2874 16
1334 2822 1508 2891 παρδν
1558 2821 1835 2874 συνοδικὸν
1885 2820 2121 2890 γράμμα

552 2922 651 2989 τῆς
698 2917 856 2988 ήμῶν
901 2917 1258 2987 μετριότητος
1310 2914 1485 2984 τούτῳ
1526 2913 1591 2983 δὴ
1643 2913 1721 2982 τῷ
1769 2911 2119 2983 διαληφθὲντι

554 3013 838 3083 ίερωτάτῳ
872 3010 1248 3081 μητροπολίτῃ
1278 3010 1604 3079 Δυρραχίου,
1634 3007 1945 3078 ὑπερτίμῳ,
1981 3007 2121 3075 ἀγα-

2225 1922 2335 1968 νος,
2368 1942 2383 1959 .
2422 1944 2437 1960 .
2472 1944 2489 1961 .
2526 1947 2541 1961 .
2570 1945 2585 1960 .
2619 1908 2674 1961 δὲ
2706 1905 2773 1963 06
2809 1909 2884 1978 μὴ
2925 1909 3129 1962 ἐθέλειν
3167 1910 3392 1975 διδόναι,
3424 1909 3493 1973 ὡς
3520 1912 3736 1973 161611;,

2224 1997 2348 2067 ἐνῆν
2374 1998 2434 2051 16
2466 2000 2820 2070 ἀνέγκλητον.
2872 2001 2977 2054 Τοῦ
3028 2002 3359 2071 πράγματος
3390 2001 3445 2054 δέ
3476 2001 3603 2053 οὑτοι
3634 1989 3734 2052 δυσὶ

2222 2089 2421 2159 χεροῦς
2470 2091 2641 2155 ὄντος,
2670 2093 2745 2155 ὡς
2794 2094 2930 2162 μηδέ
2972 2111 3127 2158 τινας
3172 2095 3319 2158 οἴους
3348 2111 3406 2147 τε
3433 2094 3580 2156 ὄντας
3608 2092 3735 2145 τοῦτο

2224 2183 2435 2250 φέρειν,
2467 2182 2583 2235 ἐστι
2613 2200 2715 2237 που
2745 2185 2954 2238 δίκαιον
2984 2186 3168 2249 ἄλλοις
3200 2186 3361 2240 τοῦτο
3386 2185 3734 2254 ἐπιφορτίζειν,

2222 2273 2354 2340 ἡμῖν
2388 2274 2442 2325 δὲ
2478 2274 2613 2341 μηδὲ
2644 2277 2771 2338 106;
2803 2276 3028 2345 μισθοὺς
3057 2277 3192 2345 γοῦν
3239 2277 3349 2332 τῶν
3383 2277 3551 2330 πόνων
3580 2277 3736 2343 11119.1-

2220 2369 2372 2433 τρεῖν
2403 2366 2585 2429 αὑτοῖς
2614 2367 2844 2431 ἐθέλειν,
2876 2368 3052 2438 ὁπόση
3079 2368 3347 2441 δύναμις;
3384 2369 3468 2423 διά
3496 2369 3553 2439 δὴ
3598 2367 3735 2420 ταῦτα

2218 2458 2513 2528 δυσχεροῦς
2567 2460 2711 2513 οὑτω
2765 2460 3021 2529 λαχόντος
3072 2462 3172 2516 τοῦ
3230 2461 3635 2533 ἀρχιερατικῶς,
3674 2460 3734 2522 ὡς

2221 2554 2456 2620 είρηται,
2490 2557 2839 2623 προστατεῖν,
2872 2554 2963 2607 καί
2993 2572 3056 2622 γε
3084 2557 3253 2625 ἡμεῖς
3282 2556 3507 2626 ἀμοιϐάς
3535 2554 3630 2607 τῶν
3657 2553 3734 2604 πό-

2220 2658 2326 2695 νων
2355 2643 2557 2698 διδόναι
2593 2644 2871 2710 ἐθέλοντες
2899 2649 2965 2701 τὰ
2990 2650 3176 2703 δίκαια
3204 2651 3483 2714 ποιοῦντες
3514 2647 3735 2717 ἐσόμεθα,

2210 2722 2334 2797 ’τοῖς
2365 2733 2421 2787 δέ
2453 2752 2517 2802 γε
2567 2736 2941 2805 λαμϐάνουσιν
2989 2741 3195 2795 ἐσεῖται
3227 2742 3293 2812 δὴ
3325 2742 3382 2795 16
3427 2741 3737 2810 ἀνέγκλητον.

2221 2825 2424 2894 Καινήν
2455 2840 2579 2879 τινα
2618 2828 2827 2896 ταύτην
2853 2826 3079 2898 γνώμην
3108 2832 3141 2900 ή
3194 2833 3480 2902 μετριότης
3506 2830 3643 2902 ημῶν
3664 2832 3737 2882 ἐκ·

2220 2915 2423 2989 θεμένη
2449 2918 2667 2988 σύναμα
2706 2922 2821 2984 τοῖς
2858 2924 2990 2992 περὶ
3023 2922 3198 2993 αὑτὴν
3252 2925 3553 2995 ἱερωτάτοις
3588 2924 3739 2991 ἀρχιερ

2221 3008 2403 3078 ρεῦσι,
2455 3009 2531 3081 τῷ
2570 3011 2925 3081 Ἡρακλείας,
2985 3017 3061 3087 τῷ
3105 3018 3379 3087 Σάρδεων,
3426 3017 3499 3089 τῷ
3533 3017 3738 3083 Νικομη-

553 3104 713 3173 πητῷ
746 3104 888 3155 κατά
921 3102 1126 3172 Κύριον
1166 3102 1382 3171 ἀδελφῷ
1427 3102 1527 3171 τῆς
1553 3099 1708 3169 ἡμῶν
1759 3098 2118 3169 μετριότητος
2149 3163 2188 3180 Α
2219 3101 2386 3167 δείας,
2441 3103 2518 3171 τῷ
2550 3104 2813 3172 Νικαίας,
2852 3107 2927 3177 τῷ
2972 3108 3344 3180 Χαλκηδόνος,
3388 3111 3461 3180 τῷ
3494 3106 3736 3174 6101111161-

532 3198 653 3263 0101
689 3195 1111 3266 συλλειτουργῷ,
1143 3198 1223 3259 είς
1256 3193 1555 3264 ἀσφάλειαν
1590 3193 1911 3248 ἐπιδέδοται.

624 3293 665 3364 -ι-
702 3290 846 3361 Εἶχε
878 3294 947 3347 τό
973 3307 988 3323 ·
1020 3293 1177 3360 Μηνὶ
1218 3293 1542 3362 Ἀπριλλίῳ
1568 3290 1685 3347 ινδ.
1724 3290 1816 3345 ιδ’.

589 3427 826 3485 XXVIII.
874 3425 1111 3483 Joannes
1158 3427 1545 3496 melropolitam
1603 3425 1846 3483 Meleuici
1898 3429 1954 3484 1'11
1991 3429 2082 3498 jus

1244 3514 1369 3553 voca
1377 3508 1415 3551 ι.

627 3615 667 3686 -ι-
707 3616 993 3685 119161011
1050 3613 1421 3685 μητροπολῖτα
1456 3612 1755 3667 Μελενίκου
1800 3614 1895 3667 καὶ
1950 3614 2117 3683 ὑπέρ-

550 3724 704 3777 τιμε,
731 3710 787 3760 ἐν
820 3708 963 3776 ἁγίῳ
994 3705 1275 3774 Πνεύματι
1303 3705 1555 3774 ἀγαπητέ
1598 3705 1791 3772 ἀδελφὶ
1825 3706 1926 3774 τῆς
1956 3706 2115 3776 ήμῶν

559 3799 914 3870 μετριότητος
944 3798 1038 3851 καὶ
1065 3797 1468 3866 συλλειτουργέ,
1499 3796 1657 3866 χάρις
1686 3797 1772 3863 εἴη
1802 3798 1895 3849 καὶ
1921 3798 2113 3868 εἰρήνη

551 3893 702 3961 παρά
732 3890 867 3944 Θεοῦ
897 3892 961 3960 τῇ
989 3893 1053 3961 σῇ
1086 3890 1346 3959 ίερότητι.
1380 3890 1646 3958 Κληρικοί
1672 3905 1817 3951 τινες
1845 3889 1943 3958 τῆς
1972 3892 2114 3945 κατά

547 3985 609 4038 σὲ
645 3984 963 4053 ἐκκλησίας.
1000 3985 1027 4036 6
1082 3982 1459 4051 σακελλάριος,
1491 3984 1518 4035 ὀ
1572 3984 1916 4053 σκευοφύλαξ
1965 3987 2059 4038 καὶ
2085 3987 2112 4039 6

545 4072 895 4145 χαρτοφύλαξ
936 4071 1073 4139 μετά
1105 4071 1480 4139 πρεσϐυτέρου
1532 4072 1975 4139 τινδςοΑλεξίου,
2014 4093 2111 4127 κα-

547 4165 814 4233 λουμένου
846 4164 941 4215 τοῦ
985 4163 1208 4227 ’Υαλέα,
1234 4163 1560 4229 ἐνεφάνισαν
1598 4163 1842 4216 λιϐέλλου
1874 4167 2110 4234 γράμμα

549 4256 842 4318 συνοδικῶς
867 4258 932 4325 τῇ
964 4255 1121 4325 ἡμῶν
1152 4256 1489 4324 μετριότητι,
1516 4257 1771 4324 φέροντος
1806 4258 2109 4327 αίτιάματα

545 4348 937 4416 καθαπτόμενα
979 4351 1075 4417 τῆς
1108 4346 1381 4417 ίερότητός
1415 4362 1507 4399 σου
1554 4351 1649 4401 καὶ
1691 4349 1780 4403 διὰ
1808 4350 1965 4404 τοῦτο
1991 4353 2109 4406 616-

549 4458 685 4511 μενα
712 4440 1030 4507 ἐξετάσεως.
1066 4440 1175 4492 K01
1210 4439 1518 4509 παραδηλοῖ
1548 4443 1614 4509 τῇ
1669 4441 1908 4511 ίερότητί
1942 4460 2036 4511 σου
2072 4447 2106 4515 ή

546 4533 835 4604 μετριότης
865 4534 897 4599 ή
908 4532 1023 4601 μῶν
1054 4532 1383 4585 καταλαϐεῖν
1418 4530 1656 4586 ἐνταῦθα
1687 4534 1779 4586 ἐπὶ
1804 4534 1881 4603 τῷ
1909 4535 2107 4588 ἀπολο-

543 4623 817 4694 γήσασθαι
850 4624 975 4692 1:191
1003 4623 1113 4675 τῶν
1141 4622 1400 4676 τοιούτων
1439 4624 1780 4694 αίτιαμάτων
1820 4627 1910 4680 διὰ
1938 4630 2107 4698 τριῶν

545 4714 754 4784 ἀπάρτι
787 4714 992 4782 μηνῶν.
1018 4712 1109 4782 Μὴ
1138 4711 1268 4781 γοῦν
1305 4712 1543 4785 βραδύνῃ
1576 4715 1668 4766 ἐπὶ
1713 4715 1877 4769 πλέον
1902 4718 1935 4785 ή
1968 4718 2107 4785 ἱερό-

543 4821 644 4873 της
676 4821 791 4867 σου,
826 4804 940 4856 ἀλλ’
969 4803 1043 4866 ὡς
1070 4804 1374 4871 ἀναγκαίας
1403 4802 1568 4873 οὑσης
1600 4804 1695 4856 καὶ
1727 4806 2106 4876 ἀπαραιτήτου

542 4895 643 4964 τῆς
677 4894 981 4961 ἐξετάσεως
1036 4893 1392 4947 καταλαϐἐτω
1438 4894 1526 4947 δξά
1558 4894 1653 4950 τοῦ
1684 4897 1941 4949 τοσούτου
1980 4914 2105 4950 και-

545 4986 666 5058 ροῦ,
720 4986 808 5038 ἵνα
843 4984 1003 5037 δώσει
1036 4984 1193 5051 λόγον
1222 4986 1351 5055 περὶ
1392 4984 1502 5037 τῶν
1537 4986 1793 5038 τοιούτων
1846 4989 2105 5057 αίτιαμά-

541 5095 671 5132 των.
734 5076 794 5131 Ἦ
844 5077 1006 5148 χάρις
1037 5076 1131 5129 τοῦ
1177 5076 1313 5129 Θεοῦ
1361 5076 1447 5149 εἴη
1496 5079 1635 5148 μετά
1680 5081 1779 5150 τῆς
1827 5079 1927 5148 σῆς
1964 5081 2107 5151 1196-

541 5187 727 5239 τητος.

607 5259 648 5330 -ι-
681 5257 820 5330 Εἶχε
846 5263 917 5317 τό
940 5278 954 5292 ·
996 5262 1153 5329 Μηνὶ
1193 5261 1504 5329 Ἀπριλλίῳ
1529 5261 1645 5315 ινδ.
1676 5262 1767 5315 ιδ’.

539 5393 732 5449 XXIX.
776 5393 1015 5465 Synodus
1045 5396 1429 5463 archiepiscopo
1467 5394 1747 5465 Nympha'i
1793 5413 1823 5449 α
1854 5398 1976 5449 sedc
2009 5411 2105 5449 sua

897 5467 1045 5534 pulso
1073 5467 1161 5519 dat
1187 5468 1539 5535 episcopatum
1582 5467 1751 5520 Uvm'.

614 5578 652 5647 ’ξ’
682 5579 791 5633 K01
827 5578 1007 5641 ἄλλοις
1042 5580 1161 5648 μὲν,
1204 5578 1271 5632 ἂν
1313 5579 1389 5649 μὴ
1434 5582 1684 5649 προνοεῖν
1718 5581 1939 5649 γένηται
1995 5582 2103 5633 τῶν

540 5668 720 5731 αὑτοῖς
746 5686 797 5723 τι
827 5670 1084 5723 καὶκατὰ
1116 5672 1313 5741 μικρδν
1343 5672 1751 5742 προσηκόντων,
1780 5675 1880 5727 οὐκ
1912 5676 1976 5728 ἂν
2007 5668 2098 5728 οῦ-

545 5762 628 5814 τοί
661 5778 721 5828 γε
751 5762 1106 5828 διαγένοιντο,
1148 5761 1288 5815 ὥστε
1322 5763 1384 5833 δὴ
1423 5764 1495 5833 μὴ
1528 5766 1605 5827 είς
1634 5763 1833 5835 πολλήν
1861 5782 1977 5819 τινα
2005 5768 2103 5836 τὴν

2225 3192 2365 3259 σίας,
2394 3193 2472 3263 τῷ
2506 3196 3002 3266 Ποντοηρακλείας,
3027 3200 3103 3269 τῷ
3150 3202 3420 3272 Προύσης,
3460 3202 3532 3269 τῷ
3560 3198 3735 3268 Περγά-

2224 3300 2353 3352 μου,
2385 3284 2463 3352 τῷ
2491 3285 2966 3355 Χριστουπόλεως,
2998 3290 3073 3360 τῷ
3104 3295 3431 3365 Δυρραχίου,
3474 3293 3545 3359 τῷ
3573 3290 3737 3353 Βιξύης

2219 3375 2315 3427 καὶ
2341 3374 2417 3444 τῷ
2452 3375 2611 3442 Κίου,
2654 3376 2765 3430 δεῖν
2816 3378 2979 3447 ἔγνω,
3009 3380 3085 3444 ὡς
3109 3381 3180 3435 ἂν
3216 3386 3307 3435 τὸν
3345 3382 3611 3454 ίερὼτατον
3657 3380 3736 3446 ἀρ·

2220 3467 2580 3535 χιεπίσκοπον
2650 3469 2984 3539 Νυμφαίου,
3047 3473 3337 3544 ἀγαπητὸν
3386 3476 3516 3527 κατά
3567 3472 3735 3540 Κύριον

2218 3558 2449 3624 ἀδελφὸν
2479 3559 2652 3628 αὑτῆς
2684 3564 2775 3613 καὶ
2808 3564 3254 3634 συλλειτουργὸν,
3282 3566 3446 3637 ἄνδρα
3475 3564 3668 3634 γεραιὸν
3688 3576 3733 3610 τε

2218 3653 2312 3705 καὶ
2341 3650 2469 3705 δντα
2527 3650 2776 3724 ἔμφρονα
2812 3656 2907 3709 καὶ
2956 3656 3179 3721 πολλοῖς
3211 3661 3321 3719 τοῖς
3356 3658 3527 3719 πόνοις
3568 3660 3735 3723 ἐγκαρ-

2216 3744 2529 3813 τερήσαντα
2569 3746 2664 3798 καί
2692 3762 2755 3815 γε
2789 3748 2883 3818 τῆς
2929 3750 3209 3822 λαχούσης
3259 3748 3639 3818 ἀποξενωθέντα
3663 3745 3732 3797 διὰ

2216 3834 2313 3904 τήν
2346 3835 2403 3901 ἐξ
2432 3837 2726 3906 ἁμαρτιῶν
2769 3843 3068 3914 γενομένην
3116 3845 3384 3915 ἐπήρειαν
3414 3844 3499 3897 καὶ
3540 3842 3605 3903 ὠς
3631 3854 3737 3907 ιῐχο⁸

2215 3928 2447 3993 λάζοντα
2502 3932 2918 4002 εὑρισκόμενον,
2966 3935 3234 4006 πρόεδρον
3290 3933 3443 4001 αὖθις
3494 3938 3731 3991 ἀποκατιη

2216 4023 2410 4091 στῆσαι
2485 4022 2585 4093 τῆς
2649 4027 2963 4098 ἁγιωτάτης
3023 4031 3467 4099 ἀρχιεπισκοπῆς
3520 4032 3730 4098 Δέρκου.

2213 4115 2401 4184 ἐπειδὴ
2452 4118 2546 4170 καὶ
2575 4118 2715 4189 αὑτὴ
2765 4121 2929 4190 μέχρι
2983 4122 3075 4176 καὶ
3116 4124 3177 4186 ἐς
3217 4125 3278 4176 16
3326 4123 3419 4178 νῦν
3447 4120 3533 4190 ἀφ’
3577 4114 3731 4173 ίκανοῦ

2212 4208 2438 4274 γνησίου
2468 4211 2774 4280 ἀρχιερέως
2807 4213 3123 4284 ἐστέρηται.
3161 4217 3273 4271 Καί
3300 4233 3361 4284 γε
3394 4216 3454 4268 16
3484 4215 3582 4269 ἀπὸ
3605 4210 3732 4263 τοῦδε

2212 4298 2433 4365 καθέξει
2480 4300 2652 4371 αὐτὴν
2705 4303 2795 4355 καὶ
2841 4302 2910 4357 τὰ
2954 4304 3046 4357 ὑπ’
3093 4305 3269 4377 αὐτὴν
3300 4307 3492 4369 πάντα,
3543 4302 3625 4357 καὶ
3660 4297 3734 4352 ἐκ*

2210 4392 2395 4455 ἀδείας
2429 4394 2539 4458 ἐξει
2592 4396 2897 4466 ἱερουργεῖν
2943 4400 3001 4451 ἐν
3029 4399 3169 4470 αὑτῇ
3207 4402 3302 4454 καὶ
3332 4400 3595 4461 διακόνους
3618 4409 3730 4463 προσ

2139 4491 2185 4547 D
2212 4484 2458 4548 ϐιϐάζειν
2495 4488 2588 4541 καὶ
2618 4488 3049 4560 πρεσϐυτέρους,
3088 4490 3165 4544 ἐτι
3215 4492 3271 4545 δὲ
3316 4492 3409 4545 καὶ
3440 4489 3729 4560 ἡγουμένους

2208 4577 2562 4647 ἐγκαθιστᾷν,
2611 4581 2707 4633 καὶ
2741 4580 2925 4645 ἁπλῶς
2970 4582 3080 4635 τῶν
3113 4584 3335 4653 ἐκείνης
3365 4584 3566 4637 πάντων
3600 4575 3729 4647 μεθέ-

2208 4666 2309 4731 ξει,
2339 4668 2440 4723 ὅσα
2472 4686 2534 4738 γε
2571 4673 2665 4725 1101
2700 4678 2922 4742 γνήσιος
2950 4674 3267 4744 ἀρχιερεὺς,
3298 4676 3426 4729 ἄνευ
3458 4673 3626 4743 μέντοι
3650 4667 3730 4733 τῆς

2204 4760 2301 4812 τοῦ
2334 4761 2479 4830 ἱεροῦ
2512 4764 2806 4833 συνθρόνου
2838 4765 3301 4835 ἐγκαθιδρύσεως.
3333 4767 3489 4819 Ὀθεν
3518 4760 3726 4832 ὀφείλου-

2207 4869 2293 4904 σιν
2319 4852 2373 4905 οῖ
2397 4871 2454 4905 τε
2484 4854 2739 4924 κληρικοὶ
2765 4859 2862 4925 τῆς
2888 4855 3220 4927 δηλωθείσης
3248 4858 3548 4926 ἁγιωτάτης
3572 4856 3727 4921 ἀρχιε-

2205 4944 2478 5013 πισκοπῆς
2530 4946 2736 5014 Δέρκου
2785 4948 2880 4998 καὶ
2932 4948 2982 4998 οἱ
3017 4947 3123 4999 6116
3177 4947 3275 5017 τὴν
3304 4946 3507 5017 ἐνορίαν
3556 4940 3726 5006 ταύτης

2204 5032 2484 5099 τελοῦντες
2512 5037 2606 5090 καὶ
2640 5037 3018 5109 πνευματικὴν
3048 5039 3425 5107 ἐπικράτειαν,
3455 5032 3723 5104 ἱερωμένων

2209 5125 2530 5194 μονάζοντες
2577 5126 2672 5179 καὶ
2716 5126 2776 5179 16
2825 5128 3008 5182 λοιπὸν
3054 5129 3444 5198 Χριστώνυμον
3486 5125 3725 5194 πλήρωμα

2204 5215 2464 5279 δέξασθαι
2504 5216 2694 5270 τοῦτον
2727 5218 2820 5271 καὶ
2874 5218 2962 5272 διά
3016 5220 3198 5286 πάσης
3248 5219 3405 5286 ἄγειν
3435 5212 3603 5273 αἰδοῦς
3646 5204 3724 5260 καὶ

2204 5310 2372 5376 τιμῆς
2403 5308 2499 5360 καὶ
2550 5308 2650 5377 τὴν
2681 5310 3070 5379 προσήκουσαν
3120 5310 3399 5378 ὑποταγὴν
3441 5305 3602 5373 τούτῳ
3646 5296 3724 5352 καὶ

2205 5400 2520 5452 εὐπείθειαν
2567 5400 2881 5470 ἀπονέμειν,
2917 5402 2991 5463 ὡς
3037 5402 3285 5483 ἀρχιερεῖ
3329 5398 3502 5451 αὑτῶν
3532 5398 3613 5446 καὶ
3637 5404 3724 5442 πα·

2204 5494 2292 5560 τρὶ
2324 5492 2416 5544 καὶ
2460 5492 2766 5563 διδασκάλῳ
2798 5479 3173 5563 πνευματικῷ,
3206 5492 3293 5560 ἐρ’
3319 5486 3399 5551 οἷς
3445 5490 3506 5541 ἂν
3533 5483 3615 5539 ὑπ’
3644 5479 3723 5534 αὖ·

2206 5583 2301 5636 τοῦ
2351 5584 2684 5638 νουθετοῖντο
2736 5587 2873 5653 πρὸς
2936 5587 3207 5654 σωτηρίαν
3268 5583 3585 5636 συντείνουσι
3629 5572 3718 5625 τῶν

2206 5676 2393 5744 ψυχῶν
2428 5677 2630 5729 αὑτῶν.
2676 5676 2798 5729 Ἐπὶ
2832 5676 3006 5747 τούτῳ
3045 5678 3148 5743 γάρ
3182 5676 3277 5729 καὶ
3322 5677 3381 5727 τὸ
3416 5670 3568 5741 ταΡδν
3592 5678 3718 5718 συν⁰’

2205 5766 2352 5819 δικὶν
2402 5767 2635 5838 γράμμα
2668 5768 2761 5837 τῆς
2799 5767 2956 5837 ἡμῶν
3007 5765 3351 5836 μετριότητος
3390 5762 3551 5829 106119
3573 5759 3627 5822 δὴ
3652 5750 3712 5816 τῷ
