4022 6204
231 266 372 331 11Ξ9

1310 211 1704 319 εγΝοοιοΑι
1735 247 2419 316 CONSTITUTlONES.

3332 244 3484 313 1130

226 382 568 454 ἐξωνήσατο,
623 376 810 440 καθὼς
852 374 1092 447 είρηται,
1145 372 1235 428 διὰ
1277 373 1385 427 τῶν
1437 370 1800 441 ὑπερπύρων,
1828 368 2211 439 Απαράντοῦ
2271 368 2569 437 ἰερωτάτου
2636 365 3041 439 μητροπολίτου
3103 365 3330 435 Μύρων,
3390 368 3489 421 καὶ

227 476 376 544 ἀπερ
405 470 598 525 ἐλαϐεν
644 469 783 537 ὑπέρ
819 467 928 520 τῶν
964 463 1257 536 προικῴων
1286 463 1567 533 ὀσπητίων
1614 459 1805 525 αὑτοῦ,

228 566 355 628 δοὺς
393 562 570 617 ταῦτα
601 558 939 631 ἐνεχυρικῶς
971 557 1068 610 σύν
1094 557 1209 618 τοῖς
1257 555 1388 624 περί
1417 554 1619 615 αὐτοὺς
1658 552 1808 624 εὑρι-

232 655 523 725 σκομένοις
570 654 890 722 οἰκήμασιν,
925 651 1019 706 καὶ⁹
1074 651 1167 703 τὸν
1212 650 1416 719 τρόπιν
1461 646 1651 699 τοῦτον
1682 644 1812 696 ἀναο

233 748 408 802 σῶσαι
444 749 511 817 τῇ
564 743 802 815 θυγατρί
831 744 897 797 τά
928 742 1162 813 ρηθέντα
1214 736 1464 811 προικῷα
1496 736 1704 805 ταύτης
1733 734 1809 786 οι-

233 841 460 909 κήματα
488 836 585 890 καὶ
626 835 690 890 τδ
737 834 1009 905 ἀμπέλων
1042 833 1137 884 ἐπὶ⁸
1179 830 1259 900 τῷ
1307 825 1640 897 κατέχεσθαι
1674 823 1812 893 παρ’

231 930 405 997 αὐτῆς
433 927 631 991 ταῦτα,
674 927 870 997 μέχρις
915 925 1002 991 ἂν,
1050 922 1125 986 ὡς
1158 921 1398 992 εἴρηται,
1436 919 1465 972 6
1496 917 1637 987 ἀνὴρ
1670 914 1812 987 πρὸς

234 1025 409 1095 αὐτὴν
456 1020 753 1091 ἐπανέλθῃ.
787 1019 977 1082 Οὐδεὶς
1011 1016 1191 1071 τοίνυν
1231 1010 1490 1084 ἐμποδὼν
1523 1011 1699 1079 τούτῳ
1724 1024 1811 1077 γε-

233 1118 463 1184 νήσεται
489 1114 738 1183 νομίμως
764 1110 941 1165 ταῦτα
976 1107 1370 1178 πιπράσκοντι,
1415 1102 1536 1157 ἀλλ’
1561 1102 1814 1154 ἐάσουσιν

232 1207 407 1258 αὐτὸν
462 1203 665 1265 πάντες
719 1198 1138 1269 ἀνεμποδίστως
1193 1197 1296 1265 την
1349 1192 1558 1245 τούτων
1610 1188 1814 1257 πρᾶσιν

236 1296 598 1367 ποιήσασθαι.
640 1292 845 1347 Τούτου
887 1292 997 1361 γάρ
1033 1290 1196 1360 χάριν
1237 1285 1542 1339 ἐπιδέδοται
1578 1281 1658 1350 τῷ
1703 1280 1819 1333 δια-

238 1387 502 1457 ληφθέντι
533 1384 786 1456 σεϐαστῷ
820 1382 928 1454 κῦρ
972 1378 1257 1449 Εὐσταθίῳ
1286 1378 1364 1447 τῷ
1410 1375 1695 1445 Κιννάμῳν
1723 1370 1819 1425 καὶ

236 1483 299 1535 τδ
334 1468 511 1550 παρ’δν
534 1480 770 1550 γράμμα
805 1479 902 1547 τῆς
931 1475 1092 1545 ήμῶν
1126 1471 1509 1544 μετριότητος.

307 1574 349 1643 -ξ-
382 1569 523 1642 Εἶχε
554 1574 620 1626 τό
644 1587 657 1601 ⁸
700 1569 856 1638 Μηνὶ
893 1570 1059 1633 Μαΐῳ
1086 1566 1203 1621 ινδ.
1240 1564 1333 1619 ιδ’.

236 1704 433 1763 XXXI.
470 1704 704 1759 Joannes
726 1699 1114 1769 metropolitam
1138 1697 1353 1769 Attalida
1386 1703 1526 1750 vetat
1551 1696 1605 1748 in
1634 1692 1820 1746 alienis

480 1774 778 1827 dimcesibus
805 1767 937 1841 jufa
971 1767 1295 1839 episwpalia
1319 1781 1576 1821 exercere.

312 1892 352 1963 -λ-
403 1889 694 1960 ’ἰερὼτατε
746 1884 1122 1967 μητροπολῖτα
1165 1881 1484 1945 Ἀτταλείας
1518 1880 1614 1934 καὶ
1649 1879 1823 1948 ὑπέρ-

240 2002 394 2053 τιμε,
429 1986 486 2036 ἐν
515 1982 660 2051 ἀγίῳ
692 1981 972 2045 Πνεύματι
1004 1974 1261 2045 ἀγαπητέ
1296 1974 1496 2043 ἀδελφέ
1527 1974 1626 2042 τῆς
1666 1973 1823 2042 ήμῶν

246 2076 608 2148 μετριότητος
641 2072 737 2127 καὶ
777 2067 1186 2138 συλλειτουργέ,
1217 2067 1378 2137 χάρις
1404 2065 1491 2134 είη
1515 2066 1609 2118 καὶ
1634 2065 1824 2134 εἰρήνη

244 2170 404 2239 παρά
454 2165 589 2220 Θεοῦ
643 2158 719 2236 τῇ
765 2166 833 2234 σῇ
888 2162 1148 2231 ἱερότητι,
1201 2159 1265 2211 Ἦ
1322 2157 1619 2229 μετριότης
1667 2155 1826 2226 ήμῶν

246 2259 573 2329 ἐγνώρισεν,
611 2256 715 2322 ὃτι,
753 2256 837 2309 διὸ
862 2253 1187 2324 εὑρίσκοντο
1220 2251 1277 2304 αἰ
1312 2249 1503 2303 αὐτόθι
1536 2246 1827 2316 ἐκκλησίαι

249 2352 326 2422 μὴ
369 2351 595 2420 ἔχουσαι
638 2346 900 2418 γνησίους
952 2346 1256 2416 ἀρχιερεῖς,
1294 2336 1454 2411 εὗρες
1497 2340 1684 2394 ἄδειαν
1733 2340 1829 2390 καὶ

248 2445 448 2514 ἐξέρχῃ
479 2440 588 2496 ἀπὸ
632 2441 730 2509 τῆς
777 2438 989 2509 ἐνορίας
1031 2453 1150 2501 σου,
1189 2436 1283 2487 καὶ
1317 2434 1705 2505 ίεροπρακτεῖς
1737 2430 1831 2483 καί

249 2536 498 2605 ἐνεργεῖς
544 2533 614 2585 τά
659 2531 769 2584 τῶν
818 2530 1124 2601 ἀρχιερέων
1173 2528 1251 2590 είς
1300 2527 1399 2585 τὰς
1448 2523 1662 2589 ἐνορίας
1719 2522 1830 2576 τῶν

247 2628 427 2682 ἄλλων
469 2623 803 2696 ἐκκλησιῶν,
850 2622 947 2675 καὶ
993 2620 1151 2673 τοῦτο
1200 2618 1355 2672 οὐδὲν
1410 2617 1494 2670 ἐνι
1542 2615 1830 2670 κανονικὸν

247 2720 372 2773 οὐδὲ
403 2718 634 2779 δίκαιον,
665 2716 752 2768 ἶνα
784 2714 1002 2783 γίνηται
1024 2712 1177 2781 παρά
1207 2711 1322 2763 σοῦ’
1352 2711 1448 2764 καὶ
1475 2708 1662 2777 ἐπειδή
1690 2708 1833 2777 ἐχει-

251 2809 521 2878 ροτονήθη
553 2808 648 2861 καὶ
691 2802 1110 2873 καταλαμϐάνει
1140 2802 1235 2855 καί
1276 2800 1575 2871 ἀρχιερεὺς
1620 2801 1701 2862 εἰς
1733 2799 1833 2867 τὴν

248 2902 568 2971 ἀγιωτάτην
628 2895 963 2968 μητρόπολιν
1008 2893 1236 2963 Μύρων,
1291 2893 1385 2945 καί
1439 2891 1832 2961 ἀπεστάλησαν

250 2994 347 3044 καὶ
393 2992 572 3059 ἕτεροι
625 2988 905 3057 ἀρχιερεῖς
968 2987 1047 3047 εἰς
1104 2984 1203 3046 τὰς
1260 2983 1450 3036 αὐτόθι
1508 2982 1830 3052 ἐκκλησίας,

250 3082 521 3154 χωρεῖσθε
570 3073 653 3143 εἷς
696 3079 929 3140 ἕκαστος
971 3080 1064 3130 καὶ
1116 3076 1374 3146 ἀρκεῖσθε
1408 3076 1489 3138 εἰς
1536 3074 1640 3147 τὴν
1690 3074 1831 3128 ἰδίαν
1859 3102 1905 3155 ο
1936 3073 2108 3089 ””’“’
2141 3073 2166 3108 ’⁸
2203 3073 2416 3140 "EN..."
2452 3073 2546 3090 ww
2584 3073 2678 3091 Mi
2722 3073 2973 3106 “mnu”
3008 3073 3289 3100 “um”
3322 3073 3515 3146 ’ῘΜΠΓ

251 3176 473 3199 ,ΜΛ-η
531 3174 619 3199 Μ,
681 3171 846 3199 mn“
881 3168 1263 3199 --Δηὼ-,ΗΜ
1305 3170 1394 3199 υ-..
1453 3169 1832 3199 ,Πληηυαρ
1942 3128 2064 3180 σίαν
2091 3145 2333 3196 παντελη
2365 3130 2769 3199 παρεχομένης,
2806 3128 3269 3198 προσκαρτερήσῃ
3302 3130 3515 3195 αὐτόθι,

250 3176 495 3244 ἐνορίαν,
531 3174 624 3225 καὶ
680 3171 846 3240 μηδὲν
881 3168 1263 3241 παρεκϐαίνῃς
1305 3170 1399 3221 καί
1453 3169 1832 3237 ἰεροπρακτῇς

250 3269 337 3329 εἰς
368 3266 537 3334 ἄλλης
568 3262 866 3333 ἐκκλησίας
907 3263 1144 3332 ἐνορίαν,
1172 3261 1257 3313 ὃτι
1297 3259 1457 3313 τοῦτο
1491 3262 1572 3323 εἰς
1611 3260 1833 3312 καταδί-

249 3375 362 3425 κην
395 3359 490 3410 καὶ
532 3354 763 3425 εὐθύνην
808 3353 867 3406 σέ
900 3353 1057 3422 φέρει
1089 3350 1401 3422 κανονικὴν,
1436 3351 1528 3403 καὶ
1560 3352 1655 3403 ἐάν
1680 3350 1833 3403 οὐδὲν

251 3449 478 3519 παύσῃς
519 3446 615 3501 τοῦ
649 3449 825 3500 ποιεῖν
854 3447 924 3499 τά
951 3445 1202 3508 τοιαῦτα,
1237 3445 1385 3515 ἅπερ
1420 3446 1557 3497 εἰσὶν
1588 3444 1694 3511 ἔξω
1726 3443 1833 3497 τῶν

250 3542 519 3603 κανόνων,
574 3540 789 3609 μέλλεις
836 3537 1304 3607 καταδικασθῆναι
1360 3537 1455 3591 καὶ⁹
1506 3536 1835 3606 εὐθυνθῆναι

252 3633 414 3702 παρά
444 3632 543 3701 τῆς
567 3633 725 3701 ἡμῶν
755 3634 1106 3702 μετριότητος
1137 3632 1230 3682 καὶ
1256 3629 1359 3699 τῆς
1388 3628 1537 3691 θείας
1562 3631 1657 3684 καὶ
1684 3629 1834 3698 ίερᾶς

256 3725 484 3777 συνόδου
540 3724 863 3787 κανονικῶς.
898 3724 997 3776 Διά
1044 3724 1206 3776 τοῦτο
1261 3724 1357 3775 καί⁵
1416 3723 1683 3790 συντήρου
1741 3724 1837 3774 καὶ

256 3818 410 3870 ποίει
459 3817 567 3870 ἀπὸ
613 3815 707 3869 τοῦ
760 3815 876 3881 νῦν,
936 3814 1121 3876 καθὼς
1193 3813 1495 3884 παραδηλοῖ
1541 3815 1680 3882 πρὸς
1738 3814 1835 3883 τὴν

259 3906 521 3977 ἰερότητά
576 3923 669 3959 σου
729 3907 761 3975 ή
822 3905 1115 3976 μετριότης
1169 3905 1348 3976 ήμῶν.
1396 3904 1463 3957 Ἦ
1520 3903 1679 3974 χάρις
1741 3903 1837 3956 τοῦ

256 4001 399 4054 Θεοῦ
437 4001 521 4071 εἴη
558 4000 697 4071 μετά
726 3999 847 4053 σοῦ.

332 4090 376 4161 ἰ-
410 4088 551 4160 Εῖχε
588 4093 674 4144 τό*
703 4091 860 4159 Μηνὶ
892 4092 1059 4154 Μαΐῳ
1085 4089 1198 4143 ἰνὸ.
1233 4090 1323 4143 ιδ’.

260 4227 482 4283 XXXII.
510 4226 753 4298 Synodus
771 4225 1074 4281 electionem
1092 4228 1318 4298 episcopi
1342 4226 1538 4283 Macra:
1564 4242 1611 4282 et
1639 4226 1835 4297 Libysii

854 4300 1064 4353 irritant
1094 4299 1244 4367 facit.

1911 460 2118 533 ἀγιάζῃ
2147 462 2242 514 καὶ
2268 460 2537 531 ποιμαίνῃ
2569 460 2663 512 τδν
2688 460 2867 511 ἐκεῖσε
2916 457 3306 528 εὑρισκόμενον
3353 458 3491 527 Χρι-

1916 550 2571 606 στιανικὸνλαόν.Τοίνυν
2600 551 2695 605 καὶ
2718 549 2923 618 ὀφείλει
2953 548 3174 619 στέρξαι
3208 550 3304 602 καὶ
3328 550 3489 611 αὐτὸς

1909 643 2008 714 τὴν
2036 642 2321 713 παροῦσαν
2362 641 2649 713 συνοδικὴν
2684 641 3112 712 παρακέλευσιν,
3153 640 3289 709 μηδέ
3345 641 3494 691 ἀντι-

1911 736 2104 803 στῆναι
2139 732 2276 802 μηδὲ
2298 731 2593 801 ἀπειθῆσαι
2610 732 2745 794 ὅλως
2764 734 2842 795 εἰς
2869 731 3093 802 ταύτην.
3112 730 3415 799 Ὀφείλουσι
3435 731 3493 784 δέ

1914 824 2135 897 στέρξαι
2165 828 2261 879 καὶ
2308 826 2650 897 συντηρῆσαι
2684 827 2779 880 καί
2824 827 2872 880 οἰ
2921 828 3103 880 ἐκεῖσε
3149 826 3492 896 Χριστιανοὶ,

1913 917 2040 970 ὅσον
2066 918 2195 988 περί
2227 918 2421 971 τούτου
2468 916 2858 986 πνευματικῶς
2896 916 3196 989 διορίζεται
3229 916 3369 988 μετά
3396 917 3462 987 τῆ

1915 1004 2068 1071 θείας
2096 1008 2317 1062 συνόδου
2356 1010 2390 1079 ή
2426 1009 2718 1078 μετριότης
2756 1009 2937 1078 ήμῶν.
3452 1016 3465 1035 ‘

1988 1101 2028 1170 ἰ-
2060 1096 2201 1169 Εῖχε
2230 1102 2317 1154 τό·
2353 1100 2513 1168 Μηνὶ
2549 1102 2714 1166 Μαΐῳ
2752 1100 2869 1156 ινδ.
2908 1100 2997 1155 ιδ’.

1920 1260 2160 1317 XXXIII.
2194 1260 2429 1316 Joannes
2456 1261 2805 1329 metropolitw
2833 1260 3079 1315 Melenici
3105 1261 3160 1315 in
3184 1260 3276 1331 jus
3311 1268 3497 1331 vocato

2301 1334 2535 1387 concedit
2561 1333 2870 1386 dilationem
2898 1334 3125 1386 termini.
3185 1329 3196 1331 7
3443 1329 3459 1339 ’

1991 1470 2032 1539 -ι-
2079 1468 2366 1539 Ἰερὼτατε
2405 1467 2779 1540 μητροπολῖτα
2833 1465 3138 1521 Μελενίκου
3182 1468 3277 1520 καί
3331 1467 3501 1537 ὑπέρ-

1923 1580 2073 1632 τιμε,
2102 1564 2161 1616 ὲν
2190 1561 2333 1633 ἀγίῳ
2375 1560 2654 1631 Πνεύματι
2684 1559 2942 1629 ἀγαπητέ
2974 1558 3169 1628 ἀδελφέ
3218 1558 3312 1630 τῆς
3345 1558 3501 1629 ήμῶν

1928 1653 2285 1724 μετριότητος
2308 1653 2405 1705 καί
2430 1652 2840 1722 συλλειτουργὲ,
2883 1651 3046 1722 χάρις
3076 1652 3162 1721 είη
3188 1652 3282 1704 καὶ
3306 1652 3500 1721 εἰρήνη

1852 1728 1894 1783 Β
1927 1746 2079 1815 παρά
2104 1746 2242 1799 Θεοῦ
2270 1739 2435 1817 τῇ’σῇ
2467 1745 2731 1817 ίερότητι.
2765 1744 2835 1798 Ἦ
2868 1742 3057 1814 γραφὴ
3090 1744 3189 1812 τῆς
3225 1744 3324 1813 σῆς
3362 1742 3503 1813 ἱερό-

1922 1854 2087 1903 τητος
2119 1838 2442 1909 διεκομίσθη
2478 1839 2617 1909 πρὸς
2657 1838 2758 1908 τὴν
2808 1837 2965 1907 ἡμῶν
3020 1837 3379 1906 μετριότητα.
3412 1837 3504 1889 καὶ

1926 1931 2342 1999 ἀναγνωσθεῖσα
2398 1930 2719 2001 ἐγνώρισεν,
2769 1931 2871 1983 ὅσα
2924 1929 2992 1981 δι’
3045 1928 3217 1998 αὐτῆς
3263 1928 3505 1999 παρεδή-

1927 2022 2069 2089 λους,
2100 2023 2270 2095 ἤγουν
2302 2024 2450 2086 ὅπως
2478 2022 2619 2094 μετά
2660 2022 2863 2092 πολλῆς
2900 2020 3216 2091 προθυμίας
3252 2018 3507 2097 ἐϐούλετο

1925 2116 1961 2186 ή
1988 2115 2200 2185 ίε-ρότης
2234 2131 2328 2167 σου
2351 2114 2687 2167 καταλαϐεῖν
2714 2112 2952 2168 ἐνταῦθα
2977 2114 3069 2166 ἐπὶ
3094 2113 3174 2185 τῷ
3204 2106 3508 2181 ἀπολογίαν

1927 2209 2117 2262 δοῦναι
2156 2208 2251 2261 καί
2298 2207 2785 2262 ἀποσκευάσασθαι
2831 2207 2900 2260 τὰ
2938 2206 3062 2260 κατ’
3113 2206 3285 2276 αὐτῆς
3340 2206 3508 2278 λαλη-

1930 2304 2091 2356 θέντα
2151 2303 2469 2369 συνοδικῶς,
2508 2300 2813 2371 διεκωλύθη
2878 2301 2934 2355 δέ
2994 2301 3149 2369 ὅμως
3206 2301 3314 2354 ὑπό
3362 2317 3509 2364 τινος

1931 2397 2284 2468 ἐνσκηψάσης
2314 2398 2391 2466 τῷ
2419 2395 2829 2468 σώςδιατιοαὺτῆς
2865 2394 3178 2459 ἀσθενείας,
3209 2394 3305 2448 καὶ
3343 2411 3511 2464 παρε-

1928 2486 2122 2557 δήλους
2167 2489 2259 2541 καὶ
2307 2487 2545 2558 ἐζήτεις,
2594 2485 2671 2548 ὡς
2714 2484 2781 2539 ἀν
2833 2485 3063 2554 γένηταί
3110 2503 3194 2549 τις
3231 2484 3320 2538 διά
3350 2484 3510 2539 τοῦτο

1934 2575 2250 2648 ὑπέρθεσις,
2298 2580 2391 2633 καί
2436 2579 2684 2651 παρέλθῃ
2724 2581 2752 2632 6
2786 2580 2978 2649 καιρὸς
3027 2578 3121 2631 τοῦ
3174 2577 3388 2648 θέρους,
3416 2581 3512 2631 καὶ

1936 2671 2078 2725 κατά
2115 2671 2176 2725 τδ
2208 2672 2551 2742 φθινόπωρον
2582 2671 2899 2744 καταλάϐῃς
2927 2671 3187 2739 ἐνταῦθα,
3215 2674 3292 2734 ὡς
3324 2688 3513 2724 συντε-

1935 2764 2150 2827 λοῦντος
2195 2767 2274 2829 εἰς
2318 2765 2475 2819 τοῦτο
2523 2765 2617 2818 καὶ
2667 2765 2760 2818 τοῦ
2811 2763 3030 2835 καιροῦ.
3088 2764 3337 2829 Ἐδέξατο
3382 2764 3515 2834 γοῦν

1935 2855 2091 2909 τοῦτο
2125 2858 2156 2926 ή
2194 2858 2491 2928 μετριότης
2535 2856 2845 2926 ignium-xu}.
2894 2855 3197 2926 παραδηλοῖ
3243 2856 3381 2926 πρὸς
3414 2856 3514 2928 τὴν

1939 2949 2196 3019 ἰερότητά
2234 2965 2352 3007 σου.
2389 2948 2463 3008 ὼς
2500 2948 2589 3010 ἂν,
2629 2947 2751 3001 ἐπεὶ
2792 2945 2885 2999 ὑπ’
2925 2948 3213 3009 ἀσθενείας
3245 2948 3515 3002 κωλύεται

1936 3036 2166 3108 ἐλθεῖνή
2202 3038 2420 3107 ἰερότης
2452 3054 2546 3090 σου
2582 3039 2678 3091 καί
2713 3037 2975 3106 τοιαύτης
3008 3035 3292 3100 ἀσθενείας
3322 3037 3517 3109 ἀκινη-

1942 3221 2034 3273 καὶ
2071 3220 2365 3290 διαϐιϐάςῃ
2395 3219 2486 3271 τὸν
2537 3218 2629 3272 τοῦ
2665 3219 2859 3288 θέρους
2894 3219 3108 3287 καιρὸν,
3147 3218 3426 3291 σπουδάσῃ
3460 3220 3518 3272 δέ

1940 3312 2036 3364 καὶ
2080 3310 2469 3377 διαγωνίσηται
2505 3309 2681 3363 ἐλθεῖν
2729 3308 2799 3361 δι’
2825 3310 2950 3362 ὅλου
3000 3309 3097 3363 τοῦ
3134 3311 3516 3380 Σεπτεμϐρίου

1946 3403 2117 3473 μηνὸς
2142 3404 2312 3473 χωρὶς
2339 3402 2605 3471 ἀναϐολῆς
2640 3402 2735 3453 καὶ
2771 3402 3120 3470 ὑπερθέσεως
3154 3401 3515 3473 οἰασδήτινο,·

1940 3492 2064 3546 ὅθεν
2093 3494 2186 3545 καὶ
2220 3494 2497 3562 ποιησάτω
2532 3495 2562 3563 ή
2597 3493 2815 3564 ἰερότης
2844 3512 2960 3561 σου,
3004 3495 3146 3548 καθά
3178 3495 3521 3566 παραδηλοῦ-

1943 3603 2046 3651 μεν
2096 3587 2257 3656 αὐτῇ.
2296 3585 2361 3638 Ἦ
2406 3587 2567 3656 χάρις
2615 3587 2708 3640 τοῦ
2760 3587 2896 3641 Θεοῦ
2951 3589 3038 3661 εἴη
3096 3590 3233 3659 μετά
3270 3593 3368 3661 τῆς
3418 3593 3518 3659 σῆς

1946 3676 2239 3746 ἰερότητος.

2014 3768 2053 3839 -ιν
2093 3765 2236 3840 Εἶχε
2264 3772 2353 3826 τό’
2388 3771 2543 3840 Μηνί
2581 3771 2748 3837 Μαΐῳ
2785 3774 2903 3827 ίνὸ.
2933 3774 3020 3829 ιδ’.

1944 3925 2184 3982 XXXIV.
2217 3926 2467 4001 Synodug
2522 3928 2741 4001 absolvit
2796 3931 3151 4001 presbyterum
3221 3930 3519 3987 Corinnam

2114 4012 2121 4017 ‘
2228 3997 2621 4069 Bogomilorum
2648 4000 2901 4054 lacereseos
2928 3997 3257 4056 accusatum.

2016 4135 2055 4206 ἰ-
2105 4137 2164 4190 Ὀ
2199 4137 2490 4206 ἰερώτατος
2540 4137 2945 4209 μητροπολίτης
2993 4137 3342 4211 Ἡρακλείας,
3383 4142 3521 4210 πρό-

1945 4228 2100 4297 εδρος
2132 4228 2241 4281 τῶν
2274 4229 2595 4299 ὑπερτίμων
2642 4230 2736 4282 καὶ
2780 4230 3010 4302 ἔξαρχος
3060 4232 3242 4303 πάσης
3298 4232 3519 4304 Θρᾴκης

1945 4321 2042 4371 καὶ
2070 4319 2436 4385 Μακεδονίας,
2469 4322 2523 4373 ἐν
2554 4320 2697 4390 ἁγίῳ
2732 4321 3011 4393 Πνεύματι
3048 4322 3335 4394 ἀγαπητὸς
3365 4323 3519 4377 ἀδελ-

334 4416 378 4486 -ιι
429 4412 649 4484 Ἐπειδὴ
684 4412 983 4481 ἐγνώρισεν
1041 4412 1074 4483 ἡ
1129 4413 1419 4483 μετριότης
1474 4413 1652 4483 ήμῶν,
1701 4414 1774 4478 ὡς
1810 4416 1838 4467 6
1875 4439 1916 4495 θ
1947 4411 2046 4481 φὺς
2075 4414 2175 4483 τῆς
2223 4412 2380 4481 ἡμῶν
2416 4414 2768 4482 μετριότητος
2811 4414 2905 4465 καὶ
2932 4414 3364 4485 συλλειτουργὸς,
3406 4418 3519 4468 ἐνε-

266 4506 602 4577 ὐποψήφιος,
637 4505 694 4568 6;
742 4505 1059 4575 εὑρίσκεται
1111 4504 1331 4574 κρατῶν
1374 4504 1474 4575 τὴν
1527 4506 1841 4576 ἀγιωτάτην

264 4600 574 4669 ἐπισκοπὴν
622 4600 857 4669 Μάκρης
903 4598 998 4651 καὶ
1034 4597 1319 4660 Λιϐυσίου,
1354 4598 1475 4669 ήτις
1525 4599 1841 4668 εὑρίσκεται

266 4695 377 4747 ὐπδ
405 4693 505 4763 τὴν
528 4692 853 4761 ἀγιωτάτην·
873 4691 1213 4762 μητρόπολιν
1239 4692 1463 4761 Μύρων,
1491 4692 1643 4744 οὐδὲν
1669 4695 1841 4761 πράτ⁴

265 4802 350 4837 τει
399 4783 703 4846 κανονικῶς
754 4785 847 4837 καί¹
897 4784 1298 4851 Χριστιανικῶς
1348 4784 1428 4846 εἰς
1480 4786 1572 4835 τὶν
1600 4784 1843 4838 τοιοῦτον

268 4876 463 4941 τόπον,
489 4874 625 4927 ἀ).λά
655 4875 749 4927 καὶ
778 4874 854 4937 ὡς
888 4870 1055 4944 ἦλθεν
1089 4874 1322 4927 ἐνταῦθα
1356 4876 1436 4937 είς
1468 4874 1565 4945 τήν
1590 4873 1843 4944 βασιλεύ-

273 4983 442 5018 ουσαν
490 4966 671 5031 πόλιν,
703 4966 949 5035 ἀνεφάνη
984 4965 1157 5029 δῦλιος
1203 4966 1297 5019 καί
1331 4966 1715 5035 ἀνυπόληπτος
1765 4968 1844 5028 εἰς

271 5060 402 5120 τοὺς
449 5060 513 5110 ἐκ
545 5058 682 5110 Θεοῦ
730 5057 1175 5121 εὐσεϐεστάτουςγ
1208 5056 1303 5109 καὶ
1338 5058 1526 5124 ἀγίους
1578 5057 1843 5124 βασιλεῖς,

275 5149 787 5219 παρακελεύεταιή
837 5150 1129 5219 μετριότης
1186 5150 1345 5220 ήμῶν
1393 5149 1533 5219 μετά
1569 5149 1671 5218 τῆς
1714 5149 1847 5217 περί

272 5240 452 5310 αὐτὴν
488 5240 641 5310 ἰερᾶς
692 5242 786 5294 καὶ
819 5240 970 5304 θείας
1019 5240 1261 5306 συνόδου,
1312 5240 1398 5293 ἶνα
1449 5240 1698 5309 μηδόλως
1747 5240 1844 5311 ἔχῃ

270 5333 476 5403 ἐνοχὴν
526 5332 910 5401 πνευματικήν
962 5334 1041 5395 εἰς
1075 5332 1174 5403 τὴν
1224 5331 1483 5400 τοιαύτην
1537 5332 1846 5400 ἐπισκοπὴν

266 5425 514 5493 Μάκρης
548 5426 643 5477 καί
684 5424 965 5489 Λιϐυσῖου,
1012 5425 1145 5495 μηδὲ
1196 5414 1613 5493 παραδέχωνται
1655 5420 1847 5474 τοῦτον

267 5518 328 5569 οἰ
370 5519 551 5569 ἐκεῖσε
584 5517 924 5587 Χριστιανοὶ.
960 5516 1093 5570 ἀλλά
1139 5516 1380 5587 σχολάσῃ
1414 5516 1505 5567 καὶ
1537 5514 1722 5585 παύσῃ
1756 5516 1850 5567 καὶ

265 5608 461 5678 ἀπέχῃ
504 5608 693 5660 τέλεον
729 5607 837 5661 ἀπὸ
882 5610 982 5674 τῆς
1031 5607 1286 5675 τοιαύτης
1330 5604 1659 5669 ἐπισκοπῆς,
1698 5606 1847 5669 ὅπως

264 5702 502 5766 γένηται
532 5698 755 5766 γνήσιος
791 5697 1082 5765 ἀρχιερεὺς
1114 5698 1205 5747 καὶ
1237 5695 1536 5757 ἐπίσκοπος
1568 5696 1645 5755 είς
1674 5694 1847 5764 αὐτὴν

569 5793 837 5852 ΡΑτιιοι..
873 5794 990 5854 Gn.
1028 5792 1206 5852 CLII.

1947 4510 2139 4579 φάνισε
2172 4498 2464 4569 σύνοδικῶς
2496 4509 2562 4574 τῇ
2599 4506 2755 4575 ήμῶν
2784 4505 3096 4575 μετριότητι
3126 4507 3346 4575 γραφήν
3374 4522 3519 4570 τινος

1945 4604 2009 4654 ἐκ
2036 4602 2133 4670 τῆς
2174 4599 2355 4670 χώρας
2388 4597 2482 4651 τοῦ
2532 4598 2835 4667 Παμφύλου
2868 4596 3150 4668 Μανουὴλ,
3183 4597 3520 4668 καλουμένου
3564 4642 3571 4647 .

1943 4693 2040 4747 τοῦ
2073 4691 2532 4753 Χαλκεωπούλου,
2568 4691 2707 4762 πρὸς
2739 4694 2830 4744 τὸν
2864 4694 2943 4753 εἰς
2979 4688 3164 4760 ἔνοχον
3195 4690 3522 4761 εὑρισκόμε-

1945 4802 2036 4838 νον
2080 4784 2190 4837 τῶν
2222 4782 2351 4852 περὶ
2387 4780 2485 4852 τὴν
2530 4783 2901 4853 Χαριούπολιν
2940 4783 3218 4854 δημοσίων
3255 4786 3520 4855 πραγμά-

1944 4893 2054 4930 των
2105 4875 2195 4929 τὸν
2247 4875 2605 4945 Βλαστάριον,
2662 4874 3141 4945 διαλαμϐάνουσαν
3204 4876 3343 4947 μετά
3405 4877 3515 4928 τῶν

1947 4969 2121 5023 ἀλλων
2164 4968 2293 5038 περί
2322 4985 2464 5031 τινος
2504 4969 2691 5039 ἱερέως
2728 4971 2822 5021 καὶ
2869 4968 3061 5023 ταῦτα·
3097 4971 3124 5022 6
3173 4969 3228 5022 δὲ
3282 4972 3514 5034 παππᾶς

1948 5062 2212 5130 Γαριάνος
2256 5057 2419 5133 ἦλθεν
2466 5061 2545 5123 εἰς
2598 5061 2723 5126 τοὺς
2772 5061 3125 5132 ιιμτερίνους,
3172 5062 3266 5113 καὶ
3312 5062 3519 5115 ἔδωκαν

1948 5152 2111 5206 αὐτὸν
2140 5154 2435 5224 ὑπέρπυρα
2460 5153 2799 5223 πεντήκοντα
2821 5154 2915 5207 καί
2940 5153 3156 5220 ἄλογον,
3182 5153 3274 5204 καὶ
3302 5153 3522 5220 ἐγένετο

1950 5237 2028 5303 εἷς
2067 5242 2183 5311 μετ’
2209 5241 2429 5305 αὐτούς.
2480 5238 2611 5295 Εἶτα
2655 5242 2839 5312 ἀπῆρε
2889 5244 3309 5312 δισκοποτὴριον
3351 5245 3523 5313 ἀργυ-

1956 5332 2086 5401 ροῦν
2110 5334 2203 5384 καὶ
2223 5332 2538 5401 χουλιάριον
2571 5332 2663 5384 καὶ
2690 5333 2780 5386 τὸν
2812 5334 3167 5402 μαγαρισμὸν
3193 5332 3395 5399 αὐτῶν,
3422 5332 3523 5386 καὶ

1952 5423 2280 5494 ἀπέδρασεν,
2311 5423 2425 5493 ἔχει
2448 5425 2504 5477 δὲ
2535 5424 2625 5478 τὸν
2658 5423 3011 5495 μαγαρισμδν
3043 5426 3123 5487 είς
3154 5423 3215 5477 τὸ
3250 5423 3523 5479 σκιάδειον

1952 5513 2139 5569 αὐτοῦ.
2187 5516 2298 5568 Καὶ
2345 5514 2443 5583 τῆς
2494 5516 2753 5584 τοιαύτης
2805 5517 3249 5584 ἀναγνωσθείσης
3302 5515 3524 5584 γραφῆς

1954 5602 2201 5672 παρέστη
2236 5603 2264 5654 6
2297 5601 2537 5666 τοιοῦτος
2587 5604 2981 5673 πρεσϐύτερος,
3023 5606 3115 5656 καί
3147 5604 3432 5674 ἀνέφερεν,
3464 5602 3524 5667 ἐξ

1966 5693 2259 5761 ’Δνατολῆς
2294 5694 2394 5764 μέν
2420 5695 2756 5767 ὁρμηθῆναι,
2796 5696 2958 5767 φῦναι
3007 5698 3063 5749 δέ
3106 5699 3199 5749 καὶ
3250 5695 3526 5767 τραφῆναι

3011 5793 3085 5854 36
