4022 6204
334 356 459 419 ΜΗ

1395 367 1789 431 ὃΥΝΟΒΙΟᾸΞ
1804 364 2390 455 ’CONSTITUTION
2398 368 2507 429 ES.

3432 374 3561 437 1142

324 475 403 544 τῷ
423 475 722 539 Λιτϐάδων,
746 477 822 547 τῷ
849 480 1073 554 Βιζύης,
1104 484 1181 555 τῷ
1228 486 1513 548 Ξανθείας.
1549 486 1625 556 τῷ
1656 483 1754 538 Κῶ
1796 482 1892 536 καὶ
1922 487 1960 543 Α
1994 499 2055 548 γε
2090 484 2170 546 εἰς
2192 484 2420 553 δύναμιν
2456 485 2727 546 παντοίοις
2766 485 2856 537 καὶ
2882 485 3101 554 τρόποις
3136 489 3226 541 καὶ
3254 493 3558 560 πράγμασι.

323 565 401 635 τῷ
430 566 693 635 Μηδείας,
730 570 1128 637 συσπεύδοντας
1189 578 1384 640 αὐτοὺς
1440 578 1563 646 ἐσχε
1609 577 1703 628 καὶ
1755 591 1888 642 συμ-

322 657 686 727 πράττοντας,
726 661 850 715 δθεν
886 663 979 715 καὶ
1030 668 1182 737 κοινῇ
1226 669 1291 737 τῇ
1340 668 1465 737 περὶ
1504 666 1697 720 τούτου
1727 665 1891 735 ψήφῳ

321 748 423 819 τὴν
473 752 789 821 ἀγιωτάτην
839 757 1173 825 μητρόπολιν
1200 759 1701 831 Ἀρκαδιουπόλεως
1752 757 1894 810 κατά

322 842 481 911 λόγον
512 844 806 907 ἐπιδόσεως
834 847 980 919 αὐτῷ
1010 851 1378 921 ἀπονέμομεν,
1404 851 1478 913 ὡς
1516 852 1580 905 ἂν
1610 844 1764 912 οὗτος
1794 847 1893 917 μὶν

321 937 424 1006 τὴν
483 936 717 1007 δυνατὴν
765 939 1085 1010 ἐπικουρίαν
1144 943 1353 997 ἐκεῖθεν
1409 943 1722 1014 πορίζηται,
1762 944 1789 994 ό
1837 940 1895 994 δὲ

320 1025 448 1079 κατ’
485 1026 700 1095 ἐκείνην
738 1028 918 1096 ίερεύς
946 1031 1040 1083 καὶ
1082 1031 1208 1095 λαὸς
1253 1031 1355 1102 τῆς
1386 1033 1534 1103 παρά
1570 1032 1722 1085 τοῦδε
1754 1032 1895 1085 διδα-

326 1116 557 1178 σκαλίας
590 1116 954 1174 ἐπαπολσύων
987 1123 1168 1175 πᾶσαν
1201 1124 1464 1194 ἐπιδιδοίη
1501 1123 1598 1200 τοὴν
1630 1124 1768 1176 κατά
1791 1121 1895 1191 ψυ-

325 1210 427 1277 χὴν
455 1207 723 1275 ὠφέλειαν
765 1208 862 1263 καὶ
890 1211 988 1281 τήν
1024 1211 1082 1273 ἐς
1122 1214 1191 1265 τά
1218 1213 1452 1282 κρείττω
1482 1213 1766 1282 προκοπὴν
1802 1209 1897 1263 καὶ

327 1298 613 1365 βελτίωσιν
661 1300 894 1368 Χριστοῦ
937 1303 1138 1373 χάριτι.
1176 1303 1407 1369 Καθέξει
1438 1305 1620 1357 τοίνυν
1663 1304 1690 1355 ό
1735 1302 1899 1365 αὐτὸς

326 1391 618 1460 ἱερώτατος
684 1392 1114 1462 ἀρχιεπίσκοπος
1163 1396 1420 1465 Μεσήνης
1479 1395 1578 1467 τὴν
1638 1395 1897 1463 τοιαύτην

326 1482 637 1550 ἀγιωτάτην
667 1484 963 1553 ἐκκλησίαν
1005 1487 1505 1554 Ἀρκαδιουττόλεως
1557 1487 1648 1539 καὶ
1698 1486 1765 1538 τὰ
1805 1483 1897 1537 ὐπ’

324 1574 497 1640 αὐτὴν
526 1574 728 1640 πάντα,
753 1575 845 1627 καὶ
872 1575 960 1628 ἐπ’
987 1576 1172 1639 ἀδείας
1195 1577 1307 1641 ἕξει
1339 1579 1643 1647 ἱερουργεῖν
1676 1578 1731 1627 ἐν
1761 1577 1898 1646 αὐτῇ

301 1665 422 1718 ’καὶ
477 1665 758 1729 διακόνους
820 1668 1172 1738 προϐιὸάζειν
1208 1671 1305 1723 καὶ
1352 1670 1784 1741 πρεσδυτέρους,
1820 1668 1899 1722 ἔτι

323 1757 383 1808 δέ
414 1757 510 1808 καὶ
536 1758 879 1828 ἡγουμένους
900 1760 1251 1831 ἐγκαθιστᾷν,
1284 1762 1376 1814 καὶ
1413 1761 1599 1824 ἁπλῶς
1625 1762 1728 1813 τῶν
1759 1760 1901 1813 ἐκεί-

1990 575 2092 630 Καὶ
2121 576 2320 639 τοίνυν,
2356 577 2540 645 ἐπειδή
2595 594 2704 629 τισι
2752 577 2857 630 τῶν
2899 580 3026 646 περὶ
3060 581 3205 648 ἡμᾶς
3251 583 3559 651 ίερωτάτων

1990 669 2292 738 ἀρχιερέων
2330 670 2387 720 ἐν
2430 669 2528 721 οὐκ
2558 669 2813 741 ἐλαχίστῃ
2870 672 3032 741 πενίᾳ
3086 675 3178 725 καὶ
3226 674 3331 724 τῶν
3386 676 3557 743 ἀναγο

1992 761 2163 813 καίων
2201 760 2453 827 στερήσει
2491 761 2877 831 κατενεχθῆναι
2929 763 3127 830 συνέϐη
3170 766 3347 830 πάσης
3380 766 3564 834 σχεδὸν

1993 851 2256 920 προσόδου
2306 852 2413 903 τῶν
2468 852 2588 904 κατ’
2622 853 2822 916 αὐτοὺς
2857 855 3163 926 ἐκκλησιῶν
3195 856 3565 913 ἀποκλειθεῖσι

1992 944 2059 1011 τῇ
2109 940 2202 994 τοῦ
2258 940 2451 1011 χρόνου
2508 943 2791 1011 κακότητι,
2845 945 3001 1013 χεῖρα
3043 946 3294 1015 βοηθείας
3348 950 3568 1019 έρέγεεν

1994 1030 2102 1083 τῶν
2148 1031 2287 1084 πάνυ
2343 1030 2632 1098 είκότωνὴ
2673 1033 2959 1102 μετριότης
3017 1034 3174 1104 ἡμῶν
3222 1038 3431 1104 κρίνειν
3472 1040 3568 1092 καὶ

1995 1121 2105 1191 γάρ
2128 1122 2193 1176 ἂν
2227 1120 2310 1192 είη
2345 1122 2520 1175 κοινὸν
2564 1122 2890 1191 ἀμφοτέρων
2924 1124 3081 1178 τοῦτό
3115 1142 3176 1192 γε
3226 1129 3568 1197 προμήθεια,

1998 1213 2285 1267 αὐτῶντε
2324 1212 2411 1280 δὴ,
2444 1214 2578 1283 πρὸς
2601 1213 2691 1278 οὒς
2722 1214 2948 1282 γίνεται.
2984 1219 3073 1269 καὶ
3105 1218 3173 1270 αὖ
3209 1218 3317 1268 τῶν
3346 1220 3438 1271 ὐπ’
3469 1221 3568 1273 αὐ-

1997 1308 2107 1368 τοῖς
2134 1305 2423 1373 ποιμνίων,
2454 1307 2528 1367 ώς
2562 1306 2806 1359 ἐντεῦθεν
2841 1310 2968 1375 μιᾶς
2998 1309 3251 1378 ἀφορμῆς
3280 1311 3460 1378 διττὴν
3489 1312 3573 1379 γί-

1997 1395 2325 1465 νεσθαικτὴν
2379 1396 2589 1464 1Βνησιν,
2645 1397 2774 1467 μήτ’
2802 1396 3033 1451 ἐνταῦθα
3087 1403 3573 1470 περιγραφομένην

1998 1487 2221 1541 κάκεῖσε
2254 1486 2328 1547 ὡς
2358 1487 2417 1537 τὸ
2445 1485 2591 1550 εἰκὸς
2619 1486 3020 1553 διαϐαίνουσαν.
3056 1487 3145 1552 Ὧς
3185 1490 3290 1557 γὰρ
3320 1490 3575 1560 πονηρῶς

2003 1577 2342 1646 διατεθείσης
2403 1577 2502 1645 τῆς
2566 1578 2807 1648 κεφαλῆς
2862 1578 3076 1649 ἀνάγκη
3141 1581 3576 1652 μεταλαγχάνειν

2000 1669 2093 1721 καὶ
2138 1668 2305 1721 τᾶλλα
2346 1666 2440 1719 τοῦ
2482 1668 2735 1737 σώματος
2770 1670 2907 1738 μέλη
2946 1669 3039 1721 τοῦ
3069 1671 3298 1735 πάθους,
3337 1671 3482 1725 οὕτω
3511 1672 3576 1741 δὴ

2007 1759 2284 1814 κάνταῦθα
2316 1759 2557 1828 κεφαλῆς
2587 1761 2744 1827 λόγον
2777 1760 2991 1829 ἔχοντες
3017 1762 3107 1814 καὶ
3136 1763 3445 1831 ποιμαίνειν
3475 1762 3574 1815 λα-

324 1866 423 1918 νης
476 1852 694 1903 πάντων
746 1851 983 1921 μεθέξει,
1035 1853 1135 1905 ὅσα
1192 1855 1287 1905 καὶ
1328 1854 1548 1922 γνήσιος
1590 1853 1902 1923 ἀρχιερεὺς,
1936 1843 1976 1899 Β
2005 1853 2187 1921 χόντες
2231 1852 2365 1920 πρός
2410 1868 2473 1918 γε
2519 1852 2583 1921 δὴ
2623 1850 2683 1904 τὸ
2709 1852 2800 1904 ὐπ’
2829 1852 3008 1914 αὐτοῖς
3040 1852 3261 1905 ἕκαστοι
3298 1852 3575 1920 ποίμνιον,

324 1940 456 1992 ἀνευ
502 1938 686 2007 μέντοι
737 1943 836 2010 τῆς
888 1943 981 1995 τοῦ
1035 1942 1183 2011 ἱεροῦ
1231 1941 1517 2011 συνθρόνου
1577 1940 1900 2009 ἐγκαθιδρύ-

327 2049 491 2095 amr,
531 2034 655 2086 ὅθεν
687 2033 996 2102 ὀφείλουσιν
1027 2035 1082 2087 οῖ
1107 2051 1168 2087 τε
1206 2035 1462 2106 κληρικοὶ
1507 2035 1609 2104 τῆς
1646 2033 1903 2101 δηλωθεί-

327 2140 428 2192 σης
460 2124 773 2194 ἁγιωτάτης
833 2125 1124 2196 ἐκκλησίας
1181 2126 1274 2181 καὶ
1324 2127 1375 2178 οί
1421 2126 1526 2179 ύπδ
1557 2128 1656 2196 τὴν
1687 2125 1902 2194 ἐνορίαν

326 2213 535 2282 ταύτης
563 2214 843 2278 τελοῦντες
873 2219 965 2271 καὶ
1000 2216 1380 2286 πνευματικὴν
1410 2218 1787 2286 ἐπικράτειαν,
1823 2219 1899 2270 le-

336 2306 594 2383 ρωμένοι,
654 2305 980 2376 μονάζοντες
1031 2308 1127 2361 καὶ
1172 2307 1234 2361 τὸ
1279 2304 1462 2362 λοιπὸν
1514 2306 1903 2378 Χριστώνυμον

327 2396 603 2465 πλήρωμα
664 2396 915 2463 δέξασθαι
963 2396 1149 2451 τοῦτον
1208 2400 1303 2452 καὶ
1363 2398 1452 2452 διά
1515 2398 1697 2469 πάσης
1744 2399 1899 2468 ἀγιιν

328 2487 508 2549 αἰδοῦς
554 2490 646 2541 καὶ
700 2488 867 2558 τιμῆς
909 2490 1003 2542 καὶ
1060 2490 1159 2558 τὴν
1198 2492 1588 2562 προσήκουσαν
1625 2491 1904 2561 ὑποταγὴν

326 2575 504 2647 τούτῳ
538 2578 631 2629 καὶ
664 2578 977 2633 εὐπείθειαν
1006 2580 1305 2649 ἀπονέμειν
1335 2580 1410 2644 ώς
1448 2581 1697 2651 ἀρχιερεῖ
1723 2579 1902 2635 αὐτῶν

328 2667 427 2719 καὶ
490 2668 660 2738 πατρὶ
719 2669 816 2722 καὶ
876 2668 1177 2739 διδασκάλῳ
1240 2670 1615 2740 πνευματικιῖῃ
1678 2671 1762 2739 ἐφ’
1821 2664 1901 2734 οἷς

329 2757 423 2810 ὑπ’
491 2758 659 2812 αὐτοῦ
723 2759 1057 2813 νουθετοῖντο
1135 2762 1270 2830 πρὸς
1342 2762 1614 2831 σωτηρίαν
1682 2762 1897 2815 συντεί-

327 2866 480 2902 νουσι
534 2850 645 2904 τῶν
695 2850 881 2921 ψυχῶν
928 2852 1125 2906 αὐτῶν.
1166 2852 1290 2906 Ἐπὶ
1338 2851 1513 2922 τούτῳ
1566 2854 1674 2923 γὰρ
1714 2852 1902 2906 καὶτὸ

330 2943 506 3013 παρὸν
549 2942 822 2995 συνοδικδν
874 2943 977 3012 τῆς
1032 2944 1191 3013 ἡμῶν
1260 2942 1617 3013 μετριότητος
1668 2946 1905 3012 γράμμα

330 3035 506 3103 τούτῳ
543 3034 608 3103 δὴ
645 3035 723 3103 τῷ
756 3034 1102 3104 διαληφθέντι
1152 3034 1430 3104 ίερωτάτῳ
1486 3034 1902 3105 ἀρχιεπισκόπῳ

331 3129 610 3198 Μεσήνης,
643 3127 912 3197 ἀγαπητῷ
965 3128 1106 3180 κατά
1156 3128 1358 3195 Κύριον
1390 3127 1605 3198 ἀδελφῷ
1636 3128 1730 3180 καὶ
1776 3126 1901 3180 συλ-

330 3220 631 3292 λειτουργῷ
686 3223 784 3292 τῆς
834 3222 995 3293 ἡμῶν
1041 3222 1413 3292 μετριότητος,
1466 3224 1547 3285 είς
1601 3221 1903 3291 ἀσφάλειαν

328 3310 658 3365 ἐπιδέδοται.

406 3402 450 3473 -ί-
486 3399 631 3472 Εἶχε
652 3404 740 3460 td‘
765 3403 921 3473 Μηνὶ
948 3405 1278 3475 Αὐγούστῳ
1305 3404 1422 3459 ινδ.
1455 3408 1539 3458 ιε’.

329 3558 446 3616 XL.
487 3558 728 3631 Synodua
760 3561 1103 3631 metropolin
1132 3560 1402 3615 Heraclea:
1446 3559 1677 3613 Pontica'
1706 3557 1905 3627 confert

530 3630 891 3701 episcopatum
921 3630 1147 3702 Amyclii
1177 3647 1271 3701 per
1313 3631 1728 3700 adjunclionem.

404 3762 447 3833 -ί-
486 3762 814 3833 Ἐπειδήπερ
843 3764 902 3815 ἐν
925 3763 1101 3834 κρίσει
1125 3763 1249 3825 τοὺς
1278 3762 1468 3830 λόγους
1496 3762 1588 3815 καὶ
1614 3762 1770 3831 ἡμεῖς
1796 3759 1905 3816 τῶν

331 3852 678 3923 πραγμάτων
718 3852 1023 3921 οἰκονομεῖν
1067 3852 1333 3922 ἐλάχομεν
1384 3853 1453 3923 τῇ
1503 3851 1596 3905 τοῦ
1632 3850 1766 3904 Θεοῦ
1809 3850 1909 3921 χάυ

332 3963 467 4015 ριτι,
497 3946 679 4016 νέμειν
707 3961 768 3999 τε
792 3945 887 3997 καὶ
912 3944 1134 3997 διοικεῖν
1159 3944 1216 3995 ἐν
1249 3960 1313 4012 γε
1343 3945 1903 4012 τοῖςπνευματικοῖς,

326 4038 408 4099 ὡς
449 4036 576 4107 χρὴ,
610 4036 821 4089 ἕκαστα
852 4036 948 4089 καὶ
996 4035 1083 4088 διὰ
1107 4035 1326 4089 πάντων
1370 4035 1445 4098 ὼς
1492 4018 1668 4087 είπεῖν
1712 4031 1908 4097 σώζειν

326 4131 403 4182 τά
435 4130 741 4199 πρόσφορα,
776 4128 953 4199 χρεὼν
981 4128 1150 4197 δήπου
1185 4127 1258 4197 μὴ
1278 4127 1335 4179 ἐν
1366 4127 1631 4196 παρέργῳ
1658 4126 1905 4179 τίθεσθαι

328 4218 512 4282 τοῦτο,
550 4219 674 4288 μηδ’
698 4217 782 4287 ἐφ’
811 4219 893 4270 ἐνὶ
916 4216 1024 4269 τῶν
1063 4217 1407 4287 πραγμάτων
1439 4216 1594 4283 ἀγειν
1636 4215 1698 4268 τὸ
1736 4216 1903 4279 είκδς,

329 4309 453 4359 ἀλλ’
480 4308 668 4377 ὥσπερ
702 4307 922 4377 βασάνῳ
960 4307 1070 4360 τῶν
1103 4306 1393 4375 πρακτέων
1424 4306 1552 4370 τούς
1596 4306 1791 4373 λόγους
1840 4309 1906 4378 τῇ

329 4399 515 4468 κρίσει
564 4399 959 4468 προσάγοντας,
1006 4399 1087 4459 είς
1149 4396 1310 4467 ἔργον
1362 4396 1560 4449 αὐτίκα
1611 4397 1677 4467 δὴ
1720 4396 1910 4451 ἔπειτα

2002 1944 2284 2015 δυσχερῶς
2313 1943 2432 1996 λίαν
2458 1942 2673 2009 ἕξουσιν
2699 1943 2927 2012 ὠφελεῖν
2960 1960 3131 2007 τινας,
3168 1946 3215 1996 εί
3250 1945 3455 2015 σφοδρά
3493 1962 3579 2007 τις

2004 2037 2162 2090 πενία
2199 2033 2419 2103 κατέχει
2454 2034 2610 2103 δίκην
2638 2032 2959 2104 νεκρώσεως
3012 2037 3125 2097 τοῖς
3155 2033 3334 2088 αὐτῶν
3380 2028 3577 2105 βούλή-

2006 2128 2139 2197 μασί
2170 2145 2228 2179 τε
2258 2127 2351 2179 καὶ
2378 2126 2668 2196 πράγμασι
2704 2125 2893 2195 βιαίως
2924 2126 3295 2196 ἐμπίπτουσα,
3328 2127 3487 2181 τοῦτο
3520 2128 3576 2182 δὲ

2003 2220 2065 2274 οὐ
2102 2219 2299 2290 μικρὸν
2344 2218 2423 2287 τῷ
2465 2219 2701 2287 ποιμνίῳ
2735 2217 2955 2288 βλάϐος.
2994 2219 3227 2273 Ἔπειτα
3278 2218 3390 2272 οὐτ’
3429 2220 3577 2272 ἐστιν

2003 2308 2239 2363 ἐνταῦθα
2261 2308 2463 2375 λέγειν,
2490 2307 2565 2369 ὡς
2594 2310 2890 2379 ἀσυντελής
2922 2311 2951 2377 ἡ
2980 2310 3087 2363 τῶν
3120 2310 3321 2375 ἔξωθεν
3346 2315 3575 2383 εὐπορία

2003 2404 2114 2464 τοῖς
2167 2401 2234 2454 τὰ
2262 2401 2356 2454 τοῦ
2386 2400 2696 2471 πνεύματος
2739 2402 3075 2470 ἐνεργοῦσιν,
3118 2404 3167 2456 εί
3211 2404 3284 2473 μή
3321 2420 3404 2466 τις
3442 2405 3577 2473 φαίη

2003 2494 2098 2545 καὶ
2147 2491 2242 2560 τὴν
2291 2491 2470 2561 ψυχὴν
2530 2492 2785 2563 σώματος
2809 2493 2935 2545 ἄνευ
2992 2495 3192 2561 ἀρετὰς
3248 2493 3578 2563 ἐργάζεσθαι

2004 2582 2287 2637 δύνασθαι.
2312 2584 2380 2636 Ἣ
2411 2582 2529 2646 πῶς
2548 2584 2647 2636 οὐκ
2675 2583 2740 2637 ἀν
2770 2584 2968 2652 χαλκὸς
3001 2584 3151 2654 ἠχῶν
3182 2586 3292 2647 τοῖς
3318 2584 3577 2637 ἀκούουσι

2003 2672 2276 2745 λογισθείη
2343 2676 2483 2728 κατά
2535 2676 2624 2727 τδν
2660 2675 2801 2727 θεῖον
2831 2676 3176 2739 Ἀπόστολον,
3234 2676 3395 2728 ὁπότε
3436 2674 3581 2743 λόγῳ

2008 2766 2155 2836 μόνῳ
2208 2766 2525 2835 φιλοσοφοίη
2588 2766 2658 2820 τὰ
2710 2769 2810 2837 τῆς
2864 2766 3239 2837 ἐλεημοσύνης
3305 2765 3576 2836 ἐγκώμια,

2005 2856 2331 2925 πράγμασιν
2379 2855 2479 2907 οὐκ
2528 2854 2672 2925 ἔχων
2703 2854 2828 2917 τοὺς
2853 2855 3057 2919 τύπους
3084 2858 3197 2919 τοῖς
3237 2857 3417 2924 λόγοις
3457 2873 3585 2909 συν-

2003 2947 2229 3018 ᾴῶντας
2288 2946 2777 3017 καθυπογράφειν;
2810 2945 2918 2999 Καὶ
2980 2948 3322 3019 πανταχόθεν
3373 2947 3580 3001 κατίδοι

2003 3039 2071 3092 ἄν
2121 3056 2203 3102 τις
2269 3039 2518 3109 μεγάλην
2556 3034 2723 3092 οὖσαν
2757 3037 2857 3106 τὴν
2887 3038 2995 3091 τῶν
3017 3040 3362 3108 πραγμάτων
3396 3038 3579 3090 συντέ-

2005 3129 2177 3190 λειαν,
2210 3128 2348 3196 πλὴν
2368 3128 2464 3196 οὐχ
2495 3129 2597 3180 ὅσα
2633 3128 2735 3197 τὴν
2760 3127 2953 3197 χρείαν
2986 3128 3337 3195 ὑπερϐαίνει,
3369 3129 3487 3180 ἐπεὶ
3515 3128 3587 3180 τά,

2006 3236 2070 3288 γε
2098 3217 2197 3287 τῆς
2220 3219 2425 3293 χρείας
2448 3218 2601 3280 ἐντδς
2630 3219 2911 3271 κακίσειεν
2940 3219 3006 3271 ἂν
3028 3219 3136 3270 τῶν
3176 3218 3584 3286 εὐφρανούντων

2006 3308 2199 3371 οὐδείς.
2268 3307 2424 3362 Οὐτω
2482 3310 2664 3363 τοίνυν
2717 3310 2853 3369 τοῖς·
2899 3309 3031 3363 καθ’
3082 3308 3233 3379 ἡμᾶς
3285 3308 3581 3379 πράγμασι

2008 3400 2368 3469 προσέχοντες
2428 3401 2520 3454 καὶ
2580 3400 2762 3454 ταῖσδε
2812 3402 2932 3465 ταῖς
2977 3401 3179 3471 ψήφοις
3230 3401 3299 3453 τά
3353 3400 3582 3454 τοιαῦτα

2009 3493 2399 3559 προσάγοντες,
2457 3491 2566 3545 τῶν
2622 3492 2929 3547 ἀπεικότων
2977 3492 3259 3562 κρίνομεν,
3300 3490 3393 3560 ὐφ’
3423 3490 3584 3562 ἡμῶν

2008 3582 2326 3652 ἀμελεῖσθαί
2370 3600 2430 3635 τε
2482 3583 2577 3636 καὶ
2628 3583 3009 3653 περιορᾶσθαι,
3041 3585 3095 3637 εί
3120 3600 3202 3647 τις
3244 3583 3350 3636 τῶν
3380 3566 3578 3652 ἡμετέσ

2009 3691 2118 3744 ρων
2163 3679 2222 3727 ἐν
2261 3670 2455 3746 Κυρίῳ
2500 3675 2751 3742 ἀδελφῶν
2797 3675 2875 3745 τῷ
2909 3677 3005 3746 τῆς
3036 3675 3225 3738 πενίας
3258 3673 3585 3729 καταδύεται

2010 3763 2235 3833 κύματι.
2267 3764 2481 3818 Οὐκοῦν
2508 3765 2619 3819 οὐδ’
2646 3764 2930 3835 ἀμελεῖται
2959 3766 3020 3818 τὸ
3048 3765 3182 3834 γοῦν
3217 3766 3305 3833 ἐφ’
3328 3765 3460 3834 ἡμῖν
3489 3765 3583 3816 ούο

2007 3853 2118 3916 δεὶς
2150 3855 2299 3918 ὅστις
2325 3853 2495 3921 ἄξιος,
2521 3854 2657 3907 ἀλλά
2683 3854 2780 3922 τῆς
2816 3853 3203 3925 προσηκούσης
3232 3854 3464 3915 ἔκαστος
3490 3868 3590 3921 [ιε-ι

2006 3945 2336 4015 ταλαγχάνει
2373 3945 2715 4016 προμηθείας
2752 3944 2848 3998 καὶ
2889 3945 3170 4016 βοηθείας⁸
3203 3944 3311 3999 ἰδοὺ
3343 3944 3453 4015 γάρ
3486 3944 3584 3997 καὶ

2009 4038 2037 4089 δ
2105 4037 2398 4107 ίερώτατος
2476 4036 2877 4107 μητροπολίτης
2948 4037 3419 4106 Ποντοηρακλείας
3487 4038 3583 4089 καὶ

2010 4131 2331 4203 ὐπέρτιμος,
2355 4130 2412 4182 ἐν
2443 4129 2582 4199 ἁγίῳ
2617 4128 2895 4197 Πνεῦματι
2924 4129 3207 4196 ἀγαπητὸς
3234 4128 3459 4196 ἀδελφὸς
3492 4128 3587 4181 καὶ

2011 4220 2448 4291 συλλειτουργδς,
2493 4220 2637 4291 λόγῳ
2665 4221 2758 4273 καὶ
2792 4219 2907 4290 βίου
2952 4218 3252 4290 ἐμπρέπων
3293 4219 3584 4288 σεμνότητι

2010 4312 2107 4365 καὶ
2168 4313 2266 4382 τῆς
2320 4312 2523 4381 ἀρετῆς
2562 4311 2809 4365 πλουτῶν
2856 4314 2923 4366 τὰ
2955 4312 3238 4372 κάλλιστα.
3279 4312 3495 4374 οὐδενὸς
3521 4312 3587 4364 ἀν

2009 4403 2088 4474 τῷ
2144 4405 2282 4466 τέως
2331 4405 2519 4464 ἐδεῖτο,
2551 4404 2601 4456 εί
2652 4404 2775 4457 καθ’
2801 4404 2966 4457 αὐτὸν
3016 4399 3085 4473 ῆν
3136 4403 3362 4471 διάγων,
3388 4402 3483 4455 νῦν
3507 4402 3585 4466 δὲ,

330 4492 620 4559 προάγειν.
655 4490 828 4544 Εῑοῦν
853 4490 977 4553 τούς
1019 4507 1084 4559 γε
1116 4484 1424 4551 ἄλλους’καὶ
1458 4490 1557 4560 οὐχ
1580 4484 1761 4561 ἦττον,
1793 4490 1907 4543 ὅσοι
1940 4505 1983 4561 ι)
2016 4494 2201 4566 ἐπειδὴ
2236 4497 2575 4565 προστασίαν
2607 4497 2755 4548 ἐστὶν
2793 4495 3273 4563 ἐγκεχειρισμένος
3310 4493 3463 4556 λαοῦ,
3497 4492 3588 4544 καὶ

328 4584 481 4635 κατὰ
545 4583 701 4650 γένος
764 4583 997 4652 μάλιστα
1068 4584 1424 4651 προσήκουσι,
1486 4579 1740 4650 προνοίας
1803 4580 1909 4646 ἔξω

334 4676 612 4728 ποιεῖσθαι
651 4674 739 4727 ἐπ’
772 4674 976 4748 ἔσχατα
1004 4674 1368 4744 σκληρότητος
1399 4675 1493 4728 καὶ
1524 4673 1911 4743 άσυμπαθείας

331 4762 543 4837 ἥκει,ἧ
574 4783 679 4818 που
711 4765 834 4829 τούς
866 4783 930 4834 γε
967 4765 1043 4837 τῷ
1079 4766 1228 4837 αὐτῷ
1260 4765 1620 4828 τελεωθέντας
1649 4764 1910 4835 χρίσματι

331 4859 434 4912 καὶ
466 4858 542 4927 τῷ
574 4857 721 4928 αὐτῷ
753 4859 1128 4927 συναφθέντας
1160 4858 1453 4928 πνεύματι,
1488 4859 1596 4909 τῶν
1623 4859 1914 4924 ἀναγκαίοι-

331 4950 515 5003 τάτων
553 4950 620 5003 ἀν
665 4950 749 5019 εἴη
788 4949 967 5020 πάσης
1001 4952 1190 5015 ἀξιοῦν
1222 4950 1572 5020 κηδεμονίας,
1617 4947 1751 5020 παρ’
1788 4949 1912 5002 ὅσον

334 5040 439 5093 καὶ
494 5042 766 5120 κρείττων.
822 5043 855 5107 ἡ
922 5042 1013 5094 τοῦ
1072 5041 1383 5110 πνεύματος
1439 5044 1536 5113 τῆς
1587 5041 1646 5106 ἐξ
1684 5041 1913 5110 αἵματος

334 5132 658 5199 συναφείας.
692 5132 841 5185 Ἐκεῖ
880 5133 978 5201 μὲν
1011 5133 1120 5201 γὰρ
1161 5132 1292 5197 ἴσως
1322 5134 1663 5205 σκληρότητα
1691 5134 1915 5202 γνώμης

333 5223 753 5291 καταγνωσθείς
802 5241 905 5287 τις,
957 5219 1075 5277 εἶτα
1110 5224 1353 5295 ἀπῆλθεν
1398 5226 1453 5287 ἐς
1481 5223 1737 5278 τοσοῦτον
1766 5222 1916 5293 αὐτῷ

334 5317 439 5385 τῆς
472 5318 768 5387 καταδίκης
809 5316 1142 5388 ὁρισθείσης,
1174 5317 1407 5370 ἐνταῦθα
1449 5317 1505 5369 δὲ
1534 5316 1668 5387 πρὸς
1705 5315 1915 5377 τούτοις
1954 5350 1961 5361 ι

336 5408 439 5459 καὶ
458 5408 614 5471 δίκας
637 5411 863 5478 ὀφλήσει
891 5411 1038 5479 παρά
1062 5409 1138 5480 τῷ
1164 5409 1231 5462 τά
1254 5410 1350 5475 τῆς
1370 5408 1679 5477 οἰκονομίας
1700 5406 1920 5460 πιστεύ-

340 5515 521 5560 σαντι,
579 5503 625 5552 εἰ
685 5503 987 5571 δυνάμενος,
1026 5505 1182 5574 χεῖρα
1252 5500 1503 5571 βοηθείας
1560 5500 1916 5571 παρέχεσθαι,

338 5590 534 5643 ἔπειτα
602 5594 852 5665 ῥᾳστώνῃ
918 5594 1166 5651 δεδωκὼς
1230 5595 1292 5647 τὸ
1356 5596 1622 5664 πρᾶγμα,
1690 5595 1756 5664 τῇ
1829 5592 1920 5663 βίᾳ⁵

343 5682 707 5736 συνωθεῖσθαι
736 5686 829 5737 τὸν
858 5686 1084 5753 ἀδελφὸν
1125 5684 1571 5755 συγκεχώρηκεν.
1602 5685 1758 5737 υῦτω
1793 5684 1920 5753 μέν·

340 5789 430 5825 τοι
466 5774 637 5827 ταῦτα
668 5778 799 5845 παρ’
834 5778 963 5846 ἡμῖν
990 5775 1322 5847 νομιζόμενα
1346 5781 1438 5830 καὶ
1468 5775 1824 5840 σπουδάζεται
1858 5776 1919 5828 τό

2011 4588 2180 4657 πολλή
2209 4603 2292 4648 τις
2323 4586 2500 4656 τούτῳ
2526 4586 2810 4639 ἀνάκειται
2836 4583 3077 4652 φροντὶς,
3106 4582 3253 4648 ἄξιος
3276 4583 3343 4637 ἀν
3374 4584 3588 4655 εῐηηκαι

2010 4679 2119 4733 τῶν
2151 4677 2233 4738 είς
2276 4674 2465 4745 χρείαν
2500 4675 2745 4744 ἡκόντων
2790 4672 3178 4738 ἐπαπολαύειν,
3216 4672 3286 4725 ἶν’
3322 4674 3486 4737 αὐτός
3524 4691 3586 4726 τε

2012 4768 2190 4839 ἐαυτῷ
2227 4755 2487 4837 ἐπαρκῶν
2535 4768 2623 4836 εἴη
2665 4769 2786 4830 ταῖς
2817 4769 3045 4828 πυκναῖς
3079 4766 3362 4837 ἐνδημίαις
3404 4785 3464 4821 τε
3497 4768 3590 4820 καὶ⁸

2012 4861 2347 4929 ἀποδημίαις
2396 4861 2735 4929 κοπτόμενος
2785 4860 2886 4927 τῆς
2932 4859 3028 4912 τοῦ
3079 4861 3283 4914 οικείου
3332 4860 3600 4930 ποιμνίου.

2013 4952 2278 5021 ὠφελείας
2319 4952 2482 5005 ἓνεκα
2527 4952 2623 5003 καὶ
2665 4951 2880 5020 ἑτέρας,
2914 4951 2989 5014 ώς
3025 4951 3144 5004 ἐνδν
3171 4951 3452 5020 ὠφέλιμος
3476 4950 3588 5004 ἐσθ’

2014 5043 2104 5095 ὅτε
2133 5042 2402 5112 φαίνοιτο.
2435 5040 2604 5095 Ταῦτ’
2633 5041 2741 5111 ἄρα
2772 5042 2868 5095 καὶ
2900 5042 3000 5109 τὴν
3030 5042 3394 5112 περιέχουσαν
3426 5041 3590 5094 αὐτὸν

2015 5134 2223 5187 ἔνδειαν
2279 5133 2475 5204 ἐτέρας
2521 5131 2815 5201 ἐκκλησίας
2860 5134 3097 5204 ἐπιθήκη
3141 5132 3474 5203 θεραπεῦσαι
3513 5131 3590 5184 δι·
3690 5125 3693 5127 ’

2016 5228 2288 5297 έγνωμεν,
2321 5225 2600 5293 ἀναλόγως
2630 5224 2707 5295 τῷ
2741 5224 2907 5279 πάθει
2952 5225 3052 5294 τὴν
3110 5224 3254 5279 ῐασιν
3300 5227 3588 5293 ἐπιφέρον-

2016 5335 2128 5380 τες.
2192 5318 2326 5371 Ποία
2372 5319 2481 5386 γάρ
2535 5317 2603 5371 ἂν
2646 5317 2731 5389 εἴη
2790 5318 3221 5388 πρεπωδεστέρα
3277 5316 3589 5387 προμήθεια

2017 5408 2236 5479 ποιμένι
2280 5408 2645 5479 ἀπορουμένῳ
2703 5408 2836 5478 περὶ
2867 5408 2937 5461 τὰ
2971 5407 3209 5478 χρειώδη
3263 5410 3295 5478 ἡ
3329 5408 3586 5477 ποιμνίου

2018 5499 2354 5569 ἐπαύξησις;
2405 5499 2517 5570 Τὴν
2567 5499 2749 5552 τοίνυν
2803 5499 3115 5569 ἀγιωτάτην
3156 5497 3460 5566 ἐπισκοπὴν
3490 5496 3587 5565 τὴν

1966 5648 1975 5651 ,
2019 5587 2504 5658 ἐπονομαζομένην
2559 5588 2872 5659 Ἀμύκλιον,
2917 5590 3017 5660 τὴν
3062 5590 3430 5659 ὑποκειμένην
3469 5589 3589 5650 ταῖς

2021 5680 2281 5742 Παλαιαῖς
2316 5680 2581 5750 Πάτραις,
2622 5680 2966 5751 χηρεύουσαν
3013 5681 3113 5752 ’ήδη
3167 5682 3355 5752 χρόνον
3406 5672 3605 5734 ίκανὸν“

2023 5774 2119 5828 καὶ
2147 5773 2412 5845 δεομένην
2445 5775 2540 5829 τοῦ
2572 5775 2871 5843 διδάξοντος
2895 5778 2990 5831 καὶ
3019 5776 3155 5847 πρὸς
3187 5778 3282 5841 τὰς
3309 5776 3598 5846 κρείττους
