4022 6204
275 380 416 446 1145

1351 386 1748 449 εΥΝοῡῐοΑι
1787 388 2486 452 CONSTITUTIONES.

3394 386 3531 452 1346

271 499 556 569 Μεσήνης,
600 496 731 566 περὶ
779 497 881 568 μέν
928 497 1039 553 τῶν
1098 498 1451 569 ἐκδοθέντων,
1492 502 1569 566 ὡς
1614 503 1853 573 εῖρηται,
1885 517 1930 573 Α
1959 525 2060 579 της
2091 507 2250 579 ήμῶν
2299 508 2394 562 καὶ
2422 506 2664 571 ὼςηέπτά
2698 522 2841 569 τινες
2883 504 3531 575 τῶνπροϐαθμιωτέρων

275 590 664 661 μοναστηρίων
694 589 789 643 καὶ
816 591 927 644 τῶν
966 591 1110 646 ναῶν
1140 592 1227 644 ἐπ’
1254 593 1433 658 ἀδείας
1467 593 1610 665 ἐχειν
1636 596 1729 649 τὸν
1754 597 1852 666 δη-

273 684 515 739 λυθέντα
561 683 874 753 ἱερώτατον
924 683 1028 753 τῆς
1069 684 1385 749 Ἀτταλείας
1410 685 1674 756 ἀρχιερέα
1711 688 1850 741 ἀπο-

276 777 488 832 σπάσαι
517 775 693 830 ταῦτα
729 775 839 830 ἀπὸ
869 777 979 830 τῶν
1014 778 1358 847 κατεχόντων
1387 779 1528 831 αύτά
1573 780 1853 849 κληρικῶν

175 908 185 915 -
273 868 372 923 καὶ
402 868 691 939 κοσμικῶν
722 866 1029 939 ἀνθρώπων
1060 869 1155 921 καὶ
1194 870 1497 922 σπουδάσαι
1531 871 1626 923 καὶ
1659 874 1854 940 ἐπιμε-

272 962 527 1034 ληθῆναι,
565 961 707 1015 ὥστε
763 962 1104 1030 καταστῆσαι
1152 963 1248 1015 καὶ
1278 962 1561 1026 ἀποδεῖξαι
1587 954 1755 1014 πάλιν
1788 963 1856 1016 τὰ

271 1055 503 1111 τοιαῦτα
533 1059 875 1126 μοναστήρια
903 1056 1222 1123 καταγώγια
1263 1055 1534 1127 μοναχῶν,
1579 1056 1857 1111 ἀνασῶσαί

273 1162 335 1199 τε
364 1146 572 1213 αὐτοῖς,
610 1147 694 1199 ἐτι
720 1146 776 1200 δὲ
820 1146 913 1200 καὶ
940 1149 1055 1211 τοῖς
1080 1148 1347 1210 τοιούτοις
1379 1148 1545 1212 θείοις
1573 1149 1725 1210 ναοῖς
1762 1148 1858 1200 καὶ

273 1238 346 1292 τὰ
405 1240 664 1307 κτήματα
712 1238 914 1305 αὐτῶν,
946 1239 1046 1292 ὅσα
1086 1240 1333 1308 ἔφθασαν
1361 1239 1753 1309 διαπραθῆναι,
1782 1238 1858 1300 ῶς

258 1332 520 1407 εἴρηται,
554 1330 705 1400 παρὰ
730 1330 839 1384 τῶν
870 1330 1211 1401 κατεχόντων
1240 1332 1398 1397 αύτά,
1427 1331 1615 1386 ἀδικον
1638 1331 1749 1400 γὰρ
1779 1329 1861 1382 ἔνι

276 1423 378 1477 καὶ⁵
412 1423 558 1491 μέγα
593 1423 857 1493 ἐπιφέρον
895 1424 959 1476 τὸ
999 1426 1175 1493 κρῖμα
1207 1426 1326 1486 ταῖς
1356 1423 1555 1494 ψυχαῖς
1584 1424 1694 1476 τῶν
1724 1440 1861 1477 κατ-

276 1518 517 1588 εχόντων
545 1517 740 1585 ταῦτα,
794 1518 855 1571 τὸ
910 1518 1004 1572 ἐπὶ
1053 1518 1200 1590 λύμῃ
1252 1520 1345 1573 καὶ
1388 1520 1711 1589 καινοτομίᾳ
1764 1519 1862 1571 καὶ

283 1610 462 1682 βλάϐῃ
496 1610 607 1666 τῶν
651 1609 966 1681 προσόντων
1010 1612 1121 1675 τοῖς
1172 1611 1437 1670 τοιούτοις
1472 1611 1864 1681 μοναστηρίοις

280 1703 378 1756 καὶ
400 1704 514 1763 τοῖς
548 1705 698 1764 ναοῖς
723 1701 1153 1773 κατακυριεύειν
1182 1702 1277 1755 καὶ
1309 1701 1597 1765 δεσπόζειν
1620 1702 1715 1754 καὶ
1735 1718 1865 1754 κατ-

280 1795 426 1865 έχειν
473 1794 653 1847 αύτάο
711 1794 781 1847 τὰ
833 1797 941 1865 γάρ
985 1793 1135 1859 ἅπαξ
1186 1794 1564 1864 ἀφιερωθέντα
1620 1794 1699 1861 τῷ
1743 1793 1867 1863 Θεῷ

1955 602 2349 672 πρεσϐυτέρων
2371 602 2468 656 τοῦ
2499 602 2703 672 κλήρου
2733 600 2833 668 τῆς
2857 597 3114 669 τοιαύτης
3140 598 3533 668 μητροπόλεως

1968 696 2287 758 Ἀτταλείας
2319 694 2728 750 ἀντιποιοῦνται
2771 694 2873 762 τῆς
2927 694 3268 762 τεταγμένης
3307 690 3534 747 ἀκολου-

1958 788 2081 851 θίας
2106 786 2200 841 τοῦ
2230 786 2535 856 εύχελαίου,
2568 785 2709 840 ῶστε
2767 787 2903 855 παρ’
2949 783 3129 837 αὐτῶν
3174 785 3350 851 μόνων
3383 782 3537 834 έκτε.

1958 878 2168 932 λεῖσθαι
2209 878 2308 949 τὴν
2342 876 2602 946 τοιαύτην
2632 874 2956 929 ἀκολουθίαν
3005 875 3099 927 καὶ
3148 872 3223 943 μὴ
3272 870 3403 942 παρ’
3436 872 3536 925 ἀλ-

1958 970 2070 1024 λων
2119 971 2283 1023 τινῶν
2344 967 2755 1037 πρεσϐυτέρων,
2828 967 2907 1038 τῷ
2962 966 3129 1037 λόγῳ,
3193 965 3275 1018 ὅτι
3332 962 3535 1031 ἔφθασε

1960 1062 2225 1132 ταχθῆναι
2279 1060 2442 1115 τοῦτο
2488 1061 2594 1129 πρὸ
2622 1061 2832 1130 χρόνων
2861 1060 3014 1126 παρά
3038 1057 3133 1111 τοῦ
3162 1056 3239 1125 τῷ
3269 1057 3387 1109 τότε
3436 1056 3538 1123 ἀρ-

1961 1152 2190 1224 χιερέως
2218 1152 2319 1219 τῆς
2341 1151 2597 1221 τοιαύτης
2628 1151 3038 1220 μητροπόλεως,
3070 1148 3165 1203 καὶ
3206 1146 3382 1201 ταῦτα
3420 1144 3540 1215 μετ’

1962 1245 2143 1313 ὀλίγον
2175 1245 2342 1299 πάλιν
2366 1245 2744 1315 ἀκυρωθέντος
2775 1244 2967 1297 τούτου
3009 1241 3098 1296 διὰ
3137 1238 3540 1310 πατριαρχικοῦ

1964 1338 2319 1405 γράμματος,
2352 1335 2490 1405 ὅπερ
2522 1333 2851 1405 ἐνεφανίσθη
2891 1335 2983 1387 καὶ
3017 1337 3083 1404 τῇ
3126 1335 3283 1403 ἡμῶν
3322 1331 3543 1401 μετριό-

1962 1445 2112 1498 τητι,
2168 1427 2605 1497 παρακελεύεται
2659 1428 2692 1497 ή
2750 1426 3041 1496 μετριότης
3092 1424 3270 1493 ήμῶν,
3308 1425 3396 1476 ἵνα
3449 1420 3544 1474 τοῦ

1965 1519 2157 1573 λοιποῦ
2197 1522 2290 1574 καὶ
2317 1520 2397 1583 είς
2425 1520 2486 1572 τὸ
2519 1519 2648 1587 ἐξῆς
2678 1518 2997 1571 παύσωνται
3053 1518 3102 1571 οἱ
3131 1515 3365 1569 τοιοῦτοι
3412 1530 3544 1583 πρε-

1968 1612 2223 1679 σϐύτεροι
2254 1612 2345 1667 τοῦ
2376 1611 2773 1666 ἀντιποιεῖσθαι
2794 1610 2895 1679 τῆς
2929 1611 3187 1680 τοιαύτης
3218 1606 3547 1671 ἀκολουθίας

1966 1707 2064 1759 τοῦ
2098 1705 2407 1778 εύχελαίου.
2434 1705 2511 1769 ὡς
2536 1704 2903 1773 διαφερούσης
2940 1702 3035 1756 καὶ
3060 1700 3369 1769 ἀνηκούσης
3402 1700 3548 1761 ἰδίως

1969 1799 2175 1863 αὐτοῖς,
2205 1800 2300 1851 καὶ
2334 1798 2407 1868 μὴ
2436 1796 2569 1867 παρ’
2600 1795 2783 1851 αὐτῶν
2822 1796 3000 1864 μόνων
3037 1794 3325 1861 ἐκτελῆται
3359 1795 3426 1845 τά
3451 1790 3548 1858 τῆς

279 1888 737 1958 ἀπαρεγχείρητα
761 1887 1139 1956 διατηρεῖσθαι
1164 1886 1437 1954 ὀφείλουσι
1463 1889 1558 1940 καὶ
1584 1887 1854 1956 ἀμείωτα,
1892 1886 1938 1947 Β
1966 1891 2223 1959 τοιαύτης
2256 1890 2606 1954 ἀκολουθίας,
2660 1886 2797 1941 ἀλλὰ
2855 1886 3031 1957 (παρὰ
3071 1885 3203 1946 τῶν)
3251 1884 3553 1954 πρεσϐυτέ-

280 1977 344 2032 οὐ
400 1977 564 2047 μόνον
612 1978 767 2047 παρά
818 1980 932 2031 τῶν
974 1978 1389 2048 ἀναδεχομένων
1437 1978 1870 2046 τοιουτοτρόπως

280 2068 447 2135 αύτά,
484 2068 621 2123 ἀλλά
651 2069 882 2125 καὶτῶν
915 2068 1131 2124 οἴκοθεν
1156 2071 1534 2124 συνιστώντων
1570 2070 1666 2123 καὶ
1698 2086 1869 2139 προσ-

284 2161 549 2215 τιθέντων
593 2163 686 2214 καὶ
735 2162 997 2229 καθάπαξ
1055 2164 1451 2232 προσαγόντων
1498 2164 1567 2216 τά
1595 2162 1872 2233 προσόντα

282 2253 493 2316 αὐτοῖς.
528 2253 665 2323 Περὶ
696 2253 752 2306 δὲ
783 2253 891 2306 τῶν
921 2256 1247 2323 γινομένων,
1282 2254 1359 2318 ὡς
1395 2254 1717 2325 δεδήλωται,
1748 2270 1875 2306 συν-

285 2344 655 2415 αλλαγμάτων
710 2346 805 2400 καὶ
867 2336 1221 2400 συνοικεσίων
1272 2347 1469 2415 διέγνω
1515 2347 1611 2399 καὶ
1657 2345 1875 2413 ἀπεφή-

285 2454 417 2491 νατο
446 2439 479 2505 ή
509 2437 801 2509 μετριότης
836 2437 997 2509 ήμῶν
1024 2437 1165 2506 μετά
1200 2436 1301 2506 τῆς
1335 2437 1466 2507 περὶ
1516 2436 1687 2506 αὐτὴν
1722 2436 1876 2505 ἱερᾶς

288 2530 386 2584 καὶ
436 2530 593 2594 θείας
654 2530 899 2597 συνόδου,
948 2530 1156 2601 ἄκυρον
1224 2524 1365 2583 εἶναι
1422 2528 1525 2601 τὴν
1580 2529 1875 2597 γινομένην

287 2623 603 2694 παράλογον
632 2623 728 2676 καὶ
752 2622 957 2676 ἀτοπον
989 2620 1281 2692 συνήθειαν
1312 2620 1408 2674 καὶ
1436 2620 1711 2687 ἀϐέϐαιον,
1744 2618 1876 2672 ἔνθα

291 2718 496 2788 προϐῇ,
522 2718 615 2771 καὶ
634 2717 805 2789 ὀπότε
828 2734 894 2769 συ
904 2716 1011 2787 μϐῇ
1040 2716 1447 2787 τελευτησάσης
1478 2715 1578 2786 τῆς
1615 2713 1878 2783 γυναικὸς

289 2812 649 2865 ἀπαιτεῖσθαι
675 2811 741 2863 τά
770 2809 872 2879 τῆς
902 2810 1132 2881 προικὸς
1160 2809 1489 2878 πράγματα,
1525 2806 1877 2861 ἀποδίδοσθαι

289 2905 467 2959 ταῦτα
529 2903 639 2957 ἀπὸ
688 2903 784 2957 τοῦ
833 2904 1038 2973 μέρους
1096 2902 1193 2956 τοῦ
1232 2903 1426 2973 ἀνδρὸς
1478 2901 1537 2968 ἐξ
1573 2902 1877 2972 ὁλοκλήρου

290 3000 436 3051 κατὰ
473 2998 600 3061 τοὺς
631 2996 809 3059 θείους
844 2996 941 3049 καὶ
970 2994 1315 3064 φιλευσεϐεῖς
1347 2996 1571 3065 νόμους,
1623 2994 1790 3065 μηδέν
1824 3011 1879 3047 τι

288 3094 603 3161 ὀφείλοντος
624 3092 879 3160 κατέχειν
912 3090 1009 3144 καὶ
1037 3090 1458 3161 ἀποκερδαίνειν
1485 3088 1544 3155 ἐξ
1571 3088 1773 3153 αὐτῶν,
1803 3088 1880 3151 ὡς

291 3186 436 3239 κατά
484 3186 642 3253 λόγον
684 3185 860 3251 ξενίου
888 3184 1062 3248 δοθὲν,
1095 3184 1194 3238 am
1243 3182 1557 3252 παραλόγου
1592 3181 1880 3243 παντελῶς

291 3277 465 3348 οὔσης
523 3278 621 3346 τῆς
673 3276 929 3348 τοιαύτης
986 3274 1265 3348 πράξεως,
1327 3277 1420 3330 καὶ
1465 3275 1555 3328 διά
1612 3275 1771 3328 τοῦτο
1820 3274 1881 3326 τὸ

290 3371 503 3441 ἄκυρον
529 3369 854 3439 ὀφειλούσης
887 3368 1034 3441 ἔχειν
1067 3371 1148 3431 είς
1178 3368 1328 3422 ἆπαν
1355 3368 1414 3422 τὸ
1442 3367 1596 3437 ἑξῆς.
1640 3367 1796 3419 Ἐπεὶ
1824 3366 1881 3419 δὲ

291 3464 565 3533 ἀνέφερεν
610 3464 645 3515 ¹ὀ
696 3460 938 3523 τοιοῦτος
1001 3460 1294 3531 ἱερώτατος
1333 3461 1630 3531 ἀρχιερεὺς
1690 3460 1883 3513 ’Δττα-

293 3556 451 3615 λείας
519 3553 611 3607 καὶ
678 3553 754 3616 ὼς
826 3552 1068 3620 ἐφθασάν
1124 3569 1269 3614 τινες
1331 3552 1502 3619 ἀδίκῳ
1555 3552 1745 3622 τρόπῳ
1788 3553 1884 3605 καὶ

298 3647 676 3717 πλεονεκτικῷ
741 3646 1184 3717 ίδιοποιήσασθαι
1253 3646 1347 3699 τὸν
1409 3646 1884 3715 ἐπισυναγόμενον

297 3743 476 3813 κηρὸν
498 3743 593 3795 καὶ
618 3742 679 3794 τὸ
708 3740 891 3795 ἔλαιον
924 3742 1005 3804 είς
1051 3741 1143 3793 τὸν
1188 3741 1371 3793 ἐκεῖσε
1419 3740 1565 3794 θεῖον
1612 3740 1741 3794 ναὸν
1786 3740 1884 3807 τῆς

300 3833 431 3889 κατ’
480 3833 647 3887 αὐτὸν
702 3831 1112 3903 μητροπόλεως,
1142 3830 1221 3884 ἔτι
1261 3831 1319 3886 δὲ
1350 3832 1447 3885 καὶ
1481 3832 1582 3900 τήν
1626 3832 1737 3885 ἀπὸ
1774 3832 1885 3885 τῶν

296 3926 672 3994 διαφερόντων
715 3926 795 3994 τῷ
840 3924 1069 3991 τοιούτῳ
1096 3923 1209 3995 ναῷ
1248 3924 1704 3995 ἐργαστηριακῶν
1734 3926 1887 3993 οἰκη-

304 4015 498 4085 μάτων
530 4016 625 4068 καὶ
673 4015 773 4084 τὴν
826 4016 921 4082 ἀφ’
966 4013 1157 4084 ἐτέρου
1195 4014 1343 4075 τινὸς
1387 4014 1592 4081 τρόπου
1624 4014 1887 4085 πρόσοδον

303 4110 391 4170 εἰς
424 4107 515 4160 τὸν
550 4105 790 4160 τοιοῦτον
820 4105 964 4159 θεῖον
987 4106 1116 4159 ναὸν
1143 4106 1239 4157 καὶ
1274 4105 1529 4173 κατέχειν
1560 4105 1656 4157 καὶ
1701 4104 1885 4158 ἀναλί-

307 4218 469 4253 σκειν
510 4198 716 4263 ταύτην
753 4200 831 4261 είς
878 4198 1013 4259 ίδίας
1054 4197 1237 4249 αὐτῶν
1269 4196 1480 4266 χρείας,
1514 4196 1787 4266 ἐκράτησε
1830 4196 1886 4249 δέ

300 4295 459 4359 ὅμως
492 4291 652 4343 πάλιν
706 4291 803 4356 τὴν
830 4290 1095 4358 τοιαύτην
1152 4288 1419 4357 πρόσοδον
1471 4288 1500 4339 ὀ
1541 4288 1648 4357 πρὸ
1698 4286 1887 4340 τούτου

302 4387 601 4456 ἀρχιερεὺς
637 4386 734 4439 καὶ
767 4384 817 4436 οἱ
850 4383 1105 4452 κληρικοὶ
1154 4381 1255 4448 τῆς
1299 4378 1558 4450 τοιαύτης
1615 4381 1890 4450 μητροπό-

300 4478 466 4542 λεως,
499 4477 593 4528 καὶ
620 4473 843 4541 ἔταξαν,
875 4474 966 4527 ἵνα
994 4472 1295 4541 κατέχηται
1324 4470 1471 4533 ίδίως
1497 4470 1589 4524 καὶ
1618 4471 1892 4539 φυλάσση-

1978 1999 2105 2051 ρων,
2129 1981 2221 2042 οὓς
2253 1981 2319 2035 ἂν
2349 1981 2551 2051 θελήσῃ
2580 1981 2674 2033 καὶ
2704 1977 3152 2050 προσκαλέσηται
3188 1976 3419 2039 ἕκαστος
3444 1977 3554 2028 τῶν

1974 2073 2319 2144 βουλομένων
2374 2072 2616 2125 ἐκτελεῖν
2667 2071 2760 2123 τὸν
2815 2067 3059 2123 τοιοῦτον
3096 2068 3393 2138 ἀγιασμόν,
3433 2069 3556 2119 ἐπεὶ

1974 2167 2070 2219 καὶ
2122 2164 2399 2233 ἐπιτίμιον
2445 2163 2741 2233 ἡπείληται
2794 2164 2909 2224 τοῖς
2954 2160 3223 2223 τοιούτοις
3252 2160 3553 2228 πρεσϐυτέ-

1979 2275 2114 2327 ροις,
2147 2259 2195 2310 εί
2224 2257 2389 2310 πάλιν
2421 2256 2579 2309 αὐτοὶ
2611 2255 2767 2326 μόνοι
2803 2256 3050 2324 ἐνεργεῖν
3078 2253 3147 2306 τά
3171 2254 3271 2321 τῆς
3299 2253 3557 2323 τοιαύτης

1975 2350 2298 2411 ἀκολουθίας
2330 2348 2796 2420 πειραθήσονται.
2841 2348 2966 2401 Ἐπὶ
2998 2347 3176 2419 τούτῳ
3207 2330 3316 2417 γὰρ
3367 2349 3461 2401 καὶ
3495 2347 3558 2399 τὸ

1977 2429 2153 2512 παρὸν
2210 2442 2491 2495 ουνοδικὸν
2540 2443 2778 2513 γράμμα
2826 2440 2928 2509 τῆς
2981 2439 3140 2511 ήμῶν
3200 2440 3557 2512 μετριότητος

1976 2535 2327 2590 ἀπολέλυται.
3626 2524 3641 2531 ’

2302 2627 2343 2697 ἰ·
2379 2622 2520 2695 Εἶχε
2550 2627 2619 2679 τό
2643 2643 2657 2658 ⁸
2690 2625 2967 2693 Μηνί.....
2997 2626 3113 2679 ίνδ.
3157 2634 3232 2681 a'.

1979 2769 2168 2827 XLIII.
2226 2768 2489 2841 Synodusr
2533 2766 3278 2841 metrOpolilthariuensi,
3333 2772 3424 2835 qm‘
3499 2770 3561 2823 ob

2052 2841 2245 2895 bellum
2270 2838 2422 2896 'suam
2457 2840 2701 2894 diwcesin
2731 2838 2935 2906 ingredi
2986 2855 3089 2891 non
3120 2848 3309 2905 potest.
3347 2841 3564 2900 ρει-νηίτ-

2053 2913 2113 2983 ιίε
2192 2923 2248 2965 ut
2297 2913 2431 2981 jura
2493 2909 2815 2983 episcopalia
2860 2918 3100 2963 exerceat
3161 2910 3217 2963 in
3259 2910 3564 2981 episcopatu

2053 2982 2414 3038 Charmames.

2056 3102 2097 3173 ἰ-
2130 3100 2351 3169 Ἐπειδή
2393 3099 2421 3151 ὀ
2471 3098 2765 3167 ἱερώτατος
2813 3096 3219 3167 μητροπολίτης
3260 3097 3565 3165 Λαρίσσης,

1910 3231 1953 3290 c
1987 3195 2312 3265 ὑπέρτιμος,
2369 3192 2428 3245 ἐν
2479 3190 2621 3259 ἁγίῳ
2662 3189 2944 3258 Πνεύματι
2997 3188 3282 3255 ἀγαπητὸς
3336 3188 3567 3254 ἀδελφὸς

1986 3289 2088 3355 τῆς
2140 3285 2299 3355 ἡμῶν
2331 3285 2691 3355 μετριότητος
2730 3280 2828 3335 καὶ
2885 3279 3320 3349 συλλειτουργδς.
3357 3278 3569 3349 ἔγραψε

1988 3379 2086 3431 καὶ
2114 3378 2417 3447 ἀνήνεγκεν
2470 3375 2549 3435 είς
2587 3375 2688 3442 τὴν
2735 3371 2859 3425 καθ’
2889 3373 3040 3440 ἡμᾶς
3093 3371 3248 3441 ίεράν
3275 3373 3369 3424 καὶ
3419 3372 3571 3425 θείαν

1992 3469 2234 3531 σύνοδον,
2264 3467 2343 3530 ὡς
2374 3467 2439 3519 ἐκ
2469 3466 2565 3534 τῆς
2606 3462 2993 3533 ἐπισυμϐάσης
3024 3464 3104 3525 είς
3137 3461 3231 3515 τὸν
3268 3463 3447 3514 ἐκεῖσε
3479 3463 3569 3515 τό-

1990 3578 2093 3613 πον
2134 3557 2453 3630 συγχύσεως
2485 3557 2583 3609 καὶ
2624 3553 2943 3623 ἀνωμαλίας
2981 3552 3089 3605 ἀπὸ
3118 3552 3218 3622 τῆς
3252 3552 3434 3620 μάχης
3473 3552 3572 3619 ἐμ-

1990 3652 2289 3717 ποδίζεται,
2328 3650 2421 3704 καί⁵
2453 3648 2606 3702 ούδέν
2636 3648 2751 3716 ἔχει
2790 3646 2876 3699 ἐπ’
2910 3644 3093 3707 ἀδείας
3133 3643 3464 3697 καταλαϐεῖν
3492 3644 3575 3704 εἰς

1989 3744 2089 3817 τὴν
2118 3741 2396 3813 λαχοῦσαν
2429 3742 2593 3794 αὑτὸν
2636 3738 2954 3808 ἁγιωτάτην
2994 3736 3328 3807 μητρόπολιν
3366 3735 3575 3805 Λαρίσ-

1994 3854 2096 3907 σης
2142 3838 2238 3891 καὶ
2300 3832 2658 3905 εὑρίσκεσθαι
2705 3832 2802 3886 καὶ
2850 3832 3061 3900 διάγειν
3101 3830 3160 3882 ἐν
3204 3830 3340 3899 αὐτῇ
3374 3827 3469 3883 καὶ
3508 3832 3577 3881 τὰ

1993 3926 2259 3994 ἐφειμένα
2309 3924 2483 3994 τούτῳ
2512 3921 2917 3993 ἀρχιερατικῶς
2968 3920 3438 3993 διαπράττεσθαι,
3470 3921 3576 3973 άπ-

1993 4019 2125 4089 ῆλθε
2190 4016 2249 4071 δέ
2282 4016 2373 4071 διὰ
2398 4014 2561 4070 τοῦτο
2590 4016 2685 4069 καὶ
2715 4015 3035 4083 εὑρίσκεται
3055 4015 3135 4078 είς
3163 4014 3264 4085 τὴν
3295 4013 3387 4065 ὑπ’
3409 4013 3579 4066 αὐτὸν

1995 4110 2308 4181 ἀγιωτάτην
2343 4107 2656 4178 ἐπισκοπὴν
2716 4106 3069 4178 Χαρμαίνης,
3102 4108 3161 4159 ἐν
3190 4108 3450 4177 στερήσει
3491 4106 3579 4159 εύ-

1998 4204 2330 4276 ρισκομένην
2362 4201 2667 4272 ἀρχιερέως
2718 4200 2968 4271 γνησίου,
3010 4198 3106 4253 καλ⁵
3151 4198 3437 4269 ἐζήτησεν,
3491 4198 3580 4251 ἵνα

1996 4299 2275 4367 ἐπιτραπῇ
2305 4294 2627 4359 συνοδικῶς,
2657 4293 2799 4347 ὥστε
2853 4295 2991 4362 πρὸς
3026 4296 3243 4362 καιρόν,
3287 4293 3485 4363 μέχρις
3514 4292 3583 4346 ἂν

1997 4393 2241 4464 δηλονότι
2272 4390 2340 4445 τά
2377 4390 2477 4458 τῆς
2514 4388 2697 4459 μάχης
2727 4386 2980 4456 διαλυθῇ,
3010 4389 3109 4439 καὶ
3141 4387 3392 4455 είρηνικὴ
3422 4385 3583 4437 πάλιν

1998 4466 2335 4544 κατάστασις
2394 4482 2476 4544 είς
2526 4481 2620 4533 τὸν
2652 4481 2833 4533 ἐκεῖσε
2886 4479 3111 4547 γένηται
3165 4469 3355 4539 τόπόν,
3408 4478 3465 4528 ἐν
3516 4479 3585 4544 τῇ

300 4587 419 4634 ται.
469 4569 565 4620 καὶ
608 4566 670 4619 τδ
728 4567 826 4635 μὲν
876 4565 1241 4635 ἀνειλίσκηται
1303 4565 1384 4627 εἷς
1414 4563 1749 4632 λυχνοκαταν
1794 4562 1890 4616 τοῦ
1926 4588 1978 4647 D
2004 4576 2235 4646 τοιαύτῃ
2264 4573 2362 4643 τῆς
2386 4571 2717 4642 Χαρμαίνης
2744 4572 3021 4639 ἐπισκοπῇ
3048 4568 3261 4635 διάγειν
3298 4569 3485 4623 καὶτὰ
3515 4571 3587 4638 τῇ

300 4661 556 4715 τοιούτου
577 4657 726 4712 θείου
759 4658 912 4725 ναοῦ,
939 4656 1002 4711 τδ
1026 4658 1083 4711 δὲ
1112 4656 1410 4710 ὑπόλοιπον
1435 4657 1517 4719 είς
1541 4655 1900 4726 περιποίησιν

301 4755 477 4810 αὐτοῦ
519 4754 617 4806 καὶ
646 4755 913 4808 σύστασιν
969 4756 1063 4807 καὶ
1100 4754 1411 4824 βελτίωσιν,
1460 4752 1901 4823 παρακελεύεται

306 4854 341 4919 ή
377 4851 677 4919 μετριότης
730 4849 891 4919 ήμῶν
954 4850 1095 4918 μετά
1127 4848 1231 4915 τῆς
1260 4848 1388 4915 περὶ
1423 4848 1594 4917 αὐτὴν
1626 4848 1779 4916 ίερᾶς
1804 4838 1902 4900 καὶ

309 4944 461 5005 θείας
495 4943 734 5009 συνόδου),
770 4944 860 4997 ἵνα
891 4945 983 4997 καὶ
1004 4946 1084 5007 είς
1116 4944 1174 4996 τὸ
1210 4941 1335 5009 ἑξῆς
1370 4942 1773 5010 ἐπισυνάγηται
1812 4940 1904 4993 καὶ

311 5036 662 5106 φυλάσσηται
710 5037 761 5105 ,ἡ
814 5036 1042 5103 τοιαύτη
1093 5033 1361 5106 πρόσοδος
1395 5034 1547 5101 παρά
1597 5032 1903 5103 ἀνθρώπων

310 5130 609 5200 χρησίμων
649 5129 953 5198 κληρικῶν,
992 5128 1086 5193 οὓς
1141 5128 1210 5182 ἀν
1263 5127 1517 5199 διακρίνῃ
1563 5126 1659 5179 καὶ
1702 5125 1841 5197 τάξῃ
1876 5127 1903 5177 ὀ

311 5222 459 5275 κατά
495 5222 723 5291 καιροὺς
754 5222 1068 5291 ἀρχιερεὺς,
1111 5220 1187 5283 ὡς
1217 5221 1317 5290 τῆς
1347 5220 1602 5290 φυλακῆς
1652 5222 1746 5271 καὶ
1773 5237 1904 5273 συν-

309 5314 606 5382 τηρήσεως
631 5314 729 5381 τῆς
756 5310 1015 5376 τοιαύτης
1045 5312 1314 5382 προσόδου
1334 5312 1436 5382 τὴν
1469 5311 1727 5382 φροντίδα
1757 5312 1905 5380 ἔχειν

308 5404 627 5472 ὀφείλοντος
674 5404 771 5456 τοῦ
823 5402 1073 5457 τοιούτου
1116 5402 1421 5473 ἀρχιερέως
1455 5405 1593 5471 μετά
1628 5404 1720 5455 καὶ
1759 5404 1906 5473 εἰδή-

309 5514 459 5560 σεως
486 5496 594 5551 τῶν
622 5498 928 5569 κληρικῶν,
971 5498 1066 5550 καὶ
1097 5496 1288 5566 μηδεὶς
1323 5494 1433 5549 τῶν
1452 5484 1742 5548 Δτοιούτων
1774 5494 1830 5548 κ)
1845 5514 1909 5563 ην

312 5591 498 5664 ρικῶν
525 5592 560 5661 ἧ
594 5608 679 5655 τις
708 5594 897 5659 ἔτερος
938 5590 1026 5645 ἐπ’
1058 5589 1242 5651 ἀδείας
1272 5587 1374 5658 ἔχῃ
1408 5587 1781 5641 ίδιοποιεῖσθαι
1812 5590 1908 5640 καὶ⁹

306 5684 642 5739 ἀναλίσκειν
674 5683 848 5753 α’ύτὴν
880 5686 961 5747 είς
986 5682 1123 5745 ιδίας
1148 5678 1317 5737 αὐτοῦ
1344 5678 1553 5749 χρείας,
1591 5678 1711 5732 ἀλλ’
1728 5680 1910 5732 ἀναλί-

308 5791 525 5844 σκηται
558 5778 637 5836 είς
664 5776 990 5843 λυχνοκαῑαν
1019 5776 1115 5828 καὶ
1148 5772 1508 5845 περιποίησιν
1542 5771 1637 5825 τοῦ
1664 5772 1908 5826 τοιούτου

311 5866 477 5921 θείου
506 5866 657 5923 ναοῦ.
695 5866 997 5934 Ὡσαύτως,
1036 5866 1225 5937 ἐπειδὴ
1266 5865 1565 5939 ἐγνώρισεν
1618 5866 1649 5937 ή
1687 5867 1908 5935 μετριό-

2003 4665 2389 4740 ἀρχιερωσύνῃ
2411 4664 2579 4719 αὑτοῦ
2609 4663 2879 4733 ἀνήκοντα
2910 4660 3362 4730 διαπράττεσθαι,
3387 4659 3585 4727 διέγνω

2003 4763 2038 4831 ὴ
2072 4760 2370 4830 μετριότης
2404 4758 2567 4829 ήμῶν
2596 4755 2813 4823 σύναμα
2849 4755 2958 4815 τοῖς
2992 4753 3123 4820 περὶ
3158 4752 3330 4823 αὐτὴν
3358 4751 3588 4822 ἱερωτά-

2004 4870 2119 4915 τοις
2160 4848 2506 4922 ἀρχιερεῦσι,
2554 4846 2631 4915 τῷ
2672 4843 3025 4915 Ἡρακλείας,
3067 4842 3146 4912 τῷ
3194 4841 3470 4913 Σάρδεων,
3508 4840 3586 4909 τῷ

2005 4944 2268 5007 Νικαίας,
2308 4940 2384 5010 τῷ
2405 4939 2773 5008 Χαλκηδόνος,
2806 4936 2885 5007 τῷ
2919 4936 3008 4990 Φι)
3022 4932 3335 5002 αδελφείας,
3372 4931 3448 5002 τῷ
3473 4932 3588 4985 Με-

2004 5037 2249 5108 λιτηνῆς,
2292 5035 2370 5106 τῷ
2429 5031 2920 5104 Ποντοηρακλείας,
2953 5029 3031 5099 τῷ
3093 5028 3311 5099 Πηγῶν,
3340 5025 3418 5096 τῷ
3448 5026 3589 5097 Δυρ-

2010 5131 2224 5199 ραχίου,
2256 5126 2334 5197 τῷ
2368 5126 2588 5196 Ἀπρω,
2628 5126 2706 5194 τῷ
2746 5125 3008 5194 Μεσήνης
3044 5122 3139 5175 καὶ
3168 5120 3247 5191 τῷ
3296 5118 3591 5189 ύποψηφίῳ

2007 5221 2335 5282 Μελενίκου,
2381 5212 2502 5272 δέον
2550 5217 2688 5271 εἶναι
2732 5218 2817 5271 διά
2858 5216 2959 5287 τὴν
2999 5215 3249 5284 ἀνάγκην
3275 5213 3384 5267 τῶν
3410 5215 3591 5266 ἐκεῖσε

2010 5311 2358 5381 πραγμάτων
2386 5313 2481 5362 καὶ
2506 5310 2629 5372 τοὺς
2663 5307 3028 5378 βουλομένους
3055 5306 3307 5375 ἱερᾶσθαι
3330 5304 3423 5358 καὶ
3448 5303 3594 5357 κατά

2006 5404 2107 5474 τὴν
2142 5402 2298 5469 τάξιν
2344 5400 2691 5471 προάγεσθαι
2748 5400 2848 5469 τὴν
2906 5396 3393 5469 ἐκκλησιαστικὴν,
3443 5395 3596 5465 εὑρί-

2013 5495 2241 5550 σκεσθαι
2276 5495 2367 5547 τὸν
2407 5493 2720 5557 δηλωθέντα
2758 5493 3053 5563 ἱερώτατον
3084 5489 3345 5562 ἀρχιερέα
3383 5486 3598 5558 Λαρίσ-

2012 5606 2109 5659 σης
2145 5589 2203 5640 ἐν
2244 5588 2310 5657 τῇ
2346 5586 2620 5657 είρημένῃ
2650 5586 2925 5656 ἐπισκοπῇ
2978 5584 3076 5653 τ’ἠς
3106 5579 3458 5652 Χαρμαίνης,
3486 5575 3597 5640 ἕως

2012 5683 2079 5736 ἀν
2105 5680 2359 5752 εἰρηνική
2388 5679 2548 5733 πάλιν
2578 5678 2911 5737 κατάστασις
2939 5676 3165 5746 γένηται
3191 5675 3271 5734 είς
3293 5672 3386 5726 τὸν
3413 5669 3594 5725 τοιοῦ-

2013 5791 2105 5826 τον
2134 5774 2321 5837 τόπον,
2366 5772 2462 5825 καὶ
2504 5772 2813 5841 ἱερουργεῖν
2847 5770 2905 5822 ἐν
2938 5769 3075 5839 αὐτῇ
3110 5766 3206 5819 καὶ
3255 5762 3597 5836 χειροτονίας

2014 5866 2276 5920 διακόνων
2322 5864 2415 5920 καὶ
2444 5863 2834 5935 πρεσϐυτέρων
2874 5861 2965 5915 καὶ
3014 5858 3207 5922 τάλλα,
3250 5858 3352 5909 ὃσα
3377 5853 3595 5920 ἐφεῖται
