4022 6204
339 325 482 390 1149

1392 336 1789 399 εΥΝοοιίειε
1819 301 2498 423 ρρΝδΤιτυΤΙοΝεέ.

3427 340 3563 406 1150

339 445 648 514 Κελτζηνῆς
695 446 834 514 μετά
886 446 996 500 τῶν
1033 449 1126 502 ὑπ’
1181 449 1350 522 αὐτὴν
1396 454 1635 521 πάντων,
1665 459 1760 511 καὶ
1811 457 1900 510 ἐπ’
1929 480 1972 534 Α
2003 459 2210 520 λοιποῖς
2239 457 2448 527 ὁμοίοις
2485 456 2632 519 ναοῖς
2677 455 2935 521 ὀνομαστὶ
2968 454 3338 525 ἁναφέρεσθαί
3363 475 3424 510 τε
3472 460 3569 512 καὶ

336 540 523 600 ἀδείας
550 537 663 602 ἕξει
697 538 1004 607 ἱερουργεῖν
1034 541 1092 594 ἐν
1122 542 1284 613 αὐτῇ,
1321 546 1678 613 ἀναγνώστας
1711 566 1770 602 τε
1805 551 1901 605 καὶ

337 631 727 693 ὑποδιακόνους
759 633 853 684 καὶ
883 631 1160 696 διακόνους
1193 637 1288 688 καὶ
1323 637 1491 707 ἱερεῖς
1518 641 1899 710 προὸιὸάζειν,

335 723 495 776 ἔτιδέ
543 725 636 776 καὶ
691 726 1023 795 ἡγουμένους
1062 727 1392 799 ἐγκαθιστᾷν
1431 732 1527 784 καὶ
1573 731 1761 796 ἁπλῶς
1793 733 1902 786 τῶν

337 816 559 884 ἐκείνης
613 816 834 870 πάντων
866 817 1101 886 μεθέξει,
1143 821 1246 874 ὅσα
1292 821 1388 874 καὶ
1442 824 1667 892 γνήσιος
1697 824 1904 898 ταύτης

335 909 650 979 ἀρχιερεὺς,
682 909 814 963 ἀνευ
847 911 1008 978 μόνον
1029 915 1128 981 τῆς
1156 914 1248 967 τοῦ
1303 915 1450 984 ῖεροῦ
1500 917 1788 986 συνθρόνου
1823 921 1906 988 ἐγ·

336 1000 734 1070 καθιδρύσεως.
790 1001 1095 1068 Ὀφείλουσι
1149 1005 1205 1058 δέ
1263 1005 1358 1060 καὶ
1405 1009 1456 1061 οί
1521 1010 1905 1080 εὑρισκόμενοι

343 1095 597 1162 κληρικοὶ
641 1095 741 1163 τῆς
786 1095 1123 1166 δηλωθείσης
1153 1099 1470 1169 ἁγιωτάτης
1516 1106 1906 1174 μητροπόλεως

344 1189 659 1259 Κελτζηνῆς
707 1192 804 1244 καὶ⁵
837 1191 886 1244 οί
939 1190 1045 1244 ὑπὸ
1085 1193 1185 1262 τὴν
1249 1196 1523 1264 ἐπαρχίαν
1556 1197 1763 1266 ταύτης
1805 1201 1900 1253 καὶ

343 1280 722 1348 πνευματικὴν
747 1284 1106 1350 ἐπικράτειαν
1144 1285 1426 1352 τελοῦντες
1459 1289 1768 1358 ίερωμένοι,
1807 1307 1903 1359 μο-

341 1373 596 1437 νάζοντες
647 1373 744 1427 καὶ
795 1375 856 1429 τὸ
890 1375 1076 1430 λοιπὸν
1129 1378 1278 1433 ἁπαν
1317 1381 1716 1452 Χριστώνυμον
1767 1382 1906 1453 πλή-

344 1484 505 1535 ρωμα
535 1467 787 1531 δέξασθαι
829 1470 1018 1523 τοῦτον
1057 1473 1151 1526 καὶ
1187 1473 1276 1526 διά
1307 1474 1492 1544 πάσης
1532 1475 1687 1542 ἄγειν
1719 1475 1906 1536 αἰδοῦς

343 1560 438 1611 καὶ
465 1563 633 1629 τιμῆς
657 1559 750 1612 καὶ
780 1561 882 1629 τὴν
916 1561 1233 1630 ἀνήκουσαν
1257 1563 1538 1634 ὑποταγὴν
1595 1563 1692 1620 καὶ
1722 1565 1906 1618 εὐπεί-

341 1653 498 1706 θειαν
531 1654 839 1709 ἀποδιδόναι
878 1655 1048 1723 αύτῷ.
1074 1658 1176 1710 ὅσα
1203 1657 1268 1727 δὴ
1303 1659 1399 1712 καὶ
1429 1659 1678 1727 ἀρχιερεῖ
1697 1656 1905 1725 γνησίῳ

2008 549 2465 624 μνημονεύεσθαι,
2501 547 2596 600 καὶ
2629 546 2727 610 τὰς
2763 547 3266 624 παρεμπιπτούσας
3293 547 3349 601 δὲ
3370 549 3566 619 ἐκκλη-

2007 643 2286 704 σιαπικάς
2309 643 2400 704 καὶ
2430 641 2810 708 πνευματικὰς
2836 639 3122 702 ὑποθέσεις
3153 642 3209 692 ἐν
3233 621 3344 702 τοῖς
3387 640 3566 693 τοιού-

2005 751 2120 797 τοις
2149 731 2536 802 μοναστηρίοις
2563 731 2656 784 καὶ
2687 732 2802 792 τοῖς
2840 734 2986 793 ναοῖς
3013 731 3146 798 παρ’
3180 730 3346 784 αὑτοῦ
3373 733 3565 784 τούτου

2007 820 2354 887 ἐξετάζεσθαί
2382 835 2441 871 τε
2473 818 2568 872 καὶ
2593 818 2956 889 διορθοῦσθαι,
3010 819 3233 887 μηδενὸς
3263 819 3372 872 τῶν
3399 821 3572 875 ἁπάν-

2006 930 2137 979 των,
2163 912 2499 984 ἱερωμένων,
2533 911 2697 982 φημὶ,
2733 913 3073 980 μοναζόντων
3101 914 3195 965 καὶ
3230 913 3340 965 τῶν
3362 912 3568 965 λοιπῶν

2006 1005 2434 1075 Χριστωνύμων,
2473 1003 2586 1057 ἀλλ’
2619 1004 2725 1056 οὐδ’
2756 1005 2935 1057 αὐτῶν
2963 1005 3073 1056 τῶν
3119 1005 3176 1056 ἐν
3201 1005 3322 1065 ταῖς
3343 1006 3567 1074 εἰρημέ-
3640 1039 3642 1041 ›

2007 1115 2126 1160 ναις
2177 1098 2507 1166 ἁγιωτάταις
2562 1095 2876 1165 ἐκκλησίαις
2935 1097 3456 1166 ἀρχιερατευόντων,
3508 1097 3568 1149 ἐν

2007 1187 2147 1260 ἀγίῳ
2173 1188 2453 1259 Πνεύματε
2518 1187 2817 1258 ἀγαπητῶν
2863 1188 3105 1256 ἀδελφῶν
3138 1189 3236 1257 τῆς
3284 1188 3436 1257 ἡμῶν
3465 1204 3565 1254 με-

2004 1279 2285 1348 τριότητος
2323 1279 2418 1332 καὶ
2462 1277 2929 1348 συλλειτουργῶνε,
2982 1279 3072 1332 ἐπ’
3111 1277 3293 1340 ἀδείας
3339 1278 3568 1342 ἐξόντων

2007 1370 2414 1440 παρεμποδίσαι
2460 1370 2494 1440 ἢ
2532 1370 2877 1439 διενοχλῆσαι
2914 1369 3078 1423 αὐτὸν
3107 1369 3252 1422 κατά
3281 1386 3333 1420 τι
3367 1371 3457 1422 ἐπὶ
3494 1371 3563 1438 τῇ

2003 1458 2309 1531 διενεργείᾳ
2361 1461 2456 1513 καὶ
2513 1459 2840 1530 ἐπιτηρήσει
2878 1459 2988 1510 τῶν
3038 1460 3215 1511 ἐκεῖσε
3241 1473 3572 1526 πατριαρχι-

2005 1553 2115 1606 κῶν
2160 1553 2404 1620 δικαίων,
2433 1552 2508 1615 ὡς
2560 1551 2799 1622 εἴρηται,
2847 1550 2984 1604 ἀλλά
3039 1550 3310 1610 παντοίως
3365 1549 3568 1618 μᾶλλον

2005 1643 2153 1712 αὐτῷ
2184 1645 2463 1714 συνεργεῖν
2490 1643 2586 1696 καὶ
2622 1643 2720 1710 τὴν
2746 1643 3174 1712 ἀνατεθειμένηιθ
3200 1641 3404 1711 ταύτην
3451 1641 3569 1694 δια·
3629 1635 3634 1640 ’

338 1748 436 1799 καὶ
467 1747 638 1816 πατρὶ
671 1747 852 1802 αὑτῶν
877 1750 974 1801 καὶ
1003 1749 1314 1821 διδασκάλῳ
1349 1751 1732 1820 πνευματικιῖκ
1749 1749 1906 1804 Ἐπεὶ
1936 1817 1965 1821 _
2006 1733 2190 1786 κονίαν
2220 1733 2369 1801 αὐτῷ
2418 1734 2598 1786 ποιεῖν
2623 1731 3051 1803 εὐκατδρθωτον·
3087 1731 3146 1782 Et
3179 1731 3225 1784 δ’
3259 1731 3389 1790 ῖσωε
3434 1747 3570 1795 συῖλθ

339 1839 527 1904 μέντοι
564 1838 658 1892 τοῦ
686 1840 858 1892 πάλαι
879 1841 943 1908 δὴ
972 1817 1368 1910 ἀφωσιωμένου
1389 1817 1772 1914 ἀρχιερατικοῦ
1796 1859 1899 1896 κα-
1934 1817 1974 1872 Β
2003 1825 2129 1897 ϐαίη
2155 1825 2249 1879 καί
2283 1842 2405 1879 τινα
2458 1825 2566 1879 τῶν
2595 1823 2858 1880 τοιούτων
2905 1823 3206 1894 ἀρχιερέων
3253 1823 3389 1914 me
3433 1821 3570 1914 Θελγ

336 1929 607 1997 θίσματος
658 1931 947 2001 ἐστέρηται
980 1931 1086 1985 ὑπὸ
1113 1932 1226 1986 τῶν
1273 1933 1444 1988 ἐθνῶν
1473 1936 1507 2002 ἡ
1538 1933 1902 2004 διειλημμένη

335 2023 622 2090 ἀγιωτάτη
657 2023 994 2093 μητρόπολις
1039 2025 1374 2096 Κελτζηνῆς,
1411 2026 1536 2080 οὔτε
1579 2026 1684 2096 μὴν
1715 2026 1904 2095 ἕτερον

335 2113 526 2181 κτῆμα
564 2113 643 2176 είς
693 2115 975 2178 κατοικίαν
1004 2110 1256 2186 ἀρχὶερεῖ
1297 2117 1576 2186 προσῆκον
1627 2117 1903 2172 ὑπολέλει-

334 2223 470 2259 πται
509 2205 704 2276 ταύτῃ,
743 2208 1040 2276 κατασχεῖν
1074 2208 1278 2274 ὀφείλει
1316 2211 1343 2262 ό
1378 2209 1566 2278 ῥηθεὶς
1613 2208 1903 2280 ἱερώτατος

339 2299 744 2368 μητροπολίτης
792 2299 1104 2368 Μελιτηνῆς
1152 2301 1234 2361 είς
1287 2301 1531 2368 κάθισμα
1582 2301 1760 2372 ἐαυτῷ
1804 2301 1906 2371 τὴν

337 2389 431 2444 ὑπ’
462 2391 631 2460 αὐτὴν
658 2390 968 2459 ἁγιωτάτην
1001 2392 1336 2462 μητρόπολιν
1362 2393 1676 2462 Κελτζηνῆς
1739 2411 1902 2448 τεταο

335 2482 554 2551 γμένην
584 2480 888 2550 σεϐασμίαν
904 2482 1081 2552 -μονὴν
1109 2482 1208 2552 τήν
1235 2481 1324 2535 ἐπ’
1351 2483 1574 2550 ὀνόματι
1606 2483 1703 2551 τῆς
1734 2482 1904 2552 ὑπερ-

335 2575 508 2640 ἀγνου
547 2575 846 2644 Δεσποίνης
896 2576 990 2628 καὶ
1052 2575 1398 2643 Θεομήτορος
1442 2573 1761 2643 τιμωμένήν
1809 2574 1903 2627 καὶ

337 2667 779 2737 ἐπικεκλημένην
804 2668 896 2721 τοῦ
929 2668 1022 2730 Κλ..
1053 2667 1204 2736 παρά
1253 2667 1482 2736 μηδενὸς
1507 2669 1616 2722 τῶν
1645 2670 1902 2724 ἁπάντων

338 2756 680 2825 κωλυόμενος
703 2757 782 2819 είς
813 2758 988 2813 τοῦτο.
1029 2758 1154 2811 Ἐπὶ
1181 2759 1353 2829 τούτῳ
1385 2760 1492 2828 γάρ
1525 2763 1619 2814 καὶ
1645 2762 1706 2814 τὸ
1725 2763 1902 2833 παρὸν

340 2848 617 2902 συνοδικδν
641 2850 876 2918 γράμμα
899 2850 974 2916 τῷ
1005 2851 1356 2917 διαληφθέντι
1384 2853 1663 2924 ῖερωτάτῳ
1700 2871 1901 2926 μητρο-

340 2943 533 3012 πολίτῃ
557 2943 865 3012 Μελιτηνῆς
889 2945 984 2998 καὶ
1012 2946 1259 3016 προέδρῳ
1282 2943 1601 3018 Κελτζηνῆς
1629 2949 1697 3004 δι’
1725 2950 1903 3019 ἀσφάο

339 3033 492 3085 λειαν
519 3033 844 3087 ἐπιδέδοται.

549 3123 588 3194 1-
619 3120 760 3192 Εἶχε
792 3124 888 3178 τό·
918 3124 1073 3193 Μηνὶ
1104 3125 1423 3194 Ὀκτωϐριῳ
1449 3127 1564 3182 ινδ.
1587 3127 1670 3192 ﬁ'.

334 3235 526 3292 XLVI.
560 3233 798 3304 Synodm
847 3237 1128 3292 Theodosio
1163 3279 1179 3299 .
1212 3240 1559 3308 metropolitaz
1609 3196 1900 3306 Μείίιαηεε,

408 3308 689 3380 coagmnta
740 3309 1113 3380 inspectione»:
1138 3311 1344 3380 furium
1386 3310 1903 3380 patriarchaliumin

406 3377 719 3446 quibusdam
741 3377 988 3432 ecclesiis.

412 3491 454 3561 -ι-
497 3491 562 3543 Ἦ
598 3491 888 3563 μετριότης
917 3491 1076 3562 ἡμῶν
1105 3491 1194 3545 διὰ
1225 3490 1318 3546 τοῦ
1351 3492 1614 3562 παρόντος
1640 3494 1902 3562 γράμμα-

337 3603 430 3645 τος
459 3583 743 3653 ἀνατίθησι
772 3583 851 3651 τῷ
885 3585 928 3636 ιε
940 3584 1162 3654 ρωτάτῳ
1187 3584 1556 3656 μητροπολίτῃ
1576 3585 1902 3654 Μελιτηνῆς,

339 3678 645 3747 ὑπερτίμῳ,
681 3678 739 3729 ἐν
760 3675 904 3745 ἁγίῳ
934 3674 1213 3746 Πνεύματι
1253 3675 1524 3744 ἀγαπητῷ
1570 3675 1782 3746 ἀδελφῷ
1807 3676 1906 3744 τῆς

338 3768 496 3837 ὴμῶν
524 3765 881 3836 μετριότητος
931 3765 1028 3818 καὶ
1063 3764 1466 3836 συλλειτουργῷ
1523 3766 1618 3819 καὶ
1655 3766 1904 3836 προέδρῳ

340 3859 672 3927 Κελτζηνῆς,
707 3857 815 3926 κῦρ
848 3857 1134 3928 Θεοδοσίῳ,
1181 3858 1284 3927 τὴν
1330 3857 1616 3928 ἐπίσκεψιν
1648 3859 1740 3911 καὶ
1769 3857 1905 3924 διεξ-

338 3951 562 4020 αγωγὴν
630 3949 738 4004 τῶν
809 3948 1227 4018 πατριαρχικῶν
1281 3948 1507 4002 δικαίων
1549 3951 1656 4001 τῶν
1699 3949 1756 4000 ἐν
1785 3951 1906 4010 ταῖς

337 4043 574 4108 ἐνορίαις
602 4040 712 4092 τῶν
735 4039 1054 4106 ἁγιωτάτων
1084 4039 1496 4108 μητροπόλεων,
1526 4041 1624 4108 τῆς
1667 4039 1906 4094 Νεοκαι-

339 4131 560 4202 σαρείας
589 4129 850 4200 δηλονότι,
880 4130 978 4199 τῆς
1002 4131 1266 4199 Καμάχου
1313 4131 1408 4184 καὶ
1452 4126 1519 4202 ἦς
1555 4133 1905 4204 προεδρεύειν

338 4225 474 4296 παρ’
531 4225 688 4294 ἡμῶν
749 4223 1031 4284 τέτακται.
1065 4222 1398 4292 Κελτζηνῆς,
1456 4223 1536 4277 ἔτι
1576 4226 1632 4278 δὲ
1664 4226 1761 4278 καὶ
1806 4227 1905 4292 τῆς

337 4319 650 4385 ἁγιωτάτης
672 4313 1106 4384 ἀρχιεπισκοπῆς
1129 4313 1454 4380 Κολωνείας,
1479 4315 1555 4377 ὡς
1571 4315 1749 4377 καλῶς
1769 4317 1905 4371 Θεοῦ

335 4413 524 4480 χάριτι
577 4409 801 4462 διοικεῖν
854 4406 1023 4458 ταῦτα
1075 4407 1170 4459 καὶ
1212 4408 1314 4474 τῆς
1357 4406 1670 4477 ἀνηκούσης
1721 4409 1906 4476 ἀξιοῦν

2011 1915 2352 1985 μεταστῆναι
2379 1916 2439 1968 τὸ
2465 1915 2640 1985 χρεὼν
2668 1916 3154 1986 λειτουργήσαντα,
3183 1911 3378 1982 γνώμῃ
3415 1913 3568 1980 κοινῇ

2008 2010 2104 2063 καὶ
2141 2007 2519 2076 συνδιασκέψει
2552 2007 2660 2060 τῶν
2691 2007 2998 2060 ὑπολοίπων
3030 2002 3425 2075 πλησιοχώρων
3473 2005 3573 2069 ἀρ-

2008 2101 2238 2171 χιερέων
2269 2100 2476 2170 ὀφείλει
2526 2099 2856 2164 ἐκλέγεσθαι
2885 2099 3175 2167 ἄνθρωπος
3206 2096 3317 2149 ἀπὸ
3343 2094 3438 2147 τοῦ
3473 2097 3571 2161 τῆς

2007 2193 2129 2246 κατ’
2159 2195 2364 2247 ἐκεῖνον
2420 2192 2713 2262 ἐκκλησίας
2739 2191 2944 2260 κλήρου
2982 2190 3012 2242 ό
3049 2187 3452 2259 ἁρμοδιώτερος
3502 2188 3570 2256 τῇ

2007 2283 2289 2356 οίκονομίᾳ
2315 2302 2372 2338 τε
2405 2284 2501 2338 καὶ
2541 2283 2852 2352 διεξαγωγῇ
2884 2282 2994 2335 τῶν
3036 2283 3136 2350 τῆς
3172 2281 3428 2347 τοιαύτης
3482 2279 3575 2330 ἐκο

2009 2375 2239 2447 κλησίας
2286 2375 2512 2430 δικαίων
2559 2375 2653 2428 καὶ
2691 2373 3122 2443 ἐγκαθίστασθαι
3170 2371 3250 2434 είς
3291 2371 3353 2423 τὸ
3398 2368 3569 2423 ταῦτα

2007 2467 2323 2535 διενεργεῖν,
2359 2461 2463 2520 εἷθ’
2511 2464 2684 2526 οὕτως
2723 2465 2926 2536 ἐκλογὴ
2971 2462 3217 2533 γίνεσθαι
3276 2460 3567 2530 ἀνθρώπου

2009 2560 2195 2633 ἐτέρου
2231 2557 2418 2612 ίκανοῦ
2443 2559 2538 2613 καὶ
2586 2559 2866 2624 ἁξίουείς
2901 2557 2963 2609 τὸ
3008 2555 3108 2624 τῆς
3157 2551 3571 2622 ἀρχιερωσύνης

2006 2650 2241 2716 ἀξίωμα,
2267 2651 2430 2720 μηδὲν
2461 2650 2676 2720 ἐχοντος
2705 2649 3014 2716 ἐναντίωμα
3039 2652 3135 2700 καὶ
3169 2644 3404 2710 κώλυμα
3434 2643 3571 2712 πρὸς

2007 2743 2188 2805 τοῦτο,
2225 2742 2319 2795 καὶ
2349 2740 2779 2796 ἀποστέλλεσθαι
2801 2738 3034 2794 ἐνταῦθα
3073 2739 3210 2807 μετά
3243 2737 3571 2807 γράμματος

2008 2837 2104 2891 καλ⁵
2134 2833 2443 2905 μαρτυρίας
2463 2831 2558 2885 τοῦ
2586 2832 2829 2886 τοιούτου
2853 2829 3144 2900 ίερωτάτου
3168 2827 3568 2898 μητροπολίτου

2007 2927 2318 2998 Μελιτηνῆς
2371 2927 2468 2981 καὶ
2525 2925 2637 2979 τῶν
2681 2924 3202 2994 πλησιοχωρούντων
3257 2920 3570 2991 ίερωτάτων

2008 3021 2330 3091 ἀρχιερέων,
2377 3019 2518 3072 ὥστε
2562 3018 2958 3088 ἐμφανίζεσθαι
3007 3018 3073 3085 τῇ
3132 3015 3254 3084 θείᾳ
3298 3015 3392 3067 καὶ
3452 3013 3572 3086 ἱερᾷ

2011 3112 2211 3182 συνόδῳ
2239 3112 2332 3165 καὶ
2359 3109 2836 3165 ἀποκαθίστασθαι
2866 3110 2946 3170 είς
2970 3106 3233 3177 ἀρχιερέα
3255 3105 3352 3172 τῆς
3375 3105 3573 3170 ἐκκλη-

2007 3205 2129 3270 σίας
2175 3206 2274 3274 τῆς
2321 3203 2678 3273 στερηθείσης
2706 3201 2801 3255 τοῦ
2859 3201 2991 3253 ίδίου
3041 3197 3318 3265 ποιμένος.
3347 3197 3468 3247 Ἔτι
3514 3193 3572 3246 δὲ

2006 3296 2358 3368 ἐκχωροῦμεν
2395 3296 2545 3366 αύτῷ
2591 3294 2654 3366 δὴ
2715 3292 2793 3362 τῷ
2848 3291 3128 3363 ίερωτάτῳ
3197 3286 3569 3361 μητροπολίτῃ

2006 3389 2312 3459 Μελιτηνῆς
2342 3389 2435 3442 καὶ
2461 3389 2560 3460 τὴν
2591 3386 2732 3440 κατὰ
2765 3387 2864 3456 τὴν
2907 3383 3122 3454 ἐνορίαν
3160 3383 3260 3450 τῆς
3301 3377 3571 3448 λαχούσης

2005 3479 2172 3531 αὑτὸν
2207 3479 2524 3548 ἀγιωτάτης
2553 3479 2853 3548 ἐκκλησίας
2877 3473 3232 3542 διακειμένην
3267 3470 3572 3539 σεδασμίαν

2007 3570 2412 3640 πατριαρχικην
2438 3569 2626 3639 μονὴν,
2647 3567 2744 3638 τὴν
2767 3567 3026 3635 ἐπικεκλη
3037 3567 3204 3636 μένην
3225 3563 3316 3617 τοῦ
3341 3563 3568 3631 Συριχᾶ.

2007 3663 2211 3733 ἐφορᾷν
2263 3662 2358 3716 καὶ
2394 3660 2698 3731 ἐξαρχικῶς
2747 3658 3196 3722 ἐπισκέπτεσθαι,
3251 3655 3433 3715 καθὼς
3479 3655 3571 3704 καὶ

2005 3755 2074 3810 τὰ
2096 3755 2232 3809 ἄλλα
2256 3752 2633 3823 πατριαρχικά
2659 3752 2865 3806 δίκαια.
2882 3750 3006 3803 Ἐπὶ
3043 3747 3215 3817 τούτῳ
3241 3746 3351 3815 γάρ
3386 3745 3478 3796 καὶ
3511 3743 3571 3794 τὸ

2007 3847 2181 3916 παρὸν
2210 3846 2444 3915 γράμμα
2493 3843 2590 3911 τῆς
2646 3843 2803 3914 ἡμῶν
2853 3839 3204 3911 μετριότητος
3240 3835 3461 3904 γεγονὸς
3491 3833 3572 3903 τῷ

2005 3938 2353 4008 διαληφθέντι
2391 3936 2670 4006 ἱερωτάτῳ
2719 3931 3090 4004 μητροπολίτη
3123 3929 3456 3996 Μελιτηνῆς,
3507 3925 3570 3977 ὑ-

2007 4030 2276 4101 περτίμῳ,
2305 4031 2361 4082 ἐν
2391 4029 2530 4097 ἁγίῳ
2581 4025 2858 4096 Πνεύματι
2909 4023 3176 4094 ἀγαπητῷ
3229 4019 3442 4088 ἀδελφῷ
3473 4019 3571 4087 τῆς

2006 4123 2161 4194 ἡμῶν
2212 4121 2566 4192 μετριότητος
2603 4119 2695 4171 καὶ
2718 4115 3120 4186 συλλειτουργῷ
3175 4115 3271 4167 καὶ
3317 4111 3569 4184 προέδρῳ

2009 4213 2340 4285 Κελτζηνῆς,
2374 4213 2477 4283 κῦρ
2508 4209 2792 4280 Θεοδοσίῳ,
2822 4209 3144 4263 ἐπιδέδοται.

2213 4305 2253 4376 -ι-
2290 4301 2433 4371 Εἶχε
2460 4303 2528 4356 τό
2549 4321 2560 4333 ·
2585 4301 2741 4370 Μηνὶ
2779 4300 3102 4368 ὈκτωερΙῳ
3134 4297 3247 4353 ίνδ.
3271 4297 3356 4360 β’.

2009 4419 2218 4474 XLVII.
2250 4415 2820 4487 Synodus__conﬁrmat
2847 4415 3221 4482 exenaptionem
3268 4411 3571 4487 monayeﬁf

334 4479 652 4567 ἐπιμελείας
687 4497 888 4559 ἱκανῶς
918 4496 1120 4566 ἔχοντι,
1154 4497 1363 4550 πολλῶν
1385 4515 1441 4551 τε
1493 4497 1670 4551 ἄλλων
1695 4499 1900 4562 ἕνεκεν,

2077 4479 2450 4567 ραιιςὸανὲΙιςιιίε
2483 4479 2974 4539 Μανηιιινίαηονυηι
2995 4479 3034 4536 Va
3064 4490 3318 4552 potestate
3347 4479 3571 4546 episcopi

336 4593 434 4644 καὶ
471 4592 534 4659 δὴ
565 4591 657 4643 καὶ
686 4589 783 4643 τοῦ
840 4591 1236 4660 πλησιοχωρεῖν
1283 4589 1381 4650 τὰς
1411 4589 1668 4653 τοιαύτας
1695 4590 1904 4658 ἐνορίας

333 4681 447 4732 τῶν
474 4678 740 4749 ρηθεισῶν
787 4679 1107 4746 ἁγιωτάτων
1136 4678 1441 4748 ἐκκλησιῶν
1476 4681 1540 4750 τῇ
1587 4678 1708 4732 κατ’
1745 4679 1906 4732 αὐτὸν

337 4771 617 4841 ἁγιωτάτῃ
653 4769 988 4839 μητροπόλει
1019 4769 1334 4838 Μελιτηνῆς
1391 4770 1489 4822 καὶ
1517 4768 1728 4840 εῐδησιν
1760 4769 1906 4840 ἔχειν

335 4863 501 4917 αὑτὸν
523 4861 728 4932 ἀκριϐῆ
756 4861 865 4914 τῶν
917 4862 1095 4914 ἐκεῖσε
1115 4877 1130 4892 ο
1168 4861 1494 4931 ἐπιλήψεται
1527 4862 1710 4914 τοίνυν
1755 4862 1783 4915 ό
1812 4861 1906 4932 δη-

340 4954 534 5017 λωθεὶς
607 4951 904 5020 ἱερώτατος
972 4952 1381 5021 μητροπολίτης
1443 4953 1754 5022 Μελιτηνῆς
1809 4957 1908 5006 καὶ

339 5044 642 5112 ύπέρτιμος
664 5042 774 5094 τῶν
804 5043 862 5094 ἐν
880 5042 996 5102 ταῖς
1025 5041 1300 5104 τοιαύταις
1320 5042 1612 5111 ἐπαρχίαις
1641 5059 1908 5114 πατριάρ-

339 5133 514 5202 χικῶν
542 5132 769 5185 δικαίων
825 5130 1127 5194 κανονικῶς
1155 5131 1431 5201 ἐπιτηρῶν
1489 5137 1583 5185 καὶ
1615 5133 1906 5203 διενεργῶν

336 5222 516 5286 ταῦτα
545 5223 774 5293 ἐξάρχου
801 5221 1001 5292 τρόπον
1033 5225 1123 5275 καὶ
1152 5223 1347 5292 δικαίῳ
1371 5223 1471 5294 τῆς
1505 5224 1659 5295 ἡμῶν
1691 5227 1908 5294 μετριό-

334 5324 526 5382 τητος,
571 5312 875 5382 φροντίζων
908 5313 1336 5381 προηγουμένως
1391 5314 1512 5384 μὲν,
1561 5315 1636 5386 μὴ
1668 5318 1908 5386 ἐνεργεῖ-

339 5403 466 5456 σθαί
497 5420 548 5455 τι
581 5403 683 5467 ἐξω
718 5405 819 5471 τῆς
854 5403 1258 5472 Χριστιανικῆς
1306 5407 1718 5470 καταστάσεως,
1771 5406 1908 5460 ἀλλά

337 5493 702 5546 πάντα’κατά
737 5493 859 5554 τοὺς
893 5494 1368 5563 ἐπικρατήσαντας
1411 5495 1646 5564 θεσμοὺς
1681 5498 1771 5548 καὶ
1811 5499 1908 5560 τάς

335 5587 655 5655 ἐγγράφους
681 5585 1044 5648 διατυπώσεις
1072 5587 1413 5655 προϐαίνειν,
1443 5587 1636 5640 ἔπειτα
1670 5591 1764 5642 τὸν
1792 5607 1904 5642 ,πα-

289 5723 292 5725 .
338 5676 680 5746 τριαρχικῶς
734 5675 832 5746 τῆς
876 5678 1186 5748 ἁγιωτάτης
1240 5677 1338 5731 τοῦ
1389 5679 1526 5731 Θεοῦ
1581 5679 1906 5750 Ἐκκλησίας

325 5768 746 5839 ’προϊστάμενον
773 5771 829 5824 ἐν
855 5773 974 5834 ταῖς
1007 5772 1427 5842 πατριαρχικαῖς
1453 5775 1641 5843 μοναῖς
1673 5773 1764 5828 καὶ
1796 5777 1906 5837 τοῖς

2077 4557 2417 4636 Ιιαιὶξεεηεὶε.

2076 4671 2238 4742 τ”Εν
2264 4689 2316 4724 τι
2351 4670 2444 4724 καὶ
2491 4669 2649 4723 τοῦτο
2685 4670 2791 4722 τῶν
2819 4671 2918 4723 ούκ
2966 4669 3398 4739 ἐπαινουμένων,
3449 4669 3574 4722 ὁπό-

2005 4781 2106 4817 ταν
2134 4780 2217 4827 τις
2261 4764 2390 4834 ’περίΙ
2421 4763 2763 4832 πραγμάτων
2791 4763 3048 4825 πολλάκις
3081 4762 3179 4832 μὲν
3226 4763 3546 4833 ἀμφισϐητη

2008 4855 2233 4921 θέντων,
2290 4855 2554 4916 πολλάκις
2601 4855 2660 4907 δέ
2690 4854 3083 4924 διακριθέντων
3141 4855 3234 4908 καὶ
3285 4857 3427 4907 κατά
3481 4855 3572 4906 τὸν

2005 4951 2213 5004 δίκαιον
2243 4950 2398 5018 λόγον
2425 4950 2842 5019 ἁποταχθέντων
2873 4952 2966 5004 καὶ
3005 4949 3412 5012 καταστάντων,
3454 4946 3572 5002 εἶτα

2007 5041 2162 5104 εἰδὼς
2193 5041 2320 5106 περὶ
2353 5039 2556 5092 τούτων
2585 5039 2738 5096 δίκας
2773 5037 2936 5091 πάλιν
2963 5037 3156 5108 ἐτέρας
3185 5037 3412 5106 ἐπάγειν
3448 5037 3574 5106 βιά-

2010 5132 2190 5200 ζηται,
2216 5134 2334 5194 ταῖς
2364 5129 2750 5204 ἀρχαιοτέραις
2773 5130 3045 5199 νεωτέρας
3074 5131 3235 5193 αὐτὸς
3262 5127 3575 5198 προσεπαύ-

2011 5224 2115 5288 ξων
2169 5229 2263 5275 καὶ
2300 5221 2610 5292 προστιθεὶς
2655 5221 2755 5283 τάς
2798 5219 2987 5275 αὑτοῦ.
3043 5214 3210 5282 Οὗτος
3257 5221 3365 5292 γὰρ
3421 5219 3578 5273 οὐδὲν
3633 5289 3638 5294 θ

2009 5314 2172 5366 πλέον
2230 5314 2430 5379 ποιεῖν,
2461 5312 2679 5374 πάντως
2732 5310 3004 5381 βούλεται,
3039 5309 3269 5364 τοιαῦτα
3313 5309 3506 5374 κινῶνζ
3536 5311 3570 5380 ἢ

2010 5405 2310 5475 πράγματα
2364 5402 2622 5471 διακενῆς
2662 5404 2924 5472 παρέχειν
2975 5402 3152 5472 ἐαυτῷ
3199 5419 3257 5455 τε
3307 5402 3402 5454 καὶ
3461 5405 3574 5463 τοῖς

2010 5496 2216 5552 τούτων
2270 5496 2550 5562 ἐσομένοις
2585 5494 2868 5555 δικασταῖς
2901 5494 2994 5546 καὶ
3029 5495 3240 5562 κριταῖς
3268 5510 3281 5524 ·
3317 5493 3427 5546 ἔδει
3481 5496 3578 5548 καὶ

2011 5590 2119 5657 γάρ
2165 5587 2336 5641 εἰδότα
2369 5587 2430 5639 τά
2474 5584 2638 5637 πάλαι.
2689 5585 2818 5654 περὶ
2861 5585 3039 5636 αὐτῶν
3079 5585 3431 5655 διακριθέντα
3481 5588 3575 5639 καὶ

2013 5681 2351 5735 καταστάντα
2386 5681 2461 5749 μὴ
2497 5677 2692 5748 ζηλοῦν
2715 5677 2922 5730 ἐθέλειν
2951 5679 3074 5741 τοὺς
3102 5679 3208 5747 πρὸ
3232 5677 3394 5731 αὐτοῦ
3417 5678 3570 5732 ἀλλο·
3665 5731 3672 5738 _

2009 5773 2174 5842 τρίων
2205 5770 2464 5839 ἐρῶντας,
2498 5767 2611 5821 ἀλλ’
2636 5769 2922 5838 ἀρκεῖσθαι
2949 5771 3040 5822 κα)⁵
3063 5769 3128 5822 τά
3152 5769 3376 5835 δόξαντα
3407 5771 3565 5838 στέρ-
