3996 6200
250 5750 325 5791 λλΛΔ

582 350 710 414 11ὖί
1519 357 1853 461 JOANNIS
1887 361 2147 425 GLYCIS

2243 363 2284 424 P
2352 360 2872 425 PATRIARCHA!
3607 366 3702 435 1152

575 475 695 524 γειν
725 460 820 513 καὶ
852 460 1096 529 μηδόλως
1126 462 1419 529 ταράττειν
1448 465 1582 535 μηδέ
1612 460 2009 538 διενοχλετν.Ἦ
2039 472 2148 541 γὰρ
2177 472 2224 531 Α
2254 472 2346 525 καὶ
2373 472 2513 525 κατά
2544 473 2710 544 μέρος
2758 473 2853 528 καὶ
2878 471 3055 528 ταῦτα
3102 473 3561 552 ὑπανεγνώσθησαν,
3583 490 3703 543 πολλά

573 548 644 605 ἂν
669 552 740 604 δι’
778 551 976 615 αἰῶνος
1007 552 1289 622 ἀπέραντα
1325 557 1538 607 πονοῖεν
1584 558 1639 609 οἰ
1679 558 1852 611 ταῦτα
1906 578 2150 631 προῃρη-

562 644 752 709 μένοι,
787 643 946 711 εἰπερ
978 642 1086 694 τῶν
1115 645 1219 713 πρὸ
1243 645 1422 697 αὑτῶν
1452 646 1712 711 πολλάκις
1743 651 1837 703 καὶ
1868 651 2151 721 ἀποχρών-

576 752 683 793 τως
711 734 1091 804 δικασαμένων
1127 738 1218 788 καὶ
1252 738 1681 805 ἀγωνισαμένων
1713 742 1762 793 οί
1798 741 2031 811 καθεξῆς
2062 743 2151 796 ἀεὶ

575 828 689 885 τοίς
721 825 935 893 ὁμοίοις
983 826 1276 895 ἐμμένοιέν
1307 830 1401 881 καὶ
1431 831 1700 899 πειρῷντο
1747 833 1838 885 τὸν
1887 835 2001 886 ῐσον
2027 834 2154 903 τρό-

576 935 678 970 πον
702 917 1013 986 διενοχλείν.
1053 920 1118 971 Ὃ
1145 920 1208 988 δὴ
1255 921 1553 991 καθορᾶται
1588 924 1887 991 συμϐαῖνον
1922 927 2016 978 καὶ
2056 926 2151 979 ἐπὶ

572 1012 639 1079 τῇ
680 1012 884 1076 μεταξὺ
941 1011 1037 1063 νῦν
1069 1011 1331 1066 ὑποθέσει
1358 1013 1452 1066 τοῦ
1483 1032 1540 1067 τε
1588 1016 1884 1085 ἱερωτάτου
1940 1035 2150 1088 μητρο-

572 1102 792 1155 πολίτου
848 1105 1152 1172 Λαρίσσης,
1200 1107 1521 1176 ὑπερτίμου,
1559 1109 1703 1163 κατά
1744 1110 1959 1179 πνεῦμα
1990 1110 2148 1164 ἀδελ-

575 1194 676 1261 φοῦ
713 1198 803 1247 καὶ
838 1198 1258 1269 συλλειτουργοῦ
1297 1201 1397 1268 τῆς
1436 1203 1469 1269 ἡ
1482 1201 1597 1267 μῶν
1646 1206 2020 1275 μετριότητος,
2053 1207 2148 1258 καὶ

572 1284 684 1335 τῶν
737 1286 1212 1355 Μαρμαριανιτῶν
1270 1289 1544 1359 μοναχῶν.
1598 1287 1765 1353 Οὗτος
1814 1296 1908 1348 καὶ
1957 1294 2068 1362 γὰρ
2121 1295 2149 1347 ὁ

574 1373 870 1442 ἱερώτατος
906 1376 1330 1447 μητροπολίτης,
1366 1380 1632 1449 πρότερον
1667 1382 1767 1450 μὲν
1796 1384 2027 1450 ταυτησὶ
2049 1386 2150 1453 τῆς

543 1542 550 1548 .
578 1467 745 1533 μονῆς
780 1468 1157 1535 ἡγουμενικῶς
1183 1472 1604 1540 προϊστάμενος.
1636 1476 1729 1527 καὶ
1762 1474 1921 1537 είδὼς
1968 1476 2147 1528 ὁπόσα

529 1622 544 1635 ,
575 1555 718 1622 αὕτη
754 1558 1019 1625 κέκτηται
1082 1561 1429 1629 δικαιώματα
1462 1564 1657 1634 (ταῦτα
1690 1565 1738 1618 δ’
1791 1568 1897 1619 εἰσὶ
1949 1567 2148 1638 χρυσό-

573 1646 787 1707 6ουλλοι
833 1648 982 1715 λόγοι
1015 1650 1108 1702 καὶ
1143 1654 1538 1734 ,πατριάρχικὰ
1588 1654 2002 1727 ὑπομνήματα),
2040 1658 2147 1711 ύπδ

570 1739 668 1807 τὴν
702 1743 987 1812 περιωπήν
1033 1748 1132 1814 τῆς
1163 1745 1286 1798 καθ’
1317 1747 1464 1816 ἡμᾶς
1504 1749 1818 1819 ἁγιωτάτης
1869 1749 1965 1802 τοῦ
2006 1750 2143 1804 Θεοῦ

571 1805 833 1903 Μεγάλης
873 1805 1201 1906 Ἐκκλησίας
1234 1805 1407 1892 τελέίν
1440 1805 1738 1913 τῆν’μονὴν
1765 1805 2144 1910 έπιτάττοντα,
2174 1805 2222 1866 Β

571 1920 667 1973 ἅτε
692 1923 752 1990 δὴ
776 1924 868 1975 ὲπὶ
896 1928 1288 1999 σταυροπηγίῳ
1320 1934 1706 2002 πατριαρχικῷ
1736 1934 2142 2001 ἀνιδρυθετσαν,

570 2015 598 2065 ὁ
627 2015 683 2066 δέ
726 2017 820 2069 καὶ
852 2016 998 2071 ο⁹ύτω
1028 2021 1141 2083 τοῖς
1179 2024 1435 2091 μοναχοῖς
1466 2023 1532 2075 δι’
1574 2024 1734 2094 ὄχλου
1778 2026 2106 2079 καθίσταται
2129 2041 2145 2059 ’

570 2104 696 2174 ἄρτι
750 2109 850 2177 μὲν
884 2110 983 2179 τῆς
1004 2112 1114 2195 τῶν
1160 2112 1507 2195 Λαρισσαίων
1561 2116 1968 2187 ἀρχιερατικῶς
2000 2119 2149 2187 ήγεϊ-

544 2200 699 2275 ⁸σθαι
737 2200 920 2271 λαχὼν
954 2192 1368 2273 μητροπόλεως,
1405 2207 1606 2265 αὐτίκα
1634 2208 1690 2261 δὲ
1728 2211 1824 2264 καὶ
1857 2214 1971 2274 τοῖς
1996 2214 2152 2282 είρη·

575 2292 760 2361 μένοις
790 2296 1160 2365 δικαιώμασιν
1191 2299 1433 2370 ἐντυχὼν
1476 2302 1573 2354 καὶ
1603 2302 1817 2366 τούτοις
1845 2305 2006 2358 οἰονεί
2035 2321 2146 2357 τισι

484 2464 505 2477 .
571 2386 820 2456 κέντροις
853 2388 989 2459 πρὸς
1021 2393 1119 2461 τὴν
1146 2391 1247 2461 τῆς
1290 2393 1457 2463 μονῆς
1489 2394 1922 2464 ὑπονυττόμενος
1958 2396 2147 2464 ἔφεσιν

569 2479 664 2530 καὶ
721 2481 819 2551 τήν
867 2482 1188 2537 δεσποτείαν
1248 2485 1427 2557 ἐαυτῷ
1478 2486 1817 2557 πειρώμενος
1868 2489 2148 2542 κατακτᾶ-

572 2571 720 2637 σθαι,
763 2574 969 2643 ταύτην
1020 2577 1196 2647 αὑτὴν
1248 2579 1651 2634 ὑποτάττεσθαι
1696 2584 1762 2652 τῇ
1809 2580 2146 2651 μητροπόλει

570 2665 754 2735 ζητῶν
776 2669 869 2720 καὶ
902 2669 1027 2730 τοὺς
1064 2673 1121 2723 ἐν
1151 2675 1288 2742 αὐτῇ
1331 2675 1602 2744 μοναχοῦς
1656 2674 2048 2745 ἀνακρίνεσθαί
2084 2691 2143 2727 τε

568 2761 659 2811 καὶ
694 2765 997 2824 κανονικῶς
1022 2762 1114 2815 ὑπ’
1139 2763 1305 2817 αὑτοῦ
1333 2765 1702 2834 διεξάγεσθαι.
1741 2766 1843 2819 Διὰ
1867 2765 2027 2820 τοῦτο
2050 2764 2145 2818 καί

568 2868 722 2912 τινας
764 2852 930 2905 αὑτοῦ
986 2857 1257 2924 μοναχοὺς
1296 2856 1437 2927 πρὸς
1488 2860 1587 2924 τὴν
1637 2856 1763 2911 καθ’
1799 2858 1949 2926 ἡμᾶς
1992 2859 2145 2911 θείαν

573 2943 665 2995 καὶ
715 2944 867 3012 ίεράν
903 2944 1122 2999 σύνοδον
1155 2948 1718 3019 ἀντικριθησομένους
1751 2951 1867 3013 τοῖς
1902 2951 2145 3021 Μαρμα-

571 3036 837 3104 ριανίταις
866 3037 1167 3107 ἐκπέμπει.
1206 3041 1315 3094 Καὶ
1350 3041 1413 3110 δὴ
1432 3042 1816 3111 παραστάντες
1844 3036 1992 3097 οὗτοι
2019 3061 2143 3097 συν-

562 3128 757 3187 οδικῶς
807 3130 1237 3200 προκαθημένης
1261 3132 1362 3202 τῆς
1383 3134 1416 3204 ή
1427 3133 1541 3202 μῶν
1577 3136 1952 3207 μετριότητος,
1978 3136 2144 3206 προέ-
2170 3162 2214 3222 c

566 3240 752 3275 τειναν
786 3223 886 3290 μὲν
921 3223 1197 3293 δικαίωμα
1242 3228 1307 3297 τῇ
1344 3228 1679 3297 μητροπόλει
1722 3230 1947 3298 γεγονὸς
1983 3232 2140 3302 παρά

561 3314 656 3368 τοῦ
685 3317 785 3385 τὴν
819 3317 999 3369 ἐκεῖσε
1031 3318 1219 3388 χώραν
1244 3312 1325 3389 τῷ
1359 3320 1482 3374 τότε
1512 3321 1636 3375 κατ’
1662 3322 1912 3386 ἐξουσίαν
1940 3323 2139 3379 αὑθεν-

560 3409 721 3477 τικήν
762 3406 1066 3470 διέποντος,
1092 3408 1188 3462 τοῦ
1214 3409 1478 3465 δεσπότου
1511 3410 1724 3465 ἐκείνου
1752 3410 1861 3481 κῦρ
1890 3413 2134 3485 Μιχαὴλ,

561 3499 639 3561 ὡς
683 3499 886 3566 μεταξὺ
926 3501 1025 3553 καὶ
1058 3500 1179 3554 τότε
1228 3502 1322 3556 τοῦ
1355 3520 1416 3556 τε
1455 3504 1555 3575 τῆς
1594 3505 1986 3575 μητροπόλεως
2036 3508 2137 3577 μέ-

484 3606 487 3609 ‘
560 3580 696 3661 ρους
731 3595 819 3645 καὶ
850 3594 947 3662 τῆς
971 3596 1271 3667 εἰρημένης
1323 3597 1495 3667 μονῆς
1541 3600 2011 3670 ἀμφισϐητήσεως
2043 3602 2139 3655 καὶ

562 3684 845 3749 διενέξεως
876 3689 1216 3757 κατεχούσης
1242 3688 1370 3759 περὶ
1399 3690 1574 3761 αὐτῆς
1602 3691 1665 3763 δὴ
1690 3690 1792 3759 τῆς
1831 3692 2004 3761 μονῆς
2031 3693 2137 3747 ύπδ

463 3778 486 3801 ‘
563 3776 661 3846 τὴν
692 3779 1287 3849 μητρόπολινάγεσθαι
1313 3782 1408 3837 τοῦ
1456 3784 1581 3838 κατ’
1620 3784 1793 3853 αὐτὴν
1832 3786 2136 3857 ἀρχιερέως

561 3863 837 3931 ἀξιοῦντός
872 3886 932 3922 τε
965 3871 1059 3948 καὶ
1111 3871 1475 3938 δικαιοῦντος.
1524 3876 1636 3929 Καὶ
1672 3876 1859 3946 μέντοι
1886 3878 1982 3931 καὶ
2014 3876 2137 3948 κρί-

561 3976 702 4023 σεως
748 3960 842 4013 ἐπὶ
876 3944 1054 4031 τούτῳ
1100 3965 1405 4034 γενομένης
1467 3966 1621 4035 παρά
1670 3944 1766 4019 τοῦ
1817 3944 2135 4036 Γοριανίτου

560 4053 772 4106 ἐκείνου
813 4053 918 4106 ὑπὸ
949 4053 1027 4124 τῷ
1055 4054 1294 4129 δεσπότῃ
1345 4057 1630 4122 τελοῦντος
1676 4059 1770 4113 καὶ
1806 4060 1876 4114 τά
1907 4061 2137 4116 τοιαῦτα

560 4144 1053 4213 ἐξυπηρετοῦντος,
1088 4146 1171 4200 ἐτι
1196 4148 1253 4200 δὲ
1287 4150 1377 4201 καὶ
1403 4151 1573 4203 αὑτοῦ
1603 4150 1697 4204 τοῦ
1730 4154 1994 4207 δεσπότου
2026 4156 2136 4224 κῦρ

562 4234 781 4305 Μιχαὴλ
826 4236 904 4308 τῷ
953 4238 1231 4310 εἰρημένῳ
1264 4241 1556 4310 γράμματι
1589 4244 1680 4296 καὶ
1705 4243 2039 4312 δικαιώματι
2069 4248 2139 4302 τὰ

560 4328 663 4397 τῆς
693 4327 931 4399 κρίσεως
962 4328 1312 4399 βεϐαιοῦντος
1337 4349 1350 4364 ·
1388 4333 1704 4404 προέτεινον
1732 4337 1781 4389 οἰ
1812 4336 1909 4390 τοῦ
1933 4337 2140 4409 Λαρίσ-

2253 581 2312 617 τε
2339 565 2472 620 ὄντα
2501 569 2599 621 καὶ
2622 566 2692 622 τά
2722 568 2823 634 τῆς
2854 568 3167 632 ὑποθέσεως
3199 572 3417 644 ἐξαρχῆς
3456 578 3616 634 διιόντα
3636 585 3703 638 καὶ

2253 659 2335 715 ἔτι
2360 660 2712 729 παλαιτέρων
2743 662 2923 717 ἄλλων
2960 663 3054 717 ἐπὶ
3083 664 3347 721 δικαιώσει
3372 672 3461 740 τῆς
3489 676 3620 743 μονῆς
3635 678 3703 743 τὴν

2256 755 2480 825 μνήμην
2535 755 2858 825 ποιούμε·.α,
2898 759 3301 829 χρυσοόούλλων
3352 761 3559 833 δηλονότι
3598 768 3703 837 παρὰ

2252 845 2362 898 τῶν
2384 845 2647 916 ἀοιδίμων
2667 847 2970 917 γεγονότων
2994 847 3272 918 βασιλέων,
3290 852 3376 906 τοῦ
3399 871 3449 907 τε
3477 853 3704 923 κῦρἸσσα-

2253 937 2372 991 κίου
2398 938 2495 992 καὶ
2528 938 2618 993 τοῦ
2649 940 2990 1010 αὑταδέλφου
3040 942 3224 1007 αὑτοῦ,
3272 945 3368 1015 κῦρ
3408 947 3624 1014 Ἀλεξίου,
3652 952 3705 1002 ἔτι

2251 1027 2309 1080 δὲ
2342 1027 2435 1080 καὶ
2470 1030 2890 1100 πατριαρχικῶν
2934 1032 3332 1103 ὑπομνημάτων
3361 1037 3443 1089 καὶ
3474 1037 3636 1091 λοιπῶν
3655 1040 3708 1091 δι-

2254 1125 2614 1188 καιωμάτων,
2666 1123 2728 1175 ἐν
2755 1117 2835 1186 οἷς
2874 1122 2938 1195 δὴ
2987 1126 3101 1187 τοῖς
3153 1126 3533 1194 προκομισθεῖσι
3567 1127 3707 1196 δηλαδὴ

2251 1210 2386 1279 παρ’
2413 1212 2594 1266 αὐτῶν
2616 1213 2953 1284 δικαιώμασι
2995 1218 3090 1270 καὶ
3124 1217 3347 1286 γράμμα
3373 1220 3553 1288 προσῆν
3576 1220 3707 1288 ἕτερον

2249 1303 2344 1356 τοῦ
2376 1304 2762 1375 διαληφθέντος
2811 1308 3101 1373 δεσπότου,
3148 1310 3252 1381 κῦρ
3289 1312 3504 1382 Μιχαὴλ,
3538 1313 3588 1366 τὸ
3614 1331 3706 1383 προ-

2249 1396 2473 1465 γεγονὸς
2504 1400 2567 1466 τῇ
2598 1398 2935 1470 μητροπόλει
2956 1402 3261 1473 ἀνατρέπον
3286 1406 3373 1458 καὶ
3396 1405 3629 1473 ἀναιροῦν,
3650 1406 3712 1459 καὶ

2249 1488 2370 1556 τὴν,
2410 1488 2534 1543 ὅθεν
2559 1490 2717 1546 τοῦτο
2745 1494 2983 1563 προέϐη,
3010 1496 3191 1567 αἰτίαν
3220 1498 3457 1567 καθαρῶς
3478 1499 3711 1569 παριστιῖιν,

2250 1581 2314 1633 ἐκ
2352 1581 2578 1651 ψεύδους
2600 1584 2846 1654 δηλονότι
2877 1586 2971 1641 καὶ
3002 1588 3218 1658 ἀπάτης
3240 1591 3315 1659 ,τῇ
3345 1588 3430 1643 τοῦ
3466 1589 3715 1660 Γοριανίτον

2248 1673 2429 1742 κρίσει
2483 1677 2881 1742 συσκευασθὶν,
2931 1680 3051 1749 ἅμα
3104 1681 3161 1735 δέ
3217 1682 3305 1734 καὶ
3339 1681 3628 1749 δηλοποιοῦν.
3665 1682 3716 1745 ὡς

2250 1768 2392 1821 κατά
2427 1768 2657 1838 ζήτησιν
2686 1771 2853 1825 αὑτοῦ
2889 1771 2952 1841 δὴ
2977 1773 3074 1827 τοῦ
3102 1773 3354 1828 δεσπότου
3393 1777 3477 1829 καὶ
3502 1776 3719 1843 παράκλη-

2253 1877 2339 1913 σιν
2368 1861 2462 1914 ἐπὶ
2482 1861 2770 1932 διορθώσει
2799 1865 2901 1936 τῆς
2942 1866 3256 1930 ὑποθέσεως
3288 1868 3376 1922 καὶ
3415 1871 3469 1921 τὸ
3499 1869 3576 1921 τοῦ
3598 1869 3719 1922 ἀοιδί-

2253 1969 2356 2021 μου
2394 1953 2658 2022 βασιλέως
2684 1956 2791 2025 κῦρ
2827 1958 3078 2012 Ἰωάννου
3110 1959 3480 2029 χρυσόόουλλον
3507 1960 3584 2013 ἐπὶ
3606 1962 3719 2014 ἀναι-

2250 2044 2399 2114 ρέσει
2430 2048 2524 2101 καὶ
2556 2048 2837 2119 ἀκυρώσει
2870 2049 2965 2105 τοῦ
2994 2052 3262 2121 προτέρου
3288 2053 3441 2108 αὑτοῦ
3468 2052 3719 2124 χρυσοὸούλ-

2247 2137 2341 2192 λου
2380 2142 2446 2210 τῇ
2485 2143 2621 2212 μονῇ
2651 2143 2884 2212 προέϐη,
2916 2143 3013 2197 an
3042 2144 3108 2211 δὴ
3145 2144 3247 2213 τῆς
3276 2144 3510 2215 ἀληθείας
3527 2144 3720 2213 καθαρὰ

2246 2232 2615 2301 αἰθριασάσης
2647 2234 2876 2288 καὶτῶν
2903 2238 2968 2306 τῇ
3008 2238 3147 2306 μονῇ
3181 2237 3472 2304 προσόντων
3490 2234 3722 2304 δικαιωμά-

2245 2340 2355 2376 των
2389 2324 2686 2396 ξσύστερον
2736 2326 3146 2394 ἀναφανέντων,
3188 2329 3290 2382 ὑπὸ
3339 2330 3429 2398 τῆς
3456 2328 3536 2382 τοῦ
3579 2326 3721 2399 καιροῦ

2245 2416 2567 2486 ἀνωμαλίας
2603 2419 2664 2472 τὸ
2705 2420 2969 2488 πρότερον
3020 2421 3419 2491 ἀφανισθέντων
3453 2422 3531 2475 καί
3556 2423 3631 2474 ἐπὶ
3655 2436 3726 2487 μα-

2246 2506 2378 2575 κρὸν
2406 2507 2624 2575 συμϐὰν
2649 2509 2789 2563 αὑτά
2824 2511 3198 2582 κρύπτεσθαι,
3236 2514 3313 2567 ἐτι
3337 2531 3395 2582 γε
3429 2512 3522 2582 μὴν
3558 2513 3632 2565 καὶ
3658 2509 3727 2566 τοῦ

2249 2600 2585 2669 μυροὸλύτου
2613 2603 2707 2655 καὶ
2735 2602 3189 2674 θαυματοϐρύτου
3217 2605 3500 2677 Δημητρίου
3546 2603 3608 2673 μὴ
3638 2606 3730 2657 ἀνα-

2247 2694 2438 2761 σχετὸν
2472 2696 2849 2764 ποιησαμένου
2905 2696 2977 2749 τά
3027 2697 3131 2766 τῆς
3159 2697 3404 2776 ἀληθείας
3433 2700 3503 2760 εἰς
3543 2697 3666 2759 τέλος
3691 2695 3732 2747 ἐν

2244 2788 2442 2853 ἀφανεῖ
2498 2788 2874 2857 κρύπτεσθαι,
2912 2789 3054 2844 ἀλλά
3096 2790 3390 2860 θαυμάσιόν
3412 2806 3520 2843 τινα
3560 2788 3730 2858 τρόπον,

2248 2880 2450 2948 μᾶλλον
2503 2881 2560 2935 δὲ
2609 2881 2759 2950 αὑτῷ
2806 2882 3017 2953 συνήθη
3077 2885 3176 2937 καὶ
3206 2887 3470 2954 πρέποντα
3506 2883 3733 2952 φοὸήτροις

2242 2972 2354 3024 τισὶ
2391 2972 2484 3024 καὶ
2540 2974 2795 3043 φάσμασι
2831 2977 2924 3028 καὶ
2978 2976 3436 3045 ἐκδειματώσεσιν
3476 2977 3527 3028 ἐν
3573 2975 3734 3035 τούτοις

2243 3063 2339 3116 καὶ
2376 3064 2550 3117 νόσων
2584 3065 2906 3133 ἐπαγωγαῖς
2938 3067 3036 3119 καὶ
3100 3070 3360 3129 ποικίλοις
3388 3067 3491 3121 τισὶ
3530 3063 3733 3124 τοιούτοις

2244 3156 2341 3209 τὸν
2376 3156 2487 3227 κῦρ
2532 3156 2757 3228 Μιχαὴλ
2789 3158 2999 3212 ἐκεῖνον
3046 3160 3139 3214 τὸν
3164 3160 3420 3228 δεσπότην
3444 3158 3562 3228 πρὸς
3594 3154 3733 3210 συναί·

2248 3248 2441 3319 σθησιν
2463 3249 2788 3317 ἀγαγόντος,
2814 3251 2892 3315 ὡς
2935 3252 2997 3305 οὑ
3032 3252 3220 3317 καλῶς
3248 3253 3350 3323 ἄρα
3379 3252 3450 3322 τῷ
3473 3252 3553 3305 τοῦ
3576 3248 3735 3319 Λαρίσ-

2249 3357 2352 3411 σης
2382 3341 2537 3411 μέρει
2569 3341 2668 3412 τὴν
2695 3342 2796 3411 τῆς
2825 3343 3143 3409 ὑποθέσεως
3168 3346 3439 3399 δικαίωσιν
3466 3346 3543 3399 διὰ
3572 3342 3650 3397 τοῦ
3680 3342 3735 3394 ιί-

2251 3432 2491 3504 ρημένου
2555 3434 2889 3505 γράμματος
2958 3439 3358 3510 ποιησάμενον.
3421 3439 3529 3492 Ἐπὶ
3580 3435 3738 3495 τούτοις

2251 3525 2437 3595 μέντοι
2483 3526 2622 3579 πᾶσι
2667 3526 2764 3579 καὶ
2796 3527 3178 3599 ὑπομνήματα
3220 3531 3563 3600 πατριαρχικὰ
3585 3530 3670 3581 τῶν
3697 3527 3738 3578 ἐν

2251 3616 2502 3688 μακαρίᾳ
2539 3620 2607 3687 τῇ
2647 3618 2799 3689 λήξει
2833 3624 3221 3693 πατριάρχῶν,
3245 3624 3338 3677 τοῦ
3362 3642 3415 3677 τε
3445 3623 3537 3692 κῦρ
3574 3622 3739 3690 Γερμα-

2248 3707 2341 3761 νοῦ
2370 3700 2469 3762 καῖ
2501 3709 2595 3763 τοῦ
2622 3703 2746 3781 κῦρ
2768 3712 3051 3783 Μανουὴλ,
3096 3716 3247 3785 παρὰ
3274 3715 3380 3769 τῶν
3412 3712 3628 3783 μοναχῶν
3643 3726 3740 3778 προ-

2249 3799 2584 3868 κομισθέντα
2618 3802 2713 3855 καὶ
2760 3803 3187 3871 ἀναγνωσθέντα
3216 3808 3307 3860 καὶ
3338 3807 3501 3861 ταῦτα
3527 3802 3642 3875 ἦσαν
3668 3803 3741 3870 μὲν

2247 3892 2520 3962 ἀριδήλως
2552 3896 2908 3964 παριστῶντα
2938 3897 3040 3951 σὺν
3074 3903 3188 3965 τοῖς
3232 3900 3430 3965 λοιποῖς
3472 3895 3740 3964 δικαιώμασι

2245 3984 2347 4053 τῆς
2375 3984 2567 4054 μονῆς,
2592 3986 2744 4050 ὅπως
2776 4005 2837 4040 τε
2881 3989 2977 4041 καὶ
3006 3989 3137 4045 ὅθεν
3166 3992 3227 4044 τὸ
3249 3992 3305 4058 ἐξ
3340 3992 3498 4062 ἀρχῆς
3519 3991 3546 4059 ἡ
3568 3989 3650 4056 τῆς
3674 4002 3744 4055 μο-

2249 4077 2345 4143 νῆς
2372 4077 2725 4148 πνευματικὴ
2745 4078 3036 4134 δεσποτεία
3060 4084 3158 4136 καὶ
3188 4084 3436 4154 κυριότης
3456 4082 3514 4152 τῇ
3534 4091 3742 4147 πατριάρ-

2248 4170 2377 4238 Χεκῇ
2416 4168 2772 4239 προσήκουσα
2809 4172 3201 4243 μεγαλειότητι
3230 4175 3530 4238 διετέλεσεν,
3570 4166 3743 4241 ὴσανδὲ

2250 4260 2346 4312 καὶ
2397 4259 2467 4313 δι’
2520 4261 2818 4331 ἐπιτιμίων
2874 4265 3337 4333 φρικωδεστάτων
3380 4264 3451 4335 τῷ
3487 4261 3647 4329 δικαίῳ
3672 4255 3744 4326 τὴν

2254 4351 2408 4420 ἰσχὺν
2434 4352 2803 4421 ἀπονέμοντα.
2853 4356 2928 4408 Τὸ
2969 4356 3027 4409 δὶ
3085 4352 3175 4429 ἦν,
3215 4355 3467 4428 μηδαμῶς
3508 4355 3585 4423 ὑφ’
3623 4349 3745 4417 ἑτέρᾳ

563 4437 661 4543 σηξ
694 4420 1438 4543 καὶχρυσόῗουλλονῖἒῖερον
1482 4426 1578 4480 τοῦ
1612 4428 1885 4539 βασιλέως
1909 4432 2005 4485 τοῦ
2034 4449 2139 4486 πα·
2166 4483 2218 4543 D
2253 4440 2387 4494 ποτέ
2434 4420 2727 4513 δεσποτεία
2757 4445 2855 4497 καὶ
2900 4420 3193 4517 ἀνακρίσει
3215 4420 3561 4516 ’πνευματική
3583 4440 3639 4543 τά
3671 4438 3745 4506 τῆς

559 4510 686 4582 τρδς
718 4512 812 4566 τοῦ
846 4517 1140 4584 κρατίστου
1164 4517 1259 4571 καί
1282 4519 1442 4587 ἁγίου
1473 4537 1573 4589 μου
1606 4521 2034 4595 αὐτοκράτορος,
2065 4526 2135 4580 τά

563 4607 662 4672 τῆς
691 4606 1004 4674 ὑποθέσεως
1032 4610 1091 4663 ἐν
1123 4610 1467 4682 ὑστέρῳκαὶ
1502 4613 1636 4667 αὑτὸ
1664 4613 2018 4673 ἐπιϐεϐαιοῦν
2044 4618 2140 4671 καὶ

564 4698 631 4767 τῇ
657 4698 940 4769 Λαρίσσης
971 4701 1069 4772 τὴν
1095 4703 1193 4771 τῆς
1243 4704 1411 4773 μονῆς
1456 4705 1814 4776 ἐπιστηρίζον
1872 4704 2029 4771 αὖθις
2056 4708 2143 4760 δε-

565 4790 829 4845 σποτείαν
857 4794 1239 4865 πνευματικὴν
1264 4796 1358 4849 καὶ
1380 4798 1708 4869 ἐπιτροπήν.
1731 4798 1841 4852 Καὶ
1870 4794 2015 4868 ἦσαν
2042 4802 2146 4870 μὲν

566 4884 634 4936 τά
658 4882 885 4937 τοιαῦτα
918 4884 1295 4956 δικαιώματα,
1326 4886 1401 4951 ὡς
1434 4888 1576 4943 οὕτω
1610 4906 1675 4958 γε
1707 4889 1967 4957 ἀκοῦσαι,
1994 4894 2144 4963 ίσχυ-

569 4976 640 5046 ρὰ
666 4979 731 5046 τῇ
762 4976 1044 5048 Λαρίσσης
1073 4980 1170 5032 καὶ
1221 4980 1617 5052 ἀναντίρῤητα,
1658 4983 1789 5054 πρίν
1817 5001 1882 5052 γε
1936 4985 2045 5056 μὴν
2074 4986 2145 5041 τὰ

560 5069 672 5123 τῶν
709 5071 1189 5142 Μαρμαριανιτῶν
1220 5073 1300 5139 εἰς
1337 5075 1505 5143 μέσον
1537 5076 1823 5145 ἐνεχθῆναι
1851 5078 1946 5131 καί,
1968 5079 2146 5149 ἐμφα-

563 5161 829 5230 νίζεσθαι,
858 5164 1039 5218 καίτοι
1074 5182 1137 5232 γε
1186 5164 1289 5218 οὐκ
1330 5166 1469 5219 αὑτά
1496 5167 1564 5221 τὰ
1593 5169 1759 5237 κύρια
1791 5170 2144 5241 δικαιώματα

565 5251 961 5319 ἐμφανίζοντες
990 5249 1131 5324 ἦσαν
1159 5255 1209 5307 οἰ
1240 5253 1334 5308 τοῦ
1359 5255 1664 5327 Λαρίσσης,
1694 5258 1830 5311 ἀλλὰ
1859 5260 1968 5313 τῶν
1995 5277 2146 5331 πρω-

563 5344 815 5397 τοτύπων
869 5347 982 5412 ῐσα,
1030 5346 1107 5411 ὡς
1153 5349 1335 5401 αὐτῶν
1360 5347 1424 5419 δὴ
1480 5350 1589 5403 τῶν
1633 5352 2010 5420 πρωτοτύπων
2052 5352 2146 5406 ὑπ’

568 5438 769 5503 ἀλλοις,
799 5439 875 5501 ὡς
902 5440 1129 5507 ἔφασαν,
1166 5443 1604 5515 εὑρισκομένων,
1638 5444 1782 5498 οὕτω
1817 5445 1913 5499 τοῦ
1950 5448 2146 5519 καιροῦ

572 5530 995 5599 σχεδιάσαντοςο
1051 5532 1190 5587 ἀλλά
1253 5533 1428 5589 ταῦτα
1480 5537 1581 5605 μέν
1624 5537 1674 5589 οἰ
1722 5536 1815 5590 τοῦ
1864 5538 2148 5611 Λαρίσσης

554 5623 955 5690 προτείνοντες
1006 5619 1171 5695 ἦσαν,
1207 5628 1282 5689 ὡς
1329 5627 1569 5698 εἴρηται,
1601 5632 1692 5683 καὶ
1722 5630 1816 5684 ἐπὶ
1852 5631 2065 5697 τούτοις
2087 5634 2149 5687 τὺ

446 5712 684 5807 ἱστᾶν
746 5714 1169 5781 ἰσχυριζόμενοι.
1218 5721 1598 5793 Προεκόμισαν
1645 5723 1702 5776 δὲ
1755 5725 1903 5795 ὅμως
1952 5726 2047 5779 καὶ
2095 5728 2146 5780 οἰ

576 5802 1043 5876 ηαρμαριανῖται
1086 5811 1155 5864 τὰ
1205 5815 1474 5881 προσόντα
1513 5822 1578 5887 τῇ
1618 5823 1753 5891 μονῇ
1793 5820 2164 5892 δικαιώματα,

2249 4536 2421 4606 μονῆς
2456 4537 2711 4604 γενέσθαι
2764 4538 2829 4591 τὸ
2881 4538 3130 4600 σύνολον.
3167 4541 3289 4594 ἀλλ’
3325 4540 3357 4610 ἢ
3413 4539 3536 4609 μόνῃ
3574 4536 3627 4604 τῇ
3670 4548 3746 4583 πα·

2243 4628 2538 4696 τριαρχικῇ
2567 4628 2827 4698 περιωπῇ
2883 4629 3309 4701 προσηρμόσθαι
3354 4630 3437 4682 διὰ
3472 4616 3644 4685 παντὸς
3666 4620 3736 4673 καὶ

2242 4715 2414 4786 ταύτῃ
2455 4718 2587 4788 μόνῃ
2621 4719 2701 4781 εἰς
2726 4718 2816 4771 τὸν
2846 4720 2975 4788 ἑξῆς
3004 4721 3229 4775 ἅπαντα
3272 4722 3452 4793 χρόνον
3478 4716 3747 4773 ὑποκύπτιιν

2243 4807 2341 4861 καὶ
2371 4809 2768 4864 ὑποτάττεσθαι
2801 4809 2895 4864 καλ⁸
2916 4810 3013 4864 τοῦ
3039 4810 3439 4883 πατριαρχικοῦ
3465 4809 3604 4878 μόνον
3623 4802 3747 4856 ποιεῖ-

2247 4900 2372 4954 σθαι
2401 4900 2680 4971 ἀναφορὰν
2711 4901 2975 4970 ὀνόματος
2996 4904 3139 4957 κατά
3171 4902 3233 4957 τδ
3263 4902 3483 4957 παλαιὸν
3508 4897 3746 4961 δικαίωμα.

2249 4986 2536 5064 βασιλικὴν
2592 4991 2757 5047 οὖσαν
2806 4992 2925 5061 ἀμα
2979 4995 3072 5049 καὶ
3127 4994 3539 5066 πατριαρχικήν.
3575 4988 3746 5042 Τούτοις

2247 5087 2407 5155 ἡμεῖς
2440 5086 2646 5139 ἅπασιν
2680 5085 2930 5157 ἀκριϐῶς
2981 5087 3347 5158 προσσχόντες
3374 5086 3463 5140 καὶ
3489 5083 3571 5152 τὴν
3598 5078 3674 5131 τοῦ
3692 5074 3747 5125 δι-

2248 5176 2405 5229 καίου
2437 5177 2610 5248 ῥοπὴν
2639 5180 2753 5241 τοῖς
2788 5177 3110 5249 είρημένοις.
3131 5178 3354 5248 τρόποις
3381 5176 3469 5230 καὶ
3508 5168 3747 5235 δικαιώμαο

2250 5288 2335 5323 σιν
2392 5269 2699 5340 ὁλοσχερῶς
2746 5270 3239 5341 άπονενεμημένην
3288 5254 3747 5335 κατανοήσαντεςτῆ

2253 5363 2413 5431 μονῇ,
2444 5360 2523 5432 τῷ
2547 5361 2742 5432 δικαίῳ
2774 5364 2868 5418 καὶ
2898 5348 3050 5419 αὑτοῗ
3078 5363 3180 5431 τὴν
3211 5359 3447 5414 νικῶσαν
3469 5357 3624 5426 ψῆφον
3644 5342 3749 5400 κατά

2249 5456 2311 5508 τὸ
2347 5454 2627 5525 προσῆκον
2685 5456 3135 5509 ἀποδεδώκαμεν.
3182 5453 3381 5507 Μέντοι
3426 5450 3513 5502 καὶ
3560 5452 3751 5510 napus-

2250 5545 2472 5599 λεύεται
2508 5546 2602 5600 καὶ
2659 5546 3010 5600 διατάττεται
3044 5547 3104 5599 ἐν
3160 5543 3301 5613 ἁγίῳ
3341 5541 3593 5608 Πνεύματι
3629 5533 3751 5599 ἠμε-

2238 5622 2474 5707 ’τριότης
2505 5636 2665 5706 ήμῶν
2699 5637 2839 5707 μετά
2866 5637 2967 5707 τῆς
2995 5638 3122 5705 περί
3156 5636 3324 5705 αὐτὴν
3360 5632 3501 5694 θείας
3536 5626 3617 5680 καὶ
3639 5618 3750 5688 Wa"

2257 5731 2477 5798 συνόδου
2511 5731 2607 5782 καὶ
2648 5729 2976 5801 όμηγύρεως
2998 5726 3109 5781 τῶν
3158 5726 3460 5797 ἰερωτάτων
3493 5718 3576 5773 καὶ
3607 5715 3749 5781 ἀρχιε-

2230 5818 2406 5894 Pin”.
2443 5822 2505 5877 τδ
2534 5823 2766 5893 στέργον
2795 5822 2939 5895 ἔχειν
2968 5820 3058 5876 καὶ
3090 5820 3317 5890 ἐνεργὸν
3347 5818 3411 5873 τά
3448 5802 3743 5879 διειλημμένα
