4022 6204
309 240 453 308 1:53
532 303 543 331 ,

1376 239 1773 303 ΒῩΝΟΒΙΟΑΞ
1808 240 2494 304 CONSTITUTIONES.

3438 242 3575 308 1154

303 359 407 428 τῆς
437 354 606 425 μονῆς
636 350 986 422 δικαιώματα
1017 350 1114 404 καί
1148 350 1292 405 κατά
1319 349 1420 420 τὴν
1453 350 1636 405 αὐτῶν
1666 350 1890 422 περίλη-
1915 356 1969 416 Α
1992 368 2101 406 των
2126 353 2220 407 καὶ
2236 353 2462 407 δικαίων
2486 352 2622 418 ἐστὶ,
2648 351 2776 416 τούς
2798 352 2857 406 ἐν
2872 353 2987 418 τοῖς
3009 353 3340 425 πράγμασιν
3363 357 3575 413 εὐδοκι..

301 451 399 520 ψιν
430 443 721 517 βασιλικὴν
752 444 845 496 καὶ
896 440 1313 512 πατριαρχικὴν
1344 440 1449 495 κάν
1497 440 1577 510 τῷ
1619 439 1749 509 ἑξῆς
1791 439 1887 492 κοιλ⁸

302 541 548 611 διηνεκεῖ
575 538 757 607 χρόνῳ
790 536 883 588 καὶ
926 530 1067 587 εἶναι
1106 538 1201 587 καὶ
1233 534 1603 605 ὀνομάζεσθαι
1639 534 1740 603 τὴν
1777 549 1889 586 τοι-

306 633 485 701 αύτην
511 630 616 683 τῶν
651 627 1061 697 Μαρμαριάνων
1103 625 1290 696 μονὴν,
1321 624 1551 696 ἀπέχειν
1577 625 1635 679 δὲ
1680 623 1888 694 ταύτης

304 721 402 775 τόν
431 736 491 772 τε
523 718 618 771 νῦν
667 716 1074 788 μητροπολίτην
1107 716 1391 786 Λαρίσσης
1440 717 1539 769 καὶ
1587 714 1716 779 τοὺς
1770 714 1889 783 μετ’

307 814 475 868 αὐτὸν
517 814 616 882 τὴν
652 809 956 880 ἐκκλησίαν
987 808 1196 879 ταύτην
1238 807 1667 879 ἀναδεξομένους
1700 808 1892 877 ἀρχιε-

308 906 449 975 ρεῖς,
483 902 565 956 ἔτι
593 902 652 955 δὲ
678 902 775 955 καὶ
796 900 887 954 τὸν
912 899 1398 972 πλησιοχωροῦντα
1435 899 1536 969 τῆς
1562 900 1892 970 Χαρμαίνης

307 998 636 1059 ἐπίσκοπον,
656 993 754 1047 ἅτε
786 993 1101 1064 μηδαμόθεν
1130 993 1256 1065 μηδ’
1285 993 1451 1047 αὐτὸν
1472 994 1565 1046 ἐπί
1590 1009 1738 1045 τισιν
1752 993 1892 1057 ὅλως

304 1088 417 1142 τῶν
444 1087 546 1157 τῆς
591 1087 760 1157 μονῆς
798 1084 1207 1156 δικαιούμενον,
1238 1084 1550 1155 ὑφορᾶσθαι
1574 1083 1893 1153 ὀφείλοντας

305 1182 408 1251 τὴν
466 1178 857 1248 ὲπηρτημένην
896 1177 1196 1248 κανονικὴν
1253 1176 1558 1244 καταδίκην
1621 1177 1733 1237 τοῖς
1760 1226 1765 1233 ,
1792 1175 1892 1229 οὐκ

308 1274 612 1344 ἐμμένουσι
652 1274 766 1335 τοῖς
796 1271 969 1341 ὁρίοις
996 1269 1179 1324 αὐτῶν
1201 1270 1300 1323 καὶ⁵
1323 1268 1436 1322 τῶν
1461 1268 1761 1338 ἀλλοτρίων
1788 1284 1888 1320 κα-

306 1362 766 1433 τεπεμὸαίνουσι.
797 1363 890 1415 Διὸ
938 1361 1037 1415 καὶ
1087 1360 1242 1415 ἔσται
1299 1360 1539 1431 μένουσα
1589 1361 1624 1430 ὴ
1665 1358 1890 1428 τοιαύτη

311 1454 476 1523 μονὴ,
505 1454 589 1522 ἐφ’
610 1449 677 1526 ἧς
704 1453 962 1507 τέτακται
984 1452 1045 1505 τὸ
1069 1452 1322 1523 ἀπαρχῆς
1342 1450 1550 1517 τάξεώς
1567 1467 1628 1503 τε
1648 1438 1744 1507 καὶ
1768 1449 1895 1503 ἰδιό-

307 1566 497 1618 τητος,
519 1550 615 1600 καὶ
636 1548 741 1601 ὑπὸ
753 1548 854 1617 τὴν
872 1547 996 1600 καθ’
1024 1538 1173 1618 ἡμᾶς
1193 1545 1503 1616 άγιωτάτην
1519 1543 1613 1598 τοῦ
1630 1540 1768 1597 Θεοῦ
1783 1543 1895 1596 Με-

306 1640 487 1710 γάλην
517 1639 843 1708 Ἐκκλησίαν
866 1639 1110 1709 δηλόνοτι
1139 1638 1625 1709 συναριθμουμένη
1654 1636 1750 1691 καὶ
1764 1652 1896 1690 τατ-

308 1736 516 1802 τομένη
552 1735 764 1802 μοναῖς,
796 1731 1009 1787 ἔσονται
1038 1733 1096 1785 δὲ
1112 1732 1315 1801 ὁμοίως
1346 1732 1486 1802 αὐτῇ
1519 1734 1614 1784 καὶ
1652 1731 1702 1783 οί
1737 1731 1886 1801 παρά

308 1825 407 1878 τοῦ
432 1828 631 1893 μέρους
662 1826 866 1895 ταύτης
898 1824 1289 1896 ἀνεγερθέντες
1314 1822 1444 1877 θεῖοι
1468 1824 1609 1889 ναοὶ,
1646 1823 1742 1877 καὶ
1770 1823 1889 1876 ὅσοι

279 1976 289 1983 ,
308 1918 393 1979 είς
409 1916 468 1968 τὸ
488 1915 616 1985 ἑξῆς
636 1914 1099 1986 ἀνεγερθήσονται
1117 1917 1261 1970 κατά
1281 1919 1374 1971 τὸν
1392 1918 1573 1969 ἐκεῖσε
1604 1916 1772 1968 τόπον
1792 1914 1888 1968 καὶ

306 2006 381 2059 τὰ
422 2008 551 2076 ὅρια
597 2005 705 2060 τῶν
747 2011 1013 2078 μετοχίων
1044 2008 1143 2077 τῆς
1178 2008 1349 2078 μονῆς
1387 2010 1482 2061 καὶ
1514 2006 1718 2060 λοιπῶν
1753 2022 1887 2076 κτη-

310 2102 519 2168 μάτων,
556 2101 707 2167 παρά
740 2100 969 2170 μηδενὸς
998 2100 1232 2153 καὶτῶν
1276 2102 1336 2154 έν
1366 2101 1551 2161 αὐτοῖς
1584 2097 1890 2178 ἱερατεύειν

310 2189 619 2258 μελλόντων
646 2192 748 2259 τὴν
778 2192 1071 2262 ἀνάκρισιν
1101 2191 1246 2261 ἔχειν
1280 2191 1606 2259 ὀφειλόντων
1638 2190 1736 2244 καὶ
1768 2188 1887 2254 ἑξέ-

306 2296 492 2347 τασιν,
527 2279 707 2351 ἀλλ’ἢ
747 2282 911 2351 μόνον
950 2282 1108 2353 παρὰ
1135 2282 1245 2336 τῶν
1274 2283 1379 2335 ὑπὸ
1417 2282 1516 2351 τῆς
1556 2298 1889 2352 πατριαρχι-

310 2371 413 2440 κῆς
446 2371 868 2442 μεγαλειότητος
922 2375 1004 2437 είς
1048 2374 1149 2444 τὴν
1181 2375 1291 2427 τῶν
1343 2374 1527 2427 ἐκεῖσε
1579 2374 1890 2445 ὲξαρχικῶν

312 2462 578 2533 διοίκησιν
605 2463 1094 2533 ἀποστελλομένων
1123 2468 1269 2519 κατά
1296 2465 1357 2519 τὸ
1385 2466 1592 2537 προσὸν
1618 2466 1891 2520 ἀνέκαθεν

308 2558 375 2626 τῇ
410 2557 545 2627 ἁγίᾳ
567 2556 664 2610 τοῦ
694 2557 829 2610 Θεοῦ
872 2558 1173 2630 Ἐκκλησία
1204 2559 1522 2629 προνόμιον.
1553 2561 1667 2614 Καὶ
1710 2559 1889 2622 οὐδεὶς

308 2649 566 2703 οὐδέποτε
597 2650 926 2720 πειραθῆναι
981 2650 1189 2722 ὀφείλει
1226 2654 1327 2706 οὐκ
1353 2652 1672 2723 ἀρχιερεὺς,
1705 2652 1766 2705 οὐ
1799 2667 1892 2704 κο-

311 2742 518 2813 σμικὴν
555 2741 715 2807 ἀξίαν
763 2744 1220 2814 ἐπανῃρημένος,
1259 2744 1356 2813 οὐχ
1406 2745 1595 2816 έτερός
1633 2761 1718 2807 τις
1775 2743 1889 2800 τῶν

308 2836 570 2887 ἁπάντων
616 2837 695 2898 είς
734 2835 1050 2906 ἀνατροπὴν
1082 2839 1175 2889 καὶ
1208 2837 1467 2905 ἀθέτησιν
1494 2837 1744 2906 χωρῆσαι
1776 2837 1888 2887 τῶν

308 2930 379 2997 τῇ
412 2930 548 2998 μονῇ
578 2930 888 2998 προσόντων
922 2928 1184 2979 τοιούτων
1211 2926 1604 2997 δικαιωμάτων
1633 2927 1731 2979 καὶ
1755 2942 1889 2996 προ-

314 3021 542 3089 νομίων,
575 3020 650 3083 ὡς
678 3023 744 3090 τῇ
768 3019 878 3072 τῶν
900 3020 1258 3090 Λαρισσαίων
1299 3018 1634 3089 μητροπόλει
1670 3019 1888 3071 ὑποθεί-
1918 3044 1964 3105 c

314 3129 405 3167 ναι
426 3112 595 3182 αὐτὴν
634 3112 667 3182 ἢ
718 3113 881 3182 ἑτέρᾳ
920 3112 1206 3183 δεσποτεία
1240 3112 1569 3180 ὑπαγαγεῖν,
1616 3113 1777 3179 πλὴν,
1814 3110 1889 3172 ὡς

312 3205 533 3274 εἴρηται
566 3204 851 3267 πολλάκις,
878 3203 975 3272 τῆς
1016 3202 1424 3272 πατριαρχικῆς
1447 3218 1459 3230 ·
1504 3202 1646 3253 κατά
1692 3201 1891 3263 παντὸς

311 3297 424 3363 γάρ
455 3292 552 3363 τοῦ
571 3293 979 3363 διαπράξασθαι
1007 3293 1165 3347 τοῦτο
1194 3293 1554 3362 πειραθέντος
1586 3293 1684 3360 τὴν
1721 3294 1894 3363 αὐτὴν

310 3388 635 3457 ἐπιτίμησιν
666 3386 761 3439 τοῦ
803 3387 1112 3458 ἀςορισμοῦ
1142 3389 1200 3441 ὲν
1234 3387 1373 3457 ἁγίῳ
1422 3387 1727 3456 Πνεύματι,
1770 3387 1891 3457 ἥτις

310 3481 374 3529 ὲν
395 3481 511 3541 τοῖς
542 3480 811 3549 πρότερον
838 3479 1190 3533 ἀπολυθεῖσιν
1216 3480 1611 3549 ὑπομνήμασιν
1636 3480 1776 3548 ὑπὲρ
1795 3479 1893 3545 τῆς

314 3573 485 3641 μονῆς
514 3572 861 3643 ἐπιφέρεται,
899 3576 995 3626 καὶ
1018 3575 1052 3644 ὴ
1083 3572 1379 3643 μετριότης
1410 3571 1570 3642 ἡμῶν
1600 3571 1895 3624 ἐπανατεί-

311 3679 465 3717 νεται
495 3664 583 3718 διά
610 3665 703 3717 τοῦ
745 3666 1012 3736 παρόντος
1050 3666 1222 3735 αὐτῆς
1256 3662 1766 3735 ὐπομνηματώδους
1797 3678 1894 3731 ση-

321 3762 657 3828 μειώματος,
687 3762 972 3829 γεγονότος
1006 3760 1146 3813 κατά
1173 3758 1319 3827 μῆνα
1356 3756 1700 3827 Ὀκτώὸριον
1730 3757 1820 3819 τῆς
1847 3755 1892 3825 β’

310 3854 696 3921 ἐπινεμήσεως
725 3852 820 3904 τοῦ
848 3849 1044 3916 ,ςωκς’
1078 3851 1251 3914 έτους.

622 3941 1582 4016 -ί-Εἷχε.............

308 4103 547 4159 XLVIII.
616 4104 943 4156 Andronicus
1003 4101 1063 4156 II
1141 4101 1472 4171 Palwologus
1544 4100 1893 4169 metropolich

522 4176 789 4242 Aprorum
832 4176 1032 4243 confert
1052 4174 1223 4227 locum
1277 4172 1671 4226 Euchwlorum.

384 4310 424 4382 σί·
452 4310 575 4364 Τῶν
622 4312 1014 4382 προσηκόντων
1070 4312 1104 4381 ἡ
1139 4308 1389 4379 βασιλεία
1422 4326 1528 4380 μου
1563 4308 1736 4380 κρίνει
1764 4309 1889 4370 τοὺς

306 4403 438 4458 καθ’
470 4403 651 4457 ὁτιοῦν
670 4402 1098 4473 εὐδοκιμοῦντας
1125 4400 1430 4471 βασιλικῶν
1460 4399 1763 4453 ἀπολαύειν
1789 4417 1890 4470 χα-

306 4499 480 4577 ρίτων
523 4498 616 4549 καὶ
675 4498 957 4577 ἀμοιὸῷν⁸
1005 4496 1132 4549 tm!
1198 4495 1311 4562 γάρ
1370 4492 1705 4546 οἰκειότατον
1766 4492 1887 4560 μὲν,

302 4570 473 4661 εἴπερ
498 4590 628 4644 ἀλλο
649 4608 726 4653 τι,
770 4570 881 4654 τοῖς
926 4591 991 4642 ὲκ
1018 4587 1155 4642 Θεοῦ
1198 4587 1510 4657 βασιλεύειν
1537 4585 1766 4655 λαχοῦσι
1794 4585 1889 4637 καὶ

298 4685 371 4739 τὸ
397 4685 523 4748 τοὺς
566 4684 839 4752 ὑπηκόους
895 4682 954 4736 εὐ
990 4685 1166 4735 ποιεῖν
1221 4681 1366 4734 κατά
1407 4682 1642 4752 μίμησιν
1674 4676 1770 4732 τοῦ
1799 4680 1888 4730 δε-

302 4776 549 4836 δωκότος
597 4774 657 4827 τὸ
710 4773 1037 4843 βασιλεύειν,
1089 4772 1155 4826 ἂν
1212 4772 1309 4825 καὶ
1360 4771 1420 4823 τὸ
1479 4771 1590 4824 τῶν
1630 4770 1890 4838 ὑπηκόων

304 4865 427 4920 ἐσθ’
464 4866 555 4919 ὅτε
589 4868 862 4934 συντρέχῃ
892 4865 988 4917 καὶ
1016 4864 1118 4933 τὴν
1147 4862 1247 4933 τῆς
1292 4862 1539 4926 εὐποιίας
1573 4862 1750 4932 ῥοπὴν
1784 4862 1885 4914 οὐκ

307 4960 555 5030 ἀνασοὸῇ
586 4959 677 5013 διὰ
714 4959 824 5012 τῶν
858 4959 1060 5029 ἔργων,
1099 4958 1297 5029 ῥᾳδίως
1327 4956 1393 5010 ἂν
1426 4956 1715 5026 ἑκατέροις
1739 4957 1891 5008 ἐκτε-

305 5057 457 5107 λοῖτο
478 5054 544 5105 τὰ
580 5052 795 5115 δέοντα,
833 5053 947 5114 τοῖς
1010 5052 1107 5121 μὲν
1156 5050 1354 5120 δηλαδὴ
1382 5048 1442 5101 τὸ
1475 5051 1789 5118 εὐεργετεῖν
1810 5048 1889 5101 δι-

305 5145 507 5211 καίως,
541 5146 651 5207 τοῖς
678 5142 724 5195 δ’
757 5141 824 5196 αῦ
857 5142 1119 5211 ὑπηκόοις
1148 5140 1211 5193 τὸ
1243 5140 1351 5194 τῶν
1388 5139 1721 5209 εὐεργεσιῶν
1743 5142 1889 5193 ἀκω-

230 5308 233 5309 ν
303 5240 488 5300 λύτως
521 5235 949 5306 ἔπιτυγχάνεινθ
1005 5234 1197 5287 ἔπειτα
1251 5235 1345 5285 καὶ
1402 5233 1510 5287 τῶν
1560 5232 1777 5285 ἀτόπων
1823 5233 1891 5285 ἀν

300 5332 418 5401 εἴη,
455 5332 578 5392 τοὺς
613 5330 712 5398 μὲν
748 5330 841 5381 ἐπὶ
893 5330 1009 5387 τοῖς
1043 5327 1400 5396 Ὀλυμπικαῖς
1427 5324 1697 5388 νικῶντας
1750 5326 1888 5381 ἐπά-

306 5425 458 5477 θλων
484 5424 601 5491 ᾶμα
640 5422 735 5474 καὶ
765 5419 946 5490 γερῶν
984 5417 1267 5483 ἀξιοῦσθαι
1313 5416 1425 5469 τῶν
1475 5416 1887 5485 προσηκόντων,

300 5519 436 5579 τοὺς
472 5515 529 5566 δέ
577 5530 641 5581 γε
685 5512 817 5582 παρ’
871 5512 1003 5580 ἡμῖν
1064 5508 1372 5580 χρησίμους
1421 5507 1890 5576 ἀναφαινομένους

298 5611 418 5669 τοῖς
454 5610 747 5676 πράγμασι
774 5605 966 5674 πόρρω
998 5604 1181 5671 μένειν
1206 5600 1304 5669 τῆς
1329 5599 1686 5669 ὀφειλομένης
1716 5614 1891 5667 παρα-

298 5703 605 5769 χωρείσυαι
639 5699 821 5769 τιμῆς.
862 5696 922 5750 Εἰ
960 5695 1073 5761 οὐν,
1097 5696 1166 5757 ὠ,
1198 5693 1430 5769 εἴρηται,
1456 5692 1887 5763 τῶνπροσηκόνς

1995 444 2233 511 μοῦντας
2264 447 2377 500 τῶν
2423 445 2724 516 βασιλικῶν
2772 446 2871 499 οὐκ
2910 447 3167 517 ἀμοιρεῖν
3201 450 3462 520 χαρίτων,
3498 446 3575 505 ῶν

1990 537 2114 591 κατ’
2165 537 2371 607 ἀρετὴν
2430 537 2813 608 πνευματικὴν
2863 538 2897 609 ἡ
2958 538 3357 609 εὐδοκίμησις,
3418 542 3573 608 ἀξίας

1991 629 2444 702 ἀντιμετρεῖσθαι
2488 632 2588 695 τάς
2644 632 2794 701 παρά
2841 630 3111 702 βασιλέως
3158 632 3328 702 τιμάς
3362 651 3422 687 τε
3478 637 3577 690 καὶ

1992 724 2222 795 χάριτας
2246 724 2452 790 αὐτοῖς,
2477 723 2634 777 τοῦτο
2654 725 2710 790 δὲ
2751 723 2846 778 καὶ
2874 725 2984 778 τῶν
3017 726 3224 795 σφόδρα
3255 726 3577 794 ἀναγκαίων

1991 811 2078 883 εῐη
2113 811 2198 879 ἂν,
2234 814 2423 883 ἐπειδὴ
2455 813 2592 882 πρὸς
2623 813 2801 885 ψυχὴν
2832 813 3099 869 διαϐαίνει
3146 818 3206 870 τὸ
3237 819 3337 887 τῆς
3370 818 3579 872 εὐδοκι-
3638 875 3643 881 ,

1995 906 2215 973 μήσεως
2238 903 2471 958 ἐνταῦθα
2502 903 2814 967 κάλλιστον,
2848 910 2943 959 καὶ
2967 907 3055 961 διά
3080 908 3239 961 τοῦτο
3269 909 3454 963 πλεῖον
3481 910 3578 964 καὶ

1991 994 2054 1047 τὸ
2082 996 2181 1065 τῆς
2228 995 2398 1064 τιμῆς
2444 996 2710 1066 ὑπερέχον
2738 997 3015 1067 ὀφείλεται
3060 1002 3175 1063 τοῖς
3223 1000 3345 1053 κατ’
3373 1002 3576 1071 ἀρετὴν

1994 1088 2376 1158 πνευματικὴν
2402 1088 2789 1157 εὐδοκιμοῦσιν
2812 1090 2844 1161 ἢ
2875 1093 2990 1153 τοῖς
3012 1092 3136 1147 καθ’
3159 1094 3342 1147 ὅντινα
3360 1094 3425 1163 δὴ
3452 1096 3575 1163 τρό-

1994 1169 2096 1232 πον
2119 1193 2135 1210 ο
2186 1179 2281 1232 καὶ
2312 1178 2494 1234 τοίνυν
2518 1180 2613 1234 καὶ
2651 1180 2790 1236 ἄλλα
2839 1182 3011 1236 πολλά
3043 1184 3143 1253 μὲν
3185 1186 3572 1254 τυγχάνουσιν,

1994 1268 2140 1340 ἀπερ
2168 1272 2330 1341 ἡμεῖς
2377 1272 2468 1326 διά
2494 1273 2594 1337 τῆς
2660 1276 2724 1327 ὲκ
2773 1273 2908 1328 Θεοῦ
2954 1276 3202 1345 δοθείσης
3242 1279 3376 1348 ἡμῖν
3419 1277 3578 1347 βασι-

1994 1360 2143 1423 λείας
2178 1362 2500 1432 κεκτήμεθα
2527 1363 2599 1416 τά
2629 1365 2906 1435 προνόμια
2932 1368 3029 1419 καὶ
3059 1367 3410 1435 δικαιώματα
3440 1371 3577 1438 πρὸς

1996 1449 2095 1521 τὴν
2124 1448 2219 1502 τοῦ
2245 1450 2381 1505 Θεοῦ
2414 1453 2576 1521 ἀγίαν
2602 1453 2959 1525 Ἐκκλησίαν,
2993 1450 3070 1510 ὧν
3100 1458 3365 1511 ἁπάντων
3410 1458 3577 1511 ἕνεκα

1994 1540 2201 1611 ὁπόσην
2229 1542 2532 1612 ποιούμεθα
2560 1545 2659 1616 τὴν
2682 1549 2940 1616 φροντίδα
2971 1550 3068 1602 καὶ
3091 1550 3194 1620 τὴν
3227 1550 3487 1621 σπουδὴν,
3515 1550 3579 1603 τὸ

1998 1634 2275 1703 προσῆκον
2303 1635 2559 1699 ἑκάστοις
2588 1639 2895 1696 ἐπιτιθέναι
2926 1642 3101 1707 τέλος,
3139 1643 3235 1697 καὶ
3262 1645 3451 1697 ὁποῖον
3485 1644 3577 1697 τὸν

1997 1724 2163 1795 ζῆλον
2188 1726 2468 1797 τρέφομεν
2494 1731 2561 1800 τῇ
2590 1730 2686 1783 τοῦ
2714 1732 2850 1785 Θεοῦ
2887 1735 3076 1804 χάριτι
3103 1734 3247 1804 ὑπὲρ
3272 1735 3478 1805 ταύτης
3513 1734 3578 1803 δὴ

1993 1819 2094 1888 τῆς
2134 1818 2485 1892 Ἐκκλησίας,
2520 1824 2596 1887 ῶς
2630 1812 2700 1878 ἀν
2730 1825 3084 1891 διασώζοιντο
3109 1830 3202 1880 καὶ
3225 1828 3571 1897 διατηροῖντο

1993 1908 2168 1984 ταύτῃ
2179 1911 2363 1975 καλῶς
2377 1930 2436 1966 τε
2448 1915 2540 1968 καὶ
2554 1914 2627 1978 ῶς
2643 1914 2763 1987 Θεῷ
2774 1917 2925 1986 φίλον
2937 1960 2953 1984 ,
2963 1920 3064 1971 ὅσα
3077 1920 3156 1981 είς
3175 1919 3457 1984 σύστασιν,
3475 1919 3579 1971 ὅσα

1995 2001 2080 2064 είς
2101 2002 2366 2073 καλλονήν
2392 2021 2450 2057 τε
2479 2006 2574 2059 καὶ
2592 2007 2896 2078 εὐκοσμίαν
2930 2010 3028 2061 κιι)⁸
3048 2010 3147 2061 ὅσα
3176 2010 3258 2070 εἰς
3286 2008 3349 2061 τδ
3363 2010 3460 2076 τῆς
3489 2009 3580 2060 εὐ-

1996 2093 2213 2158 σεεείας
2227 2097 2410 2169 ἀφορᾷ
2429 2100 2652 2167 κράτος,
2676 2102 2896 2169 ἀγνοεῖν
2919 2095 3075 2170 οίμαι
3098 2101 3204 2155 τῶν
3217 2102 3475 2156 ἀπάντων
3489 2103 3578 2155 οὐ·
3686 2128 3693 2134 ·

1995 2185 2251 2242 δένα.Ἐν
2264 2188 2491 2259 δ’ὄμως,
2517 2191 2592 2255 ὡς
2611 2193 2850 2263 εἴρηται,
2871 2194 2963 2246 καὶ
2998 2196 3181 2260 τοῦτο,
3202 2190 3276 2249 ὧν
3312 2199 3575 2265 κέκτηται

1993 2276 2028 2346 ἡ
2054 2276 2304 2347 βασιλεία
2327 2281 2485 2350 ἡμῶν
2505 2283 2564 2334 ὲν
2586 2285 2699 2347 τοῖς
2730 2285 3206 2355 έκκλησιαστικοῖς
3237 2288 3573 2357 προνομίων,

1993 2371 2059 2422 τδ
2086 2367 2180 2433 οὒς
2213 2370 2280 2424 ἂν
2316 2371 2573 2444 βούληται
2610 2375 2719 2428 τῶν
2753 2376 3062 2445 ίερωτάτων
3091 2380 3417 2450 ἀρχιερέων,
3452 2379 3575 2448 μείο

1996 2459 2145 2525 ζοσιν
2172 2462 2351 2528 ἀξίαις
2379 2466 2546 2536 τιμᾷν
2576 2466 2671 2519 καὶ
2707 2468 2816 2520 ἀπὸ
2846 2470 3251 2541 ταπεινοτέρων
3280 2472 3419 2539 πρὸς
3438 2468 3580 2539 ὑψητ

1996 2551 2249 2623 λοτέρους
2284 2558 2644 2628 προὸισάζειν
2700 2559 2928 2630 θρόνους
2960 2560 3048 2614 ὃιά
3099 2561 3161 2613 τὸ
3219 2561 3322 2631 τῆς
3375 2562 3579 2631 ἀρετῆς

1996 2645 2278 2718 αἰδέσιμον
2309 2651 2402 2702 καὶ
2462 2650 2789 2720 σεϐάσμιον,
2833 2652 3055 2722 Ἐπειδὴ
3103 2652 3285 2705 τοίνυν
3331 2653 3427 2704 καὶ
3483 2653 3578 2703 τὸν

1997 2738 2292 2807 ἱερώτατον
2328 2743 2737 2815 μητροπολίτην
2771 2746 2969 2815 "An-po)
3021 2745 3116 2798 καὶ
3152 2745 3458 2813 ὐπέρτιμον
3486 2738 3579 2797 εὑ·

2002 2836 2151 2901 ρενὴ
2190 2832 2440 2901 βασιλεία
2479 2852 2581 2904 μου
2638 2836 2810 2904 ἀνδρα
2864 2837 3007 2907 λόγῳ
3040 2838 3134 2889 καὶ
3185 2836 3356 2906 ἀρετῇ
3416 2851 3578 2887 κεκο-

2000 2927 2301 2996 σμημένον,
2324 2927 2506 2998 πλήρη
2536 2945 2593 2980 τε
2629 2930 2878 2993 παιδείας
2917 2932 3011 2983 καὶ⁸
3044 2931 3422 3001 πνευματικῆς
3455 2947 3579 2985 συν-

1998 3017 2185 3084 έσεως,
2212 3018 2512 3073 κάντεῦθεν
2552 3019 2830 3090 ὠφέλιμον
2887 3024 3014 3076 ὄντα
3045 3027 3155 3084 τοῖς
3188 3027 3581 3095 ἐντυγχάνουσι

1993 3108 2063 3161 τά
2095 3126 2157 3176 γε
2197 3110 2252 3171 ές
2276 3108 2478 3180 ψυχὴν,
2513 3112 2605 3163 καὶ
2635 3114 2773 3179 πρὸς
2801 3113 3017 3176 τούτοις
3054 3112 3273 3166 εὖνοιαν
3307 3114 3579 3185 είλικρινῆ

1994 3196 2309 3251 δεικνύοντα
2336 3200 2473 3268 πρὸς
2499 3200 2600 3270 τὴν
2638 3201 2920 3270 βασιλείαν
2956 3219 3085 3272 μου,
3112 3205 3179 3271 τῇ
3218 3203 3578 3275 προσηκούσῃ

1992 3290 2180 3344 τοῦτον
2206 3293 2340 3361 τιμῇ
2374 3296 2467 3344 καὶ
2492 3292 2568 3361 τῷ
2594 3292 2692 3361 τῆς
2713 3292 2982 3363 καθέδρας
3005 3294 3375 3363 προδιδασμῷ
3408 3294 3577 3365 ἀμεί-

1994 3382 2188 3436 ϐεσθαι
2214 3382 2425 3435 δίκαιον
2456 3384 2489 3453 ἡ
2523 3382 2769 3452 βασιλεία
2801 3400 2904 3453 μου
2940 3385 3118 3454 κρίνει
3150 3387 3437 3454 (τιμᾶσθαι
3464 3389 3575 3457 γὰρ

1942 3558 1945 3561 Δ
1992 3476 2095 3545 τὴν
2126 3477 2325 3546 ἀρετὴν
2352 3478 2446 3529 καὶ
2476 3477 2577 3547 τὴν
2615 3477 2936 3546 πρέπουσαν
2984 3478 3205 3547 ἐπέχειν
3253 3479 3423 3549 τιμὴν
3453 3483 3580 3534 πο).-

1995 3566 2173 3636 λαχῶς
2209 3567 2276 3621 ἂν
2304 3567 2390 3639 εἴη
2424 3567 2533 3621 τῶν
2562 3568 2743 3621 καλῶν
2778 3571 2872 3621 καὶ
2906 3568 3363 3638 ἐπαινουμένων),
3395 3571 3579 3624 ἐπίδο-

1997 3660 2083 3711 σίν
2115 3675 2174 3711 τε
2197 3662 2305 3729 γὰρ
2331 3659 2391 3711 οὐ
2418 3660 2630 3730 μικράν
2655 3677 2779 3714 τινα
2804 3660 2928 3713 καθ’
2949 3661 3152 3729 ἑαυτὴν
3189 3661 3330 3732 αὕτη
3365 3663 3577 3732 λαμϐά-

1994 3768 2076 3805 νει
2108 3752 2209 3822 τῆς
2240 3752 2558 3823 πρεπούσης
2603 3754 2767 3822 τιμῆς
2814 3754 3275 3823 ἐπιτυγχάνουσα,
3305 3757 3399 3809 καὶ
3438 3759 3576 3827 πρός

1993 3861 2057 3913 γε
2090 3847 2196 3915 μὴν
2227 3847 2359 3915 πρὸς
2394 3845 2487 3898 τὸν
2512 3845 2697 3910 ὅμοιον
2727 3845 3034 3916 διανίστησι
3069 3846 3235 3917 ζῆλον
3271 3849 3400 3909 τούς
3450 3849 3580 3901 ταύ-

1994 3956 2093 4008 της
2125 3940 2459 4017 ἀποδέοντας
2484 3954 2499 3970 ’
2537 3938 2716 3992 τοίνυν
2744 3939 2839 3991 καὶ
2866 3939 3077 3993 εὐδοκεῖ
3107 3942 3197 3994 καὶ
3221 3940 3513 4012 διορίζεται
3543 3943 3576 4009 ἡ

1996 4031 2245 4102 βασιλεία
2284 4049 2383 4100 μου
2405 4031 2493 4084 διὰ
2520 4030 2616 4085 τοῦ
2657 4034 2928 4102 παρόντος
2958 4032 3407 4103 προστάγματος,
3445 4035 3578 4087 έπέ-

1994 4143 2108 4195 χειν
2134 4125 2223 4177 τὸν
2252 4124 2561 4194 δηλωθέντα
2607 4124 2904 4193 ίερώτατον
2938 4124 3348 4196 μητροπολίτην
3380 4126 3577 4195 Ἀπρω

1952 4280 1957 4283 I
1996 4220 2088 4272 καὶ
2118 4218 2422 4290 ὑπέρτιμον
2473 4218 2568 4271 τὸν
2620 4218 2786 4271 τόπον
2836 4217 2933 4272 τοῦ
2989 4218 3276 4289 Εὐχαίτων
3307 4219 3403 4270 καὶ
3443 4219 3580 4271 ἀπο-

1994 4311 2181 4365 λαύειν
2207 4311 2307 4381 τῆς
2335 4309 2649 4382 ἀνηκούσης
2678 4310 2757 4381 τῷ
2782 4293 3211 4381 τοιούτιρθρόνῳ
3235 4310 3400 4381 τιμῆς
3431 4310 3488 4362 ἔν
3520 4328 3578 4364 τε

1996 4407 2114 4467 ταῖς
2144 4404 2288 4458 κατά
2334 4404 2435 4474 τὴν
2468 4404 2619 4461 θείαν
2649 4405 2743 4456 καὶ
2803 4402 2959 4473 ίεράν
3014 4403 3235 4454 σύνοδον
3268 4403 3575 4465 συνάξεσιν,

1997 4496 2055 4549 ἔν
2089 4514 2148 4549 τε
2176 4496 2399 4550 στάσεσι
2436 4498 2531 4550 καὶ
2554 4495 2850 4564 καθέδραις
2897 4496 2993 4546 καὶ
3025 4497 3147 4557 ταῖς
3181 4494 3395 4555 λοιπαῖς
3425 4511 3581 4545 συνε-

1997 4590 2239 4653 λεύσεσι,
2271 4588 2370 4641 καὶ
2396 4587 2585 4651 ἁπλῶς
2611 4588 2786 4639 εξπεῖν
2815 4586 3036 4651 πάντων
3065 4586 3175 4638 τῶν
3209 4586 3575 4655 ὁπωσδήποτε

1996 4683 2332 4751 ἀνηκόντων,
2382 4681 2458 4744 ὡς
2489 4680 2734 4751 εἴρηται,
2784 4678 2861 4749 τῷ
2921 4678 3097 4750 θρόνῳ
3151 4677 3245 4732 τοῦ
3296 4679 3580 4749 Εὐχαίτων

2000 4775 2139 4847 μετά
2170 4775 2350 4843 πάσης
2382 4773 2564 4835 ἀδείας
2598 4771 2661 4825 τὸ
2689 4774 2799 4826 ἀπὸ
2838 4770 2990 4824 τοῦδε
3029 4772 3289 4842 μετέχειν
3319 4772 3413 4823 καὶ
3437 4774 3577 4826 ἀπο-

1996 4869 2186 4923 λαύειν
2213 4868 2398 4930 αὐτὸν,
2428 4866 2513 4935 ἐφ’
2539 4857 2582 4934 ᾧ
2609 4866 2705 4919 καῖ⁹
2742 4866 2770 4918 ό
2812 4863 3115 4933 ἀγιώτατός
3152 4882 3255 4933 μου
3286 4863 3576 4931 δεσπότης,

1996 4965 2024 5017 ό
2057 4961 2435 5033 οίκουμενικὸς
2466 4958 2838 5030 πατριάρχης,
2874 4956 3087 5025 στέρξει
3126 4958 3218 5008 καὶ
3249 4954 3578 5019 ἀποδέξεται

1996 5055 2159 5108 τοῦτο
2193 5053 2329 5125 μετὰ
2350 5052 2451 5123 τῆς
2493 5050 2623 5120 περλ⁸
2652 5048 2818 5103 αὐτὸν
2875 5047 3025 5111 θείας
3062 5054 3154 5099 καὶ
3190 5046 3341 5114 ἱερᾶς
3372 5044 3581 5113 όμηγύ-

2002 5164 2140 5217 ρεως
2168 5144 2277 5198 τῶν
2308 5143 2621 5213 ίερωτάτυν
2657 5136 2985 5209 ἀρχιερέων,
3028 5138 3122 5190 καὶ
3154 5136 3382 5202 έκθήσει
3418 5136 3579 5205 χάριν

1997 5236 2191 5289 τούτου
2219 5234 2315 5287 καὶ
2344 5233 2539 5304 πρᾶξιν
2568 5231 2852 5301 συνοδικὴν
2875 5228 3047 5282 ταυτά
3073 5227 3247 5281 ταῦτα
3280 5225 3582 5295 διαλαμὸἀ-

1998 5340 2243 5393 νουσαν,⁶
2257 5326 2399 5395 διπερ
2439 5327 2531 5378 καὶ
2563 5328 2591 5378 ό
2638 5323 2737 5395 τῆς
2764 5321 3044 5393 βασιλείας
3067 5338 3168 5388 μου
3196 5319 3445 5391 ὁρισμός.
3482 5318 3582 5371 Διὰ

1997 5420 2107 5492 γάρ
2163 5418 2320 5471 τοῦτο
2354 5418 2531 5470 καὶτὸ
2560 5419 2735 5486 παρὸν
2762 5416 2856 5487 τῆς
2885 5414 3164 5484 βασιλείας
3193 5429 3295 5482 μου
3332 5411 3580 5481 ἐγεγόνει

2000 5510 2150 5580 αὐτῷ
2190 5509 2545 5580 πρόσταγμα.
3122 5526 3125 5527 ⁷

1998 5602 2039 5675 ’ξ’
2071 5598 2209 5670 Εἷχε
2239 5601 2314 5654 δι’
2338 5599 2603 5669 ἐρυθρῶν
2633 5595 3127 5669 πραμμάτωντῆς
3157 5596 3321 5661 θείας
3347 5593 3445 5648 καί
3469 5594 3587 5659 ,ϐα-

2110 5692 2356 5762 σιλικῆς
2380 5693 2579 5765 χειρὸς
2602 5692 2671 5746 τό
2690 5708 2703 5721 ·
2724 5692 2878 5759 Μηνὶ
2921 5690 3221 5759 Λόεμῖρῖῳ
3256 5688 3370 5741 Iw”.
3392 5688 3472 5752 β’.
