4022 6204
329 234 466 300 1157

1377 239 1776 303 SYNODICE
1817 241 2499 307 CONSTITUTIONES.

3422 247 3558 314 1158

326 353 590 424 Σμύρνης
628 351 723 406 ml
779 352 1080 420 ὐπέρτιμος
1115 352 1212 419 τὴν
1266 353 1529 423 τοιαύτην
1580 356 1898 424 ἀγιωτάτην
1927 359 1974 417 Α
2003 354 2272 424 μειζόνων
2314 357 2477 410 τινῶν
2507 355 2758 411 ἐντεῦθεν
2803 360 2898 413 καὶ
2929 360 3168 430 γνησίων
3197 359 3306 416 τῶν
3343 362 3560 434 δωρεῶν

326 444 636 512 ἐπισκοπὴν
669 443 804 496 Χίου
850 444 946 496 καὶ
977 444 1046 495 τά
1085 443 1177 496 ὑπ’
1224 443 1398 514 αὐτὴν
1433 447 1631 509 πάντα,
1663 448 1757 499 καὶ
1808 447 1895 500 ἐπ’

325 538 509 599 ἀδείας
542 538 656 603 ἔξει
689 537 992 606 ἱερουργεῖν
1030 538 1088 590 ἐν
1117 528 1268 606 αὐτῇ
1307 537 1401 590 καὶ
1439 539 1722 598 διακόνους
1754 553 1887 609 προῖ-

327 630 574 692 ϐιϐάζειν
605 629 698 682 ml
745 629 1180 698 πρεσϐυτέρους,
1214 630 1296 682 ἔτι
1325 630 1380 683 δὲ
1428 633 1524 684 καὶ
1555 633 1898 701 ἡγουμένους

327 721 682 791 ἐγκαθιστᾷν,
737 721 834 772 ml
869 721 1054 784 ἁπλῶς
1086 722 1194 774 τῶν
1224 723 1442 791 ἐκείνης
1485 723 1706 776 πάντων
1742 724 1899 794 μεθέ-

329 811 436 875 Ean,
465 811 567 864 ὅσα
595 812 688 863 ml
719 812 937 880 γνήσιος
968 812 1281 882 ἀρχιερεὺς,
1307 811 1436 866 ἀνευ
1470 813 1652 881 μέντοι
1679 815 1778 883 τῆς
1802 813 1897 867 τοῦ

332 902 482 972 ἱεροῦ
537 902 832 972 συνθρόνου
884 903 1350 972 ἐγκαθιδρύσεως.
1383 904 1547 956 Ὅθεν
1590 905 1902 973 ὀφείλουσιν

330 995 385 1048 οῖ
409 1011 474 1048 ,τε
507 993 762 1064 κληρικοὶ
799 995 902 1062 τῆς
946 993 1282 1064 δηλωθείσης
1325 995 1637 1066 ἁγιωτάτης
1676 998 1901 1051 ἐπισκο-

329 1086 442 1154 πῆς
475 1086 572 1139 κα)⁵
621 1086 669 1137 οί
703 1084 810 1137 ὐπὸ
844 1085 945 1154 τὴν
990 1085 1208 1152 ἐνορίαν
1239 1087 1445 1152 ταύτης
1497 1087 1778 1150 τελοῦντες
1808 1089 1902 1141 ml

331 1176 719 1246 πνευματικὴν
777 1177 1158 1246 ἐπικράτειαν,
1211 1179 1518 1246 ίερωμένοι.
1578 1181 1903 1246 μονάζοντες

335 1270 430 1320 ml
463 1271 525 1318 τδ
553 1267 742 1319 λοιπὸν
767 1266 1160 1336 Χριστώνυμον
1191 1269 1462 1339 πλήρωμα
1490 1271 1750 1334 δέξασθαι
1776 1272 1902 1326 τοῦ-

332 1375 427 1410 τον
456 1359 550 1410 ml
587 1357 678 1410 διὰ
709 1357 890 1427 πάσης
919 1357 1076 1425 ἀγειν
1107 1359 1294 1424 αίδοῦς
1337 1362 1431 1414 ml
1461 1362 1630 1432 τιμῆς
1669 1364 1765 1416 ml
1799 1365 1902 1435 τὴν

336 1452 724 1520 προσήκουσαν
755 1450 1038 1520 ὑποταγὴν
1074 1452 1248 1522 τούτῳ
1278 1453 1373 1506 ml
1410 1454 1728 1508 εὐπείθειαν
1763 1455 1902 1508 ἀπο-

337 1539 548 1607 νιμειν,
577 1538 652 1599 ὡς
679 1539 936 1608 ἀρχιερεῖ
955 1539 1136 1591 αὐτῶν
1161 1541 1254 1592 καὶ
1281 1541 1450 1610 πατρὶ
1478 1541 1574 1594 καὶ
1601 1540 1903 1610 διδασκάλῳ

336 1629 713 1698 πνευματικῷ,
772 1629 860 1697 ἐφ’
903 1625 986 1692 οἷς
1024 1629 1116 1682 ὐπ’
1166 1630 1335 1684 αὐτοῦ
1389 1631 1721 1684 νουθετοῖντο
1764 1631 1903 1702 πρὸς

337 1721 617 1791 σωτηρίαν
639 1703 973 1774 συντείνουσι
999 1719 1111 1774 τῶν
1131 1720 1317 1790 ψυχῶν
1342 1720 1543 1774 αὐτῶν.
1583 1722 1708 1774 Ἐπὶ
1727 1722 1902 1790 τούτῳ

336 1813 448 1882 γὰρ
475 1813 570 1864 ml
600 1811 661 1864 τὸ
693 1811 866 1880 παρὸν
897 1811 1173 1866 συνοδικδν
1198 1812 1432 1884 γράμμα
1474 1812 1576 1880 τῆς
1612 1812 1769 1882 ἡμῶν
1802 1829 1902 1882 με·

337 1907 626 1976 τριότητος
657 1905 832 1976 τούτῳ
859 1905 922 1976 δὴ
951 1905 1028 1976 τῷ
1074 1905 1423 1974 διαληφθέντι
1480 1906 1760 1976 ίερωτάτῳ
1795 1923 1902 1976 μη-

335 1997 632 2068 τροπολίτῃ
668 1997 923 2068 Σμύρνης
952 1999 1048 2052 ml
1095 1998 1408 2069 ὐπερτίμῳ,
1440 1998 1712 2068 ἀγαπητῷ
1756 1997 1904 2052 κατά

335 2088 545 2156 Κύριον
572 2089 786 2158 ἀδελφῷ
831 2090 932 2159 τῆς
966 2089 1125 2160 ἡμῶν
1163 2090 1520 2159 μετριότητος
1560 2089 1656 2143 ml
1689 2089 1904 2142 συλλει-

334 2178 580 2248 τουργῷ,
607 2180 686 2242 είς
713 2180 1017 2248 ἀσφάλειαν
1047 2180 1370 2236 ἐπιδάδοται.
1783 2189 1789 2194 ’

338 2291 423 2348 ιι.
458 2291 697 2372 ξνηοάιιε
726 2294 1001 2372 cqnﬁrmg!
1035 2296 1368 2372 impefatoris
1416 2300 1749 2372 mandatum.
1801 2319 1902 2372 quo

408 2362 735 2431 eplicopalus
751 2362 1140 2434 Joangn’norum
1165 2367 1221 2418 in
1248 2370 1575 2438 metrapolim
1605 2362 1847 2441 erigilui.

409 2453 450 2523 ’δ’
480 2455 595 2508 Οὐκ
625 2455 770 2508 ἐστιν
797 2456 992 2522 είπεῖν,
1023 2457 1124 2509 ὅσα
1156 2455 1246 2509 τὸν
1289 2457 1378 2510 ἀεὶ
1425 2460 1615 2528 χρόνον
1643 2462 1902 2518 ἑκάστοτε

337 2551 366 2602 ὸ
391 2546 686 2617 κράτιστος
737 2547 829 2601 καὶ
857 2546 1008 2614 ἀγιός
1051 2565 1153 2618 μου
1184 2549 1546 2621 αὐτοκράτωρ
1589 2554 1905 2627 φιλοτιμίας

336 2642 583 2712 γέμοντα
638 2642 734 2695 καὶ
781 2641 1194 2712 φιλανθρωπίας
1245 2645 1548 2714 παρέχεται
1587 2645 1727 2716 πρὸς
1775 2650 1903 2711 τοὺς

338 2734 618 2804 ὑπηκόους
656 2733 750 2786 ml
782 2734 1070 2805 ἐκπληροῖ.
1107 2735 1183 2790 Οὐ
1234 2735 1398 2805 μόνον
1435 2737 1544 2808 γὰρ
1582 2738 1785 2808 ἀρετὴν
1813 2738 1904 2792 ἀν-

338 2828 466 2898 δρες
498 2824 861 2888 πλουτοῦντες
894 2825 927 2896 ἢ
969 2825 1274 2897 πολεμικῆς
1315 2828 1609 2899 ἐμπειρίας
1660 2828 1810 2891 ὀντες
1845 2829 1904 2881 ἐν

343 2922 570 2989 μετοχῇ,
599 2920 967 2990 τετυχήκασιν
1005 2919 1248 2984 ἐπαξίων
1277 2921 1373 2972 καὶ
1397 2920 1506 2973 τῶν
1537 2920 1740 2992 γερῶν.
1768 2920 1904 2974 ἀλλά

1999 445 2375 512 ἐπιτεύξονται
2401 464 2418 513 ;
2446 447 2528 500 Τά
2558 449 2669 518 γὰρ
2709 449 2987 504 Ἰωάννινα
3010 451 3274 520 πρότερον
3308 452 3408 521 μέν
3442 455 3564 506 ἐπι-

2002 537 2181 607 σκοπὴ
2227 538 2335 590 τῶν
2371 537 2477 591 ὑπὸ
2522 539 2624 608 τὴν
2671 538 2986 607 ἀγιωτάτην
3038 541 3376 611 μητρόπολιν
3415 543 3604 602 Ναυση

2000 627 2212 682 πάκτου
2245 627 2497 694 τελοῦσα,
2531 628 2628 682 νῦν
2662 629 2706 683 δ’
2736 631 2842 683 ὐπὸ
2858 629 2937 700 τῷ
2961 633 3172 702 γνησίῳ
3201 633 3458 706 δεσπότῃ,
3485 635 3564 705 τῷ

2001 720 2280 790 κρατίστῳ
2309 720 2406 775 καὶ
2434 720 2578 789 ἁγίῳ
2607 738 2709 788 μου
2751 722 3143 793 αὐτοκράτορι,
3176 727 3270 777 καὶ
3305 729 3369 796 τῇ
3402 728 3566 780 καθό-

2001 809 2093 864 λου
2125 812 2404 882 ἁγιωτάτῃ
2460 813 2552 865 ml
2577 812 2885 882 φυλακτικῇ
2947 814 3160 884 μάνδρα
3187 818 3252 886 τῇ
3298 817 3392 870 τοῦ
3425 819 3566 871 Θεοῦ

2014 901 2315 973 Ἐκκλησία
2373 902 2613 972 ὡσπερεὶ
2675 903 2952 971 πλανηθέν
3009 906 3280 974 πρόϐατον
3332 909 3571 978 ἐνσηκα-

2006 995 2198 1048 σθεῖσα
2226 995 2322 1048 καὶ
2348 995 2638 1065 γενομένη,
2675 994 2785 1050 τῶν
2818 995 3012 1064 ὀρέων,
3063 992 3144 1060 οἷς
3178 997 3443 1067 διέτριϐε,
3476 1001 3570 1052 ml

2002 1083 2113 1136 τῶν
2142 1084 2390 1152 ἐρημιῶν
2430 1084 2744 1148 ἀποστᾶσα,
2781 1085 2810 1138 ὃ
2857 1102 2914 1138 τε
2960 1087 3251 1157 κράτιστος
3291 1091 3385 1142 ml
3415 1090 3571 1156 ἀγιός

2006 1189 2108 1243 μου
2140 1174 2522 1244 αὐτοκράτωρ,
2585 1175 2989 1253 ἀποδεξάμενος
3019 1177 3188 1248 αὐτὴν
3236 1180 3334 1248 τῆς
3385 1181 3479 1233 ἐπὶ
3509 1183 3572 1235 τὺ

2003 1268 2252 1336 κρεῖττον
2278 1265 2619 1336 ἐπιστροφῆς
2647 1267 2742 1320 ml
2774 1270 3033 1338 προνοίας
3070 1270 3254 1340 σεπτῷ
3292 1273 3567 1343 προστάγ-

2008 1373 2140 1426 ματι
2172 1357 2338 1410 αὐτοῦ
2377 1358 2458 1419 είς
2490 1357 2827 1427 μητρόπολιν
2854 1357 2916 1412 τὸ
2947 1359 3054 1412 ἀπὺ
3093 1360 3246 1414 τοῦδε
3273 1364 3368 1416 ml
3397 1364 3477 1426 είς
3507 1365 3570 1415 τὸ

2006 1447 2131 1514 ἑξῆς
2159 1443 2298 1501 εἷναί
2325 1464 2386 1500 τε
2427 1447 2521 1501 καὶ
2565 1448 2934 1517 ὀνομάζεσθαι
2966 1452 3250 1521 προήγαγε
3301 1452 3396 1504 ml
3428 1454 3574 1506 τετίο

2009 1552 2156 1606 μηκε
2197 1537 2293 1588 καὶ
2335 1536 2427 1590 τὸν
2458 1537 2866 1607 ἀρχιερατικῶς
2899 1540 3072 1610 αὐτῆς
3127 1543 3576 1612 προστησόμενον

2007 1628 2108 1696 τῆς
2139 1627 2234 1682 τοῦ
2279 1630 2680 1699 μητροπολίτου
2722 1632 2817 1684 καὶ
2853 1631 3157 1702 ὐπερτίμου
3199 1633 3445 1703 κλήσεως
3481 1636 3578 1687 καὶ

2008 1719 2173 1789 τιμῆς
2204 1720 2502 1775 ἀπολαύειν
2525 1722 2634 1777 ἀεί.
2670 1724 2814 1794 Πρὸς
2846 1726 2956 1794 γὰρ
2989 1727 3106 1788 τοῖς
3141 1724 3328 1788 ἀλλοις
3373 1742 3577 1794 προνο-

2013 1812 2179 1884 μίοις.
2234 1813 2380 1884 ἀπερ
2433 1817 2465 1886 ή
2528 1815 2784 1888 βασιλικὴ
2831 1816 3088 1889 περιωπή
3142 1817 3428 1886 κέκτηται,
3481 1818 3578 1870 καὶ

2007 1905 2156 1962 τοῦτ’
2186 1905 2323 1977 εχει,
2353 1906 2424 1970 ἀς
2463 1905 2530 1959 ἃν
2561 1905 2820 1976 βούληται
2843 1906 3086 1976 δηλονότι
3121 1908 3231 1961 τῶν
3266 1907 3577 1977 ἐκκλησιῶν

2007 1999 2178 2068 τιμᾷν
2223 1998 2320 2050 καὶ
2352 1995 2460 2050 ἀπὺ
2493 1996 2778 2060 ἐλάττονος
2810 1998 3167 2068 προϐιϐἀζειν
3209 2001 3290 2062 είς
3322 2001 3576 2070 κρεῖττον

2008 2088 2248 2158 ἀξίωμα.
2293 2088 2626 2152 ’Δκολούθως
2667 2087 2762 2142 οὖν
2794 2090 2889 2143 καὶ
2917 2091 2950 2160 ή
2988 2090 3282 2162 μετριότης
3307 2091 3464 2160 ἡμῶν
3492 2091 3573 2160 τῷ

2007 2181 2239 2250 τοιούτῳ
2300 2181 2485 2251 σεπτῷ
2532 2182 2920 2250 προστάγματι
2971 2181 3067 2234 τοῦ
3126 2183 3426 2253 κρατίστου
3479 2185 3578 2237 καὶ

2008 2269 2170 2337 ἀγίου
2223 2286 2328 2338 μου
2383 2271 2811 2342 αὐτοκράτορος,
2859 2271 3032 2341 δῶρον
3081 2271 3199 2342 ἅμα
3229 2266 3342 2326 οἷόν
3392 2291 3447 2328 τι
3481 2277 3578 2328 καὶ

2007 2363 2150 2434 αὐτὴ
2195 2363 2499 2416 ἐπεισόδιον
2526 2365 2592 2433 τῇ
2623 2362 2928 2436 δηλωθείσῃ
2975 2365 3257 2437 ἁγιωτάτῃ
3298 2367 3574 2437 ἐπισκοπῇ

2008 2456 2116 2512 τῶν
2161 2455 2481 2509 Ἰωαννίνων
2509 2455 2840 2526 χαρίσασθαι
2871 2457 3122 2525 θέλουσα,
3155 2458 3256 2527 τὴν
3293 2457 3576 2529 παροῦσαν

2010 2547 2298 2619 συνοδικὴν
2326 2549 2526 2621 πρᾶξιν
2552 2548 2824 2620 ἐκτίθησι,
2853 2548 2923 2604 δι’
2955 2544 3022 2622 ἧς
3070 2549 3336 2619 τιμᾶσθαι
3371 2537 3578 2618 ταύτην

2009 2639 2088 2710 τῷ
2116 2641 2217 2710 τῆς
2240 2641 2627 2711 μητροπόλεως
2648 2641 2924 2710 ἀξιώματι
2956 2641 3444 2712 συγκαταπράττει
3480 2643 3577 2694 ml

2009 2728 2428 2798 συνεργάζεται,
2472 2730 2502 2784 δ
2535 2733 2629 2785 καὶ
2662 2732 2963 2802 προσέσται
3005 2732 3142 2801 αὐτῇ
3174 2731 3236 2784 τὸ
3279 2732 3391 2785 ἀπὸ
3418 2729 3582 2785 τοῦδε

2013 2822 2092 2882 είς
2126 2821 2457 2890 διηνέκειαν.
2510 2823 2618 2877 Καὶ
2654 2824 2837 2878 τοίνυν
2872 2827 2968 2882 καὶ
2995 2825 3044 2877 οί
3097 2825 3158 2877 ἐν
3189 2824 3326 2892 αὐτῇ
3375 2825 3579 2890 ἐπικη-

2015 2912 2422 2984 ρυχθησόμενοι
2451 2915 2731 2985 ἀρχιερεῖς
2763 2917 2926 2988 μέχρι
2950 2916 3152 2980 παντὸς
3173 2916 3386 2968 ἔσονται
3412 2931 3580 2967 συνα-

342 3012 436 3093 ml
489 3012 673 3072 πόλεις
721 3011 842 3064 ὅλαι
893 3011 988 3065 καὶ
1015 3011 1310 3064 πολιτειῶν
1341 3012 1455 3092 είδη
1493 3011 1588 3065 καὶ
1642 3011 1776 3081 βίων
1808 3010 1899 3065 καὶ
1932 3017 1979 3080 c
2013 3004 2366 3076 ριθμούμενοι
2414 3008 2491 3077 τῷ
2526 3009 2634 3062 τῶν
2665 3009 3080 3080 μητροπολιτῶν
3126 3012 3222 3065 ml
3253 3009 3579 3079 ὑπερτίμων

346 3101 582 3170 μετρίως
627 3101 686 3155 ἐν
730 3119 876 3155 τισιν
925 3102 1330 3170 εὐδοκιμηκότα
1381 3102 1644 3156 κάλλιστα
1689 3103 1783 3155 καὶ
1826 3101 1901 3164 ὡς

339 3196 442 3250 οὐκ
486 3197 553 3250 ἀν
578 3214 660 3260 τις
716 3195 934 3267 ήλπισε,
984 3196 1078 3249 καὶ
1107 3194 1371 3266 ηὕξηνται
1428 3195 1558 3264 παρ’
1608 3193 1774 3248 αὐτοῦ
1808 3195 1903 3247 καὶ

339 3287 687 3357 τετίμηνται,
718 3286 881 3339 πλέον
909 3285 1140 3340 λαϐόντα
1167 3285 1199 3356 ἢ
1231 3286 1354 3338 ὅσον
1378 3286 1436 3349 ἐξ
1463 3285 1674 3338 ἑαυτῶν
1704 3285 1905 3340 ἐπεδεί-

341 3379 504 3444 ξαντο
553 3378 812 3449 φέροντα,
863 3379 926 3430 ἐκ
964 3377 1111 3430 δυεῖν
1157 3376 1345 3430 αἰτιῶν
1375 3377 1434 3428 ἓν
1483 3375 1639 3428 τοῦτο
1687 3377 1904 3438 πάντως

342 3474 626 3542 γινόμενον
651 3473 745 3525 καὶ
762 3471 1133 3540 δεικνύμενον,
1165 3472 1230 3523 ἐκ
1251 3487 1309 3522 τε
1333 3470 1574 3540 δηλονότι
1603 3469 1702 3539 τῆς
1725 3468 1903 3521 πάντα

339 3564 569 3634 ἀρίστης
601 3565 696 3617 καὶ
733 3563 904 3625 θείας,
931 3561 1005 3625 ὡς
1035 3564 1232 3627 εἰπεῖν,
1277 3562 1369 3614 καὶ
1413 3561 1638 3630 γνώμης
1661 3560 1755 3613 ml
1803 3558 1904 3628 φύ-

343 3674 480 3720 σεως
532 3656 628 3710 τοῦ
661 3657 952 3732 κρατίστου
985 3657 1079 3708 καὶ
1127 3655 1285 3721 ἁγίου
1322 3670 1422 3723 μου
1475 3653 1900 3721 αὐτοκράτορος,
1943 3643 1949 3646 ’

341 3750 408 3801 τὰ
452 3748 593 3800 καλὰ
629 3748 798 3818 τιμᾷν
842 3747 940 3799 καὶ
991 3742 1608 3818 ἀνυψοῦνέγνωκυίας,
1662 3744 1757 3795 ml
1804 3745 1901 3810 τῆς

339 3838 568 3905 ἐνούσης
623 3833 782 3899 αὖθις
830 3835 982 3904 αὐτῴ
1027 3802 1384 3904 μεγαλονῦίας
1431 3851 1489 3886 τε
1545 3835 1637 3887 καὶ
1689 3834 1900 3899 σοφίας,

337 3930 484 3984 ὥστε
524 3932 649 3994 τοὺς
678 3930 868 3992 ἄλλους
904 3929 1113 3982 ἐθέλειν
1154 3927 1408 3980 ἐντεῦθεν
1446 3925 1649 3999 ζηλοῦν
1681 3927 1777 3978 καὶ
1818 3942 1908 3995 μι-

343 4025 566 4094 μεῖσθαι
592 4025 708 4084 τοῖς
752 4021 960 4091 ὁμοίοις
997 4019 1548 4090 προσκαρτεροῦντας
1595 4020 1689 4072 καὶ
1719 4019 1903 4080 πόνοις

339 4121 435 4168 καὶ
465 4116 863 4182 ἀγωνίσμασιν,
883 4115 1039 4182 ειπερ
1070 4117 1156 4165 καὶ
1187 4111 1296 4163 τῶν
1321 4111 1452 4163 ῑσων
1479 4111 1656 4182 γερῶν
1689 4112 1906 4171 πάντως

341 4211 598 4276 μετέχειν
626 4205 884 4260 ἐθέλοιεν.
917 4205 979 4256 Et
1009 4204 1066 4254 δέ
1096 4219 1205 4254 τισι
1247 4201 1342 4254 καὶ
1377 4200 1588 4269 δωρεὰν
1626 4199 1907 4266 ἐξεγένετο

344 4300 640 4366 μετασχεῖν
671 4312 812 4357 τινος
845 4293 1075 4363 ἀγαθοῦ,
1099 4285 1291 4362 ῶσπερ
1321 4293 1386 4358 δὴ
1433 4290 1690 4352 πολλάκις
1725 4290 1907 4358 ἐξεγέ·

341 4406 486 4453 νετο,
520 4387 688 4457 μηδέν
717 4405 770 4440 τι
806 4387 936 4456 παρ’
966 4387 1175 4440 ἑαυτῶν
1227 4383 1590 4452 είσαγαγοῦσι
1623 4383 1748 4468 μηδ’
1790 4384 1908 4434 ἐπι·
1941 4378 1986 4432 D

249 4531 258 4540 ,
339 4478 702 4548 δειξαμένοις,
736 4479 906 4531 ἐνίοτε
949 4476 993 4529 δ’
1039 4478 1098 4530 ἐν
1127 4477 1341 4536 πολλοῖς
1376 4474 1580 4544 μᾶλλον
1624 4474 1788 4536 ἐνίοις
1817 4474 1912 4525 ml

348 4571 784 4640 πεπειρῳνηκόσι
815 4570 908 4621 καὶ
934 4571 1341 4638 ἁμαρτήσασιν,
1377 4569 1410 4637 ὴ
1442 4566 1730 4636 μετριότης
1751 4566 1910 4636 ἡμῶν

338 4664 544 4724 παντὸς
585 4662 786 4731 μᾶλλον
818 4659 927 4714 οἶδε
970 4659 1259 4730 περιουσίᾳ
1309 4657 1718 4728 φιλανθρωπίας
1762 4655 1915 4724 γενό-

344 4772 530 4824 μενον,
561 4755 656 4807 καὶ
685 4755 800 4806 ὅσοι
825 4753 889 4819 δὴ
921 4753 1242 4822 μετέχουσιν
1282 4751 1418 4827 ὅλως
1449 4745 1604 4818 οἶμαι
1647 4747 1910 4818 λογισμοῦ

342 4847 442 4896 καὶ
473 4848 817 4916 φρονήσεως,
851 4845 1095 4916 ἀκριϐῶς
1128 4846 1330 4900 ῐσασιν.
1362 4847 1422 4899 El
1451 4845 1496 4898 δ’
1539 4843 1682 4898 οὕτω
1709 4845 1912 4906 πάντες

341 4939 683 5007 εὐεργεσιῶν
715 4941 808 4992 καὶ
833 4939 1009 5006 γερῶν
1043 4938 1428 5002 ἀπολαύουσιν,
1461 4935 1649 5007 ὥσπερ
1674 4936 1912 5006 εἴρηται,

342 5031 714 5098 ὀφειλομένως
746 5029 1060 5092 εὐνοοῦντες
1101 5033 1194 5082 καὶ
1225 5030 1285 5082 τὸ
1331 5029 1492 5082 καλὸν
1531 5027 1910 5098 ἐργαζόμενοι,

338 5122 399 5174 οἴ
427 5139 491 5187 γε
517 5122 579 5179 δὴ
619 5123 785 5174 πολὺν
813 5123 915 5191 ἤδη
944 5123 1134 5191 χρόνον
1164 5121 1262 5191 τῆς
1285 5120 1376 5172 τοῦ
1421 5117 1735 5189 Ῥωμαϊκοῦ
1767 5135 1914 5186 σχοι·

340 5215 609 5282 νίσματος
645 5212 957 5283 ὁλομελείας
990 5211 1400 5284 ἀπορραγέντες
1446 5211 1542 5262 καὶ
1595 5209 1910 5275 ἀποπλανη-

339 5305 556 5368 θέντες,
595 5304 689 5356 νῦν
720 5305 766 5356 δ’
801 5304 1023 5375 εὐδοκία
1073 5303 1233 5369 θεοῦ,
1263 5303 1357 5356 τοῦ
1408 5303 1478 5355 τὰ
1507 5302 1915 5372 ἐσκορπισμένα

341 5396 676 5462 συνάγοντος
711 5397 805 5448 καί
850 5395 1293 5464 ἀνακαλουμένου
1331 5395 1402 5446 τὰ
1433 5394 1798 5463 πλανηθέντα,
1835 5392 1915 5460 τῷ

344 5487 513 5539 παντὶ
557 5485 774 5555 σώματι
826 5488 920 5539 καὶ
978 5486 1268 5548 ἐνωθέντες
1322 5484 1560 5553 γνησίως
1594 5485 1693 5537 καὶ
1739 5483 1914 5553 ἁρμο-

342 5583 590 5645 σοέντες,
628 5581 745 5644 πῶς
789 5581 889 5634 οὐκ
927 5583 984 5634 ἐν
1029 5579 1144 5634 υίοῦ
1188 5579 1354 5650 μοίρᾳ
1380 5579 1501 5631 νέον
1549 5577 1914 5646 ἐπανήκοντος

342 5675 445 5726 καὶ
474 5673 832 5737 διασωθέντος
871 5674 1284 5743 λογισθήσονται
1313 5671 1409 5724 καὶ
1433 5669 1791 5740 ταχθήσονται
1821 5671 1913 5722 καὶ

2010 3098 2352 3167 συντάγματι
2387 3101 2482 3154 καὶ
2507 3101 2614 3153 τῶν
2641 3102 2773 3154 ίσων
2801 3104 2983 3164 αὐτοῖς
3016 3103 3462 3165 ἐπαπολαύοντες
3491 3119 3572 3154 τι-

2010 3191 2129 3256 μῶν
2162 3190 2219 3243 ἔν
2247 3207 2306 3243 τε
2335 3193 2640 3256 συνοδικιῖς
2665 3196 3064 3258 συνελεύσεσιν,
3094 3197 3154 3247 ἐν
3184 3195 3572 3266 ἐκκλησιαστιο

2007 3283 2134 3346 καῖς
2187 3284 2471 3354 ἀθροίσεσι
2529 3287 2624 3339 καὶ
2679 3289 2803 3350 ταῖς
2857 3288 3198 3358 ὐπουδήποτε
3254 3288 3576 3358 γενομέναις

2010 3379 2381 3444 συναγωγαῖς.
2411 3379 2504 3442 El;
2529 3379 2640 3453 γάρ
2659 3379 3072 3443 διαιωνίςουσαν
3097 3381 3403 3448 ἀσφάλειαν
3421 3383 3578 3435 ἔσται

2009 3468 2078 3537 τῇ
2109 3467 2217 3520 τῶν
2274 3467 2590 3521 ’ῐωαννίνων
2640 3469 2972 3542 ἐκκλησία-η
3021 3471 3273 3541 παροῦσα
3328 3473 3581 3538 συνοδικὴ

2009 3558 2208 3630 πρᾶξις
2235 3559 2330 3611 ἐπὶ
2357 3559 2454 3629 τῷ,
2485 3559 2560 3623 ῶς
2594 3561 2832 3631 εἴρηται,
2872 3562 2968 3615 καὶ
3011 3557 3152 3615 εἶναι
3182 3563 3278 3616 ml
3316 3563 3578 3632 ὀνομάζε-

2011 3653 2135 3707 σθαι
2170 3655 2378 3723 ταύτην
2409 3653 2764 3725 μητρόπολιν.

2009 3765 2122 3822 Lll.
2155 3765 2412 3822 Elenchus
2428 3769 2816 3891 Eosseuionum
2848 3769 3285 3842 patriarchalium
3308 3773 3362 3825 in
3401 3769 3629 3825 insula-

2473 3855 2624 3891 emno
2649 3851 2696 3891 el
2720 3843 2860 3891 anud
2899 3841 3151 3891 Varnam.

2473 3855 2624 3892 emno
2649 3851 2696 3893 et
2720 3841 2860 3911 apud
2899 3841 3151 3896 Varnam.

2181 3947 2225 4002 Ι.
2256 3946 2296 4017 -ι-
2328 3947 2410 4002 Τά
2441 3950 2499 4001 ἐν
2532 3951 2596 4021 τῇ
2627 3950 2777 4022 νήσῳ
2816 3952 3021 4023 Λήμνῳ
3045 3953 3446 4024 πατριαρχικά.

2081 4062 2120 4134 ἰ’
2153 4062 2219 4119 Οἱ
2244 4063 2395 4132 ἀγιοι
2423 4064 2711 4135 Θεόδωροι.
2755 4065 2844 4120 Ἐν
2867 4068 2931 4135 τῇ
2959 4064 3256 4136 τοποθεσὶᾳ
3280 4065 3376 4120 τοῦ
3397 4068 3576 4127 Φαν...

2011 4157 2038 4208 ὁ
2069 4154 2226 4222 ἅγιος
2273 4156 2578 4219 Ἀντώνιος.
2621 4156 2685 4209 Ἦ
2716 4156 2847 4224 ἁγία
2894 4158 3135 4225 Μαρίνα.
3170 4159 3238 4212 Ὀ
3279 4158 3373 4212 τοῦ
3412 4159 3579 4227 Πριό·

2015 4261 2109 4314 ρου
2157 4247 2304 4306 ναός.
2338 4247 2403 4300 Οἱ
2455 4247 2600 4314 ἅγιοι
2647 4247 2972 4318 Ἀνάργυροι
3015 4249 3096 4313 είς
3142 4249 3242 4321 τὴν
3270 4250 3577 4306 Νάκισσαν.

2025 4336 2084 4388 Ὀ
2113 4335 2269 4403 ἅγιος
2300 4337 2564 4406 Κύρικος.
2607 4337 2666 4391 '0
2696 4340 2850 4408 ἀγιος
2877 4340 3121 4409 Συμεών.
3153 4341 3227 4395 Τὸ
3259 4342 3481 4413 Πτέριν.
3519 4343 3582 4396 '0

2014 4415 2170 4493 ἅγιος
2201 4424 2610 4498 ΓεώργιοςηΤά
2646 4430 2899 4483 Καλύϐια
2936 4431 3029 4484 τοῦ
3073 4433 3472 4486 Ῥωσοπούλου.
3503 4435 3582 4486 Τὸ

2013 4516 2378 4586 Σωληνάριον.
2421 4519 2486 4572 Ἦ
2516 4520 2647 4588 ἀγία
2677 4508 2983 4591 Μελιτηνή.
3024 4523 3088 4575 Ἢ
3119 4524 3251 4591 ἀγία
3281 4526 3471 4591 Σοφία.
3518 4525 3582 4576 ’0

2015 4605 2171 4674 ἆγιος
2201 4609 2626 4678 Παντελεήμων.
2669 4613 2728 4664 Ὀ
2757 4614 2911 4678 ἅγιος
2954 4615 3311 4682 Ἀνδρόνικος.
3340 4617 3420 4668 Τὰ
3449 4619 3585 4685 περὶ

2013 4699 2112 4768 τὴν
2141 4699 2306 4767 ἀγίαν
2330 4702 2640 4772 Μελιτηνὴν
2663 4705 2836 4774 χωρία
2861 4704 2952 4758 τοῦ
2983 4706 3253 4772 Βισσίνου,
3284 4707 3377 4761 τοῦ
3408 4710 3581 4761 Σκαν-

2012 4789 2170 4861 δαλη,
2213 4794 2301 4845 καὶ
2329 4793 2398 4846 τά
2427 4794 2605 4848 λοιπά.
2650 4793 2719 4848 Ἦ
2769 4796 2907 4866 μονὴ
2950 4799 3045 4864 τῆς
3077 4800 3274 4867 Χλόης.
3316 4800 3375 4852 '0
3425 4799 3586 4866 ἀγιος

2014 4879 2277 4943 Νικόλαος
2301 4882 2396 4937 τοῦ
2431 4885 2710 4954 Τζακαλη,
2746 4886 2838 4940 τοῦ
2891 4888 3226 4954 Καλέτζικα,
3251 4888 3346 4942 τοῦ
3394 4889 3581 4982 Mf)“:-

2014 4972 2217 5043 χρηνοῦ
2247 4976 2325 5036 είς
2353 4976 2452 5046 τὴν
2476 4976 2768 5030 Μέλισσαν.
2810 4978 2870 5031 '0
2894 4979 2991 5032 τοῦ
3025 4979 3315 5048 Μάρτυρος
3344 4972 3470 5042 ναὸς
3499 4981 3585 5042 είς

2013 5067 2074 5117 τὸ
2109 5067 2483 5134 Κατάφυλλον.
2527 5069 2586 5122 Ὀ
2630 5070 2784 5137 ἆγιος
2819 5072 3231 5135 Κωνσταντῖνος
3275 5074 3355 5135 είς
3383 5073 3445 5125 τὸ
3475 5073 3584 5124 Θά-

2015 5175 2124 5220 νος.
2177 5158 2244 5212 Ἠ
2299 5166 2433 5230 μονὴ
2487 5162 2584 5216 τοῦ
2638 5165 3104 5234 Παντοκράτορος.
3150 5166 3208 5217 '0
3262 5165 3501 5232 Χριστὸς
3555 5165 3592 5215 ἀ

2015 5250 2208 5320 Σωτὴρ
2235 5253 2292 5304 ἐν
2317 5252 2394 5319 τῷ
2427 5253 2841 5322 ίιαλαιολάκρῳ.

2089 5366 2154 5420 ll.
2181 5367 2220 5437 -ι-
2243 5368 2322 5421 Τὰ
2350 5371 2478 5438 περὶ
2502 5371 2601 5439 τὴν
2626 5370 2837 5440 Βάρναν
2863 5369 3237 5440 πατριαρχικά
3264 5368 3586 5426 καστέλλια’.

2087 5480 2128 5551 -ιι
2172 5481 2235 5532 Ἢ
2291 5480 2576 5549 Κάρναϐα.
2622 5481 2685 5533 'u
2728 5483 2969 5551 Κρανέα.
3010 5483 3089 5534 Τά
3137 5483 3336 5536 Κελλία
3371 5471 3489 5555 ητα
3526 5483 3586 5535 τὸ

2017 5574 2409 5640 Δυκοστὸμιον.
2477 5573 2556 5624 τὰ
2613 5573 2866 5643 Γεράνια.
2915 5574 2984 5627 Ἢ
3030 5574 3302 5645 Δρύστρα.
3361 5576 3428 5632 Ἡ
3484 5575 3589 5628 Γα-

2017 5682 2234 5733 Λιαγρκ.
