4022 6204
457 345 598 412 1⁵205

1535 351 1928 412 SYNODJC.E
1969 352 2654 416 CONSTITUTiUNES.

3573 353 3707 416 1206

523 468 561 536 -ι-
589 464 784 521 Φθάνει
810 463 912 535 μέν
945 463 1051 531 πρό
1091 481 1234 540 τινος
1256 465 1360 538 ήδη
1396 470 1590 539 καιροῦ
1620 470 1880 540 ψήφισμα
1911 489 2034 524 συνο
2067 480 2108 535 Α
2139 473 2247 526 τῶν
2272 472 2572 543 μαρτύρων
2596 470 3004 545 συντηρηθηναι
3030 473 3109 537 εἰς
3141 472 3305 542 φόϐον
3335 472 3471 526 Θεοῦ
3504 473 3598 526 καὶ
3628 477 3711 527 εἰ·

449 559 627 613 οδικδν
689 555 1028 628 ἀπολυθῆναι
1082 558 1160 626 τῷ
1222 557 1414 629 οἰκείῳ
1468 562 1546 630 τῷ
1601 563 1883 633 κρατίστῳ
1935 565 2030 618 καὶ

453 653 596 722 ἀγίῳ
633 669 736 722 μου
765 650 1128 722 αὐτοκράτορι
1169 650 1275 722 κῦρ
1309 653 1570 724 Θεοδώρῳ
1600 653 1678 726 τῷ
1705 657 1912 728 Βρανᾷ,
1953 657 2030 709 δι-

451 746 642 800 καιοῦν
698 744 952 812 γενέσθαι
987 744 1148 798 αὑτὸν
1182 746 1240 799 ἐν
1273 750 1478 817 κατοχῇ
1528 747 1625 803 τοῦ
1671 749 1864 819 τρίτου
1917 749 2029 803 τῶν

449 835 740 906 προικῴων
784 836 884 905 τῆς
939 837 1316 907 ἀποιχομένης
1346 841 1607 905 γυναικὸς
1649 839 1816 895 αὐτοῦ
1839 849 2028 913 πραγ-

451 929 663 996 μάτων,
695 927 992 998 ἐπειδήπερ
1015 928 1220 1000 ἐπέστη
1251 931 1345 1000 καὶ
1374 931 1642 1002 ἀνέφερεν
1673 935 1755 998 είς
1777 935 1880 1005 τὴν
1903 934 2024 989 καθ’

453 1020 602 1087 ἡμᾶς
642 1019 794 1090 ἱεράν
843 1021 939 1076 καὶ
978 1019 1130 1075 θείαν
1182 1021 1426 1089 σύνοδον,
1465 1025 1550 1079 δτι
1599 1025 1664 1098 δή
1709 1026 2029 1083 τελευτῶσα

444 1112 630 1180 ἐκείνη
664 1111 933 1183 διαθήκην
969 1112 1070 1182 μὲν
1095 1114 1250 1168 οὐδὲν
1282 1115 1487 1185 ἔφθασε
1513 1117 1794 1187 γενέσθαι,
1820 1118 2025 1189 ἔφθασε

443 1205 501 1258 δέ
523 1205 672 1274 ὅμως
689 1208 888 1271 εἰπεῖν,
907 1207 1031 1260 ὅσον
1052 1207 1315 1278 ήϐοόλετο
1340 1210 1430 1264 ἐπ’
1457 1213 1666 1280 αὐτοῖς,
1689 1216 1786 1268 καὶ
1808 1213 1948 1286 μετά
1964 1213 2026 1266 τδ

444 1297 652 1365 λεγάτα
681 1298 819 1368 πρὸς
845 1296 940 1362 οὓς
965 1299 1126 1371 ἤθελε
1156 1301 1481 1357 καταλιπεῖν
1513 1305 1810 1376 ἐπιτρέψαι
1845 1306 2022 1376 τούτῳ

445 1390 542 1443 καὶ
583 1389 864 1444 ἀναθεῖναι
903 1391 1002 1462 τὴν
1033 1392 1143 1446 τῶν
1182 1393 1388 1448 λοιπῶν
1431 1396 1702 1468 διοίκησιν
1752 1398 1848 1452 καὶ
1907 1398 2025 1469 ἅμα

445 1483 546 1550 τὴν
575 1481 834 1552 φροντίδα
849 1482 1181 1548 τῆςοίκείας
1211 1485 1393 1556 ψυχῆς
1420 1488 1526 1542 ὑπὸ
1553 1489 1826 1559 μάρτυσιν
1840 1489 2025 1556 ἄλλοις

443 1589 503 1626 τε
541 1574 650 1628 τῶν
698 1563 1033 1639 ἀξιοπίστων
1067 1578 1162 1631 καὶ
1213 1579 1388 1649 αὐτῆς
1415 1579 1651 1634 ἐνώπιον
1673 1583 1772 1653 τῆς
1815 1583 2025 1645 οἰκείας

447 1663 656 1732 μητρὸς
684 1663 785 1728 τῆς
817 1665 1063 1736 μοναχῆς
1089 1670 1268 1739 κυρᾶς
1301 1670 1658 1742 Εὐφροσύνης
1688 1673 1784 1742 τῆς
1808 1673 2024 1742 Πετραο

441 1755 709 1823 λοιφίνης,
738 1756 1012 1811 ἐπιστᾶσα
1036 1758 1095 1812 δέ
1117 1760 1212 1813 νῦν
1234 1762 1324 1814 καὶ
1349 1763 1487 1834 αὐτή
1511 1763 1574 1834 δή
1601 1765 1633 1833 ή
1665 1765 1850 1834 μήτηρ
1876 1766 2021 1820 ἐκεί-

442 1862 540 1915 νης
569 1846 647 1915 τῷ
683 1846 806 1899 καθ’
849 1850 1000 1919 ἡμᾶς
1043 1851 1176 1920 ἱερῷ
1222 1854 1491 1924 συνοδικῷ
1538 1857 1878 1928 δικαστηρίῳ
1923 1854 2019 1911 καὶ

439 1939 808 2006 ἀνενέγκασα,
843 1941 1020 2007 ἄλλως
1047 1944 1196 2014 ἔχειν
1227 1947 1327 2017 τὴν
1356 1948 1617 2002 ὑπόθεσιν
1659 1954 1754 2006 καὶ
1801 1952 1901 2022 οὐχ
1947 1952 2024 2014 ὡς

441 2036 654 2098 ἐκεῖνος
682 2035 938 2106 ἀνέφερε,
961 2037 1328 2106 προσεξεῖπεν
1359 2041 1477 2111 ἅμα
1515 2043 1615 2096 καὶ
1641 2044 1719 2107 ἐκ
1752 2045 1934 2116 πρὶνῆ
1961 2047 2024 2099 τὸ

438 2127 698 2197 ψήφισμα
741 2128 1080 2198 κομίσασθαι
1125 2133 1218 2184 τὸν
1254 2133 1493 2204 Βρανᾶν,
1526 2135 1688 2206 ἔσχεν
1711 2137 1852 2208 αὕτη
1887 2139 2022 2209 παρ’

439 2217 652 2271 ἐκείνου
683 2217 896 2272 ἔκδοσιν
957 2220 1252 2291 ἐγγράφως
1283 2224 1366 2286 εἰς
1397 2224 1467 2277 τά
1501 2225 1754 2296 προικῷα
1787 2228 1889 2298 τῆς
1929 2229 2022 2282 θυ-

437 2310 645 2380 γατρὸς
679 2310 1004 2381 πράγματα,
1035 2312 1134 2366 καὶ
1163 2313 1282 2384 ἅμα
1313 2317 1636 2384 προέτεινεν
1661 2319 1754 2372 ἐπὶ
1793 2319 1890 2373 τοῦ
1923 2321 2022 2390 μέ-

438 2418 534 2455 σου
562 2402 657 2455 καὶ
686 2403 746 2454 τὸ
799 2403 1038 2473 γράμμα
1069 2403 1194 2473 ἐχον
1244 2403 1388 2459 οὕτω
1422 2407 1566 2462 κατά
1605 2409 1788 2480 ῥῆμα·
1825 2429 1844 2464 ε
1867 2410 2026 2465 Ἐπεὶ-

436 2489 582 2563 εῐχον
615 2494 754 2564 μετά
775 2495 872 2564 τῆς
908 2497 1084 2566 κυρᾶς
1119 2512 1247 2564 μου,
1278 2497 1378 2566 τῆς
1410 2498 1619 2566 μάννας
1640 2516 1745 2569 μου
1762 2489 2020 2567 διενέξὶις

437 2585 534 2638 καὶ
563 2585 814 2654 ὀχλήσεις
841 2586 930 2640 διά
960 2587 1029 2640 τά
1063 2588 1292 2642 δοθέντα
1330 2607 1420 2658 μοι
1468 2591 1600 2662 παρ’
1631 2592 1804 2664 αὐτῆς
1833 2596 2018 2662 πράγ-

438 2689 587 2740 ματα
620 2673 784 2743 χάριν
811 2675 1065 2744 προικὸς,
1105 2677 1199 2730 καὶ
1231 2678 1365 2732 Θεοῦ
1393 2679 1748 2746 εὐδοκοῦντος
1779 2683 2018 2755 ήλθομεν

436 2765 598 2818 πάλιν
620 2768 700 2830 εἰς
733 2769 965 2838 εἰρήνην
994 2771 1086 2823 καὶ
1118 2771 1466 2843 καταλλαγὴν
1506 2773 1603 2827 καὶ
1637 2776 1868 2846 ίσασμδν
1897 2777 2016 2846 μετ’

433 2857 704 2928 ἀλλήλων,
731 2861 870 2914 ποιῶ
903 2862 1011 2915 ἰδοὺ
1029 2863 1091 2916 τὸ
1117 2865 1292 2933 παρὸν
1314 2866 1588 2937 ήμέτερον
1611 2867 1852 2939 γράμμα
1879 2869 2016 2938 7:90;

427 2939 630 3022 αὐτὴν,
663 2951 732 3006 δι’
760 2948 821 3007 οὗ
847 2957 938 3008 καὶ
973 2955 1134 3025 λέγω,
1169 2959 1256 3012 ὅτι
1282 2960 1415 3013 ἀνευ
1436 2960 1548 3014 τῶν
1579 2961 1730 3026 ἐντὸς
1773 2965 1874 3031 τῆς
1897 2963 2016 3017 θεο-

436 3046 646 3099 σώστου
685 3049 1180 3116 ’Δδριανουπόλεως
1221 3055 1503 3124 ὀσπητίων
1532 3054 1714 3126 ήμῶν,
1765 3056 2016 3123 ἐξουσίαν

2060 1817 2163 1878 Br

2137 568 2260 618 πεῖν
2313 566 2408 619 καὶ
2464 567 2836 638 μαρτυρῆσαι,
2871 569 2998 621 ὅσον
3032 565 3400 634 γινώσκουσιν
3453 567 3536 628 εἰς
3577 566 3709 634 ἀλή-

2137 656 2320 710 θειανο
2357 657 2639 710 συνοδικδν
2665 658 2774 728 γὰρ
2804 657 2997 710 τούτου
3031 658 3192 727 χάριν
3232 654 3514 723 ἐπιτίμιον
3545 656 3708 708 ἐκπε-

2137 747 2384 818 φώνηται
2439 751 2561 802 κατ’
2600 748 2817 802 αὐτῶν⁹
2855 750 2953 802 καλ¹
2981 747 3115 818 γοῦν
3144 747 3350 814 ὀφείλει
3398 747 3708 818 πραχθῆναι

2135 845 2203 895 τὰ
2235 841 2362 911 περὶ
2393 840 2583 894 τούτου
2613 842 2754 894 κατὰ
2777 842 2879 911 τὴν
2909 841 3195 909 συνοδικὴν
3223 839 3428 908 ταύτην
3459 841 3554 892 καὶ
3574 839 3711 909 ήμε-

2134 931 2304 1002 τέραν
2336 929 2648 998 διάγνωσιν.
2685 930 2869 984 Ταῦτα
2923 931 3384 1002 παρεκϐληοέντα
3439 931 3548 984 ἀπὸ
3597 929 3710 982 τῶν

2134 1025 2457 1094 ήμερησίων
2489 1024 2783 1078 συνοδικῶν
2818 1022 3339 1095 παρασημειώσεων
3370 1024 3466 1077 καὶ
3489 1025 3556 1094 τῇ
3575 1024 3709 1076 ὑποο

2135 1116 2318 1184 γραφῇ
2351 1115 2446 1167 καὶ
2491 1114 2748 1185 σφραγῖδι
2799 1113 2896 1168 τοῦ
2927 1114 3268 1184 τιμιωτάτου
3299 1114 3537 1184 μεγάλου
3567 1130 3708 1184 χαρ⁹

2132 1205 2438 1277 τοφύλακος
2459 1207 2823 1274 πιστωθόντα,
2848 1207 3153 1263 ἐπιδέδοται
3183 1212 3316 1278 μηνὶ
3347 1208 3444 1262 καὶ
3466 1205 3567 1260 ἰνδ.
3593 1207 3710 1269 τοῖς

2130 1299 2646 1370 ἀναγεγραμμένοις
2677 1301 2829 1364 ἔτους
2860 1299 3068 1371 ,ςωλη’,

2203 1475 2295 1530 Ill.
2340 1475 2366 1547 1·
2401 1476 2552 1548 Μηνὶ
2581 1477 2901 1548 ’Δπριλλίῳ,
2936 1478 3121 1550 ἡμέρᾳ
3177 1475 3253 1544 ς’,
3313 1478 3411 1532 ίνδ.
3460 1476 3552 1546 ιγ’,
3577 1494 3711 1548 προσ

2133 1569 2448 1640 καθημένου
2495 1569 2590 1624 τοῦ
2644 1571 3065 1640 παναγιωτάτου
3108 1573 3266 1643 ἡμῶν
3305 1572 3572 1626 δεσπότου
3613 1573 3708 1626 τοῦ

2130 1660 2517 1730 οἰκουμενικοῦ
2552 1663 2896 1734 πατριάρχου
2939 1663 3042 1734 κῦρ
3076 1664 3299 1719 Ἦσαῖου
3330 1665 3389 1718 ἐν
3419 1667 3532 1730 τοῖς
3566 1666 3710 1719 κατά

2131 1755 2224 1808 τὸν
2269 1757 2424 1824 ἅγιον
2481 1755 2865 1825 Θεοφύλακτον
2903 1756 3139 1820 κελλίοις
3187 1758 3390 1820 αὑτοῦ,
3423 1759 3707 1827 συνεδρια-

2132 1847 2332 1912 ζόντων
2371 1851 2438 1918 τῇ
2482 1847 2694 1918 μεγάλῃ
2719 1847 3003 1919 ἁγιωσύνῃ
3049 1848 3218 1902 αὑτοῦ
3251 1849 3346 1913 καὶ
3394 1849 3708 1919 ἰερωτάτων

2124 1941 2448 2012 ἀρχιερέων,
2500 1939 2596 1993 τοῦ
2635 1941 2908 2010 Ἐφέσουρ
2955 1941 3264 2010 ὑπερτίμου
3328 1942 3422 1994 καὶ
3475 1942 3706 2013 ἐξάρχου

2125 2034 2305 2102 πάσης
2343 2031 2554 2100 Ἄσίας,
2609 2030 2911 2098 Ματθαίου,
2937 2031 3034 2086 τοῦ
3088 2033 3368 2104 Προύσης,
3396 2033 3705 2102 ὑπερτίμου

2123 2125 2218 2178 καὶ
2254 2124 2524 2196 προέδρου
2565 2123 2791 2195 Βιζύης,
2840 2124 3139 2188 Νικολάου,
3179 2124 3274 2178 τοῦ
3327 2125 3574 2185 Πισιδίας
3609 2124 3705 2178 καὶ

2124 2211 2452 2284 ὐπερτίμου,
2485 2213 2812 2284 Γρηγορίου,
2834 2212 2930 2268 τοῦ
2958 2215 3210 2268 Παλαιῶν
3243 2214 3497 2286 Πατρῶν,
3528 2215 3704 2283 ὑπερ-

2120 2307 2431 2376 τίμου.....,
2463 2307 2556 2359 τοῦ
2607 2307 2827 2378 Σερρῶν
2865 2309 2960 2362 καὶ
3010 2308 3344 2378 ὑπερτίμου,
3382 2307 3698 2377 Μακαρίου,

2121 2399 2215 2453 τοῦ
2245 2401 2514 2472 Βερροίας
2543 2401 2638 2454 καὶ
2663 2399 2991 2470 ὑπερτίμου,
3017 2402 3319 2466 Διονυσίου,
3343 2400 3438 2454 τοῦ
3470 2400 3702 2470 M5009.-

2121 2511 2217 2565 νης
2248 2496 2344 2547 καὶ
2374 2494 2698 2565 ὑπερτίμου,
2732 2494 3036 2567 Μαλαχίου,
3062 2494 3161 2549 τοῦ
3186 2495 3506 2564 Σουγδαίας,
3533 2494 3702 2566 ὑπερ-

2120 2588 2280 2657 τίμου
2331 2590 2425 2642 καὶ
2489 2590 2772 2660 προέδρου
2817 2589 3280 2659 Λακεδαιμονίας,
3343 2590 3552 2655 Λουκᾶ,
3604 2587 3698 2641 τοῦ

2121 2685 2546 2754 Προικοννήσου,
2591 2685 2872 2755 Μανουὴλ,
2929 2687 3028 2739 καὶ
3063 2683 3164 2737 τοῦ·
3203 2670 3328 2748 Κῶξ.
3367 2685 3695 2754 Γερασίμου,

2119 2778 2548 2844 παρισταμένων
2600 2777 2697 2829 καὶ
2735 2773 3176 2845 θεοφιλεστάτων
3209 2775 3549 2829 δεσποτικῶν
3597 2776 3633 2829 ἀ
3671 2802 3698 2817 -

2118 2868 2341 2937 χόντων.

2186 2959 2227 3030 ’ί’
2255 2959 2504 3029 Παρέπη
2535 2962 2600 3030 τῇ
2641 2959 2767 3014 καθ’
2798 2961 2948 3031 ἡμᾶς
2977 2963 3100 3034 ἰερᾷ
3134 2963 3227 3017 καὶ
3259 2962 3382 3032 θεία
3416 2960 3625 3028 συνόδῳ
3659 2960 3692 3026 ἡ

2121 3053 2332 3122 μοναχῆ
2373 3052 2727 3122 ’Δγαθονίκη,
2778 3057 2873 3108 καὶ
2901 3054 3189 3124 ἀνέφερεν,
3242 3055 3316 3116 ὼς
3343 3056 3371 3108 0
3411 3054 3546 3124 πρὸς
3578 3070 3696 3123 μη·-

433 3135 548 3206 ἐχει
581 3139 669 3192 ἵνα
704 3143 976 3212 κρατήσῃ,
1005 3145 1059 3196 εί
1085 3145 1138 3196 τί
1171 3162 1264 3214 μοι
1288 3145 1510 3212 ἔδωκεν,
1541 3147 1618 3211 ὡς
1647 3147 1888 3218 εἴρηται,
1923 3150 2019 3202 καὶ
2046 3169 2088 3226 c
2121 3145 2247 3213 τρὸς
2274 3144 2418 3208 θεῖος
2443 3146 2636 3216 αὐτῆς,
2668 3150 2696 3200 0
2728 3148 2960 3216 μοναχδς
2986 3147 3288 3209 Θεοδόσιος,
3326 3151 3390 3199 ἐκ
3423 3146 3524 3214 τῆς
3555 3146 3699 3198 Σκα-

434 3234 642 3305 ποιήσῃ
676 3233 766 3287 ἐπ’
791 3235 976 3298 αὐτοῖς
1004 3236 1058 3289 εί
1077 3254 1128 3290 τι
1155 3237 1220 3291 ἂν
1247 3238 1357 3308 ἄρα
1389 3240 1483 3292 καὶ
1522 3240 1752 3311 θελήσῃ,
1776 3242 1873 3296 καί
1899 3241 2013 3295 δια-

434 3323 599 3392 κρίνῃ
631 3321 772 3393 ὑπέρ
795 3319 893 3394 τῆς
919 3325 1097 3396 ψυχῆς
1123 3325 1223 3395 τῆς
1252 3325 1520 3395 θυγατρὸς
1549 3329 1743 3401 αὐτῆς,
1770 3329 1846 3393 ὡς
1868 3331 2016 3399 ὀφεί-

432 3413 621 3476 λοντος
654 3415 749 3468 καὶ
780 3416 916 3484 ἐμοῦ
951 3417 1206 3486 στέργειν
1241 3418 1294 3470 εί
1327 3435 1381 3471 τι
1409 3420 1475 3472 ἂν
1508 3420 1904 3492 διαπράξηται,
1939 3421 2014 3484 ὡς

434 3505 678 3575 εἴρηται,
731 3508 808 3570 ὡς
854 3510 1121 3579 οἰκοκυρά
1170 3511 1252 3573 εἰς
1299 3511 1470 3564 αὑτά·
1533 3513 1632 3566 καί⁸
1688 3513 1777 3567 διά
1806 3514 1908 3585 τὴν
1935 3517 2016 3577 είς

431 3599 597 3652 τοῦτο
623 3601 1002 3671 πληροφορίαν
1031 3602 1252 3671 ἐγένετο
1279 3607 1375 3658 καί
1399 3605 1630 3676 ἐπεδόθη
1661 3607 1798 3676 αὑτῇ
1834 3612 1932 3660 καὶ
1957 3607 2018 3660 τὸ

435 3693 616 3760 παρὸν
647 3693 885 3764 γράμμα
917 3696 1050 3765 παρ’
1082 3693 1240 3764 ἐμοῦ.
1278 3691 1409 3768 Εἶχε
1449 3697 1546 3750 καὶ
1579 3698 1639 3751 τό
1667 3717 1680 3730 ·
1712 3699 1860 3769 Μηνί
1895 3700 2018 3753 ’οκ-

435 3783 654 3855 τωϐρίῳ
711 3785 811 3840 ἰνδ.
871 3793 962 3853 ιγ’,
1015 3787 1112 3840 καὶ⁸
1158 3788 1528 3860 ὑπογραφὴν·
1577 3790 1638 3843 ὐ
1686 3789 1875 3856 δοῦλος
1922 3791 2016 3845 τοῦ

435 3879 734 3946 κρατίστου
765 3882 858 3932 καὶ
889 3881 1046 3950 ἁγίου
1078 3882 1236 3951 ήμῶν
1285 3883 1550 3938 αὑθέντου
1588 3882 1683 3937 καὶ
1721 3884 2016 3955 βασιλέως,

325 4040 350 4049 ’
434 3973 712 4041 Θεόδωρος
741 3976 770 4028 0
800 3975 1035 4043 Βρανᾶς.
1068 3994 1088 4027 ι
1139 3975 1225 4026 Ἐν
1249 3976 1473 4047 ἐπηκόῳ
1497 3977 1686 4030 τοίνυν
1710 3975 1808 4030 τοῦ
1835 3978 2019 4048 γράμο

437 4084 609 4136 ματος
634 4067 790 4120 τοῦδε
842 4067 1312 4137 ἀναγνωσθέντος,
1353 4064 1469 4138 εἶχε
1509 4070 1609 4138 μὲν
1652 4072 1685 4141 ὴ
1723 4071 2018 4140 μετριότης

433 4159 596 4226 ἡμῶν
619 4159 1008 4227 ἀποφήνασθαι
1037 4159 1158 4210 κατ’
1203 4157 1335 4210 αὐτὸ
1365 4159 1460 4210 καὶ
1501 4159 1796 4230 ἐπιτρέψαι
1843 4158 2016 4229 ταύτῃ

432 4251 499 4320 δὴ
531 4255 598 4320 τῇ
635 4251 876 4320 πενθερᾷ
911 4249 1006 4304 τοῦ
1043 4249 1227 4319 Βρανᾶ
1268 4251 1370 4321 τὴν
1407 4249 1659 4315 ἐξουσίαν
1690 4249 1804 4303 τῶν
1843 4249 2017 4303 τοιού-

432 4363 545 4398 των
568 4346 936 4413 πραγμάτων,
986 4345 1170 4398 πᾶσαν
1199 4343 1257 4396 δέ
1290 4344 1481 4414 χώραν
1509 4343 1658 4413 ὅμως
1703 4342 2017 4410 ἀντιλογίας

435 4436 809 4507 περιαιροῦσα
855 4436 1113 4506 διέκρινε,
1168 4435 1464 4499 συνοδικῶς
1526 4433 1891 4502 ἐξετασθῆναι
1915 4433 2017 4502 τὴν

2124 3237 2359 3306 μάνδρου
2401 3238 2771 3308 ὑποχωρήσας
2802 3241 2940 3307 ὁμοῦ
2993 3239 3112 3308 μετ’
3141 3238 3334 3305 αὐτῆς,
3374 3237 3455 3290 ἔτι
3497 3237 3554 3290 δέ
3602 3237 3698 3289 καὶ¹

2119 3327 2220 3397 τῆς
2264 3330 2470 3400 μητρὸς
2493 3329 2664 3397 αὐτῆς
2691 3330 2790 3398 τῆς
2821 3328 3068 3399 μοναχῆς
3095 3330 3459 3388 Ἀναστασίας
3488 3329 3577 3382 διὰ
3599 3327 3697 3396 τὴν

2117 3419 2228 3472 τῶν
2258 3419 2472 3490 ἐχθρῶν
2506 3422 2814 3492 Βαρϐάρων
2839 3423 3108 3489 ἐπίθεσιν,
3142 3425 3236 3476 κα)⁸
3277 3423 3354 3484 είς
3377 3421 3476 3491 τὴν
3503 3420 3696 3487 θεοφύ-

2119 3513 2316 3567 λακτον
2368 3515 2522 3568 πόλιν
2559 3514 2894 3586 Ἡράκλειαν
2925 3515 3096 3568 ἐλθὼν
3133 3514 3232 3568 καὶ
3272 3514 3332 3567 ἐν
3360 3514 3499 3584 αὑτῇ
3539 3513 3700 3583 οἰκή-

2121 3619 2242 3671 σας,
2274 3606 2563 3677 ἀνήγειρεν
2591 3607 2743 3671 ἐντὸς
2791 3606 2968 3676 αὐτῆς
3012 3608 3238 3671 οἰκείοις
3284 3606 3450 3661 αὑτοῦ
3502 3603 3696 3665 κόποις

2120 3698 2216 3750 καὶ
2246 3697 2572 3768 ἀναλώμασι
2618 3699 2902 3770 μονύδριον
2933 3701 3013 3762 εἰς
3041 3699 3215 3770 ὄνομα
3243 3699 3344 3770 τῆς
3378 3697 3694 3766 ὑπεράγνου

2122 3792 2424 3863 Δεσποίνης
2465 3792 2562 3846 καὶ
2584 3791 2934 3863 Θεομήτορος
2977 3793 3072 3845 καὶ
3115 3791 3559 3861 ἐπικεκλημένης
3590 3790 3694 3858 τῆς

2123 3883 2596 3955 Κριονεριτίσσης,
2632 3885 2714 3948 εἰς
2751 3883 2780 3936 ὃ
2807 3884 3145 3955 εἰσαχθείσαι
3168 3884 3300 3954 παρ’
3322 3882 3494 3938 αὑτοῦ
3518 3882 3672 3952 ἀμφό
3695 3917 3699 3923 -

2119 3988 2277 4042 τεραι
2303 3973 2623 4042 εὑρίσκοντο
2673 3974 2768 4029 καὶ
2809 3974 2998 4045 διῆγον
3027 3976 3088 4029 ἐν
3121 3975 3305 4046 αὐτῷ·
3339 3975 3478 4046 μετά
3509 3975 3698 4044 μέντοι

2121 4060 2331 4130 χρόνων
2378 4062 2543 4117 τινῶν
2603 4063 2990 4137 παραδρομὴν,
3038 4065 3274 4136 ἐπείπερ
3325 4063 3636 4136 ἠσθένησεν
3665 4063 3695 4116 0

2121 4153 2306 4224 ῥηθεὶς
2334 4154 2477 4218 θεῖος
2503 4155 2675 4226 αὐτῆς
2699 4158 2726 4210 0
2754 4157 2988 4228 μοναχδς
3013 4156 3316 4220 Θεοδόσιος,
3345 4157 3441 4210 καὶ
3457 4153 3696 4228 ἠθέλησε

2121 4248 2216 4300 καὶ
2238 4245 2506 4317 ἐζήτησεν
2541 4249 2668 4302 ἰδεῖν
2693 4249 2784 4302 τὸν
2811 4250 3230 4321 θεοφιλέστατον
3265 4249 3566 4303 ἐπίσκοπον
3588 4249 3693 4300 Δα-

2122 4339 2286 4403 νείου,
2320 4337 2436 4408 ἅμα
2481 4340 2702 4408 μένηκαὶ
2732 4340 2819 4396 διὰ
2851 4340 2931 4406 τὸ,
2994 4332 3080 4395 ἵνα
3113 4342 3333 4411 δέξηται
3367 4341 3468 4414 τὴν
3502 4340 3696 4409 ἐξαγο-

2124 4432 2276 4502 ρείαν
2305 4430 2492 4496 αὑτοῦ,
2531 4431 2648 4503 ἅμα
2692 4433 2750 4487 δέ
2792 4434 2887 4486 καὶ
2920 4427 3008 4486 διὰ
3041 4435 3123 4498 τὸ,
3159 4435 3247 4487 ῖνα
3271 4427 3511 4504 διαθήκη
3535 4433 3698 4502 γένη-

435 4531 699 4582 ὑπόθεσιν
720 4528 984 4593 τοπικῶς,
1017 4527 1121 4581 κᾶν
1150 4527 1247 4598 μέν
1278 4526 1478 4597 εὑρεθῇ
1519 4526 1722 4597 ἀληθὲς
1751 4526 1858 4580 ὑπὸ
1881 4527 2014 4597 μάρ-
2041 4519 2094 4580 D
2119 4539 2210 4574 ται
2252 4521 2356 4575 ὑπὸ
2409 4525 2650 4594 μάρτυρι
2686 4524 2834 4593 αὑτῷ
2872 4525 2968 4578 καὶ
3015 4527 3126 4588 τοῖς
3166 4523 3332 4578 αὑτοῦ
3388 4523 3694 4595 κληρικοῖς,
3750 4559 3761 4572 ο

432 4641 586 4677 τυσιν
617 4621 974 4689 ἀξιοπίστοις,
1006 4622 1131 4675 ὅσον
1176 4621 1478 4688 ἀνήνεγκεν
1509 4619 1537 4672 0
1586 4619 1826 4689 Βρανᾶς,
1872 4634 2016 4687 πρα-

433 4716 656 4786 χθῆναι,
684 4716 810 4767 ὅσον
830 4714 892 4766 τὸ
917 4712 1222 4784 τηνικαῦτα
1245 4711 1455 4781 προϐἀν
1478 4711 1743 4784 ψήφισμα
1769 4709 2014 4776 διέξεισι,

432 4805 528 4856 καὶ
562 4801 749 4855 λαϐεῖν
803 4802 967 4856 αὐτὸν
1018 4803 1089 4856 τά
1117 4802 1280 4870 τρίτα
1311 4800 1410 4870 τῆς
1443 4801 1691 4871 προικὸς,
1719 4801 1768 4854 εἰ
1821 4800 1867 4852 δ’
1899 4795 2013 4865 οῦν,

431 4895 728 4948 ἀναλαϐεῖν
757 4895 855 4966 τὴν
882 4897 1088 4965 προῖκα
1120 4896 1247 4966 δίχα
1274 4896 1384 4950 τῶν
1407 4897 1532 4966 οίκη
1542 4895 1728 4965 μάτων
1758 4893 1858 4966 τὴν
1886 4911 2015 4947 πεν-

432 4991 622 5058 θεράν.
663 4989 788 5044 Ἐπὶ
820 4989 1004 5058 μέντοι
1033 4991 1147 5052 τοῖς
1176 4990 1495 5058 οἰκήμασιν,
1522 4988 1735 5051 ἐπειδὴ,
1761 4987 1838 5050 ώς
1874 4987 2013 5055 αὕτη

433 5083 606 5149 λέγει,
641 5082 984 5151 προκομίσαι
1041 5081 1330 5150 μάρτυρας
1364 5080 1480 5151 ἔχει
1518 5080 1614 5132 καὶ
1657 5079 2016 5148 παραστῆσαι

435 5175 536 5240 τήν
573 5175 638 5241 ἦν
668 5172 756 5225 ἐπ’
787 5174 972 5236 αὐτοῖς
1013 5173 1344 5242 ἐποιήσαντο
1393 5173 1514 5243 μετ’
1566 5172 1815 5242 ἀλλήλων
1846 5176 2016 5225 κατά-

436 5281 645 5328 στασιν,
687 5263 1002 5335 πραχθῆναι
1027 5264 1258 5334 ὀφείλει,
1294 5265 1420 5318 ὅσον
1449 5264 1646 5328 ἔταξαν
1670 5264 1975 5333 ἀμφότεροι
1997 5279 2012 5294 ⁶

434 5357 802 5426 ἀνατιθέαμεν
844 5355 1025 5410 τοίνυν
1051 5358 1121 5410 τά
1171 5358 1301 5427 περὶ
1329 5358 1522 5410 τούτου
1555 5356 1633 5427 τῷ
1662 5357 1743 5419 είς
1771 5357 2013 5425 κεφαλὴν

434 5449 816 5519 εὑρισκομένῳ
855 5450 999 5526 κατὰ
1023 5449 1188 5503 τόπον
1216 5450 1310 5503 καὶ
1338 5450 1451 5512 τοῖς
1495 5449 1819 5519 προκρίτοις
1856 5465 2013 5501 τοπι-

436 5542 552 5603 κοῖς
585 5540 870 5610 ἄρχουσιν,
903 5540 978 5605 ὡς
1022 5540 1086 5594 ἂν
1118 5542 1336 5610 σύναμα
1382 5543 1495 5603 τοῖς
1540 5540 1639 5610 τὴν
1679 5542 1874 5610 ἐνοχὴν
1906 5541 2015 5594 τῶν

433 5631 910 5702 ἐκκλησιαστικῶν
955 5633 1184 5686 δικαίων
1239 5631 1682 5703 ἀνατεθειμένοις
1746 5634 1842 5685 καὶ
1902 5637 2014 5689 τοῖς

435 5723 856 5789 εὐλαϐεστάτοις
891 5726 1200 5796 κληρικοῖς,
1238 5729 1572 5792 ποιήσωνται
1627 5726 1725 5796 τὴν
1767 5726 2012 5790 ἐξέτασιν

439 5817 534 5870 καὶ
569 5818 649 5881 είς
680 5819 831 5884 τέλος
855 5820 923 5872 τὰ
949 5818 1041 5873 τοῦ
1064 5820 1394 5889 πράγματος
1425 5818 1644 5885 άξωσιυ,
1683 5820 2010 5889 ὀφειλόντων

2119 4615 2324 4682 ἐπέστη
2361 4617 2460 4684 μὲν
2485 4616 2577 4668 καὶ
2611 4616 2879 4669 κατέλαϐε
2912 4616 3050 4686 πρὸς
3072 4617 3238 4670 αὐτὸν
3261 4617 3291 4670 0
3330 4617 3494 4681 αὐτὸς
3514 4617 3697 4683 θεοφι-

2116 4707 2376 4770 λέστατος
2411 4708 2714 4770 ἐπίσκοπος
2756 4710 3000 4772 Δανείου,
3042 4711 3138 4762 καὶ
3173 4708 3393 4776 ἐδέξατο
3432 4709 3532 4781 τὴν
3573 4708 3697 4774 ἐξα·
3780 4731 3788 4739 ·

2117 4800 2340 4869 γορείαν
2375 4800 2561 4868 αὑτοῦ,
2611 4801 2857 4864 εἰπόντος
2903 4801 3164 4872 καὶπερὶ
3212 4803 3310 4857 τοῦ
3368 4804 3688 4876 μονυδρίου,

2116 4894 2242 4946 ὅσον
2265 4887 2344 4965 ἦν
2360 4891 2512 4964 αὐτῷ
2543 4892 2680 4963 πρὸς
2716 4891 3044 4964 βουλήσεως,
3081 4894 3179 4947 καὶ
3221 4898 3693 4966 παραπέμποντος

2118 4990 2216 5056 τὴν
2251 4989 2490 5058 κατοχὴν
2537 4989 2732 5041 τούτου
2784 4991 2920 5058 πρὸς
2969 4989 3142 5051 αὑτὰς
3171 4989 3238 5060 δὴ
3270 4988 3370 5053 τὰς
3424 4989 3689 5058 μοναχάς.

2117 5080 2252 5133 Μετ’
2285 5080 2468 5148 ὀλίγον
2500 5079 2557 5133 δέ
2607 5082 2702 5132 καὶ
2740 5082 2768 5132 0
2800 5081 3079 5152 Κουνάλησ
3131 5081 3405 5149 ιἐώργιος
3437 5081 3692 5146 ἐπιστὰς,
3734 5095 3754 5162 ’3

2118 5174 2394 5226 ἐνεπόδισε
2445 5177 2538 5226 καὶ
2575 5177 2676 5227 οὐκ
2716 5173 2864 5227 εἴασε
2913 5175 3194 5244 γραφῆναι
3247 5175 3345 5244 τὴν
3398 5173 3691 5246 διαθήκην,

2119 5267 2213 5318 καὶ
2235 5266 2463 5336 τελευτῇ
2494 5269 2845 5336 χρησαμένου
2870 5266 2962 5320 τοῦ
3005 5265 3265 5337 μοναχοῦ,
3297 5267 3568 5338 διαθήκην
3597 5269 3694 5321 αὑ-
3796 5276 3802 5301 τ

2117 5360 2206 5421 τὸς
2256 5359 2321 5429 δὴ
2349 5361 2376 5411 ὁ
2428 5362 2710 5430 Κουνάλης
2739 5360 2976 5426 ἐξέθετο,
3009 5359 3102 5414 τοῦ
3138 5359 3271 5413 ἰδίου
3318 5361 3434 5416 υίοῦ
3483 5361 3690 5430 ταύτην

2118 5451 2542 5519 ἐγχαράξαντος,
2569 5455 2682 5518 καῖ,
2713 5451 2896 5514 κλθὼς
2923 5451 3083 5514 αὐτὸς
3105 5452 3390 5523 ἠρέσκετο,
3421 5455 3691 5524 πεποίηκε
3781 5475 3788 5500 ί

2117 5543 2345 5609 ταύτην,
2373 5545 2469 5595 καὶ
2505 5545 2837 5614 παρέπεμψε
2875 5546 2971 5599 καὶ
3003 5545 3260 5614 ἐπαφῆκε
3310 5546 3378 5598 δι’
3420 5547 3592 5614 αὐτῆς
3630 5549 3692 5600 τὴ

2121 5634 2404 5703 μονόδριον
2455 5634 2575 5687 τόδε
2631 5635 2784 5705 παρά
2815 5635 2908 5686 τὸν
2953 5635 3157 5689 σκοπὸν
3195 5638 3291 5691 καὶ
3342 5641 3440 5709 τὴν
3474 5640 3694 5708 θέλησιν

2117 5728 2210 5780 τοῦ
2235 5729 2534 5799 δομήτορος
2569 5731 2703 5798 πρὸς
2737 5730 2797 5782 τὸ
2829 5729 2994 5800 μέρος
3027 5730 3121 5784 τοῦ
3155 5735 3529 5804 περιποθήτου
3556 5751 3692 5799 συμ-

2122 5821 2380 5892 πενθὲρου
2408 5821 2496 5874 τοῦ
2531 5822 2819 5894 κρατίστου
2846 5823 2936 5876 καὶ
2963 5823 3121 5890 ἁγίου
3151 5841 3251 5894 μου
3281 5824 3683 5894 αὐτοκράτορος
