4022 6204
461 322 597 390 1211

1605 325 1850 388 ESAL‘E
1891 324 2001 387 CP.
2033 324 2548 390 ΡΑΤΒΙΛΒΟΗίΕ

3578 326 3713 395 1212

461 443 603 510 ἁγῖῳ
637 439 776 495 ἐλέει
810 441 903 495 τοῦ
938 441 1095 507 Θεοῦ,
1129 442 1210 496 ὅτι
1260 442 1363 498 οὐκ
1408 444 1591 499 είασεν
1638 447 1717 510 είς
1759 445 1913 507 τέλος
1944 461 2027 498 το·
2057 445 2103 503 Δ
2136 445 2302 515 μένου
2332 448 2430 503 τοῦ
2471 447 2898 518 παναγιωτάτου
2936 444 3096 518 ήμῶν
3124 443 3391 500 δεσπότου
3419 442 3512 497 τοῦ
3541 446 3715 499 οἰκου-

461 534 655 586 σοῦτον
690 532 816 585 λαὸν
852 533 1141 603 σφαλεροίς
1170 535 1408 604 δόγμασι
1440 537 1733 608 προσέχειν
1774 539 1869 591 καὶ
1897 538 2031 593 ἀπο-

457 627 806 696 τετμημένον
841 620 981 680 εἶναι
1014 626 1115 696 τῆς
1156 628 1489 697 Ἐκκλησίας
1524 631 1712 685 αὐτοῦ.
1738 631 1900 685 Ὅσον
1924 631 2032 685 τοί-

458 736 554 775 νυν
585 720 780 788 ἔχομεν
810 717 967 772 τοῦτο
1000 719 1129 788 περὶ
1154 719 1374 783 πολλοῦ,
1408 721 1729 791 ἐγράψαμεν
1770 724 1864 776 καὶ
1910 724 2031 795 ἐδηο

455 811 714 880 λώσαμεν
748 810 906 865 τοῦτο
966 814 1103 881 πρὸς
1138 812 1301 866 αὐτὸν
1344 814 1436 867 τὸν
1470 814 1900 885 αίδεσιμώτατον
1935 834 2030 869 κα-

459 904 675 958 θολικδν
723 905 818 957 καὶ
866 906 1157 975 γράφομεν
1208 908 1303 959 καὶ
1354 907 1493 977 πρὸς
1543 907 1641 978 τὴν
1677 911 1913 982 ρηγικήν
1937 928 2030 965 σου

459 996 732 1062 ἐξουσίαν,
766 996 842 1058 ὡς
866 997 1006 1051 κατά
1042 998 1174 1051 πολὺ
1207 997 1589 1068 ἀποδεχόμεθα
1623 1000 1706 1066 τὸ,
1737 1002 1823 1056 ἵνα
1867 1020 2035 1072 προσ-

456 1086 742 1157 δεξώμεθα
774 1087 918 1156 ὑμᾶς
970 1090 1051 1153 είς
1087 1088 1187 1158 τὴν
1237 1090 1523 1144 κοινωνίαν
1551 1091 1649 1162 τὴν
1699 1093 1819 1163 μεθ’
1852 1095 2031 1164 ἡμῶν,

456 1179 759 1247 γενομένου
794 1181 886 1232 καί
923 1180 1016 1234 τοῦ
1060 1182 1387 1252 πράγματος
1421 1187 1517 1237 καὶ
1558 1186 2032 1254 οίκονομηθέντος,

457 1269 532 1331 ώς
564 1271 861 1340 ἐνδέχεται,
894 1274 1021 1326 ὅθεν
1052 1277 1147 1328 καὶ
1182 1276 1271 1341 διά
1294 1277 1357 1328 τὸ
1387 1275 1630 1330 τοιοῦτον
1665 1278 1915 1346 θεοφιλὲς
1942 1280 2035 1333 καὶ

460 1366 729 1436 σωτήριον
782 1367 936 1434 ὐμῶν
975 1368 1198 1437 ζήτημα
1231 1369 1601 1439 ἐξελεξάμεθα
1639 1371 1733 1425 καὶ
1774 1372 2035 1426 ἀπεστεις

457 1457 632 1524 λαμεν
677 1458 815 1528 πρὸς
847 1460 994 1529 ὑμᾶς
1022 1461 1114 1514 τὸν
1143 1462 1523 1517 πανσέϐαστον
1556 1464 1814 1519 σεϐαστόν
1838 1468 2035 1521 οἰκεῖον

458 1550 537 1621 τῷ
569 1552 848 1622 κρατίστῳ
891 1554 985 1607 καὶ
1021 1555 1162 1625 ἀγίῳ
1195 1573 1296 1622 μου
1332 1557 1723 1630 αὐτοκράτορι.
1754 1562 2036 1631 προκαθή-

461 1661 626 1711 μενον
658 1644 753 1698 τοῦ
806 1646 1175 1714 θεοφυλάκτου
1217 1649 1481 1715 κοιτῶνος
1534 1651 1635 1721 τῆς
1675 1652 1839 1721 ἀγίας
1874 1653 2034 1724 βασι-

457 1734 610 1800 λείας
639 1736 829 1801 αὐτοῦ,
861 1736 967 1807 κῦρ
1022 1739 1240 1811 Μιχαὴλ
1294 1742 1388 1794 τὸν
1427 1742 1890 1815 Καλλικρηνίτην,
1941 1748 2037 1802 καὶ

459 1829 553 1881 τὸν
586 1831 921 1897 τιμιώτατον
948 1834 1005 1885 ἐν
1036 1834 1412 1905 ἱερομονάχοις
1466 1835 1570 1908 κῦρ
1602 1837 1866 1910 Γαϐριὴλ,
1894 1840 2033 1895 ἀλλά

459 1920 524 1990 δὴ
556 1922 649 1974 καὶ
687 1922 778 1975 τὸν
810 1921 1145 1987 τιμιώτατον
1176 1926 1479 1980 ἐπίσκοπον
1521 1928 1630 1981 τῶν
1660 1930 2037 2005 ἐνταῦθαἈρ-

464 2011 689 2079 μενίων,
717 2011 865 2066 ὅστις
896 2011 960 2081 δὴ
1007 2015 1430 2084 προκαθήμενος
1467 2016 1561 2070 τοῦ
1610 2019 1897 2090 βασιλικοῦ
1924 2043 2037 2079 κοι-

460 2104 627 2165 τῶνος
659 2104 844 2173 μέλλει
888 2106 1142 2160 ἀπελθεῖν
1173 2109 1439 2180 πρότερον
1468 2112 1549 2175 είς
1600 2112 1709 2167 τὸν
1742 2115 2037 2171 σουλτᾶνον

458 2195 549 2249 διὰ
580 2195 679 2267 τὴν
724 2197 993 2264 δουλείαν,
1023 2201 1091 2271 ἢν
1121 2200 1362 2271 ἠξίωσαν
1413 2205 1669 2271 γενέσθαι
1701 2207 1751 2260 οί
1810 2208 2039 2263 αὐτόθεν

461 2288 706 2349 ἐλθόντες
736 2291 1168 2363 άποκρισιάριοι.
1219 2295 1281 2348 Οἱ
1315 2296 1503 2365 μέντοι
1535 2300 2038 2365 συναποσταλέντες

463 2383 583 2449 μετ’
637 2383 804 2438 αὐτοῦ
841 2386 1131 2454 μέλλουσιν
1164 2390 1505 2462 ἀποκομίσαι
1564 2393 1645 2455 είς
1693 2391 1762 2465 τὴ
1797 2395 2038 2466 ρηγικήν

459 2494 555 2529 σου
582 2476 833 2542 ἐξουσίαν
863 2480 924 2534 τὸ
949 2481 1147 2535 σεπτὸν
1174 2483 1573 2551 χρυσόϐουλλον
1611 2484 1705 2539 τοῦ
1739 2485 2037 2555 κρατίστου

463 2573 558 2623 καὶ
618 2573 776 2640 ἁγίου
830 2592 932 2643 μου
994 2576 1401 2646 αὐτοκράτορος
1454 2580 1549 2632 καὶ
1598 2579 1698 2650 τὴν
1753 2581 2039 2651 παροῦσαν

459 2664 741 2731 ἡμετέραν
792 2666 1036 2736 γραφὴν,
1093 2668 1152 2732 ἐξ
1201 2661 1276 2722 ὧν
1322 2670 1406 2725 ἵνα
1465 2671 1833 2741 καταλάϐητε,
1890 2676 2040 2740 ὅπως

461 2755 753 2818 ἀσπασίως
788 2758 880 2809 καὶ
917 2757 1058 2827 μετά
1121 2760 1327 2828 πολλῆς
1382 2762 1610 2832 ἀγάπης
1659 2768 2040 2836 πνευματικῆς

465 2847 769 2916 ἐδεξάμεθα
798 2848 899 2917 τὴν
936 2849 1029 2902 ἐπὶ¹
1073 2850 1135 2903 τὸ
1187 2853 1435 2921 κρεῖττον
1496 2855 1809 2928 μεταϐολὴν
1861 2859 2039 2927 ὑμῶν,

464 2939 560 2990 καὶ
612 2939 760 3001 ὅπως
801 2939 1187 3011 ἀποδεχόμεθα
1220 2943 1618 3015 ἀναπληρῶσαι
1660 2948 1805 3016 ὑμᾶς
1854 2949 1947 3001 καὶ
1971 2950 2043 3004 τὰ

462 3029 801 3097 ἐλλείποντα,
838 3034 1024 3098 καθὼς
1051 3036 1474 3108 παραδηλοῦμεν
1502 3038 1590 3091 διά
1616 3039 1747 3103 τῶν,
1777 3040 1854 3105 ὼς
1888 3040 2040 3112 εῐρη-

462 3137 577 3187 ται,
639 3123 955 3193 ἐρχομένων
990 3126 1202 3180 αὐτόθι.
1238 3129 1373 3197 Περὶ
1413 3129 1598 3198 μέντοι
1653 3131 1762 3185 τῶν
1809 3131 2043 3187 ἐνταῦθα
2068 3116 2114 3181 C

476 3214 801 3285 Ἀρμενίων,
833 3219 1037 3283 οἵτινες
1069 3222 1477 3292 προσετέθησαν
1508 3226 1588 3287 είς
1629 3226 1728 3295 τὴν
1757 3227 2041 3297 ἡμετέραν

465 3307 633 3374 ἁγίαν
658 3310 753 3361 καὶ
788 3309 1088 3381 καθολικὴν
1126 3313 1480 3382 Ἐκκλησίαν,
1503 3314 1982 3392 πληροφορηθήτω
2005 3317 2039 3388 ή

465 3402 672 3471 ῥηγική
725 3419 820 3456 σου
869 3404 1111 3472 ἐξουσία,
1162 3406 1239 3470 ὼς
1286 3408 1385 3462 οὐκ
1435 3407 1498 3462 ἐκ
1530 3426 1673 3472 τινος
1727 3411 2037 3482 ἀνάγκηςῆ

463 3493 635 3561 φόϐου
666 3494 931 3566 ἐποίησαν
956 3497 1138 3560 τοῦτο,
1168 3498 1285 3551 ἀλλ’
1331 3499 1392 3564 ἐξ
1440 3501 1658 3565 οίκείας
1686 3503 1913 3573 γνώμης
1945 3506 2040 3558 καὶ

464 3586 846 3655 προαιρέσεως
910 3589 1005 3642 καὶ
1076 3589 1381 3659 θελήσεως·
1432 3592 1526 3645 ἐὰν
1588 3593 1696 3663 γάρ
1748 3595 2039 3666 προέϐαινε

461 3676 623 3729 τοῦτο
671 3676 867 3742 οὕτως,
907 3679 1028 3743 πῶς
1076 3680 1378 3751 ἐμέλλομεν
1430 3680 1687 3749 δέξασθαι
1750 3687 1915 3753 ἡμεῖς
1963 3687 2042 3750 εἰς

463 3770 753 3824 κοινωνίαν
819 3770 1149 3842 ἀνθρώπους
1198 3775 1477 3839 ἀκουσίως
1523 3777 1926 3846 προσελθόντας
1972 3781 2039 3847 τῇ

464 3860 675 3927 πίστει,
707 3856 910 3926 οἵτινες
945 3867 1011 3935 τῇ
1062 3865 1291 3936 ἀληθείᾳ
1338 3870 1419 3931 είς
1460 3869 1641 3923 ἐκεῖνο
1688 3869 1912 3940 ἔμελλον
1950 3871 2045 3939 ἐμ-

466 3953 671 4023 μένειν,
705 3957 843 4027 ὅπερ
872 3952 1015 4029 ἦσαν
1064 3960 1159 4011 καὶ
1190 3960 1498 4030 πρότερον;
1532 3962 1699 4017 Οὐδὲν
1751 3963 1864 4031 ἔχει
1911 3964 2047 4033 ἀλη-

462 4046 597 4112 θῶς,
630 4049 756 4102 ὅσον
802 4050 1114 4123 ἐγνωρίσθη
1146 4052 1333 4107 αὐτόθι
1380 4055 1514 4121 περὶ
1560 4056 1777 4120 τούτου,
1812 4056 1948 4111 ἀλλά
1986 4057 2047 4112 τὸ

464 4138 668 4204 ἀληθὲς
697 4141 833 4210 ἔχει,
867 4143 943 4205 ὡς
975 4144 1436 4214 πληροφοροῦμεν
1465 4148 1652 4216 ἡμεῖς.
1668 4149 1804 4202 Ἀπὸ
1820 4149 1915 4203 τοῦ
1950 4150 2046 4203 νῦν

459 4229 521 4281 δὲ
560 4230 746 4299 μέλλει
775 4233 1120 4301 ἐνεργεῖσθαι
1173 4236 1255 4298 είς
1298 4237 1517 4302 αὐτοὺς,
1563 4238 1687 4292 ὅσον
1741 4240 1927 4311 ἀφορᾷ
1964 4243 2045 4306 εἰς

462 4320 806 4393 κυϐέρνησιν
839 4324 1021 4377 αὐτῶν
1043 4340 1060 4355 ·
1087 4326 1210 4380 ἐπεὶ
1241 4330 1322 4390 είς
1341 4329 1614 4400 ἀποδοχὴν
1645 4328 1724 4383 ἐνι
1758 4330 1920 4384 τοῦτο
1948 4334 2046 4402 τῆς

462 4415 705 4487 ρηγικῆς
738 4433 831 4469 σου
865 4417 1138 4484 ἐξουσίας.
1182 4419 1373 4490 Ἦμετς
1405 4422 1463 4475 δὲ
1505 4422 1797 4494 εὐχόμεθα,
1837 4424 1924 4478 ἵνα
1956 4425 2045 4477 εὐ-

2140 544 2365 611 μενικοῦ
2404 545 2749 615 πατριάρχου
2789 542 2893 613 κῦρ
2938 542 3162 596 Ἠσαῖου
3200 541 3260 594 ἐν
3304 540 3416 602 τοῖς
3446 540 3586 593 κατά
3620 540 3711 593 τδν

2134 638 2289 705 ἅγιον
2316 638 2681 706 θεοφύλακτον
2713 638 2946 700 κελλίοις
2998 634 3189 701 αὐτοῦ,
3247 632 3707 705 συνεδριαζόντων

2133 732 2202 801 τῇ
2236 731 2448 803 μεγάλῃ
2505 730 2790 804 ἁγιωσύνῃ
2820 727 2988 783 αὐτοῦ
3026 729 3119 782 καὶ
3170 710 3485 799 ἱερωτάτων
3518 728 3711 797 ἀρχιε-

2138 822 2296 893 ρέων,
2336 823 2431 876 τοῦ
2469 823 2726 891 Ἐφέσου,
2758 824 3068 891 ὐπιρτίμου
3118 822 3214 873 καὶ
3245 819 3479 889 ἐξάρχου
3531 820 3715 887 πάσης

2147 913 2357 981 Ἀσίας,
2388 915 2700 980 Ματθαίου,
2750 913 2843 968 τοῦ
2882 912 3158 980 Σάρδεων.
3192 909 3524 981 ὐπερτίμου,
3556 908 3718 979 ἐξάρ-

2136 1022 2232 1075 χου
2264 1007 2462 1071 Λυδίας
2487 1007 2581 1061 καὶ
2604 1006 2868 1077 προέδρου
2902 1004 3240 1073 Μιτυλήνης,
3265 1002 3597 1074 Γρηγορίου,
3617 1002 3713 1056 τοῦ

2136 1098 2412 1167 Προύσης,
2460 1098 2770 1166 ὐπερτίμου
2821 1096 2914 1149 καὶ
2964 1095 3228 1163 προέδρου
3271 1092 3497 1164 Βιζύης,
3544 1093 3715 1146 Νικο-

2134 1190 2287 1254 λάου,
2320 1188 2414 1243 τοῦ
2448 1188 2704 1242 Παλαιῶν
2738 1186 2970 1256 Πατρῶν
2999 1180 3095 1239 καὶ
3125 1184 3453 1253 ὐπερτίμου,
3487 1184 3713 1251 Μητρο-

2138 1282 2366 1349 φάνους,
2418 1281 2515 1335 τοῦ
2568 1281 2814 1343 Πισιδίας
2854 1279 2950 1334 καὶ
2997 1278 3327 1348 ὐπερτίμου,
3380 1276 3714 1347 Γρηγορίου,

2134 1375 2230 1427 τοῦ
2275 1374 2499 1443 Σερρὦ
2544 1375 2640 1426 καὶ
2691 1374 3016 1442 ὑπερτίμου,
3050 1370 3364 1440 Μακαρίου,
3415 1369 3511 1423 τοῦ
3572 1369 3718 1437 Βρύ-

2140 1483 2277 1530 σεως
2315 1467 2411 1518 καὶ
2469 1465 2802 1535 ὐπερτίμου,
2850 1462 3181 1534 Γερασίμου,
3233 1461 3330 1516 τοῦ
3393 1461 3714 1529 Σουγδαίας,

2138 1558 2443 1628 ὐπερτίμου
2504 1560 2601 1611 καὶ
2657 1558 2926 1628 προέδρου
2984 1554 3442 1624 Λακεδαιμονίας,
3504 1554 3718 1617 Λουκᾶ,

2137 1652 2234 1705 τοῦ
2292 1652 2565 1723 Γαλίτζης
2621 1653 2719 1707 καὶ
2751 1651 3083 1721 ύπερτίμτου,
3136 1649 3235 1703 τοῦ
3288 1648 3721 1719 Προικοννήσου,

2070 1783 2113 1840 Β
2140 1742 2419 1807 Μανουὴλ,
2475 1742 2569 1796 τοῦ
2628 1742 2900 1796 Δοπαδίου
2960 1743 3056 1796 καὶ
3099 1740 3366 1809 προέδρου
3415 1726 3723 1840 Γαρέλληςν

2151 1833 2441 1905 Ἱεροθέου,
2477 1838 2572 1889 καὶ
2604 1835 2699 1888 τοῦ
2733 1836 2981 1901 Λήμνου,
3038 1831 3319 1898 Ἰακώϐου,
3374 1828 3724 1899 παρισταμέο

2141 1942 2251 1979 νων
2289 1926 2383 1979 καὶ
2422 1925 2857 1995 θεοφιλεστάτων
2887 1924 3225 1979 δεσποτικιῖη
3248 1922 3554 1993 ἀρχόντων.

2213 2020 2252 2085 ἰ’
2318 2019 2378 2072 '0
2441 2019 2737 2089 ἱερώτατος
2797 2016 3207 2089 μητροπολίτης
3263 2013 3577 2086 Μηθύμνης
3633 2012 3730 2066 καὶ

2142 2112 2466 2181 ὐπέρτιμος,
2492 2113 2550 2165 ἐν
2578 2112 2720 2183 ἁγίῳ
2749 2109 3033 2182 Πνεύματι
3057 2107 3344 2177 ἀγαπητὸς
3367 2105 3597 2173 ἀδελφὸς
3624 2104 3726 2173 τῆς

2140 2205 2300 2276 ἡμῶν
2326 2206 2688 2276 μετριότητος
2731 2204 2829 2259 καλ⁸
2869 2200 3309 2270 συλλειτουργὺς,
3352 2197 3727 2268 συνεδριάζων

2139 2300 2208 2368 τῇ
2246 2297 2403 2367 ήμῶν
2440 2298 2755 2367 μετριότητι
2786 2290 3546 2366 προκαθημένῃσυνοδικῶς,
3592 2291 3728 2343 ἀνα-

2142 2391 2318 2462 φοράν
2339 2390 2639 2462 ἐποιήσατο
2670 2390 2937 2449 πολλάκις
2956 2426 2959 2427 ν
2976 2388 3117 2458 μετὰ
3149 2383 3543 2455 περιπαθείας,
3570 2382 3652 2445 ὡς
3678 2383 3727 2435 οι

2146 2485 2376 2555 μοναχοὶ
2397 2484 2496 2553 τῆς
2522 2484 2617 2536 τοῦ
2646 2482 2872 2545 Καλέως
2905 2480 3210 2549 σεϐασμίας
3254 2494 3430 2552 μονης
3458 2475 3729 2546 κατέσχον

2145 2577 2240 2631 καὶ
2281 2577 2681 2647 ίδιοποιήσαντο
2711 2575 2821 2630 ἀπὸ
2849 2574 2958 2629 τῶν
2991 2574 3095 2629 ὐπὸ
3122 2574 3225 2645 τὴν
3254 2572 3529 2644 λαχοῦσαν
3563 2570 3732 2625 αὐτὸν

2142 2669 2445 2739 ἐκκλησίαν
2472 2669 2857 2737 μοναστηρίων
2886 2667 3228 2745 μοναστήρια
3262 2665 3523 2734 τέσσαρα,
3555 2663 3730 2731 ἤγουν

2140 2761 2313 2815 τὸτοῦ
2346 2760 2528 2828 Ἀγίου
2566 2761 2858 2825 Νικολάου,
2896 2760 2957 2814 τὸ
2981 2761 3077 2826 τῆς
3110 2759 3297 2827 Καλῆς
3326 2756 3639 2823 Λαγκάδος,
3672 2758 3731 2807 τδ

2140 2856 2240 2907 τοῦ
2280 2854 2675 2924 Ξηροκάστρου
2708 2855 2806 2907 καὶ
2836 2853 2896 2907 τὸ
2924 2852 3019 2906 τοῦ
3074 2852 3381 2924 Μυρσίνης,
3416 2850 3731 2921 πορισάμε-

2144 2961 2229 2999 νοι
2255 2948 2319 3000 ἐκ
2347 2946 2581 3016 ψευδοῦς
2627 2947 2911 3016 ἀναφορᾶς
2944 2945 3033 2996 ἐπ’
3065 2943 3253 3005 αὐτοῖς
3284 2941 3483 2995 σεπτὸν
3524 2938 3731 3011 χρυσό-

2141 3040 2366 3095 ϐουλλον
2396 3040 2490 3094 τοῦ
2518 3039 2814 3109 κρατίστου
2846 3038 2941 3091 καὶ
2969 3037 3128 3103 ἁγίου
3162 3053 3264 3105 μου
3300 3034 3733 3105 αὐτοκράτορος,

2147 3135 2255 3207 πρὸ
2284 3135 2479 3187 τούτου
2508 3132 2564 3185 δέ
2604 3130 3128 3202 μεταχειρισάμενοι
3158 3132 3256 3183 καὶ
3298 3126 3394 3181 δύο
3420 3128 3527 3179 τῶν
3557 3125 3736 3177 αὐτοῦ

2148 3226 2448 3296 κληρικῶν,
2490 3226 2584 3279 τὸν
2618 3225 2980 3293 σακελλάριον
3029 3223 3278 3296 δηλονότι
3316 3220 3413 3274 καὶ
3454 3219 3547 3273 τὸν
3576 3236 3731 3289 upw-

2147 3320 2417 3384 τέκδικον,
2451 3318 2548 3373 καλ¹
2576 3319 2869 3381 πείσαντες
2894 3319 3095 3381 αὐτοὺς
3124 3316 3453 3386 ὕποσχέσεσί
3479 3331 3615 3377 τισι,
3639 3313 3734 3365 καὶ

2148 3411 2410 3473 λαϐόντες
2459 3409 2819 3480 παρ”αὐτῶν
2868 3409 3189 3479 ἐκδοτήριον
3249 3408 3492 3480 γράμμα
3534 3410 3620 3470 εἰς
3675 3406 3735 3459 τὸ

2150 3503 2315 3574 ρηθέν
2379 3503 2747 3571 μοναστήριον
2796 3501 2892 3554 τοῦ
2944 3500 3253 3569 Μυρσίνης,
3297 3500 3372 3568 μὴ
3425 3499 3735 3560 συνειδότος

2146 3594 2338 3650 τούτου
2376 3595 2510 3665 μηδὲ
2560 3597 2988 3666 συμπράξαντος
3020 3596 3102 3658 είς
3142 3595 3242 3663 τὴν
3272 3593 3536 3662 τοιαύτην
3566 3592 3730 3647 ἔκδοο
3756 3618 3773 3623 ιν

2150 3707 2236 3744 σιν
2257 3705 2272 3723 ο
2303 3690 2569 3753 ὡσαύτως
2597 3691 2903 3760 ἀνήνεγκεν
2934 3690 2964 3742 ό
3002 3688 3168 3749 αὐτὸς
3200 3688 3501 3756 ἱερώτατος
3538 3687 3734 3758 ἀρχιε-

2151 3783 2279 3853 ρεὺς
2308 3783 2403 3836 καὶ
2425 3783 2503 3846 ὡς
2529 3784 2577 3835 οἱ
2616 3782 2847 3851 μοναχοὶ
2876 3782 2975 3851 τῆς
2998 3780 3107 3834 τῶν
3141 3778 3388 3850 Ὀδηγῶν
3422 3779 3735 3848 σεϐασμίας

2152 3874 2324 3943 μονῆς
2360 3874 2456 3927 καὶ
2484 3875 2533 3926 οἱ
2566 3874 2671 3940 τῆς
2702 3874 2796 3927 τοῦ
2834 3874 2941 3944 κῦρ
2977 3872 3300 3927 Ἀθανασίου
3328 3872 3604 3941 κατέσχον
3635 3873 3736 3925 καὶ

2148 3966 2304 4018 αὐτοὶ
2330 3966 2481 4034 παρὰ
2510 3965 2738 4036 γνώμην
2780 3966 2874 4018 καὶ
2907 3965 3117 4019 ἔνδοσιν
3148 3963 3348 4017 τούτου
3386 3964 3735 4033 μοναστήρια

2147 4061 2331 4128 ἕτερα,
2369 4060 2420 4111 οί
2450 4060 2548 4124 μὲν
2577 4059 2677 4128 τῆς
2723 4058 2833 4111 τῶν
2873 4057 3119 4128 Ὀδηγῶν
3147 4058 3208 4111 τδ
3250 4055 3345 4111 τοῦ
3376 4056 3731 4125 Κρυοκόπου,

2147 4151 2198 4204 01.
2219 4150 2275 4203 δέ
2312 4150 2416 4220 τῆς
2462 4149 2557 4203 τοῦ
2586 4150 2758 4219 κυροῦ
2796 4147 3124 4202 Ἀθανασίου
3174 4147 3235 4200 τὸ
3264 4148 3365 4216 τῆς
3411 4146 3576 4213 ἁγίας
3605 4145 3739 4197 Θεο-

2149 4242 2326 4313 φανὼ,
2378 4242 2645 4304 ὡσαύτως
2694 4242 2788 4294 καὶ
2820 4243 2848 4294 ό
2878 4240 2987 4311 κῦρ
3024 4240 3282 4310 Ζωσιμᾶς
3333 4239 3397 4292 τὸ
3428 4237 3581 4299 ἐντὸς
3634 4235 3734 4289 τοῦ

2146 4335 2385 4403 κάστρου
2446 4332 2559 4385 τῶν
2605 4330 2808 4401 Ἀγίων
2866 4328 3161 4402 Θεοδώρων
3220 4330 3583 4399 μοναστήριον
3635 4328 3738 4397 τῆς

2159 4423 2546 4495 ὐδηγητρίας,
2581 4422 2678 4475 καὶ
2731 4421 2793 4475 τὸ
2841 4422 2998 4482 ἐκτὸς
3033 4419 3203 4475 αὐτοῦ
3255 4422 3623 4491 μοναστήριον
3673 4420 3735 4472 τὸ

466 4508 686 4580 δοκήσπ
730 4512 759 4563 ὁ
812 4513 1151 4585 είρηνάρχης
1183 4513 1318 4578 Θεὸς
1367 4517 1466 4569 καὶ
1516 4516 1694 4587 προϐῇ
1732 4517 1765 4589 ή
1816 4518 2039 4586 τοιαύτη
2080 4508 2118 4521 ”
2148 4514 2540 4585 ἐπιλεγόμενον
2571 4515 2632 4567 τὸ
2660 4513 2926 4585 Βοῦρκοςο
2963 4514 3046 4567 ἔτι
3070 4513 3127 4567 δέ
3154 4518 3249 4567 καὶ
3280 4515 3341 4567 τὸ
3370 4512 3483 4566 τῶν
3529 4512 3732 4579 Ἀγίων

460 4602 662 4665 ἓνωσις
696 4606 791 4659 καὶ
830 4607 1105 4678 προσδοχὴ
1129 4608 1287 4677 ὑμῶν
1328 4610 1471 4663 κατά
1495 4611 1595 4680 τὴν
1627 4610 1896 4682 ἀποδοχὴν
1943 4613 2041 4663 αὐ-

464 4696 563 4747 τοῦ
601 4694 696 4748 τοῦ
750 4696 890 4750 Θεοῦ
945 4703 1040 4753 καὶ
1076 4702 1218 4754 κατά
1272 4700 1371 4771 τὴν
1405 4703 1684 4773 ἡμετέραν
1730 4705 1906 4774 ἀρχὴν
1952 4706 2047 4757 καὶ⁵

464 4786 675 4854 ἔφεσιν,
710 4788 790 4841 ἔτι
819 4789 875 4843 δὲ
926 4794 1041 4853 καὶ,
1078 4794 1263 4858 καθὼς
1291 4795 1447 4866 ζητεί
1502 4796 1595 4850 καὶ
1651 4797 1904 4866 ὀρέγεται
1950 4798 2047 4850 καὶ

462 4878 610 4932 θέλει
651 4881 683 4952 ή
715 4883 920 4954 ρηγική
949 4901 1043 4937 σου
1086 4884 1327 4951 ἐξουσία,
1366 4887 1435 4957 ῆν
1478 4889 1575 4941 καὶ
1598 4889 1682 4959 είη
1716 4888 2047 4960 διατηροῦσα

467 4974 500 5041 ὴ
531 4974 626 5026 τοῦ
651 4975 786 5028 Θεοῦ
817 4977 977 5047 χάρις
1004 4979 1084 5041 είς
1108 4979 1284 5032 πάντα
1307 4980 1374 5033 τὰ
1399 4980 1547 5050 αὐτῷ
1577 4981 1850 5053 εὐάρεστα
1872 5000 2042 5051 πρεσ·

464 5067 645 5131 ϐείαις
669 5073 768 5140 τῆς
798 5070 935 5141 ὑπὲρ
960 5071 1121 5140 λόγον
1154 5073 1423 5143 τεκούσης
1448 5076 1632 5139 αὐτὸν,
1673 5076 1771 5145 τῆς
1801 5077 2047 5146 ὑπεράγ-

465 5176 559 5213 νου
594 5164 896 5235 Δεσποίνης
929 5166 1024 5217 καὶ
1059 5165 1425 5237 Θεομήτορος.

670 5294 829 5374 XXI.
863 5319 1109 5392 Synodus
1153 5319 1355 5375 dirimit
1390 5294 1829 5373 controziersiam.

467 5454 543 5506 Τὸ
572 5454 746 5525 παρὸν
772 5454 1089 5527 ἀνεγνώσθη
1125 5458 1218 5510 καὶ
1250 5456 1524 5526 ἐξητάσθη
1561 5456 1783 5526 ἀκριϐεῖ
1817 5456 2035 5527 βασάνῳ

540 5528 635 5597 καὶ
669 5526 865 5595 ἐρεύνῃ
893 5527 1047 5579 δοθὲν
1080 5526 1177 5580 καὶ
1201 5526 1499 5597 ἀπεδείχθη
1524 5528 1617 5580 καὶ
1646 5530 1889 5595 ἀνεφάνη
1920 5528 2047 5593 ψευ-

538 5595 628 5701 δέἐς
672 5597 767 5648 καὶ
824 5596 1305 5668 πεφαλτξευμένον
1346 5600 1441 5651 καὶ
1487 5595 1662 5667 πάντη
1702 5601 2049 5665 ἀνατετρλμ-

544 5681 728 5733 μ-νον.

547 5799 583 5869 '1‘
618 5799 763 5866 Μηνὶ
818 5800 1135 5869 Ἀπριλλίῳ,
1175 5803 1357 5873 ἡμέρᾳ
1402 5803 1475 5871 ς’,
1515 5803 1612 5859 ίνδ.
1658 5804 1739 5867 ιδ’,
1773 5803 2046 5874 προκαοψ

2153 4608 2346 4672 Πέντε,
2384 4606 2481 4660 καὶ
2512 4606 2575 4659 τὸ
2597 4608 2656 4660 ἐν
2702 4608 2770 4677 τῇ
2806 4607 2993 4678 ἐνορίᾳ
3022 4607 3120 4659 τοῦ
3152 4607 3404 4676 Κόρακος
3428 4604 3525 4658 τοῦ
3570 4604 3733 4671 ἁγίου

2150 4696 2456 4751 ἀποστόλου
2483 4697 2579 4749 καλ⁵
2623 4695 3017 4765 εὐαγγελιστοῦ
3054 4695 3308 4749 Ἰωάννου
3339 4695 3434 4748 τοῦ
3466 4694 3738 4761 Θεολόγου

2152 4789 2246 4842 καὶ
2283 4788 2346 4840 τὸ
2396 4789 2494 4842 τοῦ
2531 4789 2788 4859 Σωτῆρος
2814 4788 3077 4858 Χριστοῦ,
3111 4787 3193 4839 ἔτι
3241 4804 3305 4855 γε
3348 4786 3454 4856 μὴν
3499 4788 3737 4852 κατέσχε

2154 4884 2251 4936 καὶ
2291 4882 2325 4952 ή
2365 4881 2503 4952 μονὴ
2532 4882 2629 4951 τῆς
2656 4879 3119 4952 Κεχαριτωμένης
3149 4880 3520 4950 μοναστήριον
3546 4877 3609 4928 τὸ
3638 4875 3736 4927 τοῦ

2155 4972 2315 5039 ἁγίου
2344 4972 2620 5041 Γεωργίου
2646 4971 2708 5023 τὸ
2730 4971 2876 5023 οὓτω
2906 4986 3024 5032 πως
3045 4969 3440 5040 ἐπιλεγόμενον
3464 4968 3526 5020 τὸ
3552 4966 3739 5036 Κρύον

2157 5066 2334 5136 Νερὸν
2377 5067 2473 5119 καὶ
2503 5066 2561 5119 τὺ
2602 5065 2926 5136 Κλημάτιον
2958 5066 3099 5117 κατὰ
3151 5064 3245 5117 τὸν
3284 5066 3469 5133 ὅμοιον
3511 5061 3738 5127 τρόπον.

2157 5159 2226 5210 ’Δ
2256 5158 2321 5227 δὴ
2354 5158 2695 5227 μοναστήρια
2720 5158 2815 5210 καὶ
2838 5155 3305 5225 ἀνακαλούμενος,
3334 5156 3429 5208 ὅστε
3451 5153 3516 5222 δὴ
3544 5152 3735 5220 τρόπῳ

2157 5249 2455 5319 παραλόγῳ
2500 5250 2591 5301 καὶ
2642 5249 2815 5319 ἀδίκῳ
2863 5249 3016 5320 παρά
3060 5248 3171 5301 τῶν
3219 5247 3533 5316 εἰρημένων
3566 5259 3738 5295 κατα-

2159 5343 2440 5413 σχεθέντα,
2476 5342 2675 5413 ἐδεήθη
2703 5344 2802 5413 τῆς
2825 5343 2984 5413 ἡμῶν
3019 5340 3397 5411 μετριότητος.
3436 5338 3593 5390 Ἐπεὶ
3616 5332 3735 5398 οὖν,

2157 5437 2234 5499 ὡς
2267 5436 2508 5505 εἴρηται,
2544 5435 2746 5489 σεπτέν
2785 5437 2899 5498 τοῖς
2928 5434 3024 5488 τοῦ
3059 5434 3286 5495 Καλὲως
3318 5431 3580 5501 μοναχοῖς
3602 5444 3739 5495 προ⁴

2149 5530 2251 5598 ἐὸη
2284 5514 2715 5601 ’χρυσόϐουλλοπη
2767 5531 2889 5585 δεῖν
2934 5526 3069 5583 εἶναι
3129 5527 3433 5587 συνοδικῶς
3483 5524 3733 5593 ἔγνωμεν

2156 5622 2534 5690 ἀκροάσασθαι
2569 5624 2663 5675 καὶ
2695 5624 2899 5688 αὐτῶν,
2934 5622 2989 5675 εἴ
3028 5638 3080 5675 τι
3124 5617 3505 5690 προϐαλέσθαι
3535 5616 3629 5667 καὶ
3660 5615 3738 5664 εί-

2156 5716 2276 5764 πεῖν
2316 5712 2498 5782 έχουσι
2545 5716 2771 5769 δίκαιον.
2813 5715 3187 5787 Διαμηνύεται
3237 5708 3531 5780 τοιγαροῦν
3573 5708 3599 5759 ό
3627 5704 3733 5773 τὴν

2162 5806 2494 5873 ἦγουμενίαν
2523 5806 2622 5876 τῆς
2666 5809 2835 5877 αὐτῆς
2871 5806 3171 5877 σεϐασμίας
3225 5802 3397 5874 μονῆς
3425 5802 3732 5869 ἐγκεχειρι-
