3996 6200
1488 304 1698 366 JOAN.
1744 303 2048 364 CALECxE
2090 303 2195 363 Cl’.
2244 300 2749 361 PATRIARCILE

710 464 713 465 ν
722 446 3559 466 “mWW
3566 455 3633 466 ας

1375 602 2019 722 JOANNES
2131 597 2810 718 CALECAS.

480 456 1543 491 “==7___..________.__

1317 934 1653 991 ΚΩΔῘΚΙΟΝ
1678 931 1813 988 ΤΩΝ
1844 930 2246 988 ΣΥΝΟΔΙΚΩΝ
2281 926 2910 987 ΠΑΡΛΣΗΜΕῙΩΣΕΩΝ

652 1094 653 1097 η
1478 1100 1479 1103 η
1854 1074 1859 1083 '
1958 1052 2267 1108 ΓΕΓΟΝΟΣ

647 1182 762 1237 Em
790 1180 926 1235 ΤΩΝ
957 1174 1244 1233 ΗΜΕΡΩΝ
1275 1174 1413 1232 ΤΟΥ
1446 1169 1978 1227 ΠΑΝΑΓΙΩΤΑΤΟΥ
2001 1169 2366 1224 ΔΕΣΙῘΟΤΟΥ
2396 1168 2533 1223 ΤΟΥ
2558 1165 3525 1223 ΟΙΚΟΥΜΕΝΙΚΟΥΠΑΤΡΙΔΡΧΟΥ

1592 1296 1733 1351 ΚΥΡ
1786 1293 2091 1349 ΙΩΑΝΝΟΥ
2127 1293 2264 1348 ΤΟΥ
2313 1291 2624 1349 ΚΔΛΕΚΑ.

486 1512 527 1564 Ι.
563 1511 794 1572 Joannes
823 1510 1043 1565 Calecas
1085 1514 1320 1567 concedit
1370 1511 1584 1581 lgnatz'o
1627 1509 1904 1565 Calai/aeto
1948 1523 2054 1562 mo-
2091 1557 2094 1567 ,

2171 1506 2261 1573 τὴν
2297 1502 2727 1574 Πετραλοιιρίναν
2758 1500 3134 1571 εἰσαγομένην
3159 1504 3295 1556 κατὰ
3324 1505 3518 1575 πρῶτον
3543 1507 3676 1563 ὕπνον

981 1585 1269 1636 ηαείεγὶιιηι
1314 1581 1597 1637 Soslhenii.

557 1695 595 1765 ‘I‘
650 1694 711 1748 Ἥ
751 1696 1047 1765 μετριότης
1104 1696 1267 1765 ἡμῶν
1301 1697 1391 1749 διὰ
1439 1694 1533 1747 τοῦ
1570 1695 1841 1763 παρόντος
1890 1695 2059 1766 αὐτῆς

489 1788 819 1857 γράμματος
850 1788 1288 1856 παρακελεύεται
1335 1783 1475 1841 εἶναι
1510 1790 1603 1841 τὸν
1644 1785 1974 1857 τιμιώτατον
2006 1789 2063 1840 ὲν

492 1881 888 1948 ἰερομονάχοις,
941 1881 999 1934 ὲν
1033 1880 1173 1951 ἁγίῳ
1240 1879 1519 1950 Πνεύματι
1551 1881 1836 1950 ἀγαπητὸν
1890 1881 2063 1951 αὐτῆς

492 1974 630 2036 υἱὸν,
676 1974 782 2043 κῦρ
829 1974 1088 2042 Ἰγνάτιον
1131 1974 1223 2026 τὸν
1255 1974 1565 2028 Καλόθετον
1615 1978 1673 2029 ὲν
1709 1978 1914 2045 κατοχῇ
1965 1976 2062 2029 τοῦ

492 2063 620 2130 περὶ
668 2063 758 2116 τὸν
810 2064 1111 2118 Ἀνόιπλουν
1156 2064 1508 2135 διακειμένου
1559 2066 1926 2136 μοναστηρίου
1969 2067 2062 2120 τοῦ

490 2155 570 2217 εἰς
600 2154 772 2224 ὄνομα
800 2155 1112 2225 τιμωμένου
1149 2155 1245 2209 τοῦ
1278 2157 1463 2227 τιμίου
1494 2156 1790 2229 ταξιάρχου
1817 2159 1925 2213 τῶν
1952 2160 2064 2215 ἄνω

490 2246 776 2316 δυνάμεων
802 2249 1024 2320 Μιχαὴλ
1068 2250 1163 2305 καὶ
1214 2252 1653 2321 ὲπικεκλημένου
1709 2251 1807 2306 τοῦ
1851 2252 2066 2306 Σωσθε-

490 2340 629 2403 νίου,
675 2340 817 2395 ὥστε
868 2342 1168 2397 ἀπολαύειν
1218 2344 1378 2398 τοῦτό
1426 2361 1485 2398 τε
1525 2345 1621 2399 καὶ
1668 2346 1737 2401 τά
1790 2346 2102 2417 προσόντα·

488 2432 639 2501 αὐτῷ
667 2435 925 2501 κτήματα
944 2433 1045 2503 τῆς
1073 2435 1242 2487 αὐτοῦ
1274 2436 1531 2507 ἐφορείας
1558 2436 1653 2491 καὶ
1684 2440 2064 2509 πνευματικῆς

422 2524 430 2531 ’
488 2522 856 2591 ἐπισκέψεως,
896 2524 1020 2579 ὅθεν
1055 2526 1151 2578 κα)⁸
1182 2527 1513 2597 ἐπιλήψεται
1544 2529 1641 2582 τοῦ
1688 2531 1931 2584 τοιούτου
1968 2549 2065 2601 p.0-

491 2615 786 2685 ναστηρίου
824 2617 917 2669 καὶ
968 2618 1076 2670 τῶν
1111 2619 1204 2672 ὐπ’
1253 2620 1404 2685 αὐτὸ,
1454 2622 1548 2675 καὶ
1603 2622 1691 2673 ἐπ’
1725 2623 1909 2687 ἁδείας
1952 2623 2065 2688 ἕξει

494 2709 752 2777 συνιστᾷν
780 2709 873 2762 καὶ
927 2709 1171 2778 βελτιοῦν
1221 2712 1317 2764 καὶ
1363 2713 1618 2777 ὲπαύξειν
1642 2715 1709 2767 τὰ
1753 2716 1876 2769 κατ’
1910 2716 2062 2781 αὐτὸ,

495 2801 742 2870 κατέχων
798 2802 956 2855 τοῦτο
1014 2804 1393 2873 ἀναφαιρέτως
1448 2806 1543 2859 καὶ¹
1603 2808 2065 2875 ἀναποσπὰστως,

497 2899 577 2952 ἔτι
624 2915 686 2967 γε
727 2898 833 2968 μὴν
872 2898 1165 2968 ἀταράχως
1212 2899 1307 2951 καὶ
1345 2898 1716 2969 ἀνενοχλήτως
1762 2899 1847 2953 διὰ
1886 2899 2067 2971 πάσης

497 2992 661 3046 αὐτοῦ
712 2992 811 3061 τῆς
846 2990 993 3060 ζωῆς
1016 3006 1029 3020 ’
1062 2991 1150 3045 διὰ
1195 2990 1351 3044 τοῦτο
1383 2990 1657 3060 ὀφείλουσι
1690 2992 1784 3045 καὶ
1826 2993 1875 3044 οἰ
1907 2995 1965 3045 ὲν
1990 2992 2067 3063 τῷ

505 3085 859 3155 μοναστηρίῳ
909 3083 1043 3153 τῷδε
1098 3083 1482 3152 εὑρισκόμενοι
1536 3085 1763 3154 μοναχοὶ
1798 3084 2068 3149 εὐπειθῶς

499 3178 644 3248 ἔχειν
683 3176 819 3246 πρὸς
866 3175 957 3228 τὸν
994 3175 1142 3245 παρὰ
1180 3174 1372 3227 τούτου
1417 3174 1937 3246 ἁποταχθησόμενον
1973 3177 2068 3229 ἐπὶ

498 3274 564 3341 τῇ
605 3271 867 3338 διοικήσει
901 3267 1091 3321 τούτου
1124 3267 1219 3321 καὶ
1261 3265 1568 3337 διεξαγωγῇ
1602 3268 1695 3320 καὶ
1740 3270 1860 3332 ταῖς
1904 3268 2067 3322 αὐτοῦ

504 3362 899 3432 πνευματικαῖς
949 3360 1303 3431 εἰσηγήσεσιν
1358 3359 1679 3413 ὑποκεῖσθαι
1717 3360 1812 3413 καί
1843 3360 2068 3430 πειθαρ-

498 3457 636 3522 χεῖν.
688 3454 781 3515 Εἰς
811 3452 919 3523 γὰρ
971 3454 1073 3519 τὴν
1129 3453 1257 3522 περὶ
1297 3451 1488 3505 τούτου
1521 3452 1828 3521 ἀσφάλειαν
1878 3453 2069 3520 γέγονε

502 3547 595 3598 καὶ
646 3546 875 3615 ἐπεδόθη
907 3542 983 3615 τῷ
1032 3542 1182 3614 αὐτῷ
1228 3545 1544 3615 τιμιωτάτῳ
1584 3545 1641 3597 ἐν
1697 3545 2068 3615 ίερομονάχοις

505 3639 609 3707 κῦρ
652 3637 899 3707 Ἰγνατίῳ
946 3638 1039 3691 καὶ
1070 3637 1131 3690 τὸ
1162 3639 1335 3707 παρὸν
1377 3636 1613 3708 γράμμα
1641 3636 1740 3706 τῆς
1774 3636 1931 3707 ἡμῶν
1968 3654 2069 3708 με·

502 3735 801 3805 τριότητος,
839 3732 968 3805 μηνί
1009 3732 1213 3802 Ἰουλίῳ
1244 3732 1340 3785 ἰνδ.
1368 3730 1429 3787 ε’.

500 3867 562 3922 ll.
575 3867 815 3939 Synodus
833 3868 1249 3921 excommunicat
1281 3866 1664 3936 metmpolilam
1687 3865 2067 3936 Philipporum.

859 3983 899 4048 1'
930 3978 1264 4063 Καθαίρεσις
1286 3978 1379 4032 τοῦ
1408 3979 1716 4034 Φιλίππων.

573 4099 613 4169 <1-
656 4096 913 4168 Ἐκινήθη
965 4096 1059 4148 ἐπὶ
1092 4095 1191 4163 τῆς
1248 4093 1372 4147 καθ’
1399 4094 1548 4163 ἡμᾶς
1597 4094 1749 4163 ἰερᾶς
1799 4097 1894 4148 καὶ
1925 4094 2073 4159 Θείας

2164 1601 2316 1671 παρὰ
2350 1600 2445 1654 τοῦ
2481 1598 2772 1669 ἀνθρώπου
2812 1598 2906 1652 τοῦ
2957 1599 3373 1668 μητροπολίτου,
3403 1602 3488 1655 τοῦ
3524 1604 3677 1659 Ἀλόα-

2162 1695 2308 1747 νίτου
2336 1691 2556 1762 Μιχαὴλ
2588 1692 2677 1745 διὰ
2709 1692 2809 1760 τῆς
2834 1678 3011 1763 αὐλῆς
3033 1691 3131 1744 τοῦ
3169 1694 3507 1763 μοναστηρίου
3542 1698 3612 1760 εἰς
3632 1698 3677 1750 1‘;

2164 1784 2375 1839 κελλίον
2414 1784 2508 1837 τοῦ
2558 1783 2983 1854 μητροπολίτου,
3021 1784 3242 1854 ἀνδρῷα
3274 1785 3526 1855 φοροῦσαν
3562 1789 3678 1841 ἐνδύ-

2167 1895 2336 1941 ματα,
2369 1877 2465 1931 καὶ
2498 1876 2664 1930 πάλιν
2694 1876 2943 1943 ἐξιοῦσαν
2987 1878 3110 1947 μετ’
3142 1877 3307 1930 αὐτοῦ
3348 1878 3434 1932 τοῦ
3474 1880 3675 1934 Ἀλόανία

2163 1982 2257 2025 του
2293 1969 2435 2023 κατὰ
2467 1969 2560 2023 τὸν
2588 1970 2779 2039 καιρὸν
2818 1968 2911 2023 τοῦ
2944 1969 3151 2040 ὄρθρου
3173 1985 3186 2000 ⁸
3221 1970 3467 2034 ὡσαύτως
3494 1972 3676 2026 ἔϐλεπον

2165 2065 2336 2134 αὐτὴν
2362 2064 2453 2119 καί⁹
2484 2063 2626 2118 κατὰ
2652 2062 2946 2133 διαφόρους
2975 2063 3195 2135 ἡμέρας
3226 2064 3584 2137 είσερχομένην
3606 2067 3675 2120 καὶ

2166 2156 2533 2228 ἐξερχομένην
2564 2156 2836 2225 φανερῶς.
2879 2174 2897 2208 ι

2234 2250 2275 2320 -ι-
2316 2270 2334 2302 ι
2384 2248 2527 2317 Ἐγὼ
2567 2250 2597 2303 ὀ
2656 2248 3008 2319 ἰερομόναχος
3054 2248 3313 2319 Ἱερόθεος
3347 2250 3512 2319 λέγω·
3545 2248 3675 2305 Εὐλο-

2170 2345 2335 2413 γητὸς
2380 2344 2408 2396 ὀ
2437 2342 2570 2404 Θεὸς
2600 2344 2694 2395 καὶ
2739 2342 2928 2411 Πατὴρ
2979 2341 3079 2396 τοῦ
3120 2343 3321 2413 Κυρίου
3362 2343 3503 2412 ἡμῶν
3539 2342 3675 2411 Ἰησοῦ

2166 2434 2407 2505 Χριστοῦ
2437 2434 2465 2487 ὀ
2501 2434 2578 2487 ὢν
2631 2436 2711 2498 εἰς
2755 2432 2882 2496 τοὺς
2931 2434 3166 2501 αἰῶνας,
3213 2435 3271 2487 οὐ
3318 2434 3573 2504 ψεύδομαι,
3605 2436 3676 2487 καί

2166 2528 2355 2599 ὀμνύω
2385 2530 2464 2591 είς
2495 2529 2565 2582 τὰ
2600 2531 2728 2597 ἆγια
2759 2528 3072 2596 Εὐαγγέλια
3109 2529 3203 2582 τοῦ
3243 2529 3393 2595 Θεοῦ,
3425 2530 3497 2583 ὅτι
3528 2531 3553 2599 ἡ
3579 2530 3678 2582 ὐπο-

2167 2622 2475 2693 πτευομένη
2529 2622 2929 2692 Πετραλοιφίνα
2980 2623 3189 2693 ἤρχετο
3245 2624 3483 2684 πολλάκις
3529 2623 3595 2684 εἰς
3631 2621 3676 2674 τὸ

2168 2715 2379 2769 κελλίον
2408 2715 2505 2768 τοῦ
2553 2716 2966 2785 μετροπολίτου,
3012 2717 3118 2769 καὶ
3160 2716 3406 2786 συνήσθιε
3447 2715 3529 2768 καὶ
3556 2715 3675 2766 συνέ-

2174 2824 2292 2859 πινε
2321 2808 2416 2861 καὶ
2473 2806 2901 2877 συνδιημέρευεν
2930 2807 3110 2877 αὐτῷ,
3164 2808 3259 2861 καὶ
3296 2808 3533 2876 ἐξήρχετο
3575 2805 3673 2858 ποτὲ

2179 2897 2277 2966 μὲν
2315 2897 2529 2967 ἡμέρας
2558 2897 2749 2969 οὔσης,
2799 2901 2930 2953 ποτὲ
2959 2900 3015 2952 δὲ
3064 2900 3277 2963 νυκτὸς,
3315 2899 3516 2962 ίὸίωςδὲ
3551 2897 3677 2950 διεσί.

2175 2989 2342 3041 δασεν
2371 2988 2520 3051 ὲντδς
2563 2988 2659 3042 τοῦ
2700 2991 2913 3044 κελλίου
2960 2992 3056 3045 τοῦ
3102 2991 3478 3063 μητροπολίτου
3520 2988 3675 3059 νυχθή-

2179 3097 2322 3151 μερα
2337 3079 2464 3149 τρία
2488 3097 2501 3109 ·
2526 3081 2613 3134 ὅτε
2634 3080 2690 3135 δὲ
2718 3083 3007 3153 συνήσθιον
3032 3085 3136 3136 καὶ
3155 3085 3445 3145 συνέπινον,
3463 3084 3570 3135 ποτὲ
3600 3082 3676 3149 μὲν

2176 3171 2532 3240 παριστάμην
2564 3172 2659 3224 καὶ
2691 3174 2996 3243 ὑπηρέτουν
3024 3176 3237 3240 αὐτοῖς,
3268 3174 3391 3229 ποτὲ
3414 3174 3462 3227 δὲ
3482 3172 3676 3241 καθήμε-

2176 3279 2261 3326 νος
2294 3262 2482 3333 ἤσθιον
2510 3264 2605 3315 καὶ
2635 3263 2745 3331 ἐγὼ
2786 3266 2953 3330 ἰδίως.
2992 3288 3011 3321 ι

2168 3408 2175 3415 .
2247 3360 2288 3422 ἰ’
2336 3376 2351 3408 ι
2398 3355 2542 3425 Ἐγὼ
2574 3357 2877 3428 Γρηγόριος
2906 3363 3148 3431 μοναχδς
3180 3365 3270 3416 καὶ
3293 3362 3512 3419 διάκονος
3537 3356 3676 3423 λέγον

2178 3450 2485 3521 Εὐλογητὸς
2514 3451 2541 3503 ὁ
2575 3452 2707 3514 Θεὸς
2736 3452 2831 3505 καὶ
2870 3453 3059 3525 Πατὴρ
3092 3454 3188 3508 τοῦ
3222 3454 3409 3523 Κυρίου
3439 3452 3570 3521 ἡμῶν
3603 3449 3680 3515 Ἰη·

2179 3542 2272 3597 σοῦ
2308 3542 2545 3612 Χριστοῦ
2575 3544 2602 3594 ὀ
2630 3543 2705 3595 ὢν
2726 3545 2806 3606 είς
2832 3544 2960 3609 τοὺς
2983 3547 3219 3612 αἰῶνας,
3243 3546 3301 3599 οὐ
3332 3545 3585 3615 ψεύδομαι,
3612 3544 3682 3594 καὶ

2176 3634 2365 3703 ὀμνύω
2420 3634 2499 3697 εἰς
2526 3634 2592 3687 τὰ
2623 3633 2754 3702 ἆγια
2801 3636 2895 3690 τοῦ
2949 3638 3087 3690 Θεοῦ
3128 3638 3441 3707 Εὐαγγέλια,
3485 3632 3682 3688 ὄτιεπον

2178 3728 2279 3797 τὴν
2338 3728 2792 3798 ὐποπτευομένην
2845 3729 3282 3800 Πετραλοιφίναν
3353 3728 3684 3797 εἰσερχομένην

2177 3821 2266 3875 διὰ
2289 3824 2389 3890 τῆς
2415 3822 2585 3891 αὐλῆς
2610 3821 2701 3875 τοῦ
2735 3824 3112 3892 μοναστηρίου
3138 3825 3230 3878 καί
3259 3821 3599 3893 ἁπερχομένην
3622 3818 3683 3877 εἷς

2177 3913 2240 3967 τδ
2270 3913 2481 3967 κελλίον
2515 3914 2610 3966 τοῦ
2660 3914 3063 3984 μητροπολίτου
3103 3917 3245 3986 μετὰ
3284 3916 3371 3967 καὶ
3408 3912 3583 3984 ἑτέρων
3608 3925 3683 3977 γυ-

2179 4006 2384 4060 ναικῶν
2410 4005 2582 4074 αὐτῆς
2624 4006 2907 4076 τεσσάρων
2933 4007 3075 4059 κατὰ
3132 4010 3222 4061 τὸν
3260 4007 3438 4077 καιρὸν
3465 4006 3550 4073 τῆς
3569 4002 3681 4070 ψαλ-

2184 4096 2391 4168 μῳδίας
2428 4096 2523 4150 τοῦ
2557 4096 2973 4165 μεσονυκτικοῦ,
3004 4099 3102 4151 καὶ
3133 4099 3337 4163 ἄλλοτε,
3363 4099 3444 4151 ὅτε
3471 4093 3683 4163 ἐψάλλετο

505 4191 727 4243 συνόδου
760 4187 905 4241 κατὰ
933 4186 1029 4240 τοῦ
1066 4184 1465 4256 μητροπολίτου
1493 4183 1775 4239 Φιλίππων
1804 4185 2076 4239 καθοσιώ-
2102 4211 2144 4268 C
2182 4194 2215 4261 ὴ
2253 4192 2491 4261 τετάρτη
2522 4190 2635 4261 ᾠδὴ
2664 4190 2800 4244 κατὰ
2825 4191 2916 4246 τὸν
2942 4191 3164 4263 ὄρθρον,
3193 4193 3322 4263 μετὰ
3343 4191 3428 4244 δύο
3456 4184 3681 4257 γυναικῶν
3724 4217 3739 4237 κ

506 4298 643 4345 σεως
710 4279 987 4349 ἔγκλημα,
1040 4277 1270 4342 οὗτινος,
1325 4277 1403 4340 ῶς
1453 4277 1621 4342 εἰκὸς,
1681 4277 2071 4348 ἑξεταξομένου

508 4372 786 4443 παρουσίᾳ
818 4374 910 4424 καὶ
956 4371 1053 4425 τοῦ
1096 4368 1389 4441 κρατίστου
1434 4368 1529 4423 καὶ
1559 4369 1716 4438 ἁγίου
1749 4387 1853 4440 μου
1910 4371 2070 4423 αὐτο-

508 4465 773 4534 κράτορος
804 4462 1005 4534 μεταξύ
1033 4462 1141 4515 τῶν
1171 4462 1304 4532 περὶ
1326 4461 1420 4514 τοῦ
1453 4461 1694 4515 τοιούτου
1731 4461 2073 4532 ἐγκλήματος

503 4558 813 4626 λεγομένων
845 4555 1083 4625 ἀνέκυψε
1118 4572 1203 4618 τις
1239 4554 1401 4626 ἑτέρα
1446 4555 1751 4625 κατηγορία
1794 4555 2074 4625 ἐγκλήμα-

503 4666 593 4709 τος
635 4646 905 4716 μοιχικοῦ,
941 4648 1068 4714 περί
1103 4639 1164 4699 οὗ
1193 4646 1285 4697 καὶ
1315 4643 1513 4713 πολλῆς
1546 4644 1640 4696 καί
1669 4644 1931 4714 ἀκριϐοῦς
1959 4644 2075 4711 ἐξε-

507 4740 718 4801 τάσεως
764 4739 1062 4807 γενομένης
1094 4739 1192 4806 οὐχ
1224 4737 1373 4801 ἅπαξ
1425 4739 1517 4790 καὶ
1570 4738 1649 4798 δὶς
1680 4736 1774 4791 καί
1827 4738 1947 4807 τρὶς
1982 4736 2074 4789 καὶ

512 4832 795 4895 πολλάκις,
843 4830 1140 4900 ἐπειδήπερ
1172 4830 1357 4899 ἐδέησε
1391 4829 1687 4899 μαρτύρων
1728 4831 1805 4892 εἰς
1849 4833 1947 4898 τὴν
1978 4830 2074 4899 τῆς

508 4923 766 4989 ἀληθείας
802 4922 1020 4992 εὕρεσιν
1053 4923 1147 4976 καὶ
1178 4920 1545 4990 παράστασιν,
1569 4918 1939 4991 παρήχθησαν
1966 4921 2073 4973 ἀπὸ

502 5020 612 5073 τῶν
645 5017 1058 5087 ὲνασκουμένων
1092 5014 1341 5085 μοναχῶν
1365 5016 1431 5085 τῇ
1462 5012 1554 5066 τοῦ
1584 5013 2073 5083 Πρωτοσυγκέλλου

508 5111 780 5181 σεδασμίᾳ
813 5112 970 5181 μονῇ,
1000 5109 1058 5162 ἐν
1146 5109 1237 5161 καὶ
1268 5107 1427 5171 αὐτὸς
1452 5106 1550 5177 τὴν
1576 5107 1791 5174 οἴκησιν
1812 5109 2069 5172 ἐποιεῖτο,

506 5206 536 5255 6
571 5204 922 5273 ἱερομόναχος
968 5200 1293 5271 Γρηγόριος,
1329 5202 1356 5253 6
1412 5200 1762 5271 ἱερομόναχος
1812 5200 2076 5270 Ἰερόθεος

508 5298 603 5349 καὶ
633 5299 660 5350 ὀ
707 5296 951 5361 διάκονος
980 5298 1074 5349 καὶ
1109 5294 1342 5365 μοναχὺς
1388 5295 1713 5365 Γρηγόριος,
1748 5295 1942 5358 οἵτινες
1982 5296 2075 5348 καὶ

506 5387 659 5443 εἷπον
690 5390 785 5443 καὶ
816 5390 1211 5459 ἐμαρτύρησαν
1240 5387 1536 5457 ἐγγράφως
1566 5385 1772 5440 ταῦτα’

576 5484 614 5554 1-
653 5503 671 5535 ι
724 5484 862 5553 Ἐγὼ
898 5488 924 5537 ὁ
960 5484 1309 5552 ίερομόναχος
1346 5482 1385 5534 Γ
1392 5483 1644 5553 ρηγὸριος
1688 5480 1832 5547 λέγω
1860 5498 1873 5512 ο
1911 5482 2075 5535 Εὐλο-

2183 4299 2374 4347 αυτης.
2413 4302 2430 4332 ι

2267 4376 2391 4429 Ἐπὶ
2420 4376 2631 4440 τούτοις
2662 4378 3023 4450 ἀητὴθησαν
3064 4380 3198 4450 παρ’
3227 4377 3372 4447 ἡμῶν
3395 4375 3477 4427 καί
3498 4368 3624 4425 αὐτοί
3643 4366 3680 4418 οἰ

2182 4467 2243 4520 τὸ
2272 4468 2371 4537 τῆς
2415 4469 2795 4532 καθοσιώσεως
2850 4468 3109 4539 ἔγκλημα
3154 4466 3483 4539 κεκινηκότες
3518 4455 3680 4515 πιστώι

2186 4560 2402 4625 σασθαι,
2434 4562 2546 4614 εἴτε
2572 4561 2661 4614 διὰ
2709 4561 3003 4633 μαρτύρων
3033 4564 3146 4617 εἴτε
3178 4563 3371 4633 τρόπον
3397 4557 3536 4612 ἄλλον
3556 4554 3682 4606 ἀναν-

2183 4652 2441 4723 τίρρητον
2464 4653 2556 4706 καὶ
2582 4650 2800 4721 βέϐαιον
2829 4655 2898 4706 τὰ
2930 4654 3053 4707 κατ’
3080 4654 3231 4717 αὐτὸ,
3263 4652 3353 4706 καὶ
3381 4650 3489 4704 ἐπεὶ
3517 4645 3683 4715 μάρτυ-

2186 4764 2285 4815 ρας
2312 4746 2469 4799 οὐδὲν
2501 4740 2650 4815 εἶχον
2681 4747 3049 4814 παραγαγεῖν,
3086 4747 3313 4814 ἑτοίμως
3343 4743 3395 4795 δὲ
3420 4741 3480 4793 δι’
3500 4736 3681 4803 ὲνόρκου

2185 4836 2485 4902 ἀσφαλείας
2516 4836 2665 4906 ἔχειν
2694 4838 2761 4890 τὰ
2796 4837 2917 4891 κατ’
2948 4837 3081 4891 αὐτὸ
3112 4837 3373 4891 πιστῶσαι
3395 4828 3674 4884 διετείνοντο,

2183 4927 2416 4997 εὕρομεν
2440 4926 2495 4982 δὲ
2525 4928 2618 4980 καὶ
2641 4930 2791 4998 παρὰ
2813 4929 2920 4982 τῶν
2948 4929 3055 4998 πρὸ
3081 4930 3113 4997 ἠ
3123 4928 3236 4997 μῶν
3251 4927 3306 4978 ἐν
3331 4924 3433 4985 τοῖς
3456 4916 3677 4974 κωδικέοις

2181 5020 2521 5090 διαπράξεων
2550 5019 3291 5090 παραπλησίανίὲνδεδομένην
3309 5015 3399 5086 τὴν
3425 5009 3676 5076 δι’ὲνόρκω

2187 5114 2486 5182 ἀσφαλείας
2528 5115 2708 5168 πίστιν
2739 5114 2832 5168 καὶ
2857 5112 3147 5178 ἀπόδειξιν,
3175 5109 3427 5164 ἀκόλουθα
3456 5100 3677 5167 κατεπρά-

2187 5210 2380 5277 ξαμεν,
2426 5210 2517 5261 καὶ
2549 5208 2612 5279 δὴ
2650 5207 2755 5261 τῶν
2804 5206 2976 5274 ἁγίων
3018 5202 3350 5272 Εὐαγγελίων
3380 5196 3463 5252 τοῦ
3483 5186 3675 5263 Χριστοῦ

2186 5284 2553 5369 προτεθέντων
2592 5302 2677 5352 ἐπ’
2710 5299 3056 5368 Ἐκκλησίας,
3086 5296 3433 5367 ἠσφαλίσαντο
3457 5288 3586 5340 τάδε·

2257 5392 2294 5463 ’ξ-
2331 5411 2349 5443 ι
2394 5393 2536 5460 Ἐγὼ
2561 5394 2588 5445 6
2617 5392 2805 5456 δοῦλος
2833 5391 2929 5445 τοῦ
2963 5388 3220 5462 κραταιοῦ
3260 5385 3350 5440 καὶ
3377 5382 3516 5450 ἁγίου
3552 5371 3678 5446 ἡμῶν

2187 5486 2446 5538 αὐθέντου
2477 5486 2569 5537 καὶ
2609 5484 2875 5553 βασιλέως
2908 5483 3165 5544 σεϐαστὸς
3205 5481 3438 5545 Ἰωάννης
3467 5464 3677 5539 ὁΤριχᾶς

508 5578 673 5647 γητὶς
710 5581 737 5630 6
783 5579 915 5641 Θεὸς
960 5579 1052 5631 καί⁸
1086 5578 1273 5648 Πατὴρ
1316 5577 1410 5630 τοῦ
1444 5577 1653 5647 Κυρίου
1702 5577 1859 5646 ἡμῶν
1902 5575 2074 5645 Ἰησοῦ
2110 5575 2152 5630 D
2181 5578 2367 5648 ὀμνύω
2401 5581 2481 5641 εἰς
2512 5579 2580 5631 τὰ
2614 5579 2746 5645 ἅγια
2779 5578 2874 5632 τοῦ
2903 5578 3039 5632 Θεοῦ
3082 5574 3378 5642 Εὐαγγέλια
3408 5566 3489 5621 καὶ
3513 5565 3580 5623 εἰς
3603 5556 3677 5609 τδν

510 5670 746 5739 Χριστοῦ
777 5673 803 5722 ὁ
850 5670 924 5722 ὢν
983 5671 1059 5732 εἰς
1092 5671 1216 5732 τούς
1270 5670 1489 5733 αἰῶνας,
1525 5670 1584 5720 οὐ
1636 5667 1930 5737 ψεύδομαι,
1984 5669 2074 5721 καὶ

506 5762 693 5833 ὀμνύω
739 5763 814 5822 εἰ,
856 5760 921 5812 τὰ
956 5760 1084 5825 ἅγια
1132 5764 1223 5813 τοῦ
1271 5762 1405 5814 Θεοῦ
1453 5761 1780 5829 Εὐαγγέλια,
1812 5761 1889 5813 ὅτι
1927 5756 2064 5814 εἶδον

2182 5670 2362 5737 τίμιον
2402 5669 2495 5721 καὶ
2522 5671 2786 5734 ζωοποιον
2813 5671 3070 5738 σταυρὸν,
3096 5669 3176 5719 ὅτι
3215 5663 3317 5717 ἀπὸ
3340 5658 3427 5713 τοῦ
3458 5653 3674 5746 στόματξς

2177 5760 2272 5814 τοῦ
2334 5761 2533 5829 Ἀσὰνη
2584 5762 2689 5830 κῦρ
2722 5762 2943 5832 Μιχαὴλ
2978 5761 3083 5831 ἔχω
3131 5752 3403 5809 καὶτοῦτο
3451 5744 3566 5815 μετὰ
3589 5752 3673 5791 των
