4022 6204
342 234 477 299 1221
710 276 711 281 γ
1420 230 1811 292 smomcm
1848 232 2533 301 CONSTITUTIONES.
3466 259 3602 321 mg

340 348 590 403 ποιοῦσιν
635 338 782 401 οὗτοι
838 347 903 417 δὴ
953 348 1000 401 οἰ
1046 345 1142 414 τῆς
1192 346 1403 411 πόλεως
1447 347 1681 416 ἔποικοι,
1714 350 1797 404 δτι
1829 350 1921 405 τὸν
1952 380 1996 436 Α
2025 353 2166 408 οιδεν
2207 354 2405 418 αὐτοὺς
2455 355 2565 411 τῶν
2619 357 2692 428 μὴ
2739 359 3090 432 καθηκόντων
3134 368 3595 444 εἰργασμένουςῆ

338 439 525 494 δοῦλον
576 441 739 494 πλέον
770 438 863 492 τοῦ
908 436 1167 491 δεσπότου
1214 438 1442 508 τιμῶσι,
1479 441 1578 494 καὶ
1631 443 1922 514 συναθροί-
2026 447 2122 501 καὶ
2145 451 2545 520 φρονήσαντας,
2591 450 2767 504 εἰπεῖν
2793 452 2951 507 τοῦτο
2980 456 3075 508 καὶ
3115 436 3349 530 φανερὸν
3381 436 3597 530 θέσθαι,

340 532 527 599 ζονται
562 534 661 601 μὲν
710 531 1033 601 παμπληθεὶ
1062 532 1140 595 εἰς
1177 532 1271 586 τὸν
1319 533 1449 587 ναὸν
1483 532 1578 588 τοῦ
1624 535 1782 605 ἁγίου
1821 552 1921 608 με·
2023 541 2187 605 αὐτὸς
2221 541 2560 607 ὲνστατικῶς
2586 543 2729 614 ἔχων
2755 540 2843 616 ἦν,
2874 548 2967 600 καὶ
2991 549 3059 601 τά
3093 550 3194 619 μὲν
3221 553 3320 621 τῆς
3359 572 3597 625 κατηγο-

337 624 761 696 γαλομάρτυρος
807 626 904 678 καὶ
955 625 1296 696 μυροϐλύτου
1341 626 1681 697 Δημητρίου,
1730 629 1824 684 τὸν
1860 630 1919 684 δὲ
2025 632 2150 702 ρίας
2179 633 2489 703 έκφεύγων,
2519 635 3008 706 διαϐεϐαιούμενος
3036 640 3114 708 δὲ,
3155 644 3323 713 μηδέν
3350 663 3402 698 τι
3432 624 3595 702 πλέον

336 717 466 771 ναὸν
493 717 586 771 τοῦ
608 716 877 769 Δεσπότω
906 717 1159 788 Σωτῆρος
1185 717 1424 789 Χριστοῦ
1454 720 1911 793 παρατρέχουσιν,
2020 723 2165 795 ἔχειν
2204 724 2313 779 τῶν
2347 727 2659 797 εἰρημένων
2692 729 2891 796 εἰπεῖν,
2933 731 3059 785 οὔτε
3092 735 3231 790 κατά
3259 736 3354 790 τοῦ
3384 743 3591 795 οἰκονό-⁴

332 804 490 862 εῐπεν
521 808 672 877 αὐτῷ
702 807 867 878 δῆθεν
895 808 924 861 6
957 809 1331 879 χαρτοφύλαξ,
1365 811 1448 864 δτι
1478 811 1641 865 πλέον
1676 813 1919 883 τιμῶσιν
2021 834 2148 887 μου,
2180 816 2304 871 οὔτε
2331 820 2473 873 κατὰ
2499 821 2591 874 τοῦ
2618 823 3057 899 χαρτοφύλακος,
3096 828 3189 880 καὶ
3219 831 3398 901 πολλῷ
3429 835 3591 890 πλέον

331 902 382 953 οἰ
412 899 841 963 Θεσσαλονικείς
877 900 965 952 τὸν
1020 901 1277 972 μάρτυρα
1308 900 1404 957 τοῦ
1452 902 1714 972 Χριστοῦ.
1753 905 1913 959 Κατά
2021 908 2098 979 μὴ
2129 908 2426 977 γινώσκειν
2450 910 2606 979 ἔλεγέ
2630 930 2682 966 τι
2711 915 2855 968 κατά
2879 915 2971 969 τοῦ
3004 920 3315 982 σακελλίου,
3353 899 3589 997 ἐπιμαρ-

331 991 388 1046 δὲ
419 990 515 1045 τοῦ
569 990 859 1045 σακελλίου
896 985 1018 1044 εἰπε
1066 991 1188 1060 μὲν,
1224 993 1302 1064 μὴ
1358 992 1652 1063 γινώσκειν
1686 1012 1741 1048 τι
1791 996 1911 1050 κατ’
2018 1003 2201 1072 τυρῶν
2233 1002 2351 1074 ἅμα
2384 1005 2536 1075 αὐτῷ
2565 1006 2630 1076 δὴ
2664 1008 2742 1079 τῷ
2789 1011 3075 1065 σακελλίου
3110 1016 3201 1067 καί
3231 1032 3352 1069 τινα
3386 985 3587 1087 τρόπου

329 1083 519 1149 αὐτοῦ,
556 1080 796 1136 ἀκοῦσαι
828 1082 885 1137 δὲ
938 1081 1091 1152 παρά
1133 1082 1228 1137 τοῦ
1261 1085 1467 1139 οίκείου
1518 1085 1598 1155 τῷ
1629 1086 1911 1158 κρατίστῳ
2015 1094 2299 1165 θεοφιλοῦς
2356 1098 2453 1150 καὶ
2508 1099 2736 1152 ἐπαίνου
2767 1100 2917 1166 ἀξια.
2957 1104 3017 1156 Ὀ
3060 1107 3248 1172 μέντοι
3300 1080 3585 1162 σακέλλίου

331 1177 428 1229 καὶ
459 1175 603 1244 ἁγίῳ
640 1192 744 1244 μου
798 1175 1169 1246 αὐτοκράτορι
1213 1175 1317 1248 κῦρ
1345 1177 1622 1248 Γεωργίου
1652 1178 1747 1232 τοῦ
1789 1180 1911 1248 ’Λγ-

331 1268 513 1336 γέλου,
548 1267 625 1330 ὡς
651 1267 711 1319 οὐ
746 1266 960 1332 δοξάζει
994 1268 1203 1338 νεκρῶν
1231 1268 1551 1324 ἀνάστασιν.
1586 1269 1706 1325 Τῶν
1730 1271 1905 1324 τοιού-

328 1376 438 1414 των
469 1359 564 1413 οὖν
618 1359 801 1413 ἀκοῶν
854 1358 1195 1429 λαληθεισῶν
1235 1359 1316 1431 τῷ
1360 1360 1504 1426 τότε,
1536 1361 1613 1425 ώς
1663 1362 1903 1434 εἴρηται,

328 1453 470 1506 κατὰ
500 1450 608 1505 τῶν
641 1452 951 1522 εἰρημένων
986 1454 1465 1525 ὲκκλησιαστικῶν
1495 1458 1651 1526 παρά
1674 1456 1768 1510 τοῦ
1795 1475 1905 1511 τοι-

327 1543 490 1596 ούτου
522 1544 741 1599 Χιονίου
776 1545 1090 1618 ὐπερετέθη
1121 1547 1261 1612 τέως
1289 1549 1322 1618 ὴ
1349 1547 1479 1618 περί
1509 1548 1688 1603 αὐτῶν
1720 1550 1903 1617 ἐξέτα-

328 1654 415 1699 σις
448 1637 533 1690 διά
561 1637 623 1691 τὸ
652 1637 909 1709 χηρεύειν
934 1639 1035 1711 τὴν
1059 1640 1372 1710 ἀγιωτάτην
1399 1644 1737 1714 μητρόπολιν
1766 1644 1903 1698 Θεσι-

324 1730 619 1800 σαλονίκης
640 1732 945 1804 ἀρχιερέως
962 1733 1381 1802 γνησίου.Ἐπε“ι
1401 1734 1459 1789 δὲ
1479 1736 1642 1790 πάλιν
1660 1736 1898 1810 ἐλαλήθη
1930 1716 1977 1778 Β

320 1819 498 1875 ταῦτα
528 1822 622 1873 καὶ
656 1822 752 1875 ἐπὶ
791 1823 885 1893 τῆς
919 1823 1083 1893 ἡμῶν
1113 1825 1471 1897 μετριότητος
1502 1827 1598 1880 καὶ
1639 1827 1737 1898 τῆς
1770 1831 1899 1901 περὶ

320 1911 493 1981 αὐτὴν
519 1914 672 1982 ἰερᾶς
710 1914 805 1967 καὶ
837 1914 989 1979 θείας
1024 1916 1243 1970 συνόδου
1276 1918 1637 1990 ὲξεταζούσης
1658 1921 1727 1973 τά
1758 1924 1899 1977 κατά

321 2005 415 2058 τὸν
441 2004 687 2071 Χιόνιον,
718 2008 996 2081 παρουσίᾳ
1027 2011 1122 2065 καὶ
1151 2010 1245 2063 τοῦ
1289 2011 1581 2081 κρατίστου
1624 2012 1719 2066 καὶ
1740 2015 1897 2083 ἁγίου

320 2113 425 2166 μου
452 2099 881 2170 αὐτοκράτορος,
906 2101 1004 2157 καὶ
1026 2101 1223 2172 ἐκρίθη
1244 2103 1522 2173 προσῆκον
1551 2100 1695 2158 εἶναι
1712 2107 1802 2159 καὶ
1823 2106 1900 2160 δί-

318 2206 500 2256 καιον,
520 2191 809 2261 ἐπιστῆναι
841 2191 1158 2268 καὶᾼαύτοὺς
1174 2193 1255 2258 εἰς
1275 2193 1372 2265 τὴν
1395 2194 1633 2261 σύνοδον,
1654 2198 1898 2268 γράψαν-

319 2293 412 2343 τες
442 2280 839 2353 ἐπεσκήψαμεν
862 2265 1047 2347 αὐτοῖς
1070 2284 1377 2356 ἐπιστῆναι,
1406 2285 1559 2341 ένθεν
1575 2305 1657 2341 τοι
1680 2265 1787 2342 καὶ.
1805 2289 1894 2343 ὐπ’

318 2370 617 2436 ἀσθενείας
647 2374 765 2439 ἅμα
812 2375 909 2429 καὶ
940 2377 1129 2445 γήρως
1153 2376 1258 2447 τῆς
1289 2377 1427 2448 πρὸς
1458 2380 1607 2450 ἡμεῖς
1650 2378 1894 2450 ἅψασθαι

318 2462 679 2519 κωλυθέντων
727 2465 824 2519 τοῦ
856 2467 1147 2539 οἰκονόμου
1183 2485 1245 2523 τε
1287 2469 1385 2523 καὶ
1411 2470 1505 2523 τοῦ
1549 2471 1895 2541 χαρτοφύλα-

318 2572 438 2620 κος,
465 2556 677 2611 ἄνεισιν
729 2559 757 2611 6
791 2559 1083 2614 σακελλίου
1134 2560 1356 2629 σύναμα
1403 2562 1484 2633 τῷ
1514 2563 1609 2615 ἐπὶ
1658 2562 1893 2635 θυγατρὶ

318 2648 557 2721 γαμϐρῷ
585 2650 680 2703 τοῦ
712 2651 1129 2725 χαρτοφύλακος
1173 2653 1251 2724 τῷ
1283 2655 1578 2725 Παμφίλῳ,
1606 2657 1891 2712 έπιστάντι

316 2741 515 2812 δικαίῳ
548 2742 643 2797 τοῦ
680 2744 924 2798 τοιούτου
970 2744 1238 2817 πενθεροῦ
1273 2746 1466 2813 αὐτοῦ,
1518 2748 1738 2819 γραφὰς
1768 2751 1890 2804 ἐπι-

317 2834 613 2904 φερόμενοι
654 2838 748 2891 καὶ
780 2839 963 2892 αὐτῶν
998 2838 1208 2893 τούτων
1242 2840 1675 2909 ἀπολογητικάς,
1708 2842 1789 2896 έτι
1831 2860 1890 2896 τε

319 2930 417 2983 καὶ
472 2931 670 3004 σεπτὸν
705 2932 1038 3002 πρόσταγμα
1090 2931 1187 2986 τοῦ
1236 2935 1532 3003 κρατίστου
1586 2935 1683 2988 καὶ
1730 2935 1889 3004 ἁγίου

320 3037 425 3090 μου
477 3001 907 3093 αὐτοκράτορος,
967 3001 1343 3094 διοριζόμενον
1398 3001 1883 3096 έξετασθῆναιντά

319 3112 440 3165 κατ’
477 3115 675 3177 αὐτοὺς
730 3117 825 3170 καὶ
873 3116 1347 3187 ἀποκαταστῆναι.
1386 3117 1499 3181 Καὶ
1542 3118 1606 3189 δὴ
1660 3119 1880 3173 συνόδου

318 3206 787 3277 συγκροτηθείσης
817 3206 1059 3272 γίνονται
1092 3208 1173 3272 εἰς
1205 3208 1376 3279 αὐτὴν
1421 3211 1754 3280 μετάκλητοι
1789 3213 1882 3267 καὶ

312 3297 365 3350 οἰ
396 3297 523 3367 εὐρε
536 3297 721 3360 θέντες
754 3300 988 3354 ἐνταῦθα
1018 3302 1117 3371 τῆς
1155 3302 1487 3372 συγκλήτου,
1518 3305 1547 3357 6
1578 3305 1884 3375 περιπόθη-

314 3407 409 3454 τος
442 3392 689 3463 δηλονότι
721 3392 1010 3465 ἐξάδελφος
1032 3396 1127 3447 τοῦ
1150 3395 1443 3465 κρατίστου
1469 3396 1563 3449 καὶ
1591 3396 1750 3465 ἁγίου
1779 3417 1880 3468 μου

313 3484 721 3556 αὐτοκράτορος
766 3485 874 3556 κῦρ
940 3486 1284 3556 ’Δνδρόνικος
1334 3487 1363 3538 6
1414 3488 1796 3557 Παλαιολόγος,
1853 3492 1883 3543 6

315 3577 693 3648 συμπένθερος
714 3576 809 3629 τοῦ
838 3579 1135 3647 κρατίστου
1171 3582 1262 3631 καὶ
1295 3578 1455 3645 ἀγίου
1481 3595 1584 3648 μου
1613 3581 1881 3649 αὐτοκρά-

308 3682 470 3735 τορος
502 3669 595 3720 ἐπὶ
623 3668 720 3738 τῆς
749 3667 1054 3739 τραπέζης,
1099 3666 1208 3739 κῦρ
1244 3666 1515 3739 Γεώργιος
1546 3669 1819 3739 Χοῦμνος,
1850 3673 1878 3724 6

310 3759 455 3821 θεῖος
481 3758 575 3811 τοῦ
627 3761 924 3831 κρατίστου
960 3760 1053 3813 καὶ
1098 3760 1257 3829 ἀγίου
1298 3776 1399 3829 μου
1450 3761 1875 3831 αὐτοκράτορος,

310 3853 486 3921 μέγας
517 3852 876 3921 δρουγγάριος
920 3853 1024 3924 κῦρ
1057 3890 1075 3907 .
1119 3890 1137 3908 .
1174 3892 1190 3909 .
1220 3855 1248 3906 ὁ
1282 3853 1571 3924 Τορνίκης,
1608 3856 1634 3906 6
1675 3857 1877 3917 οἰκεῖος

305 3945 389 4015 τῷ
425 3945 700 4016 κρατίστῳ
729 3946 825 3998 καὶ
873 3944 1017 4017 ἀγίῳ
1049 3962 1152 4016 μου
1187 3946 1554 4017 αὐτοκράτορι
1594 3951 1878 4019 πρωτοαλ·

306 4039 565 4106 λαγάτωρ
594 4038 701 4108 κῦρ
733 4074 750 4091 .
784 4077 800 4092 .
838 4076 851 4091 .
885 4076 902 4093 .
939 4076 955 4093 .
990 4039 1085 4093 καὶ
1128 4037 1332 4107 ἕτεροι,
1364 4038 1788 4108 ἀρχιμανδρῖταί
1816 4057 1875 4093 τε

309 4131 411 4183 σῦν
453 4129 667 4192 τούτοις
696 4130 792 4181 καὶ
839 4127 1242 4199 καθηγούμενοι
1274 4130 1385 4183 τῶν
1427 4128 1665 4185 ἐνταῦθα
1709 4130 1875 4184 σεϐαο

311 4221 491 4289 σμίων
527 4220 703 4287 μονῶν
733 4217 830 4271 καὶ
878 4218 987 4270 ἀπὸ
1018 4218 1127 4270 τῶν
1166 4218 1479 4288 προκρίτων
1514 4218 1747 4273 πολιτῶν
1776 4222 1877 4273 οὐκ

304 4312 502 4379 ὀλίγοι,
546 4312 859 4380 παράγεται
910 4310 966 4363 δὲ
994 4310 1088 4364 καὶ
1119 4311 1147 4362 6
1172 4311 1385 4374 Χιόνιος
1425 4312 1517 4364 ἐπὶ
1556 4310 1650 4365 τοῦ
1680 4315 1873 4381 μέσου,

1908 3072 1956 3132 C

2014 1189 2150 1259 πρὶς
2182 1188 2283 1260 τὴν
2318 1190 2622 1264 εἰρημένην
2656 1195 2780 1247 κατ’
2810 1195 2977 1248 αὐτού
3026 1200 3361 1270 κατηγορίαν
3411 1203 3586 1273 ἀπην·

2009 1283 2193 1353 τηκὼς
2221 1284 2320 1337 καὶ
2374 1283 2823 1357 πληροφορήσας,
2855 1288 2929 1352 ώς
2984 1290 3101 1359 ἔχει
3149 1292 3308 1362 δόξης
3366 1301 3491 1364 περί
3524 1316 3581 1349 τε

2007 1375 2106 1443 τῆς
2140 1374 2247 1428 τῶν
2278 1376 2492 1447 νεκρῶν
2523 1378 2875 1445 ἀναστάσεως
2910 1382 3003 1434 καὶ
3030 1383 3138 1435 τῶν
3176 1384 3353 1438 ἀλλων
3381 1387 3585 1455 δογμά-

2006 1484 2114 1521 των
2139 1468 2239 1538 τῆς
2279 1469 2633 1542 Ἐκκλησίας,
2660 1456 2980 1543 ἐνεφάνισεν
3003 1476 3192 1530 ἔπειτα
3226 1483 3319 1531 καὶ
3346 1480 3581 1548 γράμμα

2005 1559 2098 1614 τοῦ
2126 1561 2516 1635 διαληφθέντος
2553 1566 2759 1620 οἰκείου
2779 1567 2859 1637 τῷ
2886 1569 3159 1641 κρατίστῳ
3186 1571 3279 1623 καὶ
3307 1571 3447 1643 ἁγίῳ
3478 1593 3579 1642 μου

2006 1652 2371 1727 αὐτοκράτορι
2396 1657 2490 1711 τοῦ
2528 1658 2811 1728 Ἀγγέλου,
2834 1660 2970 1728 ὅπερ
2996 1662 3088 1714 καὶ
3122 1663 3201 1725 εἰς
3222 1664 3458 1735 ἐπήκοον
3482 1668 3579 1719 ἀν-

2002 1744 2277 1815 εγνώσθη,
2303 1749 2426 1819 ἔχον
2450 1751 2537 1803 ἐπ’
2552 1750 2735 1805 αὐτῶν
2754 1752 2863 1805 τῶν
2880 1751 3077 1816 λέξεων
3097 1755 3314 1808 οὑτωσί⁹
3342 1774 3359 1807 ι
3382 1757 3577 1810 ὐδοῦο

2002 1836 2094 1901 λος
2110 1838 2203 1892 τοῦ
2227 1841 2521 1911 κρατίστου
2548 1843 2642 1897 καὶ
2671 1842 2830 1911 ἀγίου
2856 1838 3012 1914 ἡμῶν
3032 1845 3289 1900 αὐθέντου
3306 1848 3399 1901 καὶ
3423 1849 3575 1919 βασι-

2001 1929 2137 1994 λέως
2155 1931 2425 2000 Γεώργιος
2442 1935 2470 1986 6
2491 1934 2759 2003 Ἀγγελος
2772 1936 2833 1989 τὸ
2847 1937 3019 2005 παρὸν
3037 1938 3271 2008 γράμμα
3289 1942 3449 2006 παῶ,
3474 1947 3577 1998 κά-

1998 2022 2172 2076 τωθεν
2211 2024 2422 2092 μέλλων
2453 2025 2799 2097 ὑπογράφειν
2828 2028 2982 2093 αὐτὸ,
3010 2028 3079 2083 δι’
3112 2024 3175 2084 οὗ
3199 2029 3263 2099 δὴ
3297 2034 3390 2086 καὶ
3433 2036 3577 2104 λέγω

1999 2115 2093 2166 καὶ
2118 2113 2556 2186 έξασφαλίζομαι
2581 2118 2817 2173 ἐνώπιον
2853 2119 2951 2173 τοῦ
2979 2120 3115 2174 Θεοῦ
3137 2123 3232 2177 καὶ
3260 2126 3370 2177 τῶν
3401 2128 3570 2193 ἀγὲων

1997 2205 2250 2274 ἀγγέλων
2274 2207 2619 2278 ἀληθεύσειν·
2642 2210 2767 2264 ἐπεὶ
2798 2213 2908 2282 γὰρ
2940 2214 3047 2282 πρὸ
3080 2215 3275 2283 καιροῦ
3313 2219 3413 2271 οὐκ
3456 2221 3570 2271 ἁλί·
3646 2252 3649 2259 ~

1995 2314 2097 2365 γου
2150 2298 2423 2365 ὁΧιόνιος
2476 2300 2778 2371 ἐλεγχθεὶς,
2827 2304 2907 2368 εἰς
2960 2306 3080 2359 οἵαν
3130 2308 3390 2362 ἐνέπεσεν
3438 2312 3567 2363 ἀσέ-

1997 2390 2182 2456 ϐειαν,
2207 2397 2512 2465 κατήγορος
2549 2396 2742 2465 γέγονε
2796 2396 3106 2468 προσώπων
3152 2403 3336 2467 τινῶν,
3381 2405 3473 2457 καὶ
3499 2405 3565 2475 δὴ

1997 2481 2138 2549 μετὰ
2180 2482 2291 2537 τῶν
2344 2484 2522 2539 ἀλλων
2573 2485 2669 2539 τοῦ
2732 2488 3021 2542 σακελλίου
3056 2488 3152 2544 τοῦ
3187 2490 3501 2563 Βρυεννίου·
3534 2499 3567 2565 ἡ

1992 2574 2049 2627 δὲ
2120 2575 2243 2628 κατ’
2265 2577 2432 2631 αὐτοῦ
2480 2580 2790 2649 κατηγορία
2866 2576 2935 2650 ἦν
2982 2582 3210 2651 τοιαύτη
3266 2585 3566 2655 λαληθείσα

1992 2664 2224 2719 ἐνώπιον
2252 2667 2351 2735 τῆς
2383 2669 2717 2739 συγκλήτου,
2772 2671 2855 2724 ὅτι
2889 2671 3092 2743 ἤκουσε
3149 2677 3278 2744 παρ’
3308 2677 3442 2747 ἐμοῦ
3490 2681 3567 2729 εξ-

1993 2757 2207 2823 πόντος,
2237 2756 2313 2821 ώς
2354 2759 2415 2811 οὐ
2444 2759 2664 2824 δοξάζει
2708 2761 3006 2815 ἀνάστασιν
3036 2764 3063 2813 6
3093 2764 3336 2829 τοιοῦτος
3368 2768 3565 2820 σακελ-

1992 2847 2127 2914 λίου,
2154 2849 2453 2904 κάντεῦθεν
2504 2852 2803 2922 ὴρωτήθην
2861 2853 2962 2924 μὲν
2992 2856 3087 2909 καὶ
3140 2858 3263 2911 τότε
3298 2860 3402 2912 ὑπὸ
3460 2860 3563 2931 τῆς

1992 2938 2327 3009 συγκλήτου,
2358 2940 2450 2993 καὶ
2491 2936 2645 2995 εἷπον
2678 2943 2774 2995 καὶ
2820 2945 2978 3009 τότε,
3008 2945 3044 3000 ἃ
3100 2947 3281 3017 μέλλω
3330 2952 3424 3004 καὶ
3470 2954 3565 3005 νῦν

1994 3029 2486 3100 ἑρεῖν,ἡρωτήθην
2515 3032 2573 3084 δὲ
2606 3032 2704 3085 καὶ
2759 3033 2858 3086 νῦν
2911 3034 3017 3087 ὐπὸ
3087 3037 3182 3089 τοῦ
3244 3039 3560 3105 ἁγιωτάτου

1990 3136 2094 3189 μου
2119 3119 2379 3174 δεσπότου
2401 3121 2495 3175 τοῦ
2529 3126 2939 3193 πανιερωτάτου
2979 3130 3378 3196 μητροπολίτου
3429 3133 3561 3185 Θεσ-«

1988 3209 2300 3281 σαλονίκης,
2337 3212 2645 3281 ὑπερτίμου
2694 3212 2792 3265 καὶ
2850 3212 3086 3285 ἐξάρχου
3118 3219 3300 3286 πάσης
3357 3220 3560 3272 Θεττα-

1985 3299 2126 3364 λίας,
2183 3301 2300 3364 μετ’
2331 3302 2612 3370 ἐπιτιμίου
2646 3303 2960 3374 ἀφορισμοῦ
2997 3306 3229 3361 ἐνώπιον
3258 3308 3353 3361 τοῦ
3402 3328 3558 3379 περι-

1983 3390 2224 3460 ποθήτου
2283 3392 2540 3463 γαμϐροῦ
2576 3393 2673 3447 τοῦ
2706 3396 2998 3463 κρατίστου
3044 3400 3138 3452 καὶ
3195 3401 3353 3468 ἁγίου
3399 3404 3555 3471 ἡμῶν

1984 3478 2242 3532 αὐθέντου
2275 3484 2371 3534 καὶ
2407 3481 2676 3551 βασιλέως
2706 3483 2804 3537 τοῦ
2839 3488 3134 3558 πιγκέρνη,
3192 3494 3304 3541 τῶν
3334 3493 3552 3544 οἰκείων

1982 3570 2059 3640 τῷ
2088 3562 2365 3643 κρατίστῳ
2403 3577 2500 3628 καὶ
2524 3574 2670 3646 ἀγίῳ
2700 3577 2859 3648 ήμῶν
2898 3578 3131 3652 αὐθέντῃ
3177 3583 3271 3635 καὶ
3317 3583 3551 3652 βασιλεῖ,

1982 3664 2373 3721 πανσεϐάστου
2410 3668 2659 3738 ἐπάρχου
2691 3669 2802 3721 τῶν
2839 3672 3093 3739 μεγάλων
3122 3676 3555 3746 ἀδνουμιαστῶν,

1980 3757 2075 3811 τοῦ
2108 3773 2169 3811 τε
2208 3758 2412 3812 ’Υαλέα
2444 3759 2569 3830 κῦρ⁹
2610 3759 2875 3829 Ἀλεξίου,
2920 3764 3014 3815 καὶ
3046 3765 3141 3817 τοῦ
3179 3767 3427 3827 Κωκαλᾶ
3446 3769 3557 3838 κῦρν

1984 3854 2289 3924 Γεωργίου,
2323 3854 2416 3906 τοῦ
2452 3853 2643 3924 κριτοῦ
2674 3853 2770 3906 τοῦ
2828 3855 3237 3927 θεοφρουρήτου
3297 3863 3559 3928 φωσάτου

1980 3945 2074 3997 τοῦ
2104 3945 2468 4015 Σεναχηρείμ,
2500 3944 2595 3997 τοῦ
2619 3945 3000 4017 ἑταιρειάρχου
3021 3950 3116 4001 τοῦ
3135 3950 3551 4023 Γλαϐἄ,παρὸνη

1978 4056 2066 4099 τος
2091 4036 2293 4091 καὶτοῦ
2326 4036 2608 4090 καθολικοῦ
2639 4037 2825 4107 κριτοῦ
2849 4040 2956 4091 τῶν
2985 4038 3557 4113 Ῥωμιαίωνμεγάλουι

1978 4129 2252 4198 διοικητοῦ
2306 4126 2401 4181 τοῦ
2431 4128 2635 4195 Γλαϐᾶ,
2670 4128 2773 4198 ήδη
2801 4130 2922 4181 ὅσον
2950 4132 3227 4197 γινώσκω,
3273 4133 3354 4187 ὅτι
3396 4130 3551 4187 εἷπον

1980 4221 2217 4291 βεϐαίως
2251 4221 2342 4272 καὶ
2364 4220 2837 4290 ὁμολογουμένως,
2869 4221 3013 4289 λέγω
3072 4225 3228 4277 τοῦτο
3260 4227 3401 4295 μετά
3445 4230 3550 4281 πά-

1980 4328 2078 4380 σης
2114 4311 2393 4381 ἀληθείας,
2428 4311 2779 4381 μεμνημένος
2828 4311 2928 4380 μὲν
2978 4314 3072 4365 καὶ
3131 4316 3233 4383 τῆς
3253 4317 3347 4369 τοῦ
3402 4318 3549 4370 Θεοῦ

306 4404 539 4456 καὶτῶν
564 4402 982 4473 ἀπολογητικῶν
1020 4403 1366 4472 γραμμάτων
1416 4403 1874 4470 ἀναγνωσθέντων
1906 4422 1950 4476 ι)
1980 4404 2216 4473 φοϐερᾶς
2267 4404 2521 4472 κρίσεως,
2556 4404 2769 4472 βλέπων
2800 4404 2859 4455 δὲ
2902 4408 2998 4457 καὶ
3034 4410 3175 4476 πρὸς
3225 4410 3315 4487 τὸν
3361 4413 3547 4462 ἐπιτε-

303 4497 367 4548 ὲν
400 4495 626 4566 ἐπηκόῳ
657 4495 750 4579 καὶ
776 4493 1083 4559 διεξιόντων
1106 4494 1241 4565 πρὸς
1270 4496 1383 4557 τοίς
1406 4494 1608 4559 ἀλλοις,
1641 4495 1735 4548 τοῦ
1774 4498 1873 4565 μὲν

300 4588 617 4656 οἰκονόμου.
647 4588 721 4648 ώς
748 4585 1005 4655 οὐδεμίαν
1030 4581 1142 4654 εἶχε
1173 4586 1294 4653 μετ’
1322 4585 1490 4639 αὐτοῦ
1526 4586 1872 4640 οὐδεπώποτε

305 4680 595 4731 κοινωνίαν
630 4678 664 4748 ἡ
694 4695 814 4730 τινα
845 4676 1064 4745 ὁμιλίαν
1090 4679 1118 4730 6
1148 4677 1386 4740 Χιόνιος,
1418 4676 1532 4730 ἀλλ’
1566 4677 1654 4732 ἀεὶ
1676 4678 1769 4731 καὶ
1804 4678 1871 4730 δι’

300 4772 506 4840 ἔχθρας
540 4767 608 4841 ἦν
640 4773 776 4839 πρὸς
808 4770 994 4835 αὐτὸν,
1017 4768 1110 4821 τοῦ
1144 4768 1560 4839 χαρτοφύλακος
1591 4770 1671 4836 δὲ,
1703 4770 1775 4831 ὡς
1803 4768 1870 4821 δι’

299 4866 458 4918 οὐδὲν
496 4863 646 4929 ἄλλο,
680 4863 799 4915 ἀλλ’
832 4862 863 4930 ἦ
900 4862 987 4915 διά
1018 4862 1118 4931 τὴν
1152 4861 1453 4932 εἰρημένην
1499 4863 1756 4931 ἀνωτέρω
1783 4865 1870 4915 αξ-

296 4958 421 5009 τίαν
448 4958 546 5025 τῆς
580 4959 658 5017 εἰς
708 4954 904 5016 αὐτοὺς
940 4955 1140 5023 ἔχθρας
1172 4955 1237 5006 τὰ
1278 4954 1505 5006 τοιαῦτα
1538 4954 1659 5007 κατ’
1690 4956 1868 5007 αὐτῶν

294 5050 567 5118 ἐλάλησεν
597 5052 625 5101 6
657 5049 895 5110 Χιόνιος,
923 5048 1031 5098 τῶν
1064 5046 1323 5099 τοιούτων
1360 5048 1703 5115 γραμμάτων
1739 5051 1869 5098 ἐπα-

296 5142 618 5211 κροώμενος
651 5139 744 5191 καὶ
795 5137 960 5199 αὐτὸς
993 5136 1315 5203 διωμολόγει
1349 5138 1417 5187 τὰ
1456 5138 1743 5205 εἰρημένα,
1776 5139 1867 5188 καὶ

295 5233 506 5300 ταύτην
542 5228 683 5285 εἶναι
721 5232 817 5283 καὶ
850 5231 1019 5299 μόνην
1053 5229 1204 5296 ἔλεγε
1235 5230 1333 5297 τὴν
1365 5229 1565 5290 αἰτίαν,
1595 5230 1660 5280 δι’
1682 5232 1746 5300 ἣν
1775 5230 1867 5281 καὶ

299 5324 425 5378 κατ’
454 5326 634 5378 αὐτῶν
680 5324 944 5396 ἐξηνέχθη
1005 5323 1082 5392 τῷ
1116 5322 1257 5385 τότε,
1296 5323 1484 5390 ἐπειδη
1514 5321 1658 5373 οὗτοι
1706 5324 1864 5373 κατέ-

293 5434 442 5485 γνων
475 5417 643 5468 αὐτοῦ
687 5418 781 5468 καὶ
828 5415 1270 5484 κατεψηφίσαντο
1319 5415 1745 5482 ἐκφαιλίσαντες
1777 5416 1863 5465 ἐπ’

303 5509 634 5578 Ἐκκλησιάς
664 5512 948 5579 πρότερον,
979 5505 1096 5561 εἶτα
1115 5510 1207 5561 καὶ
1227 5505 1522 5574 καθείρχθη
1555 5505 1644 5557 ὑπ’
1672 5508 1862 5564 αιτίοις

290 5603 506 5663 αὐτοῖς.
542 5600 616 5669 μὴ
658 5601 961 5653 συνειδέναι
999 5598 1052 5649 δέ
1086 5616 1135 5649 τι
1191 5599 1313 5651 κατ’
1341 5597 1523 5647 αὐτῶν
1552 5593 1859 5656 διετείνετο,

295 5699 462 5769 ἡμῶν
492 5697 547 5749 δὲ
576 5695 753 5747 καίτοι
786 5695 950 5748 πολλὰ
980 5695 1138 5747 αὐτὸν
1174 5689 1542 5762 βιαῖαμὲνων,
1571 5690 1619 5738 ε²’
1652 5702 1702 5738 τι
1738 5686 1854 5739 σύν-

1978 4497 2140 4550 θέντα
2198 4511 2292 4563 μοι
2350 4496 2473 4563 μετ’
2501 4496 2783 4564 ἐπιτιμίου
2837 4498 3167 4566 ἀφορισμόν.
3238 4501 3388 4552 Ἐπεὶ
3438 4506 3549 4571 γὰρ

1976 4589 2166 4657 έδέησε
2219 4586 2475 4655 γενέσθαι
2521 4587 2802 4654 διαζύγιον
2857 4591 3008 4657 παρά
3060 4590 3160 4658 τῆς
3220 4591 3545 4659 Ἐκκλησίας

1976 4679 2109 4746 ἐμοῦ
2135 4694 2193 4729 τε
2213 4678 2306 4732 καὶ
2328 4679 2423 4746 τῆς
2450 4678 2701 4744 γυναικός
2732 4695 2857 4747 μου,
2886 4676 2950 4750 ἧς
2971 4677 3134 4751 εἰχον,
3155 4682 3338 4751 ἐδέησε
3367 4685 3420 4737 δε
3456 4703 3548 4750 γε,

1974 4769 2158 4822 νέσθαι
2187 4770 2471 4839 ὑπηρέτην
2509 4770 2605 4822 τοῦ
2642 4769 2888 4823 τοιούτου
2956 4774 3284 4842 γράμματος
3321 4778 3410 4828 τὸν
3454 4780 3555 4846 δη-

1972 4861 2216 4915 λωθέντα
2265 4844 2569 4921 σακελλίου.
2631 4856 2746 4932 εἶχε
2792 4863 2846 4915 δὲ
2885 4861 3072 4934 ὕϐρεις
3128 4866 3252 4917 κατ’
3292 4867 3427 4935 ἐμοῦ
3483 4844 3549 4919 τὸ

1972 4953 2214 5007 τοιοῦτον
2254 4954 2555 5018 διαζύγιον,
2584 4954 2850 5024 λυπηθεὶς
2909 4952 3021 5023 ἐγὼ
3049 4955 3164 5022 ἅμα
3198 4957 3298 5025 μὲν
3327 4960 3416 5010 καὶ
3452 4961 3543 5011 6ιά

1971 5045 2245 5113 κεφάλαιά
2294 5062 2413 5097 τινα
2454 5046 2553 5113 τῆς
2603 5045 2836 5115 κρίσεως
2897 5049 3411 5117 ἐμπεριειλημμένα
3460 5052 3540 5119 τῷ

1971 5139 2195 5206 τοιούτῳ
2225 5137 2510 5205 διαζυγίῳ,
2541 5138 2628 5206 ἐφ’
2658 5132 2739 5202 οἷς
2798 5137 3142 5207 ἐλογιζόμην,
3176 5140 3261 5192 ὅτι
3321 5141 3540 5209 ﬂauo;-

1972 5247 2103 5297 μην,
2133 5230 2248 5297 ἅμα
2279 5231 2333 5281 δὲ
2367 5230 2458 5282 καὶ
2486 5230 2573 5282 διὰ
2595 5232 2651 5281 τὶ
2698 5231 2831 5282 πολὺ
2862 5232 2956 5282 καὶ
2990 5232 3222 5301 σκληρὸν
3260 5233 3355 5285 καὶ
3402 5236 3546 5301 ἀφό-

1969 5338 2131 5390 ρητον
2162 5322 2270 5373 τῶν
2304 5324 2421 5375 κατ’
2449 5322 2581 5391 ἐμοῦ
2624 5322 2837 5394 ὕϐρεων
2897 5324 3212 5395 ἐξηνέχθην,
3264 5326 3537 5394 ὁμολογῶ,

1968 5416 2062 5467 καὶ
2094 5409 2266 5465 εἷπον·
2301 5414 2495 5483 Κύριε,
2528 5415 2775 5484 ὲλέησον⁶
2815 5418 2905 5468 καὶ
2942 5416 3187 5469 πιστεύει
3238 5421 3265 5471 6
3319 5421 3538 5488 γράψας

1964 5504 2139 5556 ταῦτα
2163 5506 2455 5558 ανάστασιν
2488 5508 2518 5575 ἦ
2548 5508 2747 5576 κρίσιν,
2780 5507 2871 5558 καὶ
2914 5508 3115 5577 γράφει
3143 5509 3371 5563 τοιαῦια
3407 5508 3532 5561 κατ’

1966 5597 2099 5666 ἐμοῦ
2134 5616 2145 5660 ;
2189 5600 2273 5657 Ὠ,
2317 5601 2589 5663 φαίνεται,
2630 5600 2830 5669 ἀσεϐής
2861 5602 2998 5665 ἐστι,
3029 5602 3120 5652 καὶ
3151 5601 3425 5655 διαϐάλλει
3456 5617 3533 5669 με

1965 5689 2160 5753 οὕτως,
2198 5691 2275 5741 ὅτι
2308 5693 2595 5761 περιπατῶ
2634 5692 2741 5759 ἐγὼ
2774 5695 2854 5750 εἰς
2880 5694 3153 5763 καπηλεῖα
3179 5698 3269 5747 καὶ
3308 5698 3544 5765 αἰαίρυτ
