  <div class='ocr_page' id='page_1' title='image "/cluster/home/n/w/nwhite01/storage/ocr_20150623/152/hvd.32044073502635/633.png"; bbox 0 0 4022 6204; ppageno 0'>
   <div class='ocr_carea' id='block_1_1' title="bbox 473 330 611 398">
    <p class='ocr_par' dir='ltr' id='par_1_1' title="bbox 473 330 611 398">
     <span class='ocr_line' id='line_1_1' title="bbox 473 330 611 398; baseline 0.007 -3"><span class='ocrx_word' id='word_1_1' title='bbox 473 330 611 398; x_wconf 62' lang='grc' dir='ltr'><strong>ῙΞΒ</strong></span> 
     </span>
    </p>
   </div>
   <div class='ocr_carea' id='block_1_2' title="bbox 1490 333 2748 399">
    <p class='ocr_par' dir='ltr' id='par_1_2' title="bbox 1490 333 2748 399">
     <span class='ocr_line' id='line_1_2' title="bbox 1490 333 2748 399; baseline 0.002 -2"><span class='ocrx_word' id='word_1_2' title='bbox 1490 334 1709 399; x_wconf 76' lang='lat' dir='ltr'><strong>JOAN.</strong></span> <span class='ocrx_word' id='word_1_3' title='bbox 1749 334 2049 395; x_wconf 66' lang='lat' dir='ltr'><strong>CALEC/E</strong></span> <span class='ocrx_word' id='word_1_4' title='bbox 2087 333 2195 397; x_wconf 89' lang='lat' dir='ltr'><strong>CP.</strong></span> <span class='ocrx_word' id='word_1_5' title='bbox 2244 336 2748 399; x_wconf 59' lang='lat' dir='ltr'><strong>PATRIARCHE</strong></span> 
     </span>
    </p>
   </div>
   <div class='ocr_carea' id='block_1_3' title="bbox 3581 332 3720 398">
    <p class='ocr_par' dir='ltr' id='par_1_3' title="bbox 3581 332 3720 398">
     <span class='ocr_line' id='line_1_3' title="bbox 3581 332 3720 398; baseline 0.022 -3"><span class='ocrx_word' id='word_1_6' title='bbox 3581 332 3720 398; x_wconf 64' lang='lat'><strong>134$</strong></span> 
     </span>
    </p>
   </div>
   <div class='ocr_carea' id='block_1_4' title="bbox 471 446 3723 521">
    <p class='ocr_par' dir='ltr' id='par_1_4' title="bbox 471 446 3723 521">
     <span class='ocr_line' id='line_1_4' title="bbox 471 446 3723 521; baseline 0.001 -22"><span class='ocrx_word' id='word_1_7' title='bbox 471 451 603 517; x_wconf 73' lang='grc' dir='ltr'><strong>περὶ</strong></span> <span class='ocrx_word' id='word_1_8' title='bbox 623 446 877 500; x_wconf 77' lang='grc' dir='ltr'><strong>τοιούτων</strong></span> <span class='ocrx_word' id='word_1_9' title='bbox 899 446 1311 515; x_wconf 83' lang='grc' dir='ltr'><strong>ἀπολογεῖσθαι,</strong></span> <span class='ocrx_word' id='word_1_10' title='bbox 1342 448 1475 518; x_wconf 76' lang='grc' dir='ltr'><strong>μηδὲ</strong></span> <span class='ocrx_word' id='word_1_11' title='bbox 1502 448 1884 503; x_wconf 79' lang='grc' dir='ltr'><strong>διδασκαλικὸν</strong></span> <span class='ocrx_word' id='word_1_12' title='bbox 1916 450 2042 503; x_wconf 79' lang='grc' dir='ltr'><strong>έαυ-</strong></span> <span class='ocrx_word' id='word_1_13' title='bbox 2071 454 2117 510; x_wconf 79' lang='grc' dir='ltr'><strong>Α</strong></span> <span class='ocrx_word' id='word_1_14' title='bbox 2147 451 2239 503; x_wconf 72' lang='grc' dir='ltr'><strong>καὶ</strong></span> <span class='ocrx_word' id='word_1_15' title='bbox 2261 448 2335 512; x_wconf 84' lang='grc' dir='ltr'><strong>ὡς</strong></span> <span class='ocrx_word' id='word_1_16' title='bbox 2365 452 2660 520; x_wconf 81' lang='grc' dir='ltr'><strong>ἐπισυνέϐη</strong></span> <span class='ocrx_word' id='word_1_17' title='bbox 2694 454 2763 506; x_wconf 77' lang='grc' dir='ltr'><strong>τά</strong></span> <span class='ocrx_word' id='word_1_18' title='bbox 2791 452 2890 521; x_wconf 81' lang='grc' dir='ltr'><strong>τῆς</strong></span> <span class='ocrx_word' id='word_1_19' title='bbox 2917 453 3097 507; x_wconf 79' lang='grc' dir='ltr'><strong>αὐτῶν</strong></span> <span class='ocrx_word' id='word_1_20' title='bbox 3130 452 3417 521; x_wconf 80' lang='grc' dir='ltr'><strong>διαφορᾶς,</strong></span> <span class='ocrx_word' id='word_1_21' title='bbox 3450 454 3723 520; x_wconf 75' lang='grc' dir='ltr'><strong>προτέρου</strong></span> 
     </span>
    </p>
   </div>
   <div class='ocr_carea' id='block_1_5' title="bbox 471 535 2043 607">
    <p class='ocr_par' dir='ltr' id='par_1_5' title="bbox 471 535 2043 607">
     <span class='ocr_line' id='line_1_5' title="bbox 471 535 2043 607; baseline 0.002 -18"><span class='ocrx_word' id='word_1_22' title='bbox 471 540 584 599; x_wconf 88' lang='grc' dir='ltr'><strong>τοῖς</strong></span> <span class='ocrx_word' id='word_1_23' title='bbox 613 535 992 605; x_wconf 66' lang='grc' dir='ltr'><strong>περιτιθέντας</strong></span> <span class='ocrx_word' id='word_1_24' title='bbox 1026 536 1268 607; x_wconf 85' lang='grc' dir='ltr'><strong>ἀξίωμα,</strong></span> <span class='ocrx_word' id='word_1_25' title='bbox 1303 538 1560 604; x_wconf 77' lang='grc' dir='ltr'><strong>διεξιέναι</strong></span> <span class='ocrx_word' id='word_1_26' title='bbox 1609 539 1739 607; x_wconf 90' lang='grc' dir='ltr'><strong>περί</strong></span> <span class='ocrx_word' id='word_1_27' title='bbox 1768 556 1929 592; x_wconf 91' lang='grc' dir='ltr'><strong>τινων</strong></span> <span class='ocrx_word' id='word_1_28' title='bbox 1952 541 2043 592; x_wconf 72' lang='grc' dir='ltr'><strong>ὲκ-</strong></span> 
     </span>
    </p>
   </div>
   <div class='ocr_carea' id='block_1_6' title="bbox 474 610 2042 698">
    <p class='ocr_par' dir='ltr' id='par_1_6' title="bbox 474 610 2042 698">
     <span class='ocr_line' id='line_1_6' title="bbox 474 610 2042 698; baseline 0.003 -21"><span class='ocrx_word' id='word_1_29' title='bbox 474 610 879 693; x_wconf 67' lang='grc' dir='ltr'><strong>κλησιαστικῶν</strong></span> <span class='ocrx_word' id='word_1_30' title='bbox 925 626 1258 692; x_wconf 73' lang='grc' dir='ltr'><strong>ὑποθέσεων,</strong></span> <span class='ocrx_word' id='word_1_31' title='bbox 1310 629 1493 698; x_wconf 90' lang='grc' dir='ltr'><strong>μόνοις</strong></span> <span class='ocrx_word' id='word_1_32' title='bbox 1543 628 1651 698; x_wconf 81' lang='grc' dir='ltr'><strong>γάρ</strong></span> <span class='ocrx_word' id='word_1_33' title='bbox 1681 627 1840 698; x_wconf 86' lang='grc' dir='ltr'><strong>ἐδόθη</strong></span> <span class='ocrx_word' id='word_1_34' title='bbox 1884 629 2042 682; x_wconf 87' lang='grc' dir='ltr'><strong>τοῦτο</strong></span> 
     </span>
    </p>
   </div>
   <div class='ocr_carea' id='block_1_7' title="bbox 469 714 2039 786">
    <p class='ocr_par' dir='ltr' id='par_1_7' title="bbox 469 714 2039 786">
     <span class='ocr_line' id='line_1_7' title="bbox 469 714 2039 786; baseline 0.001 -19"><span class='ocrx_word' id='word_1_35' title='bbox 469 717 583 776; x_wconf 84' lang='grc' dir='ltr'><strong>τοῖς</strong></span> <span class='ocrx_word' id='word_1_36' title='bbox 627 714 948 785; x_wconf 77' lang='grc' dir='ltr'><strong>ἀρχιερεῦσι</strong></span> <span class='ocrx_word' id='word_1_37' title='bbox 995 714 1130 769; x_wconf 83' lang='grc' dir='ltr'><strong>Θεοῦ</strong></span> <span class='ocrx_word' id='word_1_38' title='bbox 1178 716 1330 786; x_wconf 82' lang='grc' dir='ltr'><strong>παρά</strong></span> <span class='ocrx_word' id='word_1_39' title='bbox 1381 718 1483 785; x_wconf 78' lang='grc' dir='ltr'><strong>τῆς</strong></span> <span class='ocrx_word' id='word_1_40' title='bbox 1528 717 1735 770; x_wconf 82' lang='grc' dir='ltr'><strong>ἀνωθεν</strong></span> <span class='ocrx_word' id='word_1_41' title='bbox 1770 719 1996 786; x_wconf 85' lang='grc' dir='ltr'><strong>χάριτος</strong></span> <span class='ocrx_word' id='word_1_42' title='bbox 2023 732 2039 749; x_wconf 79' lang='grc' dir='ltr'><strong>ο</strong></span> 
     </span>
    </p>
   </div>
   <div class='ocr_carea' id='block_1_8' title="bbox 469 803 2042 875">
    <p class='ocr_par' dir='ltr' id='par_1_8' title="bbox 469 803 2042 875">
     <span class='ocr_line' id='line_1_8' title="bbox 469 803 2042 875; baseline 0.004 -21"><span class='ocrx_word' id='word_1_43' title='bbox 469 803 602 871; x_wconf 77' lang='grc' dir='ltr'><strong>φησὶ</strong></span> <span class='ocrx_word' id='word_1_44' title='bbox 630 805 738 873; x_wconf 92' lang='grc' dir='ltr'><strong>γάρ</strong></span> <span class='ocrx_word' id='word_1_45' title='bbox 788 806 816 857; x_wconf 92' lang='lat'><strong>6</strong></span> <span class='ocrx_word' id='word_1_46' title='bbox 843 804 939 872; x_wconf 81' lang='grc' dir='ltr'><strong>τῆς</strong></span> <span class='ocrx_word' id='word_1_47' title='bbox 971 806 1353 875; x_wconf 82' lang='grc' dir='ltr'><strong>οίκουμενικῆς</strong></span> <span class='ocrx_word' id='word_1_48' title='bbox 1381 806 1549 875; x_wconf 79' lang='grc' dir='ltr'><strong>ἐκτης</strong></span> <span class='ocrx_word' id='word_1_49' title='bbox 1604 806 1825 860; x_wconf 70' lang='grc' dir='ltr'><strong>συνόδου</strong></span> <span class='ocrx_word' id='word_1_50' title='bbox 1860 804 2042 860; x_wconf 87' lang='grc' dir='ltr'><strong>κανὼν</strong></span> 
     </span>
    </p>
   </div>
   <div class='ocr_carea' id='block_1_9' title="bbox 469 895 2043 968">
    <p class='ocr_par' dir='ltr' id='par_1_9' title="bbox 469 895 2043 968">
     <span class='ocr_line' id='line_1_9' title="bbox 469 895 2043 968; baseline 0.002 -21"><span class='ocrx_word' id='word_1_51' title='bbox 469 895 564 961; x_wconf 80' lang='grc' dir='ltr'><strong>ξδ’,</strong></span> <span class='ocrx_word' id='word_1_52' title='bbox 595 896 677 948; x_wconf 83' lang='grc' dir='ltr'><strong>ὅτι</strong></span> <span class='ocrx_word' id='word_1_53' title='bbox 722 896 783 947; x_wconf 83' lang='grc' dir='ltr'><strong>οὐ</strong></span> <span class='ocrx_word' id='word_1_54' title='bbox 837 896 943 965; x_wconf 84' lang='grc' dir='ltr'><strong>χρὴ</strong></span> <span class='ocrx_word' id='word_1_55' title='bbox 997 896 1183 949; x_wconf 85' lang='grc' dir='ltr'><strong>λαῖκδν</strong></span> <span class='ocrx_word' id='word_1_56' title='bbox 1226 896 1463 968; x_wconf 78' lang='grc' dir='ltr'><strong>δημοσίᾳ</strong></span> <span class='ocrx_word' id='word_1_57' title='bbox 1506 897 1664 965; x_wconf 86' lang='grc' dir='ltr'><strong>λόγον</strong></span> <span class='ocrx_word' id='word_1_58' title='bbox 1693 900 1865 951; x_wconf 88' lang='grc' dir='ltr'><strong>κινεῖν</strong></span> <span class='ocrx_word' id='word_1_59' title='bbox 1899 897 1931 968; x_wconf 77' lang='grc' dir='ltr'>ἢ</span> <span class='ocrx_word' id='word_1_60' title='bbox 1965 898 2043 951; x_wconf 90' lang='grc' dir='ltr'><strong>δι-</strong></span> 
     </span>
    </p>
   </div>
   <div class='ocr_carea' id='block_1_10' title="bbox 468 985 2044 1059">
    <p class='ocr_par' dir='ltr' id='par_1_10' title="bbox 468 985 2044 1059">
     <span class='ocr_line' id='line_1_10' title="bbox 468 985 2044 1059; baseline 0.002 -21"><span class='ocrx_word' id='word_1_61' title='bbox 468 987 712 1049; x_wconf 78' lang='grc' dir='ltr'><strong>δάσκειν,</strong></span> <span class='ocrx_word' id='word_1_62' title='bbox 751 985 967 1055; x_wconf 82' lang='grc' dir='ltr'><strong>ἀξίωμα</strong></span> <span class='ocrx_word' id='word_1_63' title='bbox 1007 986 1385 1039; x_wconf 71' lang='grc' dir='ltr'><strong>διδασκαλικὸν</strong></span> <span class='ocrx_word' id='word_1_64' title='bbox 1426 988 1678 1041; x_wconf 84' lang='grc' dir='ltr'><strong>ἐντεῦθεν</strong></span> <span class='ocrx_word' id='word_1_65' title='bbox 1728 988 2044 1059; x_wconf 76' lang='grc' dir='ltr'><strong>περιποιού-</strong></span> 
     </span>
    </p>
   </div>
   <div class='ocr_carea' id='block_1_11' title="bbox 475 1076 2039 1150">
    <p class='ocr_par' dir='ltr' id='par_1_11' title="bbox 475 1076 2039 1150">
     <span class='ocr_line' id='line_1_11' title="bbox 475 1076 2039 1150; baseline 0.003 -24"><span class='ocrx_word' id='word_1_66' title='bbox 475 1093 658 1144; x_wconf 84' lang='grc' dir='ltr'><strong>μενον,</strong></span> <span class='ocrx_word' id='word_1_67' title='bbox 691 1076 807 1129; x_wconf 85' lang='grc' dir='ltr'><strong>ἀλλ’</strong></span> <span class='ocrx_word' id='word_1_68' title='bbox 836 1078 1004 1128; x_wconf 84' lang='grc' dir='ltr'><strong>είκειν</strong></span> <span class='ocrx_word' id='word_1_69' title='bbox 1034 1080 1097 1146; x_wconf 84' lang='grc' dir='ltr'><strong>τῇ</strong></span> <span class='ocrx_word' id='word_1_70' title='bbox 1132 1078 1283 1147; x_wconf 68' lang='grc' dir='ltr'><strong>παρὰ</strong></span> <span class='ocrx_word' id='word_1_71' title='bbox 1306 1077 1398 1130; x_wconf 90' lang='grc' dir='ltr'><strong>τοῦ</strong></span> <span class='ocrx_word' id='word_1_72' title='bbox 1428 1079 1639 1147; x_wconf 77' lang='grc' dir='ltr'><strong>Κυρίου</strong></span> <span class='ocrx_word' id='word_1_73' title='bbox 1664 1079 2039 1150; x_wconf 78' lang='grc' dir='ltr'><strong>παραδοθείσῃ</strong></span> 
     </span>
    </p>
   </div>
   <div class='ocr_carea' id='block_1_12' title="bbox 471 1161 2041 1237">
    <p class='ocr_par' dir='ltr' id='par_1_12' title="bbox 471 1161 2041 1237">
     <span class='ocr_line' id='line_1_12' title="bbox 471 1161 2041 1237; baseline 0.003 -22"><span class='ocrx_word' id='word_1_74' title='bbox 471 1165 646 1229; x_wconf 78' lang='grc' dir='ltr'><strong>τάξει,</strong></span> <span class='ocrx_word' id='word_1_75' title='bbox 677 1166 771 1217; x_wconf 76' lang='grc' dir='ltr'><strong>καὶ</strong></span> <span class='ocrx_word' id='word_1_76' title='bbox 808 1165 868 1217; x_wconf 85' lang='grc' dir='ltr'><strong>τὸ</strong></span> <span class='ocrx_word' id='word_1_77' title='bbox 910 1161 1004 1228; x_wconf 83' lang='grc' dir='ltr'><strong>οῦς</strong></span> <span class='ocrx_word' id='word_1_78' title='bbox 1044 1168 1158 1229; x_wconf 90' lang='grc' dir='ltr'><strong>τοῖς</strong></span> <span class='ocrx_word' id='word_1_79' title='bbox 1191 1167 1289 1236; x_wconf 77' lang='grc' dir='ltr'><strong>τὴν</strong></span> <span class='ocrx_word' id='word_1_80' title='bbox 1322 1166 1484 1237; x_wconf 86' lang='grc' dir='ltr'><strong>χάριν</strong></span> <span class='ocrx_word' id='word_1_81' title='bbox 1528 1166 1622 1219; x_wconf 89' lang='grc' dir='ltr'><strong>τοῦ</strong></span> <span class='ocrx_word' id='word_1_82' title='bbox 1654 1166 2041 1221; x_wconf 86' lang='grc' dir='ltr'><strong>διδασκαλικοῦ</strong></span> 
     </span>
    </p>
   </div>
   <div class='ocr_carea' id='block_1_13' title="bbox 472 1254 2043 1324">
    <p class='ocr_par' dir='ltr' id='par_1_13' title="bbox 472 1254 2043 1324">
     <span class='ocr_line' id='line_1_13' title="bbox 472 1254 2043 1324; baseline 0.001 -19"><span class='ocrx_word' id='word_1_83' title='bbox 472 1254 633 1320; x_wconf 81' lang='grc' dir='ltr'>λόγου</span> <span class='ocrx_word' id='word_1_84' title='bbox 679 1254 905 1307; x_wconf 89' lang='grc' dir='ltr'><strong>λαϐοῦσι</strong></span> <span class='ocrx_word' id='word_1_85' title='bbox 953 1255 1267 1322; x_wconf 87' lang='grc' dir='ltr'><strong>διανοίγειν,</strong></span> <span class='ocrx_word' id='word_1_86' title='bbox 1298 1257 1391 1310; x_wconf 77' lang='grc' dir='ltr'><strong>καὶ</strong></span> <span class='ocrx_word' id='word_1_87' title='bbox 1434 1256 1502 1309; x_wconf 86' lang='grc' dir='ltr'><strong>τὰ</strong></span> <span class='ocrx_word' id='word_1_88' title='bbox 1547 1255 1664 1309; x_wconf 86' lang='grc' dir='ltr'><strong>θεῖα</strong></span> <span class='ocrx_word' id='word_1_89' title='bbox 1697 1258 1829 1324; x_wconf 81' lang='grc' dir='ltr'><strong>παρ’</strong></span> <span class='ocrx_word' id='word_1_90' title='bbox 1854 1257 2043 1320; x_wconf 51' lang='grc' dir='ltr'><strong>,αὐτῶν</strong></span> 
     </span>
    </p>
   </div>
   <div class='ocr_carea' id='block_1_14' title="bbox 474 1344 2046 1417">
    <p class='ocr_par' dir='ltr' id='par_1_14' title="bbox 474 1344 2046 1417">
     <span class='ocr_line' id='line_1_14' title="bbox 474 1344 2046 1417; baseline 0.004 -22"><span class='ocrx_word' id='word_1_91' title='bbox 474 1344 921 1396; x_wconf 77' lang='grc' dir='ltr'><strong>ἐκδιδάσκεσθαι·</strong></span> <span class='ocrx_word' id='word_1_92' title='bbox 972 1344 1031 1398; x_wconf 88' lang='grc' dir='ltr'><strong>ἐν</strong></span> <span class='ocrx_word' id='word_1_93' title='bbox 1082 1344 1189 1413; x_wconf 83' lang='grc' dir='ltr'><strong>γὰρ</strong></span> <span class='ocrx_word' id='word_1_94' title='bbox 1234 1348 1300 1415; x_wconf 84' lang='grc' dir='ltr'><strong>τῇ</strong></span> <span class='ocrx_word' id='word_1_95' title='bbox 1348 1346 1446 1416; x_wconf 82' lang='grc' dir='ltr'><strong>μιᾷ</strong></span> <span class='ocrx_word' id='word_1_96' title='bbox 1485 1346 1780 1416; x_wconf 68' lang='grc' dir='ltr'><strong>Ἐκκλησία</strong></span> <span class='ocrx_word' id='word_1_97' title='bbox 1810 1348 2046 1417; x_wconf 88' lang='grc' dir='ltr'><strong>διάφορα</strong></span> 
     </span>
    </p>
   </div>
   <div class='ocr_carea' id='block_1_15' title="bbox 478 1432 2044 1506">
    <p class='ocr_par' dir='ltr' id='par_1_15' title="bbox 478 1432 2044 1506">
     <span class='ocr_line' id='line_1_15' title="bbox 478 1432 2044 1506; baseline 0.006 -25"><span class='ocrx_word' id='word_1_98' title='bbox 478 1434 616 1501; x_wconf 82' lang='grc' dir='ltr'><strong>μέλη</strong></span> <span class='ocrx_word' id='word_1_99' title='bbox 664 1432 966 1496; x_wconf 80' lang='grc' dir='ltr'><strong>πεποίηκεν</strong></span> <span class='ocrx_word' id='word_1_100' title='bbox 1011 1436 1039 1486; x_wconf 98' lang='lat'><strong>6</strong></span> <span class='ocrx_word' id='word_1_101' title='bbox 1084 1434 1238 1499; x_wconf 83' lang='grc' dir='ltr'><strong>Θεὸς,</strong></span> <span class='ocrx_word' id='word_1_102' title='bbox 1272 1435 1415 1488; x_wconf 85' lang='grc' dir='ltr'><strong>κατὰ</strong></span> <span class='ocrx_word' id='word_1_103' title='bbox 1444 1435 1544 1506; x_wconf 79' lang='grc' dir='ltr'><strong>τὴν</strong></span> <span class='ocrx_word' id='word_1_104' title='bbox 1570 1436 1665 1489; x_wconf 92' lang='grc' dir='ltr'><strong>τοῦ</strong></span> <span class='ocrx_word' id='word_1_105' title='bbox 1720 1437 2044 1490; x_wconf 80' lang='grc' dir='ltr'><strong>’Δποστόλου</strong></span> 
     </span>
    </p>
   </div>
   <div class='ocr_carea' id='block_1_16' title="bbox 475 1526 2043 1601">
    <p class='ocr_par' dir='ltr' id='par_1_16' title="bbox 475 1526 2043 1601">
     <span class='ocr_line' id='line_1_16' title="bbox 475 1526 2043 1601; baseline 0.006 -27"><span class='ocrx_word' id='word_1_106' title='bbox 475 1526 683 1594; x_wconf 83' lang='grc' dir='ltr'><strong>φωνὴν,</strong></span> <span class='ocrx_word' id='word_1_107' title='bbox 714 1527 779 1594; x_wconf 82' lang='grc' dir='ltr'><strong>ἢν</strong></span> <span class='ocrx_word' id='word_1_108' title='bbox 803 1529 829 1577; x_wconf 84' lang='lat'><strong>6</strong></span> <span class='ocrx_word' id='word_1_109' title='bbox 860 1526 1122 1593; x_wconf 86' lang='grc' dir='ltr'><strong>Θεολόγος</strong></span> <span class='ocrx_word' id='word_1_110' title='bbox 1149 1528 1467 1598; x_wconf 79' lang='grc' dir='ltr'><strong>ἑρμηνεύων</strong></span> <span class='ocrx_word' id='word_1_111' title='bbox 1499 1529 1821 1601; x_wconf 88' lang='grc' dir='ltr'><strong>Γρηγόριος,</strong></span> <span class='ocrx_word' id='word_1_112' title='bbox 1857 1531 2043 1598; x_wconf 83' lang='grc' dir='ltr'>σαφῶς</span> 
     </span>
    </p>
   </div>
   <div class='ocr_carea' id='block_1_17' title="bbox 474 1612 2043 1685">
    <p class='ocr_par' dir='ltr' id='par_1_17' title="bbox 474 1612 2043 1685">
     <span class='ocr_line' id='line_1_17' title="bbox 474 1612 2043 1685; baseline 0.004 -22"><span class='ocrx_word' id='word_1_113' title='bbox 474 1614 576 1681; x_wconf 81' lang='grc' dir='ltr'><strong>τὴν</strong></span> <span class='ocrx_word' id='word_1_114' title='bbox 610 1614 666 1664; x_wconf 81' lang='grc' dir='ltr'><strong>ἐν</strong></span> <span class='ocrx_word' id='word_1_115' title='bbox 698 1614 907 1674; x_wconf 80' lang='grc' dir='ltr'><strong>τούτοις</strong></span> <span class='ocrx_word' id='word_1_116' title='bbox 953 1612 1106 1680; x_wconf 80' lang='grc' dir='ltr'><strong>τάξιν</strong></span> <span class='ocrx_word' id='word_1_117' title='bbox 1149 1614 1448 1684; x_wconf 83' lang='grc' dir='ltr'>παρίστησι</span> <span class='ocrx_word' id='word_1_118' title='bbox 1504 1615 1712 1684; x_wconf 82' lang='grc' dir='ltr'><strong>λέγων’</strong></span> <span class='ocrx_word' id='word_1_119' title='bbox 1770 1635 1789 1669; x_wconf 79' lang='grc' dir='ltr'><strong>ι</strong></span> <span class='ocrx_word' id='word_1_120' title='bbox 1827 1616 2043 1685; x_wconf 84' lang='grc' dir='ltr'><strong>Ταύτην</strong></span> 
     </span>
    </p>
   </div>
   <div class='ocr_carea' id='block_1_18' title="bbox 477 1702 2045 1778">
    <p class='ocr_par' dir='ltr' id='par_1_18' title="bbox 477 1702 2045 1778">
     <span class='ocr_line' id='line_1_18' title="bbox 477 1702 2045 1778; baseline 0.005 -25"><span class='ocrx_word' id='word_1_121' title='bbox 477 1702 761 1771; x_wconf 71' lang='grc' dir='ltr'><strong>αίδώμεθα</strong></span> <span class='ocrx_word' id='word_1_122' title='bbox 789 1702 886 1772; x_wconf 72' lang='grc' dir='ltr'><strong>τὴν</strong></span> <span class='ocrx_word' id='word_1_123' title='bbox 917 1704 1090 1770; x_wconf 82' lang='grc' dir='ltr'><strong>τάξιν,</strong></span> <span class='ocrx_word' id='word_1_124' title='bbox 1125 1705 1364 1774; x_wconf 79' lang='grc' dir='ltr'><strong>ἀδελφοὶ,</strong></span> <span class='ocrx_word' id='word_1_125' title='bbox 1411 1708 1613 1776; x_wconf 81' lang='grc' dir='ltr'><strong>ταύτην</strong></span> <span class='ocrx_word' id='word_1_126' title='bbox 1644 1707 2001 1778; x_wconf 79' lang='grc' dir='ltr'><strong>φυλάττωμεν</strong></span> <span class='ocrx_word' id='word_1_127' title='bbox 2026 1720 2045 1737; x_wconf 69' lang='grc' dir='ltr'>σ</span> 
     </span>
    </p>
   </div>
   <div class='ocr_carea' id='block_1_19' title="bbox 475 1772 2116 1871">
    <p class='ocr_par' dir='ltr' id='par_1_19' title="bbox 475 1772 2116 1871">
     <span class='ocr_line' id='line_1_19' title="bbox 475 1772 2116 1871; baseline 0.001 -23"><span class='ocrx_word' id='word_1_128' title='bbox 475 1797 504 1848; x_wconf 91' lang='lat'><strong>6</strong></span> <span class='ocrx_word' id='word_1_129' title='bbox 537 1794 634 1871; x_wconf 83' lang='grc' dir='ltr'><strong>μὲν</strong></span> <span class='ocrx_word' id='word_1_130' title='bbox 665 1795 805 1847; x_wconf 77' lang='grc' dir='ltr'><strong>ἔστω</strong></span> <span class='ocrx_word' id='word_1_131' title='bbox 850 1812 934 1857; x_wconf 88' lang='grc' dir='ltr'><strong>τις</strong></span> <span class='ocrx_word' id='word_1_132' title='bbox 967 1793 1126 1864; x_wconf 83' lang='grc' dir='ltr'><strong>ἀκοὴ,</strong></span> <span class='ocrx_word' id='word_1_133' title='bbox 1156 1797 1185 1847; x_wconf 90' lang='lat'><strong>6</strong></span> <span class='ocrx_word' id='word_1_134' title='bbox 1216 1772 1275 1848; x_wconf 74' lang='grc' dir='ltr'><strong>δέ</strong></span> <span class='ocrx_word' id='word_1_135' title='bbox 1308 1796 1547 1863; x_wconf 86' lang='grc' dir='ltr'><strong>γλῶσσα,</strong></span> <span class='ocrx_word' id='word_1_136' title='bbox 1570 1772 1623 1849; x_wconf 65' lang='grc' dir='ltr'><strong>⁷ό</strong></span> <span class='ocrx_word' id='word_1_137' title='bbox 1656 1772 1715 1849; x_wconf 86' lang='grc' dir='ltr'><strong>δέ</strong></span> <span class='ocrx_word' id='word_1_138' title='bbox 1746 1772 1957 1868; x_wconf 31' lang='grc' dir='ltr'><strong>χεὶρίό</strong></span> <span class='ocrx_word' id='word_1_139' title='bbox 1984 1797 2039 1850; x_wconf 76' lang='grc' dir='ltr'><strong>δὲ</strong></span> <span class='ocrx_word' id='word_1_140' title='bbox 2073 1772 2116 1828; x_wconf 74' lang='grc' dir='ltr'><strong>Β</strong></span> 
     </span>
    </p>
   </div>
   <div class='ocr_carea' id='block_1_20' title="bbox 477 1884 2041 1957">
    <p class='ocr_par' dir='ltr' id='par_1_20' title="bbox 477 1884 2041 1957">
     <span class='ocr_line' id='line_1_20' title="bbox 477 1884 2041 1957; baseline 0.004 -23"><span class='ocrx_word' id='word_1_141' title='bbox 477 1885 606 1938; x_wconf 76' lang='grc' dir='ltr'><strong>ἄλλο</strong></span> <span class='ocrx_word' id='word_1_142' title='bbox 638 1902 714 1948; x_wconf 90' lang='grc' dir='ltr'><strong>τι,</strong></span> <span class='ocrx_word' id='word_1_143' title='bbox 762 1888 790 1938; x_wconf 92' lang='lat'><strong>6</strong></span> <span class='ocrx_word' id='word_1_144' title='bbox 840 1885 937 1953; x_wconf 81' lang='grc' dir='ltr'><strong>μὲν</strong></span> <span class='ocrx_word' id='word_1_145' title='bbox 980 1884 1300 1952; x_wconf 82' lang='grc' dir='ltr'><strong>διδασκέτω,</strong></span> <span class='ocrx_word' id='word_1_146' title='bbox 1334 1888 1361 1939; x_wconf 92' lang='lat'><strong>6</strong></span> <span class='ocrx_word' id='word_1_147' title='bbox 1405 1886 1462 1940; x_wconf 74' lang='grc' dir='ltr'><strong>δὲ</strong></span> <span class='ocrx_word' id='word_1_148' title='bbox 1498 1887 1832 1957; x_wconf 74' lang='grc' dir='ltr'><strong>μανθανέτωσ</strong></span> <span class='ocrx_word' id='word_1_149' title='bbox 1878 1890 1972 1941; x_wconf 76' lang='grc' dir='ltr'><strong>καὶ</strong></span> <span class='ocrx_word' id='word_1_150' title='bbox 2012 1889 2041 1940; x_wconf 91' lang='lat'><strong>6</strong></span> 
     </span>
    </p>
   </div>
   <div class='ocr_carea' id='block_1_21' title="bbox 483 1975 2045 2049">
    <p class='ocr_par' dir='ltr' id='par_1_21' title="bbox 483 1975 2045 2049">
     <span class='ocr_line' id='line_1_21' title="bbox 483 1975 2045 2049; baseline 0.002 -21"><span class='ocrx_word' id='word_1_151' title='bbox 483 1978 584 2045; x_wconf 72' lang='grc' dir='ltr'><strong>μὲν</strong></span> <span class='ocrx_word' id='word_1_152' title='bbox 627 1975 917 2045; x_wconf 76' lang='grc' dir='ltr'><strong>μανθάνων</strong></span> <span class='ocrx_word' id='word_1_153' title='bbox 950 1976 1008 2029; x_wconf 84' lang='grc' dir='ltr'><strong>ἐν</strong></span> <span class='ocrx_word' id='word_1_154' title='bbox 1036 1976 1319 2047; x_wconf 73' lang='grc' dir='ltr'><strong>εὐπειθείᾳ</strong></span> <span class='ocrx_word' id='word_1_155' title='bbox 1348 1979 1441 2031; x_wconf 68' lang='grc' dir='ltr'><strong>κοιλ⁵</strong></span> <span class='ocrx_word' id='word_1_156' title='bbox 1477 1981 1505 2031; x_wconf 90' lang='grc' dir='ltr'><strong>ὀ</strong></span> <span class='ocrx_word' id='word_1_157' title='bbox 1554 1980 1805 2049; x_wconf 80' lang='grc' dir='ltr'><strong>χορηγῶν</strong></span> <span class='ocrx_word' id='word_1_158' title='bbox 1831 1980 1890 2033; x_wconf 83' lang='grc' dir='ltr'><strong>ἐν</strong></span> <span class='ocrx_word' id='word_1_159' title='bbox 1927 1980 2045 2032; x_wconf 89' lang='grc' dir='ltr'><strong>ίλα-</strong></span> 
     </span>
    </p>
   </div>
   <div class='ocr_carea' id='block_1_22' title="bbox 482 2069 2042 2142">
    <p class='ocr_par' dir='ltr' id='par_1_22' title="bbox 482 2069 2042 2142">
     <span class='ocr_line' id='line_1_22' title="bbox 482 2069 2042 2142; baseline 0.002 -22"><span class='ocrx_word' id='word_1_160' title='bbox 482 2069 666 2138; x_wconf 78' lang='grc' dir='ltr'><strong>ρότητι</strong></span> <span class='ocrx_word' id='word_1_161' title='bbox 712 2070 805 2123; x_wconf 81' lang='grc' dir='ltr'><strong>καὶ</strong></span> <span class='ocrx_word' id='word_1_162' title='bbox 850 2072 879 2122; x_wconf 89' lang='lat'><strong>6</strong></span> <span class='ocrx_word' id='word_1_163' title='bbox 925 2069 1221 2139; x_wconf 80' lang='grc' dir='ltr'><strong>ὑπουργῶν</strong></span> <span class='ocrx_word' id='word_1_164' title='bbox 1263 2072 1323 2123; x_wconf 78' lang='grc' dir='ltr'><strong>ἐν</strong></span> <span class='ocrx_word' id='word_1_165' title='bbox 1374 2070 1674 2142; x_wconf 81' lang='grc' dir='ltr'><strong>προθυμίᾳ.</strong></span> <span class='ocrx_word' id='word_1_166' title='bbox 1727 2072 1816 2139; x_wconf 85' lang='grc' dir='ltr'><strong>Μὴ</strong></span> <span class='ocrx_word' id='word_1_167' title='bbox 1843 2071 2042 2133; x_wconf 89' lang='grc' dir='ltr'><strong>πάντες</strong></span> 
     </span>
    </p>
   </div>
   <div class='ocr_carea' id='block_1_23' title="bbox 476 2156 2041 2232">
    <p class='ocr_par' dir='ltr' id='par_1_23' title="bbox 476 2156 2041 2232">
     <span class='ocr_line' id='line_1_23' title="bbox 476 2156 2041 2232; baseline -0.001 -17"><span class='ocrx_word' id='word_1_168' title='bbox 476 2156 627 2230; x_wconf 78' lang='grc' dir='ltr'><strong>ὦμεν</strong></span> <span class='ocrx_word' id='word_1_169' title='bbox 652 2160 874 2228; x_wconf 86' lang='grc' dir='ltr'><strong>γλῶσσα</strong></span> <span class='ocrx_word' id='word_1_170' title='bbox 900 2160 961 2213; x_wconf 81' lang='grc' dir='ltr'><strong>τὸ</strong></span> <span class='ocrx_word' id='word_1_171' title='bbox 995 2161 1361 2231; x_wconf 74' lang='grc' dir='ltr'><strong>ἑτοιμότερον,</strong></span> <span class='ocrx_word' id='word_1_172' title='bbox 1395 2162 1469 2232; x_wconf 85' lang='grc' dir='ltr'><strong>μὴ</strong></span> <span class='ocrx_word' id='word_1_173' title='bbox 1504 2163 1705 2224; x_wconf 70' lang='grc' dir='ltr'><strong>πάντες</strong></span> <span class='ocrx_word' id='word_1_174' title='bbox 1730 2161 2041 2227; x_wconf 87' lang='grc' dir='ltr'><strong>ἀπόστολοι,</strong></span> 
     </span>
    </p>
   </div>
   <div class='ocr_carea' id='block_1_24' title="bbox 482 2252 2042 2324">
    <p class='ocr_par' dir='ltr' id='par_1_24' title="bbox 482 2252 2042 2324">
     <span class='ocr_line' id='line_1_24' title="bbox 482 2252 2042 2324; baseline -0.001 -17"><span class='ocrx_word' id='word_1_175' title='bbox 482 2256 558 2323; x_wconf 79' lang='grc' dir='ltr'><strong>μὴ</strong></span> <span class='ocrx_word' id='word_1_176' title='bbox 591 2255 796 2317; x_wconf 84' lang='grc' dir='ltr'><strong>πάντες</strong></span> <span class='ocrx_word' id='word_1_177' title='bbox 838 2256 1138 2323; x_wconf 78' lang='grc' dir='ltr'><strong>προφῆται,</strong></span> <span class='ocrx_word' id='word_1_178' title='bbox 1175 2254 1250 2324; x_wconf 80' lang='grc' dir='ltr'><strong>μὴ</strong></span> <span class='ocrx_word' id='word_1_179' title='bbox 1276 2253 1480 2317; x_wconf 88' lang='grc' dir='ltr'><strong>πάντες</strong></span> <span class='ocrx_word' id='word_1_180' title='bbox 1516 2252 1965 2324; x_wconf 88' lang='grc' dir='ltr'><strong>διερμηνεύωμεν</strong></span> <span class='ocrx_word' id='word_1_181' title='bbox 1991 2268 2042 2305; x_wconf 70' lang='grc' dir='ltr'><strong>σε</strong></span> 
     </span>
    </p>
   </div>
   <div class='ocr_carea' id='block_1_25' title="bbox 479 2344 2046 2414">
    <p class='ocr_par' dir='ltr' id='par_1_25' title="bbox 479 2344 2046 2414">
     <span class='ocr_line' id='line_1_25' title="bbox 479 2344 2046 2414; baseline -0.001 -17"><span class='ocrx_word' id='word_1_182' title='bbox 479 2346 575 2399; x_wconf 75' lang='grc' dir='ltr'><strong>καὶ</strong></span> <span class='ocrx_word' id='word_1_183' title='bbox 605 2346 747 2413; x_wconf 81' lang='grc' dir='ltr'><strong>μετά</strong></span> <span class='ocrx_word' id='word_1_184' title='bbox 783 2361 906 2399; x_wconf 87' lang='grc' dir='ltr'><strong>τινα</strong></span> <span class='ocrx_word' id='word_1_185' title='bbox 926 2362 941 2376; x_wconf 76' lang='grc' dir='ltr'><strong><em>ο</em></strong></span> <span class='ocrx_word' id='word_1_186' title='bbox 990 2364 1008 2397; x_wconf 84' lang='grc' dir='ltr'><strong>ι</strong></span> <span class='ocrx_word' id='word_1_187' title='bbox 1045 2346 1111 2398; x_wconf 93' lang='grc' dir='ltr'><strong>Τί</strong></span> <span class='ocrx_word' id='word_1_188' title='bbox 1144 2344 1370 2400; x_wconf 85' lang='grc' dir='ltr'><strong>σεαυτόν</strong></span> <span class='ocrx_word' id='word_1_189' title='bbox 1403 2347 1576 2407; x_wconf 91' lang='grc' dir='ltr'><strong>ποιεῖς</strong></span> <span class='ocrx_word' id='word_1_190' title='bbox 1623 2346 1879 2413; x_wconf 86' lang='grc' dir='ltr'><strong>ποιμένα,</strong></span> <span class='ocrx_word' id='word_1_191' title='bbox 1907 2344 2046 2414; x_wconf 77' lang='grc' dir='ltr'><strong>πρό-</strong></span> 
     </span>
    </p>
   </div>
   <div class='ocr_carea' id='block_1_26' title="bbox 480 2436 2048 2509">
    <p class='ocr_par' dir='ltr' id='par_1_26' title="bbox 480 2436 2048 2509">
     <span class='ocr_line' id='line_1_26' title="bbox 480 2436 2048 2509; baseline 0.001 -22"><span class='ocrx_word' id='word_1_192' title='bbox 480 2438 647 2489; x_wconf 80' lang='grc' dir='ltr'><strong>ϐατον</strong></span> <span class='ocrx_word' id='word_1_193' title='bbox 675 2438 787 2503; x_wconf 82' lang='grc' dir='ltr'><strong>ὢν;</strong></span> <span class='ocrx_word' id='word_1_194' title='bbox 813 2437 864 2491; x_wconf 89' lang='grc' dir='ltr'><strong>τί</strong></span> <span class='ocrx_word' id='word_1_195' title='bbox 889 2437 1015 2509; x_wconf 82' lang='grc' dir='ltr'><strong>γίνῃ</strong></span> <span class='ocrx_word' id='word_1_196' title='bbox 1038 2438 1273 2507; x_wconf 80' lang='grc' dir='ltr'><strong>κεφαλὴ,</strong></span> <span class='ocrx_word' id='word_1_197' title='bbox 1296 2437 1433 2502; x_wconf 89' lang='grc' dir='ltr'><strong>ποῦς</strong></span> <span class='ocrx_word' id='word_1_198' title='bbox 1455 2438 1737 2508; x_wconf 87' lang='grc' dir='ltr'><strong>τυγχάνων</strong></span> <span class='ocrx_word' id='word_1_199' title='bbox 1759 2452 1773 2501; x_wconf 88' lang='lat'><strong>;</strong></span> <span class='ocrx_word' id='word_1_200' title='bbox 1804 2436 1858 2489; x_wconf 86' lang='grc' dir='ltr'><strong>τί</strong></span> <span class='ocrx_word' id='word_1_201' title='bbox 1880 2452 2048 2508; x_wconf 76' lang='grc' dir='ltr'><strong>στραο</strong></span> 
     </span>
    </p>
   </div>
   <div class='ocr_carea' id='block_1_27' title="bbox 479 2528 2042 2599">
    <p class='ocr_par' dir='ltr' id='par_1_27' title="bbox 479 2528 2042 2599">
     <span class='ocr_line' id='line_1_27' title="bbox 479 2528 2042 2599; baseline 0 -21"><span class='ocrx_word' id='word_1_202' title='bbox 479 2529 666 2595; x_wconf 84' lang='grc' dir='ltr'><strong>τηγεῖν</strong></span> <span class='ocrx_word' id='word_1_203' title='bbox 734 2528 1052 2598; x_wconf 72' lang='grc' dir='ltr'><strong>ἐπιχειρεῖς,</strong></span> <span class='ocrx_word' id='word_1_204' title='bbox 1091 2528 1424 2596; x_wconf 84' lang='grc' dir='ltr'><strong>τεταγμένος</strong></span> <span class='ocrx_word' id='word_1_205' title='bbox 1469 2530 1529 2581; x_wconf 82' lang='grc' dir='ltr'><strong>ἐν</strong></span> <span class='ocrx_word' id='word_1_206' title='bbox 1581 2529 1981 2599; x_wconf 52' lang='grc' dir='ltr'><strong>στρατιώταις</strong></span> <span class='ocrx_word' id='word_1_207' title='bbox 2023 2546 2042 2578; x_wconf 74' lang='grc' dir='ltr'><strong>ι</strong></span> 
     </span>
    </p>
   </div>
   <div class='ocr_carea' id='block_1_28' title="bbox 482 2618 2050 2688">
    <p class='ocr_par' dir='ltr' id='par_1_28' title="bbox 482 2618 2050 2688">
     <span class='ocr_line' id='line_1_28' title="bbox 482 2618 2050 2688; baseline 0 -17"><span class='ocrx_word' id='word_1_208' title='bbox 482 2623 578 2671; x_wconf 71' lang='grc' dir='ltr'><strong>καὶ⁸</strong></span> <span class='ocrx_word' id='word_1_209' title='bbox 610 2618 839 2687; x_wconf 72' lang='grc' dir='ltr'><strong>ἑτέρωθι</strong></span> <span class='ocrx_word' id='word_1_210' title='bbox 874 2621 907 2688; x_wconf 78' lang='grc' dir='ltr'><strong>ἠ</strong></span> <span class='ocrx_word' id='word_1_211' title='bbox 934 2620 1103 2687; x_wconf 78' lang='grc' dir='ltr'><strong>Σοφία</strong></span> <span class='ocrx_word' id='word_1_212' title='bbox 1131 2618 1529 2674; x_wconf 83' lang='grc' dir='ltr'><strong>διακελεύεται’</strong></span> <span class='ocrx_word' id='word_1_213' title='bbox 1564 2618 1662 2687; x_wconf 72' lang='grc' dir='ltr'><strong>Μὴ</strong></span> <span class='ocrx_word' id='word_1_214' title='bbox 1697 2618 1823 2671; x_wconf 81' lang='grc' dir='ltr'><strong>ισθι</strong></span> <span class='ocrx_word' id='word_1_215' title='bbox 1861 2618 2050 2687; x_wconf 80' lang='grc' dir='ltr'><strong>ταχὺς</strong></span> 
     </span>
    </p>
   </div>
   <div class='ocr_carea' id='block_1_29' title="bbox 481 2699 2053 2777">
    <p class='ocr_par' dir='ltr' id='par_1_29' title="bbox 481 2699 2053 2777">
     <span class='ocr_line' id='line_1_29' title="bbox 481 2699 2053 2777; baseline 0.001 -17"><span class='ocrx_word' id='word_1_216' title='bbox 481 2709 551 2760; x_wconf 79' lang='grc' dir='ltr'><strong>ἐν</strong></span> <span class='ocrx_word' id='word_1_217' title='bbox 568 2699 793 2776; x_wconf 70' lang='grc' dir='ltr'><strong>λόγοις,</strong></span> <span class='ocrx_word' id='word_1_218' title='bbox 818 2707 903 2775; x_wconf 81' lang='grc' dir='ltr'><strong>μὴ</strong></span> <span class='ocrx_word' id='word_1_219' title='bbox 931 2710 1456 2777; x_wconf 73' lang='grc' dir='ltr'><strong>συμπαρσκτείνου</strong></span> <span class='ocrx_word' id='word_1_220' title='bbox 1482 2748 1498 2772; x_wconf 87' lang='grc'><strong>,</strong></span> <span class='ocrx_word' id='word_1_221' title='bbox 1527 2708 1719 2775; x_wconf 73' lang='grc' dir='ltr'><strong>πένης</strong></span> <span class='ocrx_word' id='word_1_222' title='bbox 1736 2707 1839 2774; x_wconf 83' lang='grc' dir='ltr'><strong>ὢν,</strong></span> <span class='ocrx_word' id='word_1_223' title='bbox 1863 2712 2053 2762; x_wconf 71' lang='grc' dir='ltr'><strong>πλου-</strong></span> 
     </span>
    </p>
   </div>
   <div class='ocr_carea' id='block_1_30' title="bbox 484 2796 2052 2870">
    <p class='ocr_par' dir='ltr' id='par_1_30' title="bbox 484 2796 2052 2870">
     <span class='ocr_line' id='line_1_30' title="bbox 484 2796 2052 2870; baseline 0.001 -18"><span class='ocrx_word' id='word_1_224' title='bbox 484 2798 615 2865; x_wconf 76' lang='grc' dir='ltr'><strong>σίῳ,</strong></span> <span class='ocrx_word' id='word_1_225' title='bbox 645 2798 801 2868; x_wconf 81' lang='grc' dir='ltr'><strong>μηδὲ</strong></span> <span class='ocrx_word' id='word_1_226' title='bbox 831 2796 987 2866; x_wconf 79' lang='grc' dir='ltr'><strong>ζήτει</strong></span> <span class='ocrx_word' id='word_1_227' title='bbox 1017 2800 1137 2854; x_wconf 85' lang='grc' dir='ltr'><strong>τῶν</strong></span> <span class='ocrx_word' id='word_1_228' title='bbox 1174 2800 1385 2869; x_wconf 72' lang='grc' dir='ltr'><strong>σοφῶν</strong></span> <span class='ocrx_word' id='word_1_229' title='bbox 1411 2797 1563 2854; x_wconf 81' lang='grc' dir='ltr'><strong>εῖναι</strong></span> <span class='ocrx_word' id='word_1_230' title='bbox 1594 2799 1935 2870; x_wconf 74' lang='grc' dir='ltr'><strong>σοφώτερος</strong></span> <span class='ocrx_word' id='word_1_231' title='bbox 1955 2816 1968 2830; x_wconf 74' lang='grc'><strong><em>⁸</em></strong></span> <span class='ocrx_word' id='word_1_232' title='bbox 1998 2802 2052 2854; x_wconf 85' lang='grc' dir='ltr'><strong>εί</strong></span> 
     </span>
    </p>
   </div>
   <div class='ocr_carea' id='block_1_31' title="bbox 483 2890 2049 2962">
    <p class='ocr_par' dir='ltr' id='par_1_31' title="bbox 483 2890 2049 2962">
     <span class='ocr_line' id='line_1_31' title="bbox 483 2890 2049 2962; baseline 0.003 -19"><span class='ocrx_word' id='word_1_233' title='bbox 483 2890 554 2943; x_wconf 78' lang='grc' dir='ltr'><strong>δέ</strong></span> <span class='ocrx_word' id='word_1_234' title='bbox 588 2906 679 2955; x_wconf 87' lang='grc' dir='ltr'><strong>τις</strong></span> <span class='ocrx_word' id='word_1_235' title='bbox 708 2890 833 2955; x_wconf 72' lang='grc' dir='ltr'><strong>ἁλῷ</strong></span> <span class='ocrx_word' id='word_1_236' title='bbox 865 2890 974 2945; x_wconf 80' lang='grc' dir='ltr'><strong>τὸν</strong></span> <span class='ocrx_word' id='word_1_237' title='bbox 1003 2894 1272 2960; x_wconf 76' lang='grc' dir='ltr'><strong>παρόντα</strong></span> <span class='ocrx_word' id='word_1_238' title='bbox 1313 2894 1757 2962; x_wconf 74' lang='grc' dir='ltr'><strong>παρασαλεύων</strong></span> <span class='ocrx_word' id='word_1_239' title='bbox 1783 2894 2012 2948; x_wconf 80' lang='grc' dir='ltr'><strong>κανόνα</strong></span> <span class='ocrx_word' id='word_1_240' title='bbox 2032 2934 2049 2961; x_wconf 91' lang='grc'><strong>,</strong></span> 
     </span>
    </p>
   </div>
   <div class='ocr_carea' id='block_1_32' title="bbox 484 2981 2054 3053">
    <p class='ocr_par' dir='ltr' id='par_1_32' title="bbox 484 2981 2054 3053">
     <span class='ocr_line' id='line_1_32' title="bbox 484 2981 2054 3053; baseline 0.003 -17"><span class='ocrx_word' id='word_1_241' title='bbox 484 2982 583 3037; x_wconf 79' lang='grc' dir='ltr'><strong>ἐπὶ</strong></span> <span class='ocrx_word' id='word_1_242' title='bbox 605 2981 832 3051; x_wconf 74' lang='grc' dir='ltr'><strong>ἡμέρας</strong></span> <span class='ocrx_word' id='word_1_243' title='bbox 863 2983 1224 3053; x_wconf 72' lang='grc' dir='ltr'><strong>ὁφοριζέσθω</strong></span> <span class='ocrx_word' id='word_1_244' title='bbox 1254 2984 1729 3053; x_wconf 76' lang='grc' dir='ltr'><strong>τεσσαράκοντα.</strong></span> <span class='ocrx_word' id='word_1_245' title='bbox 1755 2986 1869 3041; x_wconf 82' lang='grc' dir='ltr'><strong>Καὶ</strong></span> <span class='ocrx_word' id='word_1_246' title='bbox 1891 2987 2054 3041; x_wconf 89' lang='grc' dir='ltr'><strong>πάλιν</strong></span> 
     </span>
    </p>
   </div>
   <div class='ocr_carea' id='block_1_33' title="bbox 2147 542 3723 613">
    <p class='ocr_par' dir='ltr' id='par_1_33' title="bbox 2147 542 3723 613">
     <span class='ocr_line' id='line_1_33' title="bbox 2147 542 3723 613; baseline 0 -19"><span class='ocrx_word' id='word_1_247' title='bbox 2147 542 2242 595; x_wconf 89' lang='grc' dir='ltr'><strong>τοῦ</strong></span> <span class='ocrx_word' id='word_1_248' title='bbox 2271 542 2436 596; x_wconf 84' lang='grc' dir='ltr'><strong>αὑτοῦ</strong></span> <span class='ocrx_word' id='word_1_249' title='bbox 2487 543 2751 611; x_wconf 85' lang='grc' dir='ltr'><strong>Βαρλαάμ</strong></span> <span class='ocrx_word' id='word_1_250' title='bbox 2782 544 3239 613; x_wconf 82' lang='grc' dir='ltr'><strong>συγγραψαμένου</strong></span> <span class='ocrx_word' id='word_1_251' title='bbox 3271 544 3365 595; x_wconf 69' lang='grc' dir='ltr'><strong>καὶ</strong></span> <span class='ocrx_word' id='word_1_252' title='bbox 3405 542 3723 609; x_wconf 77' lang='grc' dir='ltr'><strong>κατηγορή-</strong></span> 
     </span>
    </p>
   </div>
   <div class='ocr_carea' id='block_1_34' title="bbox 2150 629 3722 703">
    <p class='ocr_par' dir='ltr' id='par_1_34' title="bbox 2150 629 3722 703">
     <span class='ocr_line' id='line_1_34' title="bbox 2150 629 3722 703; baseline -0.004 -18"><span class='ocrx_word' id='word_1_253' title='bbox 2150 630 2343 695; x_wconf 77' lang='grc' dir='ltr'><strong>σαντος</strong></span> <span class='ocrx_word' id='word_1_254' title='bbox 2374 632 2576 697; x_wconf 80' lang='grc' dir='ltr'><strong>αὐτῶν,</strong></span> <span class='ocrx_word' id='word_1_255' title='bbox 2620 633 2762 700; x_wconf 79' lang='grc' dir='ltr'><strong>άπερ</strong></span> <span class='ocrx_word' id='word_1_256' title='bbox 2796 632 3057 703; x_wconf 90' lang='grc' dir='ltr'><strong>ἀνωτέρω</strong></span> <span class='ocrx_word' id='word_1_257' title='bbox 3085 632 3323 701; x_wconf 75' lang='grc' dir='ltr'><strong>εἴρηται,</strong></span> <span class='ocrx_word' id='word_1_258' title='bbox 3358 633 3451 682; x_wconf 69' lang='grc' dir='ltr'><strong>καὶ</strong></span> <span class='ocrx_word' id='word_1_259' title='bbox 3497 629 3722 682; x_wconf 75' lang='grc' dir='ltr'><strong>ἐναντία</strong></span> 
     </span>
    </p>
   </div>
   <div class='ocr_carea' id='block_1_35' title="bbox 2146 722 3721 793">
    <p class='ocr_par' dir='ltr' id='par_1_35' title="bbox 2146 722 3721 793">
     <span class='ocr_line' id='line_1_35' title="bbox 2146 722 3721 793; baseline -0.003 -18"><span class='ocrx_word' id='word_1_260' title='bbox 2146 725 2260 787; x_wconf 88' lang='grc' dir='ltr'><strong>τοῖς</strong></span> <span class='ocrx_word' id='word_1_261' title='bbox 2288 723 2396 777; x_wconf 90' lang='grc' dir='ltr'><strong>τῶν</strong></span> <span class='ocrx_word' id='word_1_262' title='bbox 2427 723 2691 793; x_wconf 86' lang='grc' dir='ltr'><strong>Πατέρων</strong></span> <span class='ocrx_word' id='word_1_263' title='bbox 2723 724 2891 786; x_wconf 78' lang='grc' dir='ltr'><strong>θείοις</strong></span> <span class='ocrx_word' id='word_1_264' title='bbox 2918 723 3122 791; x_wconf 86' lang='grc' dir='ltr'><strong>λόγοις,</strong></span> <span class='ocrx_word' id='word_1_265' title='bbox 3170 723 3245 786; x_wconf 85' lang='grc' dir='ltr'><strong>ὡς</strong></span> <span class='ocrx_word' id='word_1_266' title='bbox 3270 722 3593 791; x_wconf 73' lang='grc' dir='ltr'><strong>ἀπεδείχθη,</strong></span> <span class='ocrx_word' id='word_1_267' title='bbox 3629 722 3721 771; x_wconf 75' lang='grc' dir='ltr'><strong>ἐκ·</strong></span> 
     </span>
    </p>
   </div>
   <div class='ocr_carea' id='block_1_36' title="bbox 2148 811 3825 884">
    <p class='ocr_par' dir='ltr' id='par_1_36' title="bbox 2148 811 3825 884">
     <span class='ocr_line' id='line_1_36' title="bbox 2148 811 3825 884; baseline -0.003 -17"><span class='ocrx_word' id='word_1_268' title='bbox 2148 814 2399 884; x_wconf 75' lang='grc' dir='ltr'><strong>θεμένου,</strong></span> <span class='ocrx_word' id='word_1_269' title='bbox 2436 814 2533 866; x_wconf 77' lang='grc' dir='ltr'><strong>καὶ</strong></span> <span class='ocrx_word' id='word_1_270' title='bbox 2581 812 2655 876; x_wconf 86' lang='grc' dir='ltr'><strong>ὼς</strong></span> <span class='ocrx_word' id='word_1_271' title='bbox 2707 812 2766 877; x_wconf 88' lang='grc' dir='ltr'><strong>ἐξ</strong></span> <span class='ocrx_word' id='word_1_272' title='bbox 2810 812 3057 883; x_wconf 78' lang='grc' dir='ltr'><strong>ἀνάγκης</strong></span> <span class='ocrx_word' id='word_1_273' title='bbox 3086 815 3181 865; x_wconf 76' lang='grc' dir='ltr'><strong>καὶ</strong></span> <span class='ocrx_word' id='word_1_274' title='bbox 3217 813 3381 874; x_wconf 72' lang='grc' dir='ltr'><strong>αὐτὸς</strong></span> <span class='ocrx_word' id='word_1_275' title='bbox 3432 813 3572 882; x_wconf 73' lang='grc' dir='ltr'><strong>πρὸς</strong></span> <span class='ocrx_word' id='word_1_276' title='bbox 3620 811 3723 881; x_wconf 75' lang='grc' dir='ltr'><strong>τὴν</strong></span> <span class='ocrx_word' id='word_1_277' title='bbox 3824 820 3825 823; x_wconf 77' lang='lat'>‘</span> 
     </span>
    </p>
   </div>
   <div class='ocr_carea' id='block_1_37' title="bbox 2145 902 3723 975">
    <p class='ocr_par' dir='ltr' id='par_1_37' title="bbox 2145 902 3723 975">
     <span class='ocr_line' id='line_1_37' title="bbox 2145 902 3723 975; baseline -0.004 -16"><span class='ocrx_word' id='word_1_278' title='bbox 2145 903 2447 972; x_wconf 80' lang='grc' dir='ltr'><strong>ἀπολογίαν</strong></span> <span class='ocrx_word' id='word_1_279' title='bbox 2472 907 2566 957; x_wconf 71' lang='grc' dir='ltr'><strong>καὶ</strong></span> <span class='ocrx_word' id='word_1_280' title='bbox 2589 904 2910 975; x_wconf 76' lang='grc' dir='ltr'><strong>ἀντίρρησιν</strong></span> <span class='ocrx_word' id='word_1_281' title='bbox 2954 904 3259 973; x_wconf 81' lang='grc' dir='ltr'><strong>κεκίνηται.</strong></span> <span class='ocrx_word' id='word_1_282' title='bbox 3307 904 3541 956; x_wconf 83' lang='grc' dir='ltr'><strong>Ἔπειτα</strong></span> <span class='ocrx_word' id='word_1_283' title='bbox 3584 902 3723 970; x_wconf 79' lang='grc' dir='ltr'><strong>ὡρί-</strong></span> 
     </span>
    </p>
   </div>
   <div class='ocr_carea' id='block_1_38' title="bbox 2148 990 3721 1065">
    <p class='ocr_par' dir='ltr' id='par_1_38' title="bbox 2148 990 3721 1065">
     <span class='ocr_line' id='line_1_38' title="bbox 2148 990 3721 1065; baseline -0.003 -18"><span class='ocrx_word' id='word_1_284' title='bbox 2148 990 2249 1065; x_wconf 82' lang='grc' dir='ltr'><strong>σθη</strong></span> <span class='ocrx_word' id='word_1_285' title='bbox 2281 995 2567 1064; x_wconf 76' lang='grc' dir='ltr'><strong>ἐνεχθῆναι</strong></span> <span class='ocrx_word' id='word_1_286' title='bbox 2591 994 2658 1049; x_wconf 91' lang='grc' dir='ltr'><strong>τά</strong></span> <span class='ocrx_word' id='word_1_287' title='bbox 2682 995 2776 1048; x_wconf 92' lang='grc' dir='ltr'><strong>τοῦ</strong></span> <span class='ocrx_word' id='word_1_288' title='bbox 2805 995 3070 1065; x_wconf 82' lang='grc' dir='ltr'><strong>Βαρλαὰμ</strong></span> <span class='ocrx_word' id='word_1_289' title='bbox 3095 994 3527 1063; x_wconf 85' lang='grc' dir='ltr'><strong>συγγράμματα,</strong></span> <span class='ocrx_word' id='word_1_290' title='bbox 3558 993 3593 1046; x_wconf 74' lang='grc' dir='ltr'>ἃ</span> <span class='ocrx_word' id='word_1_291' title='bbox 3620 992 3721 1044; x_wconf 78' lang='grc' dir='ltr'><strong>καὶ</strong></span> 
     </span>
    </p>
   </div>
   <div class='ocr_carea' id='block_1_39' title="bbox 2146 1083 3722 1156">
    <p class='ocr_par' dir='ltr' id='par_1_39' title="bbox 2146 1083 3722 1156">
     <span class='ocr_line' id='line_1_39' title="bbox 2146 1083 3722 1156; baseline -0.002 -19"><span class='ocrx_word' id='word_1_292' title='bbox 2146 1086 2285 1156; x_wconf 80' lang='grc' dir='ltr'><strong>πρὸς</strong></span> <span class='ocrx_word' id='word_1_293' title='bbox 2318 1086 2593 1154; x_wconf 86' lang='grc' dir='ltr'><strong>ὲξαπάτην</strong></span> <span class='ocrx_word' id='word_1_294' title='bbox 2616 1084 2723 1137; x_wconf 90' lang='grc' dir='ltr'><strong>τῶν</strong></span> <span class='ocrx_word' id='word_1_295' title='bbox 2747 1086 3057 1139; x_wconf 80' lang='grc' dir='ltr'><strong>ἀκουόντων</strong></span> <span class='ocrx_word' id='word_1_296' title='bbox 3103 1085 3262 1139; x_wconf 81' lang='grc' dir='ltr'><strong>Κατὰ</strong></span> <span class='ocrx_word' id='word_1_297' title='bbox 3308 1083 3722 1139; x_wconf 71' lang='grc' dir='ltr'><strong>Μασαλιανῶν</strong></span> 
     </span>
    </p>
   </div>
   <div class='ocr_carea' id='block_1_40' title="bbox 2145 1170 3720 1247">
    <p class='ocr_par' dir='ltr' id='par_1_40' title="bbox 2145 1170 3720 1247">
     <span class='ocr_line' id='line_1_40' title="bbox 2145 1170 3720 1247; baseline -0.003 -18"><span class='ocrx_word' id='word_1_298' title='bbox 2145 1177 2480 1247; x_wconf 82' lang='grc' dir='ltr'><strong>ἐπέγραφεν,</strong></span> <span class='ocrx_word' id='word_1_299' title='bbox 2527 1178 2584 1230; x_wconf 84' lang='grc' dir='ltr'><strong>ἐν</strong></span> <span class='ocrx_word' id='word_1_300' title='bbox 2634 1170 2715 1239; x_wconf 70' lang='grc' dir='ltr'><strong>οἷς</strong></span> <span class='ocrx_word' id='word_1_301' title='bbox 2750 1178 3181 1246; x_wconf 72' lang='grc' dir='ltr'><strong>συγγράμμασιν</strong></span> <span class='ocrx_word' id='word_1_302' title='bbox 3234 1179 3385 1244; x_wconf 79' lang='grc' dir='ltr'><strong>ἔλεγε</strong></span> <span class='ocrx_word' id='word_1_303' title='bbox 3441 1180 3535 1230; x_wconf 77' lang='grc' dir='ltr'><strong>καὶ</strong></span> <span class='ocrx_word' id='word_1_304' title='bbox 3581 1180 3720 1244; x_wconf 73' lang='grc' dir='ltr'><strong>περὶ</strong></span> 
     </span>
    </p>
   </div>
   <div class='ocr_carea' id='block_1_41' title="bbox 2144 1268 3726 1339">
    <p class='ocr_par' dir='ltr' id='par_1_41' title="bbox 2144 1268 3726 1339">
     <span class='ocr_line' id='line_1_41' title="bbox 2144 1268 3726 1339; baseline -0.002 -17"><span class='ocrx_word' id='word_1_305' title='bbox 2144 1269 2240 1322; x_wconf 92' lang='grc' dir='ltr'><strong>τοῦ</strong></span> <span class='ocrx_word' id='word_1_306' title='bbox 2304 1268 2604 1339; x_wconf 81' lang='grc' dir='ltr'><strong>ἀπροσίτου</strong></span> <span class='ocrx_word' id='word_1_307' title='bbox 2674 1269 2851 1337; x_wconf 81' lang='grc' dir='ltr'><strong>φωτὸς</strong></span> <span class='ocrx_word' id='word_1_308' title='bbox 2910 1270 3010 1338; x_wconf 80' lang='grc' dir='ltr'><strong>τῆς</strong></span> <span class='ocrx_word' id='word_1_309' title='bbox 3069 1268 3553 1338; x_wconf 74' lang='grc' dir='ltr'><strong>μεταμορφώσεως</strong></span> <span class='ocrx_word' id='word_1_310' title='bbox 3620 1268 3726 1320; x_wconf 88' lang='grc' dir='ltr'><strong>τοῦ</strong></span> 
     </span>
    </p>
   </div>
   <div class='ocr_carea' id='block_1_42' title="bbox 2146 1358 3725 1430">
    <p class='ocr_par' dir='ltr' id='par_1_42' title="bbox 2146 1358 3725 1430">
     <span class='ocr_line' id='line_1_42' title="bbox 2146 1358 3725 1430; baseline -0.001 -18"><span class='ocrx_word' id='word_1_311' title='bbox 2146 1359 2416 1413; x_wconf 78' lang='grc' dir='ltr'><strong>Δεσπὸτου</strong></span> <span class='ocrx_word' id='word_1_312' title='bbox 2472 1358 2725 1428; x_wconf 85' lang='grc' dir='ltr'><strong>Σωτῆρος</strong></span> <span class='ocrx_word' id='word_1_313' title='bbox 2763 1358 2922 1429; x_wconf 80' lang='grc' dir='ltr'><strong>ἡμῶν</strong></span> <span class='ocrx_word' id='word_1_314' title='bbox 2968 1360 3147 1429; x_wconf 80' lang='grc' dir='ltr'><strong>Ἰησοῦ</strong></span> <span class='ocrx_word' id='word_1_315' title='bbox 3182 1359 3425 1430; x_wconf 80' lang='grc' dir='ltr'><strong>Χριστοῦ</strong></span> <span class='ocrx_word' id='word_1_316' title='bbox 3459 1361 3553 1412; x_wconf 71' lang='grc' dir='ltr'><strong>καὶ</strong></span> <span class='ocrx_word' id='word_1_317' title='bbox 3606 1360 3725 1411; x_wconf 83' lang='grc' dir='ltr'><strong>τῶν</strong></span> 
     </span>
    </p>
   </div>
   <div class='ocr_carea' id='block_1_43' title="bbox 2145 1450 3727 1521">
    <p class='ocr_par' dir='ltr' id='par_1_43' title="bbox 2145 1450 3727 1521">
     <span class='ocr_line' id='line_1_43' title="bbox 2145 1450 3727 1521; baseline -0.003 -17"><span class='ocrx_word' id='word_1_318' title='bbox 2145 1454 2243 1521; x_wconf 87' lang='grc' dir='ltr'><strong>τῆς</strong></span> <span class='ocrx_word' id='word_1_319' title='bbox 2270 1450 2368 1504; x_wconf 86' lang='grc' dir='ltr'><strong>τοῦ</strong></span> <span class='ocrx_word' id='word_1_320' title='bbox 2391 1450 2571 1519; x_wconf 77' lang='grc' dir='ltr'><strong>φωτὸς</strong></span> <span class='ocrx_word' id='word_1_321' title='bbox 2604 1450 2793 1503; x_wconf 88' lang='grc' dir='ltr'><strong>τούτου</strong></span> <span class='ocrx_word' id='word_1_322' title='bbox 2840 1450 2967 1512; x_wconf 82' lang='grc' dir='ltr'><strong>θέας</strong></span> <span class='ocrx_word' id='word_1_323' title='bbox 3004 1451 3346 1520; x_wconf 69' lang='grc' dir='ltr'><strong>ἠξιωμένων,</strong></span> <span class='ocrx_word' id='word_1_324' title='bbox 3398 1451 3727 1519; x_wconf 74' lang='grc' dir='ltr'><strong>προκρίτων</strong></span> 
     </span>
    </p>
   </div>
   <div class='ocr_carea' id='block_1_44' title="bbox 2149 1542 3724 1615">
    <p class='ocr_par' dir='ltr' id='par_1_44' title="bbox 2149 1542 3724 1615">
     <span class='ocr_line' id='line_1_44' title="bbox 2149 1542 3724 1615; baseline -0.001 -19"><span class='ocrx_word' id='word_1_325' title='bbox 2149 1544 2409 1615; x_wconf 84' lang='grc' dir='ltr'><strong>μαθητῶν</strong></span> <span class='ocrx_word' id='word_1_326' title='bbox 2438 1543 2604 1597; x_wconf 87' lang='grc' dir='ltr'><strong>αὑτοῦ</strong></span> <span class='ocrx_word' id='word_1_327' title='bbox 2631 1545 2721 1597; x_wconf 77' lang='grc' dir='ltr'><strong>καὶ</strong></span> <span class='ocrx_word' id='word_1_328' title='bbox 2752 1542 3089 1609; x_wconf 86' lang='grc' dir='ltr'><strong>ἀποστόλων,</strong></span> <span class='ocrx_word' id='word_1_329' title='bbox 3111 1544 3323 1610; x_wconf 78' lang='grc' dir='ltr'><strong>λέξεσιν</strong></span> <span class='ocrx_word' id='word_1_330' title='bbox 3352 1544 3542 1606; x_wconf 71' lang='grc' dir='ltr'><strong>αὑταῖς</strong></span> <span class='ocrx_word' id='word_1_331' title='bbox 3564 1545 3724 1595; x_wconf 81' lang='grc' dir='ltr'><strong>τάδε·</strong></span> 
     </span>
    </p>
   </div>
   <div class='ocr_carea' id='block_1_45' title="bbox 2151 1627 3725 1703">
    <p class='ocr_par' dir='ltr' id='par_1_45' title="bbox 2151 1627 3725 1703">
     <span class='ocr_line' id='line_1_45' title="bbox 2151 1627 3725 1703; baseline -0.004 -18"><span class='ocrx_word' id='word_1_332' title='bbox 2151 1653 2168 1685; x_wconf 84' lang='grc' dir='ltr'><strong>ι</strong></span> <span class='ocrx_word' id='word_1_333' title='bbox 2194 1635 2266 1686; x_wconf 89' lang='lat' dir='ltr'><em>T6</em></span> <span class='ocrx_word' id='word_1_334' title='bbox 2321 1636 2378 1686; x_wconf 87' lang='grc' dir='ltr'><strong>ἐν</strong></span> <span class='ocrx_word' id='word_1_335' title='bbox 2427 1633 2698 1703; x_wconf 85' lang='grc' dir='ltr'><strong>Θαϐωρίῳ</strong></span> <span class='ocrx_word' id='word_1_336' title='bbox 2749 1633 2971 1703; x_wconf 73' lang='grc' dir='ltr'><strong>λάμψειν</strong></span> <span class='ocrx_word' id='word_1_337' title='bbox 3004 1632 3121 1702; x_wconf 88' lang='grc' dir='ltr'><strong>φῶς</strong></span> <span class='ocrx_word' id='word_1_338' title='bbox 3167 1634 3267 1686; x_wconf 80' lang='grc' dir='ltr'><strong>οὐκ</strong></span> <span class='ocrx_word' id='word_1_339' title='bbox 3298 1634 3597 1702; x_wconf 79' lang='grc' dir='ltr'><strong>ἀπρόσιτον</strong></span> <span class='ocrx_word' id='word_1_340' title='bbox 3628 1627 3725 1701; x_wconf 79' lang='grc' dir='ltr'><strong>ἦν,</strong></span> 
     </span>
    </p>
   </div>
   <div class='ocr_carea' id='block_1_46' title="bbox 2145 1725 3727 1797">
    <p class='ocr_par' dir='ltr' id='par_1_46' title="bbox 2145 1725 3727 1797">
     <span class='ocr_line' id='line_1_46' title="bbox 2145 1725 3727 1797; baseline -0.003 -16"><span class='ocrx_word' id='word_1_341' title='bbox 2145 1728 2267 1781; x_wconf 72' lang='grc' dir='ltr'><strong>οὐδὲ</strong></span> <span class='ocrx_word' id='word_1_342' title='bbox 2322 1726 2463 1780; x_wconf 79' lang='grc' dir='ltr'><strong>κατὰ</strong></span> <span class='ocrx_word' id='word_1_343' title='bbox 2515 1725 2774 1788; x_wconf 84' lang='grc' dir='ltr'><strong>ἀλήθειαν</strong></span> <span class='ocrx_word' id='word_1_344' title='bbox 2822 1726 3041 1797; x_wconf 74' lang='grc' dir='ltr'><strong>ὑπῆρχε</strong></span> <span class='ocrx_word' id='word_1_345' title='bbox 3099 1726 3217 1795; x_wconf 81' lang='grc' dir='ltr'><strong>φῶς</strong></span> <span class='ocrx_word' id='word_1_346' title='bbox 3262 1725 3536 1794; x_wconf 83' lang='grc' dir='ltr'><strong>θεότητος,</strong></span> <span class='ocrx_word' id='word_1_347' title='bbox 3594 1726 3727 1779; x_wconf 78' lang='grc' dir='ltr'><strong>οὐδὲ</strong></span> 
     </span>
    </p>
   </div>
   <div class='ocr_carea' id='block_1_47' title="bbox 2143 1817 3723 1889">
    <p class='ocr_par' dir='ltr' id='par_1_47' title="bbox 2143 1817 3723 1889">
     <span class='ocr_line' id='line_1_47' title="bbox 2143 1817 3723 1889; baseline -0.003 -17"><span class='ocrx_word' id='word_1_348' title='bbox 2143 1818 2391 1885; x_wconf 81' lang='grc' dir='ltr'><strong>ἀγγέλων</strong></span> <span class='ocrx_word' id='word_1_349' title='bbox 2420 1819 2557 1880; x_wconf 83' lang='grc' dir='ltr'><strong>ὅλως</strong></span> <span class='ocrx_word' id='word_1_350' title='bbox 2592 1817 2887 1889; x_wconf 85' lang='grc' dir='ltr'><strong>ίερώτερον</strong></span> <span class='ocrx_word' id='word_1_351' title='bbox 2916 1819 2948 1887; x_wconf 81' lang='grc' dir='ltr'>ἦ</span> <span class='ocrx_word' id='word_1_352' title='bbox 2978 1819 3277 1887; x_wconf 88' lang='grc' dir='ltr'><strong>θειότερον,</strong></span> <span class='ocrx_word' id='word_1_353' title='bbox 3313 1817 3448 1869; x_wconf 86' lang='grc' dir='ltr'><strong>ἀλλά</strong></span> <span class='ocrx_word' id='word_1_354' title='bbox 3477 1818 3575 1870; x_wconf 73' lang='grc' dir='ltr'><strong>καὶ</strong></span> <span class='ocrx_word' id='word_1_355' title='bbox 3600 1820 3723 1886; x_wconf 85' lang='grc' dir='ltr'><strong>χεῖ-</strong></span> 
     </span>
    </p>
   </div>
   <div class='ocr_carea' id='block_1_48' title="bbox 2145 1908 3727 1981">
    <p class='ocr_par' dir='ltr' id='par_1_48' title="bbox 2145 1908 3727 1981">
     <span class='ocr_line' id='line_1_48' title="bbox 2145 1908 3727 1981; baseline -0.003 -18"><span class='ocrx_word' id='word_1_356' title='bbox 2145 1927 2239 1981; x_wconf 91' lang='grc' dir='ltr'><strong>ρον</strong></span> <span class='ocrx_word' id='word_1_357' title='bbox 2270 1910 2368 1963; x_wconf 71' lang='grc' dir='ltr'><strong>καὶ</strong></span> <span class='ocrx_word' id='word_1_358' title='bbox 2398 1908 2715 1981; x_wconf 82' lang='grc' dir='ltr'><strong>κατώτερον</strong></span> <span class='ocrx_word' id='word_1_359' title='bbox 2765 1910 2861 1965; x_wconf 76' lang='grc' dir='ltr'><strong>καὶ</strong></span> <span class='ocrx_word' id='word_1_360' title='bbox 2914 1910 3085 1979; x_wconf 78' lang='grc' dir='ltr'><strong>αὐτῆς</strong></span> <span class='ocrx_word' id='word_1_361' title='bbox 3128 1909 3229 1979; x_wconf 73' lang='grc' dir='ltr'><strong>τῆς</strong></span> <span class='ocrx_word' id='word_1_362' title='bbox 3273 1909 3550 1979; x_wconf 79' lang='grc' dir='ltr'><strong>ἡμετέρας</strong></span> <span class='ocrx_word' id='word_1_363' title='bbox 3595 1910 3727 1977; x_wconf 74' lang='grc' dir='ltr'><strong>νοῆ-</strong></span> 
     </span>
    </p>
   </div>
   <div class='ocr_carea' id='block_1_49' title="bbox 2144 2000 3727 2071">
    <p class='ocr_par' dir='ltr' id='par_1_49' title="bbox 2144 2000 3727 2071">
     <span class='ocr_line' id='line_1_49' title="bbox 2144 2000 3727 2071; baseline -0.001 -18"><span class='ocrx_word' id='word_1_364' title='bbox 2144 2017 2299 2064; x_wconf 78' lang='grc' dir='ltr'><strong>σεως’</strong></span> <span class='ocrx_word' id='word_1_365' title='bbox 2336 2000 2515 2054; x_wconf 86' lang='grc' dir='ltr'><strong>πάντα</strong></span> <span class='ocrx_word' id='word_1_366' title='bbox 2568 2001 2677 2069; x_wconf 75' lang='grc' dir='ltr'><strong>γάρ</strong></span> <span class='ocrx_word' id='word_1_367' title='bbox 2718 2001 2791 2054; x_wconf 85' lang='grc' dir='ltr'><strong>τά</strong></span> <span class='ocrx_word' id='word_1_368' title='bbox 2825 2018 2883 2053; x_wconf 89' lang='grc' dir='ltr'><strong>τε</strong></span> <span class='ocrx_word' id='word_1_369' title='bbox 2920 2002 3166 2071; x_wconf 83' lang='grc' dir='ltr'><strong>νοήματα</strong></span> <span class='ocrx_word' id='word_1_370' title='bbox 3206 2000 3300 2054; x_wconf 77' lang='grc' dir='ltr'><strong>καὶ</strong></span> <span class='ocrx_word' id='word_1_371' title='bbox 3351 2000 3420 2053; x_wconf 77' lang='grc' dir='ltr'><strong>τὰ</strong></span> <span class='ocrx_word' id='word_1_372' title='bbox 3455 2000 3727 2069; x_wconf 83' lang='grc' dir='ltr'><strong>νοούμενα</strong></span> 
     </span>
    </p>
   </div>
   <div class='ocr_carea' id='block_1_50' title="bbox 2144 2090 3721 2164">
    <p class='ocr_par' dir='ltr' id='par_1_50' title="bbox 2144 2090 3721 2164">
     <span class='ocr_line' id='line_1_50' title="bbox 2144 2090 3721 2164; baseline -0.001 -19"><span class='ocrx_word' id='word_1_373' title='bbox 2144 2094 2452 2164; x_wconf 83' lang='grc' dir='ltr'><strong>σεμνότερά</strong></span> <span class='ocrx_word' id='word_1_374' title='bbox 2494 2095 2609 2146; x_wconf 85' lang='grc' dir='ltr'><strong>ἐστι</strong></span> <span class='ocrx_word' id='word_1_375' title='bbox 2648 2092 2742 2146; x_wconf 89' lang='grc' dir='ltr'><strong>τοῦ</strong></span> <span class='ocrx_word' id='word_1_376' title='bbox 2778 2094 2955 2163; x_wconf 71' lang='grc' dir='ltr'><strong>φωτός</strong></span> <span class='ocrx_word' id='word_1_377' title='bbox 2998 2093 3233 2157; x_wconf 84' lang='grc' dir='ltr'><strong>ἐκείνου,</strong></span> <span class='ocrx_word' id='word_1_378' title='bbox 3268 2093 3346 2156; x_wconf 86' lang='grc' dir='ltr'><strong>ὡς</strong></span> <span class='ocrx_word' id='word_1_379' title='bbox 3380 2094 3447 2162; x_wconf 73' lang='grc' dir='ltr'><strong>τῇ</strong></span> <span class='ocrx_word' id='word_1_380' title='bbox 3478 2090 3602 2159; x_wconf 81' lang='grc' dir='ltr'><strong>δψει</strong></span> <span class='ocrx_word' id='word_1_381' title='bbox 3629 2092 3721 2144; x_wconf 83' lang='grc' dir='ltr'><strong>διά</strong></span> 
     </span>
    </p>
   </div>
   <div class='ocr_carea' id='block_1_51' title="bbox 2143 2174 3721 2252">
    <p class='ocr_par' dir='ltr' id='par_1_51' title="bbox 2143 2174 3721 2252">
     <span class='ocr_line' id='line_1_51' title="bbox 2143 2174 3721 2252; baseline 0.001 -20"><span class='ocrx_word' id='word_1_382' title='bbox 2143 2179 2241 2233; x_wconf 83' lang='grc' dir='ltr'><strong>τοῦ</strong></span> <span class='ocrx_word' id='word_1_383' title='bbox 2280 2174 2443 2248; x_wconf 86' lang='grc' dir='ltr'><strong>ἀέρος</strong></span> <span class='ocrx_word' id='word_1_384' title='bbox 2496 2184 2939 2252; x_wconf 88' lang='grc' dir='ltr'><strong>προσπίπτοντος</strong></span> <span class='ocrx_word' id='word_1_385' title='bbox 2983 2182 3081 2235; x_wconf 77' lang='grc' dir='ltr'><strong>καὶ</strong></span> <span class='ocrx_word' id='word_1_386' title='bbox 3142 2180 3439 2251; x_wconf 79' lang='grc' dir='ltr'><strong>αίσθητικῇ</strong></span> <span class='ocrx_word' id='word_1_387' title='bbox 3490 2180 3721 2249; x_wconf 83' lang='grc' dir='ltr'><strong>δυνάμει</strong></span> 
     </span>
    </p>
   </div>
   <div class='ocr_carea' id='block_1_52' title="bbox 2147 2271 3799 2344">
    <p class='ocr_par' dir='ltr' id='par_1_52' title="bbox 2147 2271 3799 2344">
     <span class='ocr_line' id='line_1_52' title="bbox 2147 2271 3799 2344; baseline -0.001 -20"><span class='ocrx_word' id='word_1_388' title='bbox 2147 2271 2575 2339; x_wconf 85' lang='grc' dir='ltr'><strong>ὑποπίπτοντος,</strong></span> <span class='ocrx_word' id='word_1_389' title='bbox 2607 2277 2702 2326; x_wconf 73' lang='grc' dir='ltr'><strong>καλ</strong></span> <span class='ocrx_word' id='word_1_390' title='bbox 2729 2275 2795 2327; x_wconf 73' lang='grc' dir='ltr'><strong>τά</strong></span> <span class='ocrx_word' id='word_1_391' title='bbox 2823 2274 3057 2344; x_wconf 84' lang='grc' dir='ltr'><strong>αίσθητά</strong></span> <span class='ocrx_word' id='word_1_392' title='bbox 3094 2274 3232 2343; x_wconf 88' lang='grc' dir='ltr'><strong>μόνα</strong></span> <span class='ocrx_word' id='word_1_393' title='bbox 3265 2271 3577 2335; x_wconf 72' lang='grc' dir='ltr'><strong>δεικνύντος</strong></span> <span class='ocrx_word' id='word_1_394' title='bbox 3604 2274 3718 2333; x_wconf 78' lang='grc' dir='ltr'><strong>τοῖς</strong></span> <span class='ocrx_word' id='word_1_395' title='bbox 3778 2306 3799 2323; x_wconf 83' lang='lat'><em>.</em></span> 
     </span>
    </p>
   </div>
   <div class='ocr_carea' id='block_1_53' title="bbox 2147 2346 3721 2433">
    <p class='ocr_par' dir='ltr' id='par_1_53' title="bbox 2147 2346 3721 2433">
     <span class='ocr_line' id='line_1_53' title="bbox 2147 2346 3721 2433; baseline -0.001 -20"><span class='ocrx_word' id='word_1_396' title='bbox 2147 2363 2373 2431; x_wconf 85' lang='grc' dir='ltr'><strong>ὁρῶσιν,</strong></span> <span class='ocrx_word' id='word_1_397' title='bbox 2415 2361 2603 2415; x_wconf 81' lang='grc' dir='ltr'><strong>ὑλικοῦ</strong></span> <span class='ocrx_word' id='word_1_398' title='bbox 2656 2379 2716 2415; x_wconf 89' lang='grc' dir='ltr'><strong>τε</strong></span> <span class='ocrx_word' id='word_1_399' title='bbox 2764 2363 2917 2425; x_wconf 78' lang='grc' dir='ltr'><strong>ὄντος</strong></span> <span class='ocrx_word' id='word_1_400' title='bbox 2963 2362 3059 2416; x_wconf 78' lang='grc' dir='ltr'><strong>καὶ</strong></span> <span class='ocrx_word' id='word_1_401' title='bbox 3110 2346 3586 2433; x_wconf 55' lang='grc' dir='ltr'><strong>ἐσχηματισμένου</strong></span> <span class='ocrx_word' id='word_1_402' title='bbox 3622 2364 3721 2414; x_wconf 76' lang='grc' dir='ltr'><strong>καὶ</strong></span> 
     </span>
    </p>
   </div>
   <div class='ocr_carea' id='block_1_54' title="bbox 2149 2451 3721 2524">
    <p class='ocr_par' dir='ltr' id='par_1_54' title="bbox 2149 2451 3721 2524">
     <span class='ocr_line' id='line_1_54' title="bbox 2149 2451 3721 2524; baseline -0.001 -19"><span class='ocrx_word' id='word_1_403' title='bbox 2149 2451 2379 2521; x_wconf 74' lang='grc' dir='ltr'><strong>ἐντόπῳ</strong></span> <span class='ocrx_word' id='word_1_404' title='bbox 2434 2454 2526 2505; x_wconf 73' lang='grc' dir='ltr'><strong>καὶ</strong></span> <span class='ocrx_word' id='word_1_405' title='bbox 2577 2454 2636 2506; x_wconf 82' lang='grc' dir='ltr'><strong>ἐν</strong></span> <span class='ocrx_word' id='word_1_406' title='bbox 2678 2454 2855 2522; x_wconf 76' lang='grc' dir='ltr'><strong>χρόνῳ</strong></span> <span class='ocrx_word' id='word_1_407' title='bbox 2901 2457 3254 2524; x_wconf 84' lang='grc' dir='ltr'><strong>φαινομένου,</strong></span> <span class='ocrx_word' id='word_1_408' title='bbox 3305 2453 3399 2505; x_wconf 78' lang='grc' dir='ltr'><strong>καὶ</strong></span> <span class='ocrx_word' id='word_1_409' title='bbox 3447 2454 3541 2506; x_wconf 81' lang='grc' dir='ltr'><strong>τὸν</strong></span> <span class='ocrx_word' id='word_1_410' title='bbox 3582 2452 3721 2520; x_wconf 77' lang='grc' dir='ltr'><strong>ἀέρα</strong></span> 
     </span>
    </p>
   </div>
   <div class='ocr_carea' id='block_1_55' title="bbox 2148 2543 3725 2617">
    <p class='ocr_par' dir='ltr' id='par_1_55' title="bbox 2148 2543 3725 2617">
     <span class='ocr_line' id='line_1_55' title="bbox 2148 2543 3725 2617; baseline 0.001 -22"><span class='ocrx_word' id='word_1_411' title='bbox 2148 2543 2615 2613; x_wconf 76' lang='grc' dir='ltr'><strong>χρωματίζοντος,</strong></span> <span class='ocrx_word' id='word_1_412' title='bbox 2654 2546 2751 2599; x_wconf 77' lang='grc' dir='ltr'><strong>καὶ</strong></span> <span class='ocrx_word' id='word_1_413' title='bbox 2788 2545 2886 2598; x_wconf 92' lang='grc' dir='ltr'><strong>νῦν</strong></span> <span class='ocrx_word' id='word_1_414' title='bbox 2933 2545 3033 2615; x_wconf 68' lang='grc' dir='ltr'><strong>μὲν</strong></span> <span class='ocrx_word' id='word_1_415' title='bbox 3078 2547 3480 2617; x_wconf 86' lang='grc' dir='ltr'><strong>συνισταμένου</strong></span> <span class='ocrx_word' id='word_1_416' title='bbox 3525 2564 3584 2599; x_wconf 88' lang='grc' dir='ltr'><strong>τε</strong></span> <span class='ocrx_word' id='word_1_417' title='bbox 3626 2546 3725 2598; x_wconf 72' lang='grc' dir='ltr'><strong>καὶ</strong></span> 
     </span>
    </p>
   </div>
   <div class='ocr_carea' id='block_1_56' title="bbox 2151 2632 3722 2707">
    <p class='ocr_par' dir='ltr' id='par_1_56' title="bbox 2151 2632 3722 2707">
     <span class='ocr_line' id='line_1_56' title="bbox 2151 2632 3722 2707; baseline 0 -19"><span class='ocrx_word' id='word_1_418' title='bbox 2151 2635 2507 2704; x_wconf 78' lang='grc' dir='ltr'><strong>φαινομένου,</strong></span> <span class='ocrx_word' id='word_1_419' title='bbox 2554 2634 2651 2688; x_wconf 89' lang='grc' dir='ltr'><strong>νῦν</strong></span> <span class='ocrx_word' id='word_1_420' title='bbox 2680 2635 2736 2689; x_wconf 84' lang='grc' dir='ltr'><strong>δέ</strong></span> <span class='ocrx_word' id='word_1_421' title='bbox 2765 2637 3125 2707; x_wconf 79' lang='grc' dir='ltr'><strong>διαλυομένου</strong></span> <span class='ocrx_word' id='word_1_422' title='bbox 3156 2638 3250 2691; x_wconf 71' lang='grc' dir='ltr'><strong>καὶ</strong></span> <span class='ocrx_word' id='word_1_423' title='bbox 3280 2639 3358 2702; x_wconf 86' lang='grc' dir='ltr'><strong>είς</strong></span> <span class='ocrx_word' id='word_1_424' title='bbox 3390 2640 3449 2691; x_wconf 82' lang='grc' dir='ltr'><strong>τὸ</strong></span> <span class='ocrx_word' id='word_1_425' title='bbox 3479 2639 3554 2707; x_wconf 73' lang='grc' dir='ltr'><strong>μὴ</strong></span> <span class='ocrx_word' id='word_1_426' title='bbox 3580 2632 3722 2691; x_wconf 79' lang='grc' dir='ltr'><strong>εἶναι</strong></span> 
     </span>
    </p>
   </div>
   <div class='ocr_carea' id='block_1_57' title="bbox 2150 2724 3721 2797">
    <p class='ocr_par' dir='ltr' id='par_1_57' title="bbox 2150 2724 3721 2797">
     <span class='ocr_line' id='line_1_57' title="bbox 2150 2724 3721 2797; baseline 0.002 -20"><span class='ocrx_word' id='word_1_427' title='bbox 2150 2724 2479 2796; x_wconf 89' lang='grc' dir='ltr'><strong>χωροῦντος,</strong></span> <span class='ocrx_word' id='word_1_428' title='bbox 2511 2726 2604 2780; x_wconf 80' lang='grc' dir='ltr'><strong>άτε</strong></span> <span class='ocrx_word' id='word_1_429' title='bbox 2654 2726 2986 2795; x_wconf 85' lang='grc' dir='ltr'><strong>φανταστοῦ,</strong></span> <span class='ocrx_word' id='word_1_430' title='bbox 3022 2728 3280 2797; x_wconf 83' lang='grc' dir='ltr'><strong>μεριστοῦ</strong></span> <span class='ocrx_word' id='word_1_431' title='bbox 3318 2745 3377 2781; x_wconf 93' lang='grc' dir='ltr'><strong>τε</strong></span> <span class='ocrx_word' id='word_1_432' title='bbox 3413 2729 3506 2781; x_wconf 78' lang='grc' dir='ltr'><strong>καὶ</strong></span> <span class='ocrx_word' id='word_1_433' title='bbox 3552 2746 3721 2781; x_wconf 81' lang='grc' dir='ltr'><strong>πεπε-</strong></span> 
     </span>
    </p>
   </div>
   <div class='ocr_carea' id='block_1_58' title="bbox 2154 2816 3723 2891">
    <p class='ocr_par' dir='ltr' id='par_1_58' title="bbox 2154 2816 3723 2891">
     <span class='ocr_line' id='line_1_58' title="bbox 2154 2816 3723 2891; baseline 0.003 -23"><span class='ocrx_word' id='word_1_434' title='bbox 2154 2817 2452 2887; x_wconf 85' lang='grc' dir='ltr'><strong>ρασμένου,</strong></span> <span class='ocrx_word' id='word_1_435' title='bbox 2482 2818 2554 2871; x_wconf 84' lang='grc' dir='ltr'><strong>δι’</strong></span> <span class='ocrx_word' id='word_1_436' title='bbox 2580 2819 2609 2872; x_wconf 85' lang='grc' dir='ltr'><strong>ὅ</strong></span> <span class='ocrx_word' id='word_1_437' title='bbox 2638 2819 2732 2873; x_wconf 75' lang='grc' dir='ltr'><strong>καὶ</strong></span> <span class='ocrx_word' id='word_1_438' title='bbox 2762 2820 3045 2890; x_wconf 84' lang='grc' dir='ltr'><strong>ὁρώμενον</strong></span> <span class='ocrx_word' id='word_1_439' title='bbox 3073 2816 3141 2891; x_wconf 80' lang='grc' dir='ltr'><strong>ἦν</strong></span> <span class='ocrx_word' id='word_1_440' title='bbox 3180 2821 3286 2873; x_wconf 79' lang='grc' dir='ltr'><strong>ὑπὸ</strong></span> <span class='ocrx_word' id='word_1_441' title='bbox 3311 2820 3421 2875; x_wconf 89' lang='grc' dir='ltr'><strong>τῶν</strong></span> <span class='ocrx_word' id='word_1_442' title='bbox 3460 2820 3723 2890; x_wconf 75' lang='grc' dir='ltr'><strong>στέρησιν</strong></span> 
     </span>
    </p>
   </div>
   <div class='ocr_carea' id='block_1_59' title="bbox 2154 2910 3727 2983">
    <p class='ocr_par' dir='ltr' id='par_1_59' title="bbox 2154 2910 3727 2983">
     <span class='ocr_line' id='line_1_59' title="bbox 2154 2910 3727 2983; baseline 0.002 -23"><span class='ocrx_word' id='word_1_443' title='bbox 2154 2910 2472 2979; x_wconf 88' lang='grc' dir='ltr'><strong>πασχόντων</strong></span> <span class='ocrx_word' id='word_1_444' title='bbox 2486 2912 2597 2969; x_wconf 78' lang='grc' dir='ltr'><strong>τῶν</strong></span> <span class='ocrx_word' id='word_1_445' title='bbox 2620 2912 2821 2983; x_wconf 84' lang='grc' dir='ltr'><strong>νοερῶν</strong></span> <span class='ocrx_word' id='word_1_446' title='bbox 2847 2912 3162 2983; x_wconf 76' lang='grc' dir='ltr'><strong>ἐνεργειῶν,</strong></span> <span class='ocrx_word' id='word_1_447' title='bbox 3191 2912 3393 2981; x_wconf 80' lang='grc' dir='ltr'><strong>μᾶλλον</strong></span> <span class='ocrx_word' id='word_1_448' title='bbox 3412 2912 3470 2965; x_wconf 75' lang='grc' dir='ltr'><strong>δέ</strong></span> <span class='ocrx_word' id='word_1_449' title='bbox 3497 2913 3727 2981; x_wconf 82' lang='grc' dir='ltr'><strong>μηδέπω</strong></span> 
     </span>
    </p>
   </div>
   <div class='ocr_carea' id='block_1_60' title="bbox 2154 2999 3724 3073">
    <p class='ocr_par' dir='ltr' id='par_1_60' title="bbox 2154 2999 3724 3073">
     <span class='ocr_line' id='line_1_60' title="bbox 2154 2999 3724 3073; baseline 0.001 -23"><span class='ocrx_word' id='word_1_450' title='bbox 2154 2999 2359 3062; x_wconf 85' lang='grc' dir='ltr'><strong>ταύτας</strong></span> <span class='ocrx_word' id='word_1_451' title='bbox 2392 3000 2530 3062; x_wconf 88' lang='grc' dir='ltr'><strong>δλως</strong></span> <span class='ocrx_word' id='word_1_452' title='bbox 2581 3000 2968 3070; x_wconf 85' lang='grc' dir='ltr'><strong>κτησαμένων,</strong></span> <span class='ocrx_word' id='word_1_453' title='bbox 3018 3002 3113 3055; x_wconf 79' lang='grc' dir='ltr'><strong>καὶ</strong></span> <span class='ocrx_word' id='word_1_454' title='bbox 3160 3002 3327 3073; x_wconf 81' lang='grc' dir='ltr'><strong>μήπω</strong></span> <span class='ocrx_word' id='word_1_455' title='bbox 3375 3001 3724 3069; x_wconf 74' lang='grc' dir='ltr'><strong>κεκαθαρμέ-</strong></span> 
     </span>
    </p>
   </div>
   <div class='ocr_carea' id='block_1_61' title="bbox 486 3074 3723 3159">
    <p class='ocr_par' dir='ltr' id='par_1_61' title="bbox 486 3074 3723 3159">
     <span class='ocr_line' id='line_1_61' title="bbox 486 3074 3723 3159; baseline 0.001 -22"><span class='ocrx_word' id='word_1_456' title='bbox 486 3075 516 3126; x_wconf 81' lang='grc' dir='ltr'><strong>ὀ</strong></span> <span class='ocrx_word' id='word_1_457' title='bbox 544 3075 642 3146; x_wconf 82' lang='grc' dir='ltr'><strong>τῆς</strong></span> <span class='ocrx_word' id='word_1_458' title='bbox 680 3076 735 3127; x_wconf 72' lang='grc' dir='ltr'><strong>ὲν</strong></span> <span class='ocrx_word' id='word_1_459' title='bbox 766 3074 1074 3147; x_wconf 78' lang='grc' dir='ltr'><strong>Χαλκηδόνι</strong></span> <span class='ocrx_word' id='word_1_460' title='bbox 1126 3076 1306 3130; x_wconf 82' lang='grc' dir='ltr'><strong>κανὼν</strong></span> <span class='ocrx_word' id='word_1_461' title='bbox 1345 3077 1862 3140; x_wconf 71' lang='grc' dir='ltr'><strong>ἐννεακαιδέκατος*</strong></span> <span class='ocrx_word' id='word_1_462' title='bbox 1917 3092 1936 3129; x_wconf 75' lang='grc' dir='ltr'><strong>α</strong></span> <span class='ocrx_word' id='word_1_463' title='bbox 1967 3080 2057 3130; x_wconf 80' lang='grc' dir='ltr'><strong>Δεῖ</strong></span> <span class='ocrx_word' id='word_1_464' title='bbox 2081 3095 2126 3157; x_wconf 77' lang='lat' dir='ltr'>c</span> <span class='ocrx_word' id='word_1_465' title='bbox 2158 3106 2265 3140; x_wconf 88' lang='grc' dir='ltr'><strong>νων</strong></span> <span class='ocrx_word' id='word_1_466' title='bbox 2295 3088 2490 3153; x_wconf 75' lang='grc' dir='ltr'><strong>ὅντων,</strong></span> <span class='ocrx_word' id='word_1_467' title='bbox 2521 3090 2660 3143; x_wconf 79' lang='grc' dir='ltr'><strong>ἀλλὰ</strong></span> <span class='ocrx_word' id='word_1_468' title='bbox 2692 3093 2789 3145; x_wconf 78' lang='grc' dir='ltr'><strong>καὶ</strong></span> <span class='ocrx_word' id='word_1_469' title='bbox 2814 3092 3022 3146; x_wconf 79' lang='grc' dir='ltr'><strong>ἀτελῶν</strong></span> <span class='ocrx_word' id='word_1_470' title='bbox 3055 3095 3153 3145; x_wconf 74' lang='grc' dir='ltr'><strong>καὶ</strong></span> <span class='ocrx_word' id='word_1_471' title='bbox 3178 3093 3268 3146; x_wconf 81' lang='grc' dir='ltr'><strong>ἐπ’</strong></span> <span class='ocrx_word' id='word_1_472' title='bbox 3301 3093 3470 3158; x_wconf 82' lang='grc' dir='ltr'><strong>αὐτῆς</strong></span> <span class='ocrx_word' id='word_1_473' title='bbox 3500 3093 3723 3159; x_wconf 73' lang='grc' dir='ltr'><strong>ἐκείνης</strong></span> 
     </span>
    </p>
   </div>
   <div class='ocr_carea' id='block_1_62' title="bbox 486 3166 2052 3240">
    <p class='ocr_par' dir='ltr' id='par_1_62' title="bbox 486 3166 2052 3240">
     <span class='ocr_line' id='line_1_62' title="bbox 486 3166 2052 3240; baseline 0.003 -22"><span class='ocrx_word' id='word_1_474' title='bbox 486 3166 614 3229; x_wconf 77' lang='grc' dir='ltr'><strong>τοὺς</strong></span> <span class='ocrx_word' id='word_1_475' title='bbox 637 3166 744 3219; x_wconf 86' lang='grc' dir='ltr'><strong>τῶν</strong></span> <span class='ocrx_word' id='word_1_476' title='bbox 768 3167 1077 3235; x_wconf 74' lang='grc' dir='ltr'><strong>ἐκκλησιῶν</strong></span> <span class='ocrx_word' id='word_1_477' title='bbox 1103 3169 1452 3238; x_wconf 84' lang='grc' dir='ltr'><strong>προεστῶτας</strong></span> <span class='ocrx_word' id='word_1_478' title='bbox 1471 3170 1531 3222; x_wconf 90' lang='grc' dir='ltr'><strong>ἐν</strong></span> <span class='ocrx_word' id='word_1_479' title='bbox 1551 3168 1699 3240; x_wconf 78' lang='grc' dir='ltr'><strong>πάσῃ</strong></span> <span class='ocrx_word' id='word_1_480' title='bbox 1726 3169 1824 3238; x_wconf 71' lang='grc' dir='ltr'><strong>μὲν</strong></span> <span class='ocrx_word' id='word_1_481' title='bbox 1846 3169 2052 3240; x_wconf 71' lang='grc' dir='ltr'><strong>ἡμέρᾳ,</strong></span> 
     </span>
    </p>
   </div>
   <div class='ocr_carea' id='block_1_63' title="bbox 490 3257 2053 3333">
    <p class='ocr_par' dir='ltr' id='par_1_63' title="bbox 490 3257 2053 3333">
     <span class='ocr_line' id='line_1_63' title="bbox 490 3257 2053 3333; baseline 0.003 -22"><span class='ocrx_word' id='word_1_482' title='bbox 490 3257 785 3328; x_wconf 73' lang='grc' dir='ltr'><strong>ἐξαιρέτως</strong></span> <span class='ocrx_word' id='word_1_483' title='bbox 814 3261 869 3312; x_wconf 84' lang='grc' dir='ltr'><strong>δέ</strong></span> <span class='ocrx_word' id='word_1_484' title='bbox 900 3263 1018 3324; x_wconf 82' lang='grc' dir='ltr'><strong>ταῖς</strong></span> <span class='ocrx_word' id='word_1_485' title='bbox 1047 3260 1376 3332; x_wconf 74' lang='grc' dir='ltr'><strong>Κυριακαῖς,</strong></span> <span class='ocrx_word' id='word_1_486' title='bbox 1409 3262 1585 3318; x_wconf 85' lang='grc' dir='ltr'><strong>πάντα</strong></span> <span class='ocrx_word' id='word_1_487' title='bbox 1610 3262 1702 3316; x_wconf 75' lang='grc' dir='ltr'><strong>τὸν</strong></span> <span class='ocrx_word' id='word_1_488' title='bbox 1730 3262 1927 3333; x_wconf 83' lang='grc' dir='ltr'><strong>κλῆρον</strong></span> <span class='ocrx_word' id='word_1_489' title='bbox 1960 3263 2053 3315; x_wconf 75' lang='grc' dir='ltr'><strong>καὶ</strong></span> 
     </span>
    </p>
   </div>
   <div class='ocr_carea' id='block_1_64' title="bbox 493 3349 2058 3424">
    <p class='ocr_par' dir='ltr' id='par_1_64' title="bbox 493 3349 2058 3424">
     <span class='ocr_line' id='line_1_64' title="bbox 493 3349 2058 3424; baseline 0.005 -24"><span class='ocrx_word' id='word_1_490' title='bbox 493 3350 586 3401; x_wconf 87' lang='grc' dir='ltr'><strong>τὸν</strong></span> <span class='ocrx_word' id='word_1_491' title='bbox 621 3349 750 3402; x_wconf 82' lang='grc' dir='ltr'><strong>λαὸν</strong></span> <span class='ocrx_word' id='word_1_492' title='bbox 782 3350 1123 3407; x_wconf 84' lang='grc' dir='ltr'><strong>ἐκδιδάσκειν</strong></span> <span class='ocrx_word' id='word_1_493' title='bbox 1158 3354 1284 3416; x_wconf 80' lang='grc' dir='ltr'><strong>τοῦς</strong></span> <span class='ocrx_word' id='word_1_494' title='bbox 1323 3355 1420 3424; x_wconf 85' lang='grc' dir='ltr'><strong>τῆς</strong></span> <span class='ocrx_word' id='word_1_495' title='bbox 1451 3355 1733 3417; x_wconf 81' lang='grc' dir='ltr'><strong>εὐσεϐείας</strong></span> <span class='ocrx_word' id='word_1_496' title='bbox 1767 3354 1958 3423; x_wconf 84' lang='grc' dir='ltr'><strong>λόγους</strong></span> <span class='ocrx_word' id='word_1_497' title='bbox 1993 3357 2058 3408; x_wconf 76' lang='grc' dir='ltr'><strong>ὲκ</strong></span> 
     </span>
    </p>
   </div>
   <div class='ocr_carea' id='block_1_65' title="bbox 492 3442 2058 3516">
    <p class='ocr_par' dir='ltr' id='par_1_65' title="bbox 492 3442 2058 3516">
     <span class='ocr_line' id='line_1_65' title="bbox 492 3442 2058 3516; baseline 0.004 -23"><span class='ocrx_word' id='word_1_498' title='bbox 492 3442 593 3510; x_wconf 80' lang='grc' dir='ltr'><strong>τῆς</strong></span> <span class='ocrx_word' id='word_1_499' title='bbox 625 3442 777 3505; x_wconf 87' lang='grc' dir='ltr'><strong>θείας</strong></span> <span class='ocrx_word' id='word_1_500' title='bbox 824 3442 1050 3514; x_wconf 84' lang='grc' dir='ltr'><strong>Γραφῆς</strong></span> <span class='ocrx_word' id='word_1_501' title='bbox 1097 3445 1550 3513; x_wconf 83' lang='grc' dir='ltr'><strong>άναλεγομένους,</strong></span> <span class='ocrx_word' id='word_1_502' title='bbox 1583 3447 1651 3499; x_wconf 73' lang='grc' dir='ltr'><strong>τὰ</strong></span> <span class='ocrx_word' id='word_1_503' title='bbox 1674 3448 1772 3515; x_wconf 84' lang='grc' dir='ltr'><strong>τῆς</strong></span> <span class='ocrx_word' id='word_1_504' title='bbox 1800 3448 2058 3516; x_wconf 82' lang='grc' dir='ltr'><strong>ἀληθείας</strong></span> 
     </span>
    </p>
   </div>
   <div class='ocr_carea' id='block_1_66' title="bbox 470 3518 2059 3609">
    <p class='ocr_par' dir='ltr' id='par_1_66' title="bbox 470 3518 2059 3609">
     <span class='ocr_line' id='line_1_66' title="bbox 470 3518 2059 3609; baseline 0.004 -24"><span class='ocrx_word' id='word_1_505' title='bbox 470 3518 743 3603; x_wconf 59' lang='grc' dir='ltr'><strong>⁴νοήμοιτά</strong></span> <span class='ocrx_word' id='word_1_506' title='bbox 766 3552 825 3588; x_wconf 85' lang='grc' dir='ltr'><strong>τε</strong></span> <span class='ocrx_word' id='word_1_507' title='bbox 856 3537 948 3589; x_wconf 81' lang='grc' dir='ltr'><strong>καὶ</strong></span> <span class='ocrx_word' id='word_1_508' title='bbox 978 3538 1218 3606; x_wconf 79' lang='grc' dir='ltr'><strong>ῥήματα,</strong></span> <span class='ocrx_word' id='word_1_509' title='bbox 1243 3538 1339 3590; x_wconf 78' lang='grc' dir='ltr'><strong>καὶ</strong></span> <span class='ocrx_word' id='word_1_510' title='bbox 1371 3538 1445 3608; x_wconf 80' lang='grc' dir='ltr'><strong>μὴ</strong></span> <span class='ocrx_word' id='word_1_511' title='bbox 1468 3538 1908 3609; x_wconf 88' lang='grc' dir='ltr'><strong>παραϐαίνοντας</strong></span> <span class='ocrx_word' id='word_1_512' title='bbox 1934 3540 2059 3601; x_wconf 81' lang='grc' dir='ltr'><strong>τοὺς</strong></span> 
     </span>
    </p>
   </div>
   <div class='ocr_carea' id='block_1_67' title="bbox 492 3627 2059 3704">
    <p class='ocr_par' dir='ltr' id='par_1_67' title="bbox 492 3627 2059 3704">
     <span class='ocr_line' id='line_1_67' title="bbox 492 3627 2059 3704; baseline 0.003 -26"><span class='ocrx_word' id='word_1_513' title='bbox 492 3627 593 3696; x_wconf 72' lang='grc' dir='ltr'><strong>ἥδη</strong></span> <span class='ocrx_word' id='word_1_514' title='bbox 616 3629 871 3692; x_wconf 88' lang='grc' dir='ltr'><strong>τεθέντας</strong></span> <span class='ocrx_word' id='word_1_515' title='bbox 897 3630 1053 3699; x_wconf 76' lang='grc' dir='ltr'><strong>ὅρους</strong></span> <span class='ocrx_word' id='word_1_516' title='bbox 1077 3629 1110 3698; x_wconf 83' lang='grc' dir='ltr'>ἢ</span> <span class='ocrx_word' id='word_1_517' title='bbox 1142 3631 1244 3699; x_wconf 83' lang='grc' dir='ltr'><strong>τὴν</strong></span> <span class='ocrx_word' id='word_1_518' title='bbox 1271 3631 1335 3704; x_wconf 80' lang='grc' dir='ltr'><strong>ἐκ</strong></span> <span class='ocrx_word' id='word_1_519' title='bbox 1357 3632 1467 3683; x_wconf 90' lang='grc' dir='ltr'><strong>τῶν</strong></span> <span class='ocrx_word' id='word_1_520' title='bbox 1494 3629 1769 3700; x_wconf 85' lang='grc' dir='ltr'><strong>θεοφόρων</strong></span> <span class='ocrx_word' id='word_1_521' title='bbox 1798 3631 2059 3700; x_wconf 85' lang='grc' dir='ltr'><strong>Πατέρων</strong></span> 
     </span>
    </p>
   </div>
   <div class='ocr_carea' id='block_1_68' title="bbox 492 3716 2057 3793">
    <p class='ocr_par' dir='ltr' id='par_1_68' title="bbox 492 3716 2057 3793">
     <span class='ocr_line' id='line_1_68' title="bbox 492 3716 2057 3793; baseline 0.003 -23"><span class='ocrx_word' id='word_1_522' title='bbox 492 3716 814 3789; x_wconf 70' lang='grc' dir='ltr'><strong>παράδοσιν,</strong></span> <span class='ocrx_word' id='word_1_523' title='bbox 862 3720 995 3775; x_wconf 85' lang='grc' dir='ltr'><strong>ἀλλά</strong></span> <span class='ocrx_word' id='word_1_524' title='bbox 1031 3722 1146 3787; x_wconf 77' lang='grc' dir='ltr'><strong>καὶ,</strong></span> <span class='ocrx_word' id='word_1_525' title='bbox 1188 3723 1238 3776; x_wconf 87' lang='grc' dir='ltr'><strong>εί</strong></span> <span class='ocrx_word' id='word_1_526' title='bbox 1266 3723 1535 3793; x_wconf 63' lang='grc' dir='ltr'><strong>γραφικὸς</strong></span> <span class='ocrx_word' id='word_1_527' title='bbox 1568 3723 1922 3793; x_wconf 84' lang='grc' dir='ltr'><strong>ἀνακινηθείη</strong></span> <span class='ocrx_word' id='word_1_528' title='bbox 1966 3722 2057 3775; x_wconf 74' lang='grc' dir='ltr'><strong>λόο</strong></span> 
     </span>
    </p>
   </div>
   <div class='ocr_carea' id='block_1_69' title="bbox 492 3811 2059 3885">
    <p class='ocr_par' dir='ltr' id='par_1_69' title="bbox 492 3811 2059 3885">
     <span class='ocr_line' id='line_1_69' title="bbox 492 3811 2059 3885; baseline 0.003 -22"><span class='ocrx_word' id='word_1_529' title='bbox 492 3828 610 3877; x_wconf 88' lang='grc' dir='ltr'><strong>γος,</strong></span> <span class='ocrx_word' id='word_1_530' title='bbox 650 3811 725 3882; x_wconf 82' lang='grc' dir='ltr'><strong>μὴ</strong></span> <span class='ocrx_word' id='word_1_531' title='bbox 773 3813 948 3877; x_wconf 81' lang='grc' dir='ltr'><strong>ἄλλως</strong></span> <span class='ocrx_word' id='word_1_532' title='bbox 978 3814 1164 3867; x_wconf 86' lang='grc' dir='ltr'><strong>τοῦτον</strong></span> <span class='ocrx_word' id='word_1_533' title='bbox 1198 3814 1675 3885; x_wconf 76' lang='grc' dir='ltr'><strong>ἑρμηνευέτωσαν,</strong></span> <span class='ocrx_word' id='word_1_534' title='bbox 1722 3815 1754 3885; x_wconf 76' lang='grc' dir='ltr'>ἢ</span> <span class='ocrx_word' id='word_1_535' title='bbox 1795 3814 1870 3877; x_wconf 87' lang='grc' dir='ltr'><strong>ὡς</strong></span> <span class='ocrx_word' id='word_1_536' title='bbox 1901 3814 1968 3868; x_wconf 83' lang='grc' dir='ltr'><strong>ἂν</strong></span> <span class='ocrx_word' id='word_1_537' title='bbox 2008 3815 2059 3868; x_wconf 86' lang='grc' dir='ltr'><strong>οί</strong></span> 
     </span>
    </p>
   </div>
   <div class='ocr_carea' id='block_1_70' title="bbox 494 3903 2061 3976">
    <p class='ocr_par' dir='ltr' id='par_1_70' title="bbox 494 3903 2061 3976">
     <span class='ocr_line' id='line_1_70' title="bbox 494 3903 2061 3976; baseline 0.003 -22"><span class='ocrx_word' id='word_1_538' title='bbox 494 3904 592 3972; x_wconf 74' lang='grc' dir='ltr'><strong>τῆς</strong></span> <span class='ocrx_word' id='word_1_539' title='bbox 623 3903 950 3974; x_wconf 86' lang='grc' dir='ltr'><strong>Ἐκκλησίας</strong></span> <span class='ocrx_word' id='word_1_540' title='bbox 986 3907 1273 3976; x_wconf 78' lang='grc' dir='ltr'><strong>φωστῆρες</strong></span> <span class='ocrx_word' id='word_1_541' title='bbox 1313 3908 1409 3960; x_wconf 74' lang='grc' dir='ltr'><strong>καὶ</strong></span> <span class='ocrx_word' id='word_1_542' title='bbox 1464 3907 1774 3961; x_wconf 84' lang='grc' dir='ltr'><strong>διδάσκαλοι</strong></span> <span class='ocrx_word' id='word_1_543' title='bbox 1821 3904 1907 3958; x_wconf 78' lang='grc' dir='ltr'><strong>διά</strong></span> <span class='ocrx_word' id='word_1_544' title='bbox 1949 3905 2061 3959; x_wconf 88' lang='grc' dir='ltr'><strong>τῶν</strong></span> 
     </span>
    </p>
   </div>
   <div class='ocr_carea' id='block_1_71' title="bbox 494 3999 2061 4070">
    <p class='ocr_par' dir='ltr' id='par_1_71' title="bbox 494 3999 2061 4070">
     <span class='ocr_line' id='line_1_71' title="bbox 494 3999 2061 4070; baseline 0 -19"><span class='ocrx_word' id='word_1_545' title='bbox 494 3999 712 4053; x_wconf 82' lang='grc' dir='ltr'><strong>οίκείων</strong></span> <span class='ocrx_word' id='word_1_546' title='bbox 767 4001 1221 4070; x_wconf 81' lang='grc' dir='ltr'><strong>συγγραμμάτων</strong></span> <span class='ocrx_word' id='word_1_547' title='bbox 1253 4001 1592 4068; x_wconf 76' lang='grc' dir='ltr'><strong>παρέθεντοο</strong></span> <span class='ocrx_word' id='word_1_548' title='bbox 1637 4001 1732 4053; x_wconf 82' lang='grc' dir='ltr'><strong>καὶ</strong></span> <span class='ocrx_word' id='word_1_549' title='bbox 1766 3999 1969 4069; x_wconf 76' lang='grc' dir='ltr'><strong>μᾶλλον</strong></span> <span class='ocrx_word' id='word_1_550' title='bbox 2003 4000 2061 4051; x_wconf 88' lang='grc' dir='ltr'><strong>ἐν</strong></span> 
     </span>
    </p>
   </div>
   <div class='ocr_carea' id='block_1_72' title="bbox 495 4092 2059 4163">
    <p class='ocr_par' dir='ltr' id='par_1_72' title="bbox 495 4092 2059 4163">
     <span class='ocr_line' id='line_1_72' title="bbox 495 4092 2059 4163; baseline 0.002 -20"><span class='ocrx_word' id='word_1_551' title='bbox 495 4093 705 4156; x_wconf 82' lang='grc' dir='ltr'><strong>τούτοις</strong></span> <span class='ocrx_word' id='word_1_552' title='bbox 741 4093 1226 4162; x_wconf 78' lang='grc' dir='ltr'><strong>εὐδοκιμείτωσαν,</strong></span> <span class='ocrx_word' id='word_1_553' title='bbox 1260 4094 1292 4163; x_wconf 83' lang='grc' dir='ltr'>ἢ</span> <span class='ocrx_word' id='word_1_554' title='bbox 1342 4092 1534 4157; x_wconf 89' lang='grc' dir='ltr'><strong>λόγους</strong></span> <span class='ocrx_word' id='word_1_555' title='bbox 1561 4092 1798 4156; x_wconf 86' lang='grc' dir='ltr'><strong>οἰκείους</strong></span> <span class='ocrx_word' id='word_1_556' title='bbox 1835 4094 2059 4146; x_wconf 88' lang='grc' dir='ltr'><strong>συντάτ-</strong></span> 
     </span>
    </p>
   </div>
   <div class='ocr_carea' id='block_1_73' title="bbox 496 4185 2057 4257">
    <p class='ocr_par' dir='ltr' id='par_1_73' title="bbox 496 4185 2057 4257">
     <span class='ocr_line' id='line_1_73' title="bbox 496 4185 2057 4257; baseline 0.001 -20"><span class='ocrx_word' id='word_1_557' title='bbox 496 4203 697 4249; x_wconf 88' lang='grc' dir='ltr'><strong>τοντες,</strong></span> <span class='ocrx_word' id='word_1_558' title='bbox 724 4186 871 4239; x_wconf 74' lang='grc' dir='ltr'><strong>ἐστιν</strong></span> <span class='ocrx_word' id='word_1_559' title='bbox 903 4189 991 4239; x_wconf 81' lang='grc' dir='ltr'><strong>ὅτε</strong></span> <span class='ocrx_word' id='word_1_560' title='bbox 1028 4188 1123 4239; x_wconf 69' lang='grc' dir='ltr'><strong>καὶ</strong></span> <span class='ocrx_word' id='word_1_561' title='bbox 1157 4187 1381 4257; x_wconf 85' lang='grc' dir='ltr'><strong>ἀπόρως</strong></span> <span class='ocrx_word' id='word_1_562' title='bbox 1431 4185 1648 4256; x_wconf 72' lang='grc' dir='ltr'><strong>ἔχοντες</strong></span> <span class='ocrx_word' id='word_1_563' title='bbox 1694 4187 1830 4256; x_wconf 83' lang='grc' dir='ltr'><strong>πρὸς</strong></span> <span class='ocrx_word' id='word_1_564' title='bbox 1878 4186 2057 4249; x_wconf 87' lang='grc' dir='ltr'><strong>τοῦτο,</strong></span> 
     </span>
    </p>
   </div>
   <div class='ocr_carea' id='block_1_74' title="bbox 495 4276 2062 4349">
    <p class='ocr_par' dir='ltr' id='par_1_74' title="bbox 495 4276 2062 4349">
     <span class='ocr_line' id='line_1_74' title="bbox 495 4276 2062 4349; baseline 0.003 -21"><span class='ocrx_word' id='word_1_565' title='bbox 495 4278 857 4330; x_wconf 78' lang='grc' dir='ltr'><strong>ἀποπίπτοιεν</strong></span> <span class='ocrx_word' id='word_1_566' title='bbox 911 4276 1005 4330; x_wconf 91' lang='grc' dir='ltr'><strong>τοῦ</strong></span> <span class='ocrx_word' id='word_1_567' title='bbox 1052 4280 1424 4348; x_wconf 85' lang='grc' dir='ltr'><strong>προσήκοντος</strong></span> <span class='ocrx_word' id='word_1_568' title='bbox 1451 4293 1467 4309; x_wconf 86' lang='grc'>·</span> <span class='ocrx_word' id='word_1_569' title='bbox 1513 4278 1605 4331; x_wconf 85' lang='grc' dir='ltr'><strong>διά</strong></span> <span class='ocrx_word' id='word_1_570' title='bbox 1660 4279 1770 4347; x_wconf 84' lang='grc' dir='ltr'><strong>γὰρ</strong></span> <span class='ocrx_word' id='word_1_571' title='bbox 1816 4277 1913 4349; x_wconf 81' lang='grc' dir='ltr'><strong>τῆς</strong></span> <span class='ocrx_word' id='word_1_572' title='bbox 1954 4280 2062 4332; x_wconf 88' lang='grc' dir='ltr'><strong>τῶν</strong></span> 
     </span>
    </p>
   </div>
   <div class='ocr_carea' id='block_1_75' title="bbox 498 4370 2061 4441">
    <p class='ocr_par' dir='ltr' id='par_1_75' title="bbox 498 4370 2061 4441">
     <span class='ocr_line' id='line_1_75' title="bbox 498 4370 2061 4441; baseline 0.001 -20"><span class='ocrx_word' id='word_1_573' title='bbox 498 4371 908 4441; x_wconf 80' lang='grc' dir='ltr'><strong>προειρημένων</strong></span> <span class='ocrx_word' id='word_1_574' title='bbox 932 4372 1193 4441; x_wconf 81' lang='grc' dir='ltr'><strong>Πατέρων</strong></span> <span class='ocrx_word' id='word_1_575' title='bbox 1222 4370 1577 4432; x_wconf 85' lang='grc' dir='ltr'><strong>διδασκαλίας</strong></span> <span class='ocrx_word' id='word_1_576' title='bbox 1604 4371 1653 4423; x_wconf 82' lang='grc' dir='ltr'><strong>οἱ</strong></span> <span class='ocrx_word' id='word_1_577' title='bbox 1686 4370 1807 4424; x_wconf 77' lang='grc' dir='ltr'><strong>λαοὶ</strong></span> <span class='ocrx_word' id='word_1_578' title='bbox 1835 4371 1893 4423; x_wconf 84' lang='grc' dir='ltr'><strong>ἐν</strong></span> <span class='ocrx_word' id='word_1_579' title='bbox 1917 4372 2061 4438; x_wconf 56' lang='grc' dir='ltr'><strong>γνὼέ</strong></span> 
     </span>
    </p>
   </div>
   <div class='ocr_carea' id='block_1_76' title="bbox 2158 3181 3727 3254">
    <p class='ocr_par' dir='ltr' id='par_1_76' title="bbox 2158 3181 3727 3254">
     <span class='ocr_line' id='line_1_76' title="bbox 2158 3181 3727 3254; baseline 0.001 -22"><span class='ocrx_word' id='word_1_580' title='bbox 2158 3182 2258 3249; x_wconf 74' lang='grc' dir='ltr'><strong>τῆς</strong></span> <span class='ocrx_word' id='word_1_581' title='bbox 2282 3181 2375 3234; x_wconf 80' lang='grc' dir='ltr'><strong>ἐπὶ</strong></span> <span class='ocrx_word' id='word_1_582' title='bbox 2403 3181 2496 3235; x_wconf 88' lang='grc' dir='ltr'><strong>τοῦ</strong></span> <span class='ocrx_word' id='word_1_583' title='bbox 2526 3182 2690 3252; x_wconf 76' lang='grc' dir='ltr'><strong>ὅρους</strong></span> <span class='ocrx_word' id='word_1_584' title='bbox 2725 3184 2876 3249; x_wconf 84' lang='grc' dir='ltr'><strong>θέας,</strong></span> <span class='ocrx_word' id='word_1_585' title='bbox 2900 3183 2978 3246; x_wconf 84' lang='grc' dir='ltr'><strong>ὡς</strong></span> <span class='ocrx_word' id='word_1_586' title='bbox 3009 3183 3235 3254; x_wconf 86' lang='grc' dir='ltr'><strong>μηδέπω</strong></span> <span class='ocrx_word' id='word_1_587' title='bbox 3263 3183 3597 3247; x_wconf 83' lang='grc' dir='ltr'><strong>ἀξιωθέντων</strong></span> <span class='ocrx_word' id='word_1_588' title='bbox 3620 3183 3727 3249; x_wconf 76' lang='grc' dir='ltr'><strong>τῆς</strong></span> 
     </span>
    </p>
   </div>
   <div class='ocr_carea' id='block_1_77' title="bbox 2160 3273 3725 3346">
    <p class='ocr_par' dir='ltr' id='par_1_77' title="bbox 2160 3273 3725 3346">
     <span class='ocr_line' id='line_1_77' title="bbox 2160 3273 3725 3346; baseline 0.001 -20"><span class='ocrx_word' id='word_1_589' title='bbox 2160 3273 2268 3327; x_wconf 91' lang='grc' dir='ltr'><strong>τῶν</strong></span> <span class='ocrx_word' id='word_1_590' title='bbox 2292 3273 2538 3328; x_wconf 85' lang='grc' dir='ltr'><strong>θεοειδῶν</strong></span> <span class='ocrx_word' id='word_1_591' title='bbox 2572 3275 2839 3346; x_wconf 77' lang='grc' dir='ltr'><strong>νοήσεων,</strong></span> <span class='ocrx_word' id='word_1_592' title='bbox 2869 3275 3185 3346; x_wconf 85' lang='grc' dir='ltr'><strong>ἀναγόμεθα</strong></span> <span class='ocrx_word' id='word_1_593' title='bbox 3209 3276 3265 3329; x_wconf 84' lang='grc' dir='ltr'><strong>δέ</strong></span> <span class='ocrx_word' id='word_1_594' title='bbox 3289 3277 3397 3328; x_wconf 77' lang='grc' dir='ltr'><strong>ἀπὸ</strong></span> <span class='ocrx_word' id='word_1_595' title='bbox 3430 3274 3526 3328; x_wconf 88' lang='grc' dir='ltr'><strong>τοῦ</strong></span> <span class='ocrx_word' id='word_1_596' title='bbox 3550 3276 3725 3328; x_wconf 87' lang='grc' dir='ltr'><strong>τοιού-</strong></span> 
     </span>
    </p>
   </div>
   <div class='ocr_carea' id='block_1_78' title="bbox 2157 3365 3727 3438">
    <p class='ocr_par' dir='ltr' id='par_1_78' title="bbox 2157 3365 3727 3438">
     <span class='ocr_line' id='line_1_78' title="bbox 2157 3365 3727 3438; baseline 0.001 -20"><span class='ocrx_word' id='word_1_597' title='bbox 2157 3382 2250 3418; x_wconf 89' lang='grc' dir='ltr'><strong>του</strong></span> <span class='ocrx_word' id='word_1_598' title='bbox 2299 3365 2479 3434; x_wconf 84' lang='grc' dir='ltr'><strong>φωτδς</strong></span> <span class='ocrx_word' id='word_1_599' title='bbox 2509 3366 2602 3419; x_wconf 78' lang='grc' dir='ltr'><strong>ἐπὶ</strong></span> <span class='ocrx_word' id='word_1_600' title='bbox 2632 3368 2892 3437; x_wconf 82' lang='grc' dir='ltr'><strong>νοήματα·</strong></span> <span class='ocrx_word' id='word_1_601' title='bbox 2918 3367 3011 3421; x_wconf 71' lang='grc' dir='ltr'><strong>καὶ</strong></span> <span class='ocrx_word' id='word_1_602' title='bbox 3043 3368 3396 3438; x_wconf 77' lang='grc' dir='ltr'><strong>θεωρήματα,</strong></span> <span class='ocrx_word' id='word_1_603' title='bbox 3426 3366 3463 3420; x_wconf 77' lang='grc' dir='ltr'>ἃ</span> <span class='ocrx_word' id='word_1_604' title='bbox 3490 3366 3727 3436; x_wconf 81' lang='grc' dir='ltr'><strong>κρείττω</strong></span> 
     </span>
    </p>
   </div>
   <div class='ocr_carea' id='block_1_79' title="bbox 2159 3452 3726 3525">
    <p class='ocr_par' dir='ltr' id='par_1_79' title="bbox 2159 3452 3726 3525">
     <span class='ocr_line' id='line_1_79' title="bbox 2159 3452 3726 3525; baseline -0.001 -20"><span class='ocrx_word' id='word_1_605' title='bbox 2159 3456 2307 3507; x_wconf 64' lang='grc' dir='ltr'><strong>ἐιστῖν</strong></span> <span class='ocrx_word' id='word_1_606' title='bbox 2335 3454 2686 3525; x_wconf 87' lang='grc' dir='ltr'><strong>ἀσυγκρίτως</strong></span> <span class='ocrx_word' id='word_1_607' title='bbox 2718 3455 2809 3509; x_wconf 91' lang='grc' dir='ltr'><strong>τοῦ</strong></span> <span class='ocrx_word' id='word_1_608' title='bbox 2852 3455 3030 3524; x_wconf 80' lang='grc' dir='ltr'><strong>φωτὸς</strong></span> <span class='ocrx_word' id='word_1_609' title='bbox 3074 3452 3285 3509; x_wconf 73' lang='grc' dir='ltr'><strong>εκείνου</strong></span> <span class='ocrx_word' id='word_1_610' title='bbox 3311 3470 3327 3486; x_wconf 89' lang='grc'><strong>·</strong></span> <span class='ocrx_word' id='word_1_611' title='bbox 3361 3452 3655 3523; x_wconf 83' lang='grc' dir='ltr'><strong>τοιγαροῦν</strong></span> <span class='ocrx_word' id='word_1_612' title='bbox 3680 3454 3726 3503; x_wconf 85' lang='grc' dir='ltr'><strong>οί</strong></span> 
     </span>
    </p>
   </div>
   <div class='ocr_carea' id='block_1_80' title="bbox 2158 3543 3731 3621">
    <p class='ocr_par' dir='ltr' id='par_1_80' title="bbox 2158 3543 3731 3621">
     <span class='ocr_line' id='line_1_80' title="bbox 2158 3543 3731 3621; baseline 0 -25"><span class='ocrx_word' id='word_1_613' title='bbox 2158 3543 2413 3611; x_wconf 85' lang='grc' dir='ltr'><strong>λέγοντες</strong></span> <span class='ocrx_word' id='word_1_614' title='bbox 2438 3546 2571 3621; x_wconf 66' lang='grc' dir='ltr'><strong>ρὺτδ</strong></span> <span class='ocrx_word' id='word_1_615' title='bbox 2592 3545 2737 3615; x_wconf 76' lang='grc' dir='ltr'><strong>ὑπὲρ</strong></span> <span class='ocrx_word' id='word_1_616' title='bbox 2762 3546 2887 3599; x_wconf 88' lang='grc' dir='ltr'><strong>νοῦν</strong></span> <span class='ocrx_word' id='word_1_617' title='bbox 2907 3547 3002 3600; x_wconf 74' lang='grc' dir='ltr'><strong>καὶ</strong></span> <span class='ocrx_word' id='word_1_618' title='bbox 3023 3546 3279 3618; x_wconf 77' lang='grc' dir='ltr'><strong>ἀληθινὸν</strong></span> <span class='ocrx_word' id='word_1_619' title='bbox 3301 3546 3395 3597; x_wconf 71' lang='grc' dir='ltr'><strong>καὶ</strong></span> <span class='ocrx_word' id='word_1_620' title='bbox 3417 3545 3483 3597; x_wconf 74' lang='grc' dir='ltr'><strong>τὰ</strong></span> <span class='ocrx_word' id='word_1_621' title='bbox 3506 3544 3731 3596; x_wconf 81' lang='grc' dir='ltr'><strong>τοιαῦτα</strong></span> 
     </span>
    </p>
   </div>
   <div class='ocr_carea' id='block_1_81' title="bbox 2162 3635 3729 3705">
    <p class='ocr_par' dir='ltr' id='par_1_81' title="bbox 2162 3635 3729 3705">
     <span class='ocr_line' id='line_1_81' title="bbox 2162 3635 3729 3705; baseline -0.002 -18"><span class='ocrx_word' id='word_1_622' title='bbox 2162 3635 2575 3705; x_wconf 74' lang='grc' dir='ltr'><strong>πεπλανημένοι</strong></span> <span class='ocrx_word' id='word_1_623' title='bbox 2624 3637 2731 3689; x_wconf 74' lang='grc' dir='ltr'><strong>είσὶ</strong></span> <span class='ocrx_word' id='word_1_624' title='bbox 2761 3635 3039 3703; x_wconf 81' lang='grc' dir='ltr'><strong>καθάπαξ,</strong></span> <span class='ocrx_word' id='word_1_625' title='bbox 3079 3638 3175 3689; x_wconf 75' lang='grc' dir='ltr'><strong>καὶ</strong></span> <span class='ocrx_word' id='word_1_626' title='bbox 3205 3636 3358 3689; x_wconf 83' lang='grc' dir='ltr'><strong>οὐδὲν</strong></span> <span class='ocrx_word' id='word_1_627' title='bbox 3394 3636 3509 3687; x_wconf 90' lang='grc' dir='ltr'><strong>τῶν</strong></span> <span class='ocrx_word' id='word_1_628' title='bbox 3546 3651 3729 3702; x_wconf 81' lang='grc' dir='ltr'><strong>φαινο-</strong></span> 
     </span>
    </p>
   </div>
   <div class='ocr_carea' id='block_1_82' title="bbox 2162 3712 3732 3799">
    <p class='ocr_par' dir='ltr' id='par_1_82' title="bbox 2162 3712 3732 3799">
     <span class='ocr_line' id='line_1_82' title="bbox 2162 3712 3732 3799; baseline -0.003 -20"><span class='ocrx_word' id='word_1_629' title='bbox 2162 3729 2340 3797; x_wconf 81' lang='grc' dir='ltr'><strong>μένων</strong></span> <span class='ocrx_word' id='word_1_630' title='bbox 2386 3728 2566 3780; x_wconf 90' lang='grc' dir='ltr'><strong>καλῶν</strong></span> <span class='ocrx_word' id='word_1_631' title='bbox 2599 3728 2939 3799; x_wconf 69' lang='grc' dir='ltr'><strong>ὑψηλότερον</strong></span> <span class='ocrx_word' id='word_1_632' title='bbox 2992 3712 3488 3791; x_wconf 39' lang='grc' dir='ltr'><strong>ειδότεςςάσεϐεῖς</strong></span> <span class='ocrx_word' id='word_1_633' title='bbox 3531 3742 3590 3778; x_wconf 81' lang='grc' dir='ltr'><strong>τε</strong></span> <span class='ocrx_word' id='word_1_634' title='bbox 3642 3724 3732 3776; x_wconf 66' lang='grc' dir='ltr'><strong>διὰ</strong></span> 
     </span>
    </p>
   </div>
   <div class='ocr_carea' id='block_1_83' title="bbox 2159 3817 3730 3889">
    <p class='ocr_par' dir='ltr' id='par_1_83' title="bbox 2159 3817 3730 3889">
     <span class='ocr_line' id='line_1_83' title="bbox 2159 3817 3730 3889; baseline -0.001 -18"><span class='ocrx_word' id='word_1_635' title='bbox 2159 3818 2319 3871; x_wconf 85' lang='grc' dir='ltr'><strong>τοῦτο</strong></span> <span class='ocrx_word' id='word_1_636' title='bbox 2358 3819 2455 3873; x_wconf 74' lang='grc' dir='ltr'><strong>καὶ</strong></span> <span class='ocrx_word' id='word_1_637' title='bbox 2480 3817 2849 3889; x_wconf 87' lang='grc' dir='ltr'><strong>όλεθριώτατα</strong></span> <span class='ocrx_word' id='word_1_638' title='bbox 2878 3820 3126 3889; x_wconf 89' lang='grc' dir='ltr'><strong>δόγματα</strong></span> <span class='ocrx_word' id='word_1_639' title='bbox 3153 3820 3234 3883; x_wconf 89' lang='grc' dir='ltr'><strong>είς</strong></span> <span class='ocrx_word' id='word_1_640' title='bbox 3259 3820 3360 3889; x_wconf 80' lang='grc' dir='ltr'><strong>τὴν</strong></span> <span class='ocrx_word' id='word_1_641' title='bbox 3392 3818 3730 3887; x_wconf 82' lang='grc' dir='ltr'><strong>Ἐκκλησίαν</strong></span> 
     </span>
    </p>
   </div>
   <div class='ocr_carea' id='block_1_84' title="bbox 2160 3908 3733 3981">
    <p class='ocr_par' dir='ltr' id='par_1_84' title="bbox 2160 3908 3733 3981">
     <span class='ocr_line' id='line_1_84' title="bbox 2160 3908 3733 3981; baseline -0.001 -21"><span class='ocrx_word' id='word_1_642' title='bbox 2160 3912 2496 3977; x_wconf 77' lang='grc' dir='ltr'><strong>εἰσάγοντες.</strong></span> <span class='ocrx_word' id='word_1_643' title='bbox 2539 3928 2558 3963; x_wconf 72' lang='grc' dir='ltr'><strong>ι</strong></span> <span class='ocrx_word' id='word_1_644' title='bbox 2592 3909 2778 3963; x_wconf 88' lang='grc' dir='ltr'><strong>Ταῦτα</strong></span> <span class='ocrx_word' id='word_1_645' title='bbox 2829 3910 2933 3981; x_wconf 78' lang='grc' dir='ltr'><strong>μὲν</strong></span> <span class='ocrx_word' id='word_1_646' title='bbox 2964 3909 3059 3964; x_wconf 84' lang='grc' dir='ltr'><strong>οῦν</strong></span> <span class='ocrx_word' id='word_1_647' title='bbox 3092 3911 3121 3965; x_wconf 88' lang='lat'><strong>6</strong></span> <span class='ocrx_word' id='word_1_648' title='bbox 3145 3909 3416 3981; x_wconf 81' lang='grc' dir='ltr'><strong>Βαρλαάμ</strong></span> <span class='ocrx_word' id='word_1_649' title='bbox 3445 3908 3733 3975; x_wconf 80' lang='grc' dir='ltr'><strong>ἐτερόδοξα</strong></span> 
     </span>
    </p>
   </div>
   <div class='ocr_carea' id='block_1_85' title="bbox 2162 4000 3729 4073">
    <p class='ocr_par' dir='ltr' id='par_1_85' title="bbox 2162 4000 3729 4073">
     <span class='ocr_line' id='line_1_85' title="bbox 2162 4000 3729 4073; baseline -0.003 -18"><span class='ocrx_word' id='word_1_650' title='bbox 2162 4002 2444 4072; x_wconf 85' lang='grc' dir='ltr'><strong>προδήλως</strong></span> <span class='ocrx_word' id='word_1_651' title='bbox 2476 4003 2570 4055; x_wconf 80' lang='grc' dir='ltr'><strong>καὶ</strong></span> <span class='ocrx_word' id='word_1_652' title='bbox 2613 4003 2831 4057; x_wconf 86' lang='grc' dir='ltr'><strong>ἐναντία</strong></span> <span class='ocrx_word' id='word_1_653' title='bbox 2870 4004 2979 4067; x_wconf 88' lang='grc' dir='ltr'><strong>τοῖς</strong></span> <span class='ocrx_word' id='word_1_654' title='bbox 3025 4003 3156 4073; x_wconf 76' lang='grc' dir='ltr'><strong>περὶ</strong></span> <span class='ocrx_word' id='word_1_655' title='bbox 3202 4001 3298 4055; x_wconf 89' lang='grc' dir='ltr'><strong>τοῦ</strong></span> <span class='ocrx_word' id='word_1_656' title='bbox 3351 4001 3503 4053; x_wconf 90' lang='grc' dir='ltr'><strong>θείου</strong></span> <span class='ocrx_word' id='word_1_657' title='bbox 3532 4000 3729 4052; x_wconf 89' lang='grc' dir='ltr'><strong>τούτου</strong></span> 
     </span>
    </p>
   </div>
   <div class='ocr_carea' id='block_1_86' title="bbox 2163 4090 3732 4163">
    <p class='ocr_par' dir='ltr' id='par_1_86' title="bbox 2163 4090 3732 4163">
     <span class='ocr_line' id='line_1_86' title="bbox 2163 4090 3732 4163; baseline -0.003 -19"><span class='ocrx_word' id='word_1_658' title='bbox 2163 4095 2340 4161; x_wconf 82' lang='grc' dir='ltr'><strong>φωτὸς</strong></span> <span class='ocrx_word' id='word_1_659' title='bbox 2374 4093 2587 4163; x_wconf 79' lang='grc' dir='ltr'><strong>ῥηθεῖσι</strong></span> <span class='ocrx_word' id='word_1_660' title='bbox 2626 4094 2777 4163; x_wconf 84' lang='grc' dir='ltr'><strong>παρά</strong></span> <span class='ocrx_word' id='word_1_661' title='bbox 2805 4092 2914 4146; x_wconf 91' lang='grc' dir='ltr'><strong>τῶν</strong></span> <span class='ocrx_word' id='word_1_662' title='bbox 2956 4093 3131 4161; x_wconf 75' lang='grc' dir='ltr'><strong>ἁγίων</strong></span> <span class='ocrx_word' id='word_1_663' title='bbox 3154 4107 3169 4123; x_wconf 81' lang='grc'>⁶</span> <span class='ocrx_word' id='word_1_664' title='bbox 3226 4090 3430 4145; x_wconf 88' lang='grc' dir='ltr'><strong>τούτων</strong></span> <span class='ocrx_word' id='word_1_665' title='bbox 3463 4090 3573 4158; x_wconf 82' lang='grc' dir='ltr'><strong>γάρ</strong></span> <span class='ocrx_word' id='word_1_666' title='bbox 3604 4091 3732 4150; x_wconf 84' lang='grc' dir='ltr'><strong>ταῖς</strong></span> 
     </span>
    </p>
   </div>
   <div class='ocr_carea' id='block_1_87' title="bbox 2164 4182 3735 4255">
    <p class='ocr_par' dir='ltr' id='par_1_87' title="bbox 2164 4182 3735 4255">
     <span class='ocr_line' id='line_1_87' title="bbox 2164 4182 3735 4255; baseline -0.006 -15"><span class='ocrx_word' id='word_1_667' title='bbox 2164 4186 2353 4255; x_wconf 81' lang='grc' dir='ltr'><strong>ρήσεσι</strong></span> <span class='ocrx_word' id='word_1_668' title='bbox 2407 4184 2677 4255; x_wconf 84' lang='grc' dir='ltr'><strong>σύμφωνα</strong></span> <span class='ocrx_word' id='word_1_669' title='bbox 2720 4184 3193 4253; x_wconf 81' lang='grc' dir='ltr'><strong>διαϐεϐαιούμενοι</strong></span> <span class='ocrx_word' id='word_1_670' title='bbox 3243 4184 3339 4235; x_wconf 81' lang='grc' dir='ltr'><strong>καὶ</strong></span> <span class='ocrx_word' id='word_1_671' title='bbox 3387 4184 3604 4251; x_wconf 76' lang='grc' dir='ltr'><strong>φρονεῖν</strong></span> <span class='ocrx_word' id='word_1_672' title='bbox 3637 4182 3735 4232; x_wconf 80' lang='grc' dir='ltr'><strong>καὶ</strong></span> 
     </span>
    </p>
   </div>
   <div class='ocr_carea' id='block_1_88' title="bbox 2160 4274 3734 4346">
    <p class='ocr_par' dir='ltr' id='par_1_88' title="bbox 2160 4274 3734 4346">
     <span class='ocr_line' id='line_1_88' title="bbox 2160 4274 3734 4346; baseline -0.004 -18"><span class='ocrx_word' id='word_1_673' title='bbox 2160 4278 2343 4343; x_wconf 79' lang='grc' dir='ltr'><strong>λέγειν</strong></span> <span class='ocrx_word' id='word_1_674' title='bbox 2373 4277 2424 4328; x_wconf 82' lang='grc' dir='ltr'><strong>οί</strong></span> <span class='ocrx_word' id='word_1_675' title='bbox 2459 4275 2710 4346; x_wconf 77' lang='grc' dir='ltr'><strong>μοναχοὶ,</strong></span> <span class='ocrx_word' id='word_1_676' title='bbox 2748 4276 2952 4338; x_wconf 84' lang='grc' dir='ltr'><strong>ταύτας</strong></span> <span class='ocrx_word' id='word_1_677' title='bbox 2984 4278 3081 4329; x_wconf 69' lang='grc' dir='ltr'><strong>καὶ</strong></span> <span class='ocrx_word' id='word_1_678' title='bbox 3108 4274 3541 4345; x_wconf 78' lang='grc' dir='ltr'><strong>προεϐάλλοντο’</strong></span> <span class='ocrx_word' id='word_1_679' title='bbox 3597 4274 3734 4342; x_wconf 80' lang='grc' dir='ltr'><strong>φησὶ</strong></span> 
     </span>
    </p>
   </div>
   <div class='ocr_carea' id='block_1_89' title="bbox 2163 4366 3736 4437">
    <p class='ocr_par' dir='ltr' id='par_1_89' title="bbox 2163 4366 3736 4437">
     <span class='ocr_line' id='line_1_89' title="bbox 2163 4366 3736 4437; baseline -0.003 -17"><span class='ocrx_word' id='word_1_680' title='bbox 2163 4369 2339 4421; x_wconf 90' lang='grc' dir='ltr'><strong>τοίνυν</strong></span> <span class='ocrx_word' id='word_1_681' title='bbox 2390 4369 2417 4420; x_wconf 93' lang='lat'><strong>6</strong></span> <span class='ocrx_word' id='word_1_682' title='bbox 2469 4369 2533 4420; x_wconf 89' lang='grc' dir='ltr'><strong>ἐκ</strong></span> <span class='ocrx_word' id='word_1_683' title='bbox 2577 4368 2871 4435; x_wconf 84' lang='grc' dir='ltr'><strong>Δαμασκοῦ</strong></span> <span class='ocrx_word' id='word_1_684' title='bbox 2921 4368 3058 4431; x_wconf 87' lang='grc' dir='ltr'><strong>θεῖος</strong></span> <span class='ocrx_word' id='word_1_685' title='bbox 3088 4366 3348 4437; x_wconf 88' lang='grc' dir='ltr'><strong>Ἰωάννης</strong></span> <span class='ocrx_word' id='word_1_686' title='bbox 3377 4382 3392 4396; x_wconf 88' lang='grc'><strong>·</strong></span> <span class='ocrx_word' id='word_1_687' title='bbox 3423 4386 3442 4417; x_wconf 82' lang='grc' dir='ltr'><strong>ι</strong></span> <span class='ocrx_word' id='word_1_688' title='bbox 3485 4366 3736 4435; x_wconf 82' lang='grc' dir='ltr'><strong>Σήμερον</strong></span> 
     </span>
    </p>
   </div>
   <div class='ocr_carea' id='block_1_90' title="bbox 498 4456 3736 4533">
    <p class='ocr_par' dir='ltr' id='par_1_90' title="bbox 498 4456 3736 4533">
     <span class='ocr_line' id='line_1_90' title="bbox 498 4456 3736 4533; baseline -0.003 -18"><span class='ocrx_word' id='word_1_689' title='bbox 498 4480 580 4515; x_wconf 91' lang='grc' dir='ltr'><strong>σει</strong></span> <span class='ocrx_word' id='word_1_690' title='bbox 613 4464 888 4533; x_wconf 81' lang='grc' dir='ltr'><strong>γινόμενοι</strong></span> <span class='ocrx_word' id='word_1_691' title='bbox 934 4464 1040 4518; x_wconf 87' lang='grc' dir='ltr'><strong>τῶν</strong></span> <span class='ocrx_word' id='word_1_692' title='bbox 1075 4482 1135 4518; x_wconf 90' lang='grc' dir='ltr'><strong>τε</strong></span> <span class='ocrx_word' id='word_1_693' title='bbox 1181 4462 1484 4518; x_wconf 78' lang='grc' dir='ltr'><strong>σπουδαίων</strong></span> <span class='ocrx_word' id='word_1_694' title='bbox 1521 4462 1615 4516; x_wconf 77' lang='grc' dir='ltr'><strong>καὶ</strong></span> <span class='ocrx_word' id='word_1_695' title='bbox 1662 4463 1774 4515; x_wconf 88' lang='grc' dir='ltr'><strong>τῶν</strong></span> <span class='ocrx_word' id='word_1_696' title='bbox 1823 4464 2058 4531; x_wconf 75' lang='grc' dir='ltr'><strong>αἱρετῶν</strong></span> <span class='ocrx_word' id='word_1_697' title='bbox 2090 4471 2134 4525; x_wconf 84' lang='grc' dir='ltr'><strong>ι)</strong></span> <span class='ocrx_word' id='word_1_698' title='bbox 2163 4459 2342 4529; x_wconf 73' lang='grc' dir='ltr'><strong>φωτὸς</strong></span> <span class='ocrx_word' id='word_1_699' title='bbox 2394 4460 2693 4530; x_wconf 88' lang='grc' dir='ltr'><strong>ἀπροσίτου</strong></span> <span class='ocrx_word' id='word_1_700' title='bbox 2746 4458 3006 4523; x_wconf 86' lang='grc' dir='ltr'><strong>ἄϐυσσος,</strong></span> <span class='ocrx_word' id='word_1_701' title='bbox 3043 4458 3283 4527; x_wconf 83' lang='grc' dir='ltr'><strong>σήμερον</strong></span> <span class='ocrx_word' id='word_1_702' title='bbox 3334 4456 3530 4525; x_wconf 78' lang='grc' dir='ltr'><strong>αἴγλης</strong></span> <span class='ocrx_word' id='word_1_703' title='bbox 3581 4457 3736 4517; x_wconf 80' lang='grc' dir='ltr'><strong>θείας</strong></span> 
     </span>
    </p>
   </div>
   <div class='ocr_carea' id='block_1_91' title="bbox 498 4555 2062 4628">
    <p class='ocr_par' dir='ltr' id='par_1_91' title="bbox 498 4555 2062 4628">
     <span class='ocr_line' id='line_1_91' title="bbox 498 4555 2062 4628; baseline 0.002 -22"><span class='ocrx_word' id='word_1_704' title='bbox 498 4557 591 4608; x_wconf 73' lang='grc' dir='ltr'><strong>καὶ</strong></span> <span class='ocrx_word' id='word_1_705' title='bbox 618 4556 728 4623; x_wconf 68' lang='grc' dir='ltr'><strong>τῶν</strong></span> <span class='ocrx_word' id='word_1_706' title='bbox 757 4559 1091 4628; x_wconf 82' lang='grc' dir='ltr'><strong>ἀσυμφόρων</strong></span> <span class='ocrx_word' id='word_1_707' title='bbox 1113 4558 1208 4610; x_wconf 77' lang='grc' dir='ltr'><strong>καὶ</strong></span> <span class='ocrx_word' id='word_1_708' title='bbox 1233 4557 1575 4626; x_wconf 82' lang='grc' dir='ltr'><strong>ἀποϐλήτων,</strong></span> <span class='ocrx_word' id='word_1_709' title='bbox 1608 4555 1699 4609; x_wconf 77' lang='grc' dir='ltr'><strong>τὸν</strong></span> <span class='ocrx_word' id='word_1_710' title='bbox 1725 4556 1838 4626; x_wconf 81' lang='grc' dir='ltr'><strong>βίον</strong></span> <span class='ocrx_word' id='word_1_711' title='bbox 1862 4558 2062 4626; x_wconf 81' lang='grc' dir='ltr'><strong>μεταρο</strong></span> 
     </span>
    </p>
   </div>
   <div class='ocr_carea' id='block_1_92' title="bbox 500 4647 2063 4720">
    <p class='ocr_par' dir='ltr' id='par_1_92' title="bbox 500 4647 2063 4720">
     <span class='ocr_line' id='line_1_92' title="bbox 500 4647 2063 4720; baseline 0.008 -23"><span class='ocrx_word' id='word_1_712' title='bbox 500 4647 819 4715; x_wconf 76' lang='grc' dir='ltr'><strong>ῥυθμίζουσι</strong></span> <span class='ocrx_word' id='word_1_713' title='bbox 842 4651 977 4718; x_wconf 69' lang='grc' dir='ltr'><strong>πρὸς</strong></span> <span class='ocrx_word' id='word_1_714' title='bbox 1004 4650 1064 4703; x_wconf 77' lang='grc' dir='ltr'><strong>τὸ</strong></span> <span class='ocrx_word' id='word_1_715' title='bbox 1089 4650 1321 4720; x_wconf 85' lang='grc' dir='ltr'><strong>βέλτιον,</strong></span> <span class='ocrx_word' id='word_1_716' title='bbox 1357 4650 1452 4703; x_wconf 75' lang='grc' dir='ltr'><strong>καὶ</strong></span> <span class='ocrx_word' id='word_1_717' title='bbox 1475 4648 1553 4718; x_wconf 83' lang='grc' dir='ltr'><strong>τῷ</strong></span> <span class='ocrx_word' id='word_1_718' title='bbox 1580 4648 1682 4717; x_wconf 79' lang='grc' dir='ltr'><strong>τῆς</strong></span> <span class='ocrx_word' id='word_1_719' title='bbox 1714 4647 1939 4715; x_wconf 69' lang='grc' dir='ltr'><strong>ἀγνοίας</strong></span> <span class='ocrx_word' id='word_1_720' title='bbox 1965 4647 2063 4715; x_wconf 81' lang='grc' dir='ltr'><strong>οὐχ</strong></span> 
     </span>
    </p>
   </div>
   <div class='ocr_carea' id='block_1_93' title="bbox 456 4738 2091 4851">
    <p class='ocr_par' dir='ltr' id='par_1_93' title="bbox 456 4738 2091 4851">
     <span class='ocr_line' id='line_1_93' title="bbox 456 4738 2091 4851; baseline 0.002 -64"><span class='ocrx_word' id='word_1_721' title='bbox 456 4776 467 4787; x_wconf 44' lang='grc' dir='ltr'>κ</span> <span class='ocrx_word' id='word_1_722' title='bbox 500 4738 809 4793; x_wconf 80' lang='grc' dir='ltr'><strong>ἁλίσκονται</strong></span> <span class='ocrx_word' id='word_1_723' title='bbox 842 4740 1029 4809; x_wconf 86' lang='grc' dir='ltr'><strong>πάθει,</strong></span> <span class='ocrx_word' id='word_1_724' title='bbox 1065 4742 1202 4795; x_wconf 85' lang='grc' dir='ltr'><strong>ἀλλά</strong></span> <span class='ocrx_word' id='word_1_725' title='bbox 1239 4741 1601 4811; x_wconf 86' lang='grc' dir='ltr'><strong>προσέχοντες</strong></span> <span class='ocrx_word' id='word_1_726' title='bbox 1644 4740 1713 4811; x_wconf 77' lang='grc' dir='ltr'><strong>τῇ</strong></span> <span class='ocrx_word' id='word_1_727' title='bbox 1748 4738 2091 4851; x_wconf 69' lang='grc' dir='ltr'><strong>διδασκαλίῆ</strong></span> 
     </span>
    </p>
   </div>
   <div class='ocr_carea' id='block_1_94' title="bbox 500 4829 2061 4903">
    <p class='ocr_par' dir='ltr' id='par_1_94' title="bbox 500 4829 2061 4903">
     <span class='ocr_line' id='line_1_94' title="bbox 500 4829 2061 4903; baseline 0.001 -22"><span class='ocrx_word' id='word_1_728' title='bbox 500 4829 725 4890; x_wconf 73' lang='grc' dir='ltr'><strong>ἑαυτοὺς</strong></span> <span class='ocrx_word' id='word_1_729' title='bbox 776 4831 913 4899; x_wconf 78' lang='grc' dir='ltr'><strong>πρὸς</strong></span> <span class='ocrx_word' id='word_1_730' title='bbox 963 4835 1024 4885; x_wconf 70' lang='grc' dir='ltr'><strong>τὸ</strong></span> <span class='ocrx_word' id='word_1_731' title='bbox 1073 4833 1149 4903; x_wconf 84' lang='grc' dir='ltr'><strong>μὴ</strong></span> <span class='ocrx_word' id='word_1_732' title='bbox 1186 4833 1374 4895; x_wconf 86' lang='grc' dir='ltr'><strong>κακῶς</strong></span> <span class='ocrx_word' id='word_1_733' title='bbox 1414 4832 1609 4886; x_wconf 86' lang='grc' dir='ltr'><strong>παθεῖν</strong></span> <span class='ocrx_word' id='word_1_734' title='bbox 1657 4829 2061 4902; x_wconf 65' lang='grc' dir='ltr'><strong>παραθήγουσιξ</strong></span> 
     </span>
    </p>
   </div>
   <div class='ocr_carea' id='block_1_95' title="bbox 500 4920 2064 4995">
    <p class='ocr_par' dir='ltr' id='par_1_95' title="bbox 500 4920 2064 4995">
     <span class='ocr_line' id='line_1_95' title="bbox 500 4920 2064 4995; baseline 0.001 -21"><span class='ocrx_word' id='word_1_735' title='bbox 500 4922 595 4974; x_wconf 71' lang='grc' dir='ltr'><strong>καὶ</strong></span> <span class='ocrx_word' id='word_1_736' title='bbox 616 4920 766 4988; x_wconf 81' lang='grc' dir='ltr'><strong>φόϐῳ</strong></span> <span class='ocrx_word' id='word_1_737' title='bbox 783 4922 887 4975; x_wconf 88' lang='grc' dir='ltr'><strong>τῶν</strong></span> <span class='ocrx_word' id='word_1_738' title='bbox 916 4924 1324 4995; x_wconf 84' lang='grc' dir='ltr'><strong>ἐπηρτημένων</strong></span> <span class='ocrx_word' id='word_1_739' title='bbox 1352 4923 1635 4995; x_wconf 85' lang='grc' dir='ltr'><strong>τιμωριῶν</strong></span> <span class='ocrx_word' id='word_1_740' title='bbox 1663 4925 1762 4991; x_wconf 72' lang='grc' dir='ltr'><strong>τὴν</strong></span> <span class='ocrx_word' id='word_1_741' title='bbox 1784 4924 2064 4994; x_wconf 79' lang='grc' dir='ltr'><strong>σωτηρίαν</strong></span> 
     </span>
    </p>
   </div>
   <div class='ocr_carea' id='block_1_96' title="bbox 500 5015 2063 5087">
    <p class='ocr_par' dir='ltr' id='par_1_96' title="bbox 500 5015 2063 5087">
     <span class='ocr_line' id='line_1_96' title="bbox 500 5015 2063 5087; baseline 0.002 -19"><span class='ocrx_word' id='word_1_742' title='bbox 500 5017 683 5076; x_wconf 68' lang='grc' dir='ltr'><strong>αὐτοῖς</strong></span> <span class='ocrx_word' id='word_1_743' title='bbox 719 5015 1124 5086; x_wconf 79' lang='grc' dir='ltr'><strong>ἐξεργάζονται.</strong></span> <span class='ocrx_word' id='word_1_744' title='bbox 1160 5036 1177 5069; x_wconf 79' lang='grc' dir='ltr'><strong>ι</strong></span> <span class='ocrx_word' id='word_1_745' title='bbox 1217 5017 1369 5071; x_wconf 66' lang='grc' dir='ltr'><strong>Μετὰ</strong></span> <span class='ocrx_word' id='word_1_746' title='bbox 1406 5020 1592 5087; x_wconf 79' lang='grc' dir='ltr'><strong>μέντοι</strong></span> <span class='ocrx_word' id='word_1_747' title='bbox 1620 5016 1723 5084; x_wconf 80' lang='grc' dir='ltr'><strong>τὴν</strong></span> <span class='ocrx_word' id='word_1_748' title='bbox 1756 5018 2063 5085; x_wconf 86' lang='grc' dir='ltr'><strong>ἀνάγνωσιν</strong></span> 
     </span>
    </p>
   </div>
   <div class='ocr_carea' id='block_1_97' title="bbox 498 5106 2061 5179">
    <p class='ocr_par' dir='ltr' id='par_1_97' title="bbox 498 5106 2061 5179">
     <span class='ocr_line' id='line_1_97' title="bbox 498 5106 2061 5179; baseline 0.001 -21"><span class='ocrx_word' id='word_1_749' title='bbox 498 5107 609 5158; x_wconf 71' lang='grc' dir='ltr'><strong>τῶν</strong></span> <span class='ocrx_word' id='word_1_750' title='bbox 638 5106 818 5159; x_wconf 73' lang='grc' dir='ltr'><strong>αὐτῶν</strong></span> <span class='ocrx_word' id='word_1_751' title='bbox 850 5106 1007 5172; x_wconf 81' lang='grc' dir='ltr'><strong>ἱερῶν</strong></span> <span class='ocrx_word' id='word_1_752' title='bbox 1037 5110 1133 5160; x_wconf 79' lang='grc' dir='ltr'><strong>καὶ</strong></span> <span class='ocrx_word' id='word_1_753' title='bbox 1176 5108 1337 5161; x_wconf 87' lang='grc' dir='ltr'><strong>θείων</strong></span> <span class='ocrx_word' id='word_1_754' title='bbox 1372 5110 1617 5163; x_wconf 86' lang='grc' dir='ltr'><strong>κανόνων</strong></span> <span class='ocrx_word' id='word_1_755' title='bbox 1653 5108 2061 5179; x_wconf 74' lang='grc' dir='ltr'><strong>προεκομίσθηο</strong></span> 
     </span>
    </p>
   </div>
   <div class='ocr_carea' id='block_1_98' title="bbox 505 5196 2064 5270">
    <p class='ocr_par' dir='ltr' id='par_1_98' title="bbox 505 5196 2064 5270">
     <span class='ocr_line' id='line_1_98' title="bbox 505 5196 2064 5270; baseline 0.003 -23"><span class='ocrx_word' id='word_1_756' title='bbox 505 5213 606 5247; x_wconf 86' lang='grc' dir='ltr'><strong>σαν</strong></span> <span class='ocrx_word' id='word_1_757' title='bbox 638 5196 727 5247; x_wconf 72' lang='grc' dir='ltr'><strong>ἐπὶ</strong></span> <span class='ocrx_word' id='word_1_758' title='bbox 753 5196 843 5247; x_wconf 86' lang='grc' dir='ltr'><strong>τοῦ</strong></span> <span class='ocrx_word' id='word_1_759' title='bbox 877 5197 1067 5264; x_wconf 87' lang='grc' dir='ltr'><strong>μέσου,</strong></span> <span class='ocrx_word' id='word_1_760' title='bbox 1088 5198 1153 5261; x_wconf 74' lang='grc' dir='ltr'><strong>ἃς</strong></span> <span class='ocrx_word' id='word_1_761' title='bbox 1185 5200 1213 5252; x_wconf 88' lang='grc' dir='ltr'>ὁ</span> <span class='ocrx_word' id='word_1_762' title='bbox 1238 5199 1501 5269; x_wconf 83' lang='grc' dir='ltr'><strong>Βαρλάαμ</strong></span> <span class='ocrx_word' id='word_1_763' title='bbox 1527 5198 1741 5266; x_wconf 83' lang='grc' dir='ltr'><strong>φθάσας</strong></span> <span class='ocrx_word' id='word_1_764' title='bbox 1769 5199 2064 5270; x_wconf 80' lang='grc' dir='ltr'><strong>ἐποιήσατο</strong></span> 
     </span>
    </p>
   </div>
   <div class='ocr_carea' id='block_1_99' title="bbox 502 5287 2063 5359">
    <p class='ocr_par' dir='ltr' id='par_1_99' title="bbox 502 5287 2063 5359">
     <span class='ocr_line' id='line_1_99' title="bbox 502 5287 2063 5359; baseline 0.001 -20"><span class='ocrx_word' id='word_1_765' title='bbox 502 5287 781 5353; x_wconf 70' lang='grc' dir='ltr'><strong>ἀναφορὰς</strong></span> <span class='ocrx_word' id='word_1_766' title='bbox 827 5287 965 5340; x_wconf 82' lang='grc' dir='ltr'><strong>κατὰ</strong></span> <span class='ocrx_word' id='word_1_767' title='bbox 1002 5290 1108 5341; x_wconf 89' lang='grc' dir='ltr'><strong>τῶν</strong></span> <span class='ocrx_word' id='word_1_768' title='bbox 1153 5288 1425 5359; x_wconf 81' lang='grc' dir='ltr'><strong>μοναχῶν,</strong></span> <span class='ocrx_word' id='word_1_769' title='bbox 1478 5290 1572 5341; x_wconf 81' lang='grc' dir='ltr'><strong>καὶ</strong></span> <span class='ocrx_word' id='word_1_770' title='bbox 1608 5288 2063 5356; x_wconf 64' lang='grc' dir='ltr'><strong>ἀναγνωσθεισῶν</strong></span> 
     </span>
    </p>
   </div>
   <div class='ocr_carea' id='block_1_100' title="bbox 502 5377 2063 5452">
    <p class='ocr_par' dir='ltr' id='par_1_100' title="bbox 502 5377 2063 5452">
     <span class='ocr_line' id='line_1_100' title="bbox 502 5377 2063 5452; baseline 0.003 -25"><span class='ocrx_word' id='word_1_771' title='bbox 502 5380 612 5429; x_wconf 81' lang='grc' dir='ltr'><strong>τῶν</strong></span> <span class='ocrx_word' id='word_1_772' title='bbox 656 5377 912 5431; x_wconf 82' lang='grc' dir='ltr'><strong>τοιούτων</strong></span> <span class='ocrx_word' id='word_1_773' title='bbox 963 5382 1266 5451; x_wconf 81' lang='grc' dir='ltr'><strong>ἀναφορῶν,</strong></span> <span class='ocrx_word' id='word_1_774' title='bbox 1320 5382 1642 5452; x_wconf 79' lang='grc' dir='ltr'><strong>προετράπη</strong></span> <span class='ocrx_word' id='word_1_775' title='bbox 1686 5383 1715 5432; x_wconf 82' lang='grc' dir='ltr'><strong>ό</strong></span> <span class='ocrx_word' id='word_1_776' title='bbox 1745 5380 2063 5451; x_wconf 78' lang='grc' dir='ltr'><strong>διαληφθεὶς</strong></span> 
     </span>
    </p>
   </div>
   <div class='ocr_carea' id='block_1_101' title="bbox 508 5465 2062 5540">
    <p class='ocr_par' dir='ltr' id='par_1_101' title="bbox 508 5465 2062 5540">
     <span class='ocr_line' id='line_1_101' title="bbox 508 5465 2062 5540; baseline 0.004 -23"><span class='ocrx_word' id='word_1_777' title='bbox 508 5465 858 5535; x_wconf 80' lang='grc' dir='ltr'><strong>ίερομόναχος</strong></span> <span class='ocrx_word' id='word_1_778' title='bbox 885 5466 986 5538; x_wconf 82' lang='grc' dir='ltr'><strong>κῦρ</strong></span> <span class='ocrx_word' id='word_1_779' title='bbox 1013 5469 1309 5540; x_wconf 82' lang='grc' dir='ltr'><strong>Γρηγόριος</strong></span> <span class='ocrx_word' id='word_1_780' title='bbox 1353 5471 1380 5522; x_wconf 94' lang='lat'><strong>6</strong></span> <span class='ocrx_word' id='word_1_781' title='bbox 1427 5469 1692 5539; x_wconf 79' lang='grc' dir='ltr'><strong>Παλαμᾶς</strong></span> <span class='ocrx_word' id='word_1_782' title='bbox 1716 5472 1818 5537; x_wconf 78' lang='grc' dir='ltr'><strong>τὴν</strong></span> <span class='ocrx_word' id='word_1_783' title='bbox 1847 5468 1935 5522; x_wconf 78' lang='grc' dir='ltr'><strong>ἐπ’</strong></span> <span class='ocrx_word' id='word_1_784' title='bbox 1964 5470 2062 5523; x_wconf 82' lang='grc' dir='ltr'><strong>αὑ·</strong></span> 
     </span>
    </p>
   </div>
   <div class='ocr_carea' id='block_1_102' title="bbox 505 5559 2065 5632">
    <p class='ocr_par' dir='ltr' id='par_1_102' title="bbox 505 5559 2065 5632">
     <span class='ocr_line' id='line_1_102' title="bbox 505 5559 2065 5632; baseline 0.003 -23"><span class='ocrx_word' id='word_1_785' title='bbox 505 5561 627 5619; x_wconf 81' lang='grc' dir='ltr'><strong>ταῖς</strong></span> <span class='ocrx_word' id='word_1_786' title='bbox 698 5559 1025 5627; x_wconf 81' lang='grc' dir='ltr'><strong>ποιήσασθαι</strong></span> <span class='ocrx_word' id='word_1_787' title='bbox 1081 5563 1419 5632; x_wconf 86' lang='grc' dir='ltr'><strong>ἀπολογίαν,</strong></span> <span class='ocrx_word' id='word_1_788' title='bbox 1475 5562 1550 5626; x_wconf 82' lang='grc' dir='ltr'><strong>ὡς</strong></span> <span class='ocrx_word' id='word_1_789' title='bbox 1602 5562 1769 5616; x_wconf 85' lang='grc' dir='ltr'><strong>αὑτοῦ</strong></span> <span class='ocrx_word' id='word_1_790' title='bbox 1826 5562 2065 5632; x_wconf 78' lang='grc' dir='ltr'><strong>μάλιστα</strong></span> 
     </span>
    </p>
   </div>
   <div class='ocr_carea' id='block_1_103' title="bbox 510 5648 2065 5722">
    <p class='ocr_par' dir='ltr' id='par_1_103' title="bbox 510 5648 2065 5722">
     <span class='ocr_line' id='line_1_103' title="bbox 510 5648 2065 5722; baseline 0.003 -23"><span class='ocrx_word' id='word_1_791' title='bbox 510 5648 971 5715; x_wconf 75' lang='grc' dir='ltr'><strong>καθιπτομὲναις,</strong></span> <span class='ocrx_word' id='word_1_792' title='bbox 999 5649 1142 5714; x_wconf 82' lang='grc' dir='ltr'><strong>δστις</strong></span> <span class='ocrx_word' id='word_1_793' title='bbox 1183 5654 1277 5706; x_wconf 76' lang='grc' dir='ltr'><strong>καὶ</strong></span> <span class='ocrx_word' id='word_1_794' title='bbox 1309 5650 1479 5706; x_wconf 79' lang='grc' dir='ltr'><strong>εἰπὼν</strong></span> <span class='ocrx_word' id='word_1_795' title='bbox 1516 5654 1575 5705; x_wconf 91' lang='grc' dir='ltr'><strong>ἐν</strong></span> <span class='ocrx_word' id='word_1_796' title='bbox 1607 5652 1896 5722; x_wconf 88' lang='grc' dir='ltr'><strong>προοιμίου</strong></span> <span class='ocrx_word' id='word_1_797' title='bbox 1922 5649 2065 5722; x_wconf 82' lang='grc' dir='ltr'><strong>λόγῳ</strong></span> 
     </span>
    </p>
   </div>
   <div class='ocr_carea' id='block_1_104' title="bbox 513 5738 2061 5813">
    <p class='ocr_par' dir='ltr' id='par_1_104' title="bbox 513 5738 2061 5813">
     <span class='ocr_line' id='line_1_104' title="bbox 513 5738 2061 5813; baseline 0.005 -25"><span class='ocrx_word' id='word_1_798' title='bbox 513 5738 609 5789; x_wconf 71' lang='grc' dir='ltr'><strong>καὶ</strong></span> <span class='ocrx_word' id='word_1_799' title='bbox 640 5738 1137 5810; x_wconf 77' lang='grc' dir='ltr'><strong>ἀπολογησάμενος,</strong></span> <span class='ocrx_word' id='word_1_800' title='bbox 1166 5744 1265 5797; x_wconf 84' lang='grc' dir='ltr'><strong>ὅσα</strong></span> <span class='ocrx_word' id='word_1_801' title='bbox 1294 5744 1463 5812; x_wconf 77' lang='grc' dir='ltr'><strong>εἰκὸς,</strong></span> <span class='ocrx_word' id='word_1_802' title='bbox 1515 5743 1708 5797; x_wconf 72' lang='grc' dir='ltr'><strong>ἔπειτα</strong></span> <span class='ocrx_word' id='word_1_803' title='bbox 1737 5742 2061 5813; x_wconf 81' lang='grc' dir='ltr'><strong>διηγήσατο,</strong></span> 
     </span>
    </p>
   </div>
   <div class='ocr_carea' id='block_1_105' title="bbox 2164 4546 3734 4619">
    <p class='ocr_par' dir='ltr' id='par_1_105' title="bbox 2164 4546 3734 4619">
     <span class='ocr_line' id='line_1_105' title="bbox 2164 4546 3734 4619; baseline -0.006 -15"><span class='ocrx_word' id='word_1_804' title='bbox 2164 4554 2319 4619; x_wconf 83' lang='grc' dir='ltr'><strong>χύσις</strong></span> <span class='ocrx_word' id='word_1_805' title='bbox 2344 4550 2729 4619; x_wconf 88' lang='grc' dir='ltr'><strong>ἀπεριόριστος</strong></span> <span class='ocrx_word' id='word_1_806' title='bbox 2756 4551 2815 4603; x_wconf 81' lang='grc' dir='ltr'><strong>ἐν</strong></span> <span class='ocrx_word' id='word_1_807' title='bbox 2853 4549 2930 4619; x_wconf 84' lang='grc' dir='ltr'><strong>τῷ</strong></span> <span class='ocrx_word' id='word_1_808' title='bbox 2959 4548 3160 4618; x_wconf 77' lang='grc' dir='ltr'><strong>Θαϐὼρ</strong></span> <span class='ocrx_word' id='word_1_809' title='bbox 3196 4546 3274 4618; x_wconf 84' lang='grc' dir='ltr'><strong>τῷ</strong></span> <span class='ocrx_word' id='word_1_810' title='bbox 3304 4547 3421 4616; x_wconf 83' lang='grc' dir='ltr'><strong>δρει</strong></span> <span class='ocrx_word' id='word_1_811' title='bbox 3456 4548 3569 4608; x_wconf 73' lang='grc' dir='ltr'><strong>τοῖς</strong></span> <span class='ocrx_word' id='word_1_812' title='bbox 3600 4550 3734 4596; x_wconf 83' lang='grc' dir='ltr'><strong>απο-</strong></span> 
     </span>
    </p>
   </div>
   <div class='ocr_carea' id='block_1_106' title="bbox 2166 4636 3737 4710">
    <p class='ocr_par' dir='ltr' id='par_1_106' title="bbox 2166 4636 3737 4710">
     <span class='ocr_line' id='line_1_106' title="bbox 2166 4636 3737 4710; baseline -0.004 -18"><span class='ocrx_word' id='word_1_813' title='bbox 2166 4640 2376 4703; x_wconf 82' lang='grc' dir='ltr'><strong>στόλοις</strong></span> <span class='ocrx_word' id='word_1_814' title='bbox 2406 4640 2733 4709; x_wconf 77' lang='grc' dir='ltr'><strong>αύγάζεταιο</strong></span> <span class='ocrx_word' id='word_1_815' title='bbox 2770 4639 2863 4693; x_wconf 91' lang='grc' dir='ltr'><strong>νῦν</strong></span> <span class='ocrx_word' id='word_1_816' title='bbox 2903 4640 3092 4710; x_wconf 85' lang='grc' dir='ltr'><strong>ὠράθη</strong></span> <span class='ocrx_word' id='word_1_817' title='bbox 3126 4639 3196 4692; x_wconf 89' lang='grc' dir='ltr'><strong>τά</strong></span> <span class='ocrx_word' id='word_1_818' title='bbox 3222 4640 3335 4701; x_wconf 83' lang='grc' dir='ltr'><strong>τοῖς</strong></span> <span class='ocrx_word' id='word_1_819' title='bbox 3366 4636 3737 4707; x_wconf 85' lang='grc' dir='ltr'><strong>ἀνθρωπίνοις</strong></span> 
     </span>
    </p>
   </div>
   <div class='ocr_carea' id='block_1_107' title="bbox 2162 4726 3736 4803">
    <p class='ocr_par' dir='ltr' id='par_1_107' title="bbox 2162 4726 3736 4803">
     <span class='ocr_line' id='line_1_107' title="bbox 2162 4726 3736 4803; baseline -0.006 -17"><span class='ocrx_word' id='word_1_820' title='bbox 2162 4732 2366 4788; x_wconf 84' lang='grc' dir='ltr'><strong>ἀθέατα</strong></span> <span class='ocrx_word' id='word_1_821' title='bbox 2391 4731 2627 4803; x_wconf 76' lang='grc' dir='ltr'><strong>ὄμμασι,</strong></span> <span class='ocrx_word' id='word_1_822' title='bbox 2669 4732 2831 4802; x_wconf 87' lang='grc' dir='ltr'><strong>σῶμα</strong></span> <span class='ocrx_word' id='word_1_823' title='bbox 2854 4733 3047 4802; x_wconf 83' lang='grc' dir='ltr'><strong>γήϊνον</strong></span> <span class='ocrx_word' id='word_1_824' title='bbox 3079 4731 3235 4785; x_wconf 76' lang='grc' dir='ltr'><strong>θείαν</strong></span> <span class='ocrx_word' id='word_1_825' title='bbox 3258 4726 3572 4797; x_wconf 77' lang='grc' dir='ltr'><strong>ἀπαυγάζει</strong></span> <span class='ocrx_word' id='word_1_826' title='bbox 3596 4728 3736 4795; x_wconf 87' lang='grc' dir='ltr'><strong>λαμ-</strong></span> 
     </span>
    </p>
   </div>
   <div class='ocr_carea' id='block_1_108' title="bbox 2163 4820 3739 4894">
    <p class='ocr_par' dir='ltr' id='par_1_108' title="bbox 2163 4820 3739 4894">
     <span class='ocr_line' id='line_1_108' title="bbox 2163 4820 3739 4894; baseline -0.004 -18"><span class='ocrx_word' id='word_1_827' title='bbox 2163 4827 2430 4893; x_wconf 84' lang='grc' dir='ltr'><strong>πρότητα,</strong></span> <span class='ocrx_word' id='word_1_828' title='bbox 2465 4823 2627 4894; x_wconf 88' lang='grc' dir='ltr'><strong>σῶμα</strong></span> <span class='ocrx_word' id='word_1_829' title='bbox 2671 4823 2865 4893; x_wconf 79' lang='grc' dir='ltr'><strong>θνητὸν</strong></span> <span class='ocrx_word' id='word_1_830' title='bbox 2905 4822 3067 4887; x_wconf 84' lang='grc' dir='ltr'><strong>δόξαν</strong></span> <span class='ocrx_word' id='word_1_831' title='bbox 3111 4821 3351 4893; x_wconf 75' lang='grc' dir='ltr'><strong>πηγάζει</strong></span> <span class='ocrx_word' id='word_1_832' title='bbox 3386 4821 3669 4888; x_wconf 84' lang='grc' dir='ltr'><strong>θεότητος’</strong></span> <span class='ocrx_word' id='word_1_833' title='bbox 3705 4820 3739 4870; x_wconf 89' lang='lat'><strong>6</strong></span> 
     </span>
    </p>
   </div>
   <div class='ocr_carea' id='block_1_109' title="bbox 2165 4910 3738 4988">
    <p class='ocr_par' dir='ltr' id='par_1_109' title="bbox 2165 4910 3738 4988">
     <span class='ocr_line' id='line_1_109' title="bbox 2165 4910 3738 4988; baseline -0.015 -5"><span class='ocrx_word' id='word_1_834' title='bbox 2165 4917 2270 4986; x_wconf 78' lang='grc' dir='ltr'><strong>γὰρ</strong></span> <span class='ocrx_word' id='word_1_835' title='bbox 2304 4915 2476 4983; x_wconf 67' lang='grc' dir='ltr'><strong>Λόγος</strong></span> <span class='ocrx_word' id='word_1_836' title='bbox 2507 4914 2665 4988; x_wconf 77' lang='grc' dir='ltr'><strong>σὰρξ.</strong></span> <span class='ocrx_word' id='word_1_837' title='bbox 2700 4917 2733 4986; x_wconf 79' lang='grc' dir='ltr'><strong>ἡ</strong></span> <span class='ocrx_word' id='word_1_838' title='bbox 2789 4915 2928 4985; x_wconf 70' lang='grc' dir='ltr'><strong>σὰρξ</strong></span> <span class='ocrx_word' id='word_1_839' title='bbox 2968 4914 3029 4969; x_wconf 77' lang='grc' dir='ltr'><strong>δέ</strong></span> <span class='ocrx_word' id='word_1_840' title='bbox 3067 4914 3239 4983; x_wconf 86' lang='grc' dir='ltr'><strong>Λόγος</strong></span> <span class='ocrx_word' id='word_1_841' title='bbox 3272 4914 3515 4980; x_wconf 82' lang='grc' dir='ltr'><strong>ἐγένετο,</strong></span> <span class='ocrx_word' id='word_1_842' title='bbox 3557 4912 3605 4962; x_wconf 82' lang='grc' dir='ltr'><strong>εἰ</strong></span> <span class='ocrx_word' id='word_1_843' title='bbox 3637 4910 3738 4962; x_wconf 75' lang='grc' dir='ltr'><strong>καὶ</strong></span> 
     </span>
    </p>
   </div>
   <div class='ocr_carea' id='block_1_110' title="bbox 2166 4999 3736 5078">
    <p class='ocr_par' dir='ltr' id='par_1_110' title="bbox 2166 4999 3736 5078">
     <span class='ocr_line' id='line_1_110' title="bbox 2166 4999 3736 5078; baseline -0.013 -6"><span class='ocrx_word' id='word_1_844' title='bbox 2166 5009 2240 5076; x_wconf 78' lang='grc' dir='ltr'><strong>μὴ</strong></span> <span class='ocrx_word' id='word_1_845' title='bbox 2279 5007 2376 5077; x_wconf 82' lang='grc' dir='ltr'><strong>τῆς</strong></span> <span class='ocrx_word' id='word_1_846' title='bbox 2429 5007 2639 5070; x_wconf 81' lang='grc' dir='ltr'><strong>οίκείας</strong></span> <span class='ocrx_word' id='word_1_847' title='bbox 2692 5007 2883 5077; x_wconf 81' lang='grc' dir='ltr'><strong>ἐξέστη</strong></span> <span class='ocrx_word' id='word_1_848' title='bbox 2944 5008 3205 5078; x_wconf 78' lang='grc' dir='ltr'><strong>ἑκάτερον</strong></span> <span class='ocrx_word' id='word_1_849' title='bbox 3258 5005 3499 5074; x_wconf 89' lang='grc' dir='ltr'><strong>φύσεως.</strong></span> <span class='ocrx_word' id='word_1_850' title='bbox 3536 5004 3613 5055; x_wconf 81' lang='lat'><strong>&#39;0</strong></span> <span class='ocrx_word' id='word_1_851' title='bbox 3636 4999 3736 5053; x_wconf 87' lang='grc' dir='ltr'><strong>τοῦ</strong></span> 
     </span>
    </p>
   </div>
   <div class='ocr_carea' id='block_1_111' title="bbox 2166 5100 3736 5173">
    <p class='ocr_par' dir='ltr' id='par_1_111' title="bbox 2166 5100 3736 5173">
     <span class='ocr_line' id='line_1_111' title="bbox 2166 5100 3736 5173; baseline -0.006 -18"><span class='ocrx_word' id='word_1_852' title='bbox 2166 5102 2480 5172; x_wconf 79' lang='grc' dir='ltr'><strong>θσύματοςῐ</strong></span> <span class='ocrx_word' id='word_1_853' title='bbox 2533 5102 2632 5154; x_wconf 86' lang='grc' dir='ltr'><strong>οὐκ</strong></span> <span class='ocrx_word' id='word_1_854' title='bbox 2679 5102 2883 5166; x_wconf 74' lang='grc' dir='ltr'><strong>ἔξωθεν</strong></span> <span class='ocrx_word' id='word_1_855' title='bbox 2927 5101 3119 5173; x_wconf 80' lang='grc' dir='ltr'><strong>ήδόξα</strong></span> <span class='ocrx_word' id='word_1_856' title='bbox 3171 5100 3249 5169; x_wconf 82' lang='grc' dir='ltr'><strong>τῷ</strong></span> <span class='ocrx_word' id='word_1_857' title='bbox 3287 5101 3505 5168; x_wconf 86' lang='grc' dir='ltr'><strong>σώματι</strong></span> <span class='ocrx_word' id='word_1_858' title='bbox 3540 5111 3736 5165; x_wconf 80' lang='grc' dir='ltr'><strong>προσε-</strong></span> 
     </span>
    </p>
   </div>
   <div class='ocr_carea' id='block_1_112' title="bbox 2164 5188 3738 5266">
    <p class='ocr_par' dir='ltr' id='par_1_112' title="bbox 2164 5188 3738 5266">
     <span class='ocr_line' id='line_1_112' title="bbox 2164 5188 3738 5266; baseline 0.003 -22"><span class='ocrx_word' id='word_1_859' title='bbox 2164 5195 2402 5261; x_wconf 83' lang='grc' dir='ltr'><strong>γίγνετο,</strong></span> <span class='ocrx_word' id='word_1_860' title='bbox 2428 5193 2542 5245; x_wconf 69' lang='grc' dir='ltr'><strong>ἀλλ*</strong></span> <span class='ocrx_word' id='word_1_861' title='bbox 2573 5194 2787 5247; x_wconf 71' lang='grc' dir='ltr'><strong>ἔνδοθεν</strong></span> <span class='ocrx_word' id='word_1_862' title='bbox 2816 5197 2877 5248; x_wconf 76' lang='grc' dir='ltr'><strong>ἐκ</strong></span> <span class='ocrx_word' id='word_1_863' title='bbox 2900 5196 3003 5257; x_wconf 81' lang='grc' dir='ltr'><strong>τῆς</strong></span> <span class='ocrx_word' id='word_1_864' title='bbox 3024 5195 3250 5266; x_wconf 78' lang='grc' dir='ltr'><strong>ἀρρήτῳ</strong></span> <span class='ocrx_word' id='word_1_865' title='bbox 3272 5192 3419 5259; x_wconf 82' lang='grc' dir='ltr'><strong>λόγῳ</strong></span> <span class='ocrx_word' id='word_1_866' title='bbox 3439 5188 3738 5257; x_wconf 75' lang='grc' dir='ltr'><strong>γινομένης</strong></span> 
     </span>
    </p>
   </div>
   <div class='ocr_carea' id='block_1_113' title="bbox 2166 5282 3739 5355">
    <p class='ocr_par' dir='ltr' id='par_1_113' title="bbox 2166 5282 3739 5355">
     <span class='ocr_line' id='line_1_113' title="bbox 2166 5282 3739 5355; baseline -0.003 -18"><span class='ocrx_word' id='word_1_867' title='bbox 2166 5285 2315 5355; x_wconf 85' lang='grc' dir='ltr'><strong>αῦτῷ</strong></span> <span class='ocrx_word' id='word_1_868' title='bbox 2369 5286 2495 5341; x_wconf 82' lang='grc' dir='ltr'><strong>καθ’</strong></span> <span class='ocrx_word' id='word_1_869' title='bbox 2528 5287 2830 5341; x_wconf 87' lang='grc' dir='ltr'><strong>ὑπόστασιν</strong></span> <span class='ocrx_word' id='word_1_870' title='bbox 2886 5288 2979 5340; x_wconf 89' lang='grc' dir='ltr'><strong>τοῦ</strong></span> <span class='ocrx_word' id='word_1_871' title='bbox 3033 5287 3171 5340; x_wconf 80' lang='grc' dir='ltr'><strong>Θεοῦ</strong></span> <span class='ocrx_word' id='word_1_872' title='bbox 3226 5286 3401 5351; x_wconf 85' lang='grc' dir='ltr'><strong>Λόγου</strong></span> <span class='ocrx_word' id='word_1_873' title='bbox 3461 5282 3739 5352; x_wconf 87' lang='grc' dir='ltr'><strong>ὑπερθέου</strong></span> 
     </span>
    </p>
   </div>
   <div class='ocr_carea' id='block_1_114' title="bbox 2166 5370 3739 5448">
    <p class='ocr_par' dir='ltr' id='par_1_114' title="bbox 2166 5370 3739 5448">
     <span class='ocr_line' id='line_1_114' title="bbox 2166 5370 3739 5448; baseline -0.004 -20"><span class='ocrx_word' id='word_1_874' title='bbox 2166 5376 2438 5446; x_wconf 76' lang='grc' dir='ltr'><strong>θεότητοςο</strong></span> <span class='ocrx_word' id='word_1_875' title='bbox 2539 5379 2647 5448; x_wconf 82' lang='grc' dir='ltr'><strong>γὰρ</strong></span> <span class='ocrx_word' id='word_1_876' title='bbox 2679 5378 2736 5429; x_wconf 84' lang='grc' dir='ltr'><strong>ἐν</strong></span> <span class='ocrx_word' id='word_1_877' title='bbox 2780 5378 2975 5443; x_wconf 84' lang='grc' dir='ltr'><strong>ἐκείνῳ</strong></span> <span class='ocrx_word' id='word_1_878' title='bbox 3006 5380 3055 5429; x_wconf 88' lang='grc' dir='ltr'><strong>οἱ</strong></span> <span class='ocrx_word' id='word_1_879' title='bbox 3083 5374 3309 5443; x_wconf 84' lang='grc' dir='ltr'><strong>ἀγγελοι</strong></span> <span class='ocrx_word' id='word_1_880' title='bbox 3345 5374 3564 5437; x_wconf 84' lang='grc' dir='ltr'><strong>άκλινές</strong></span> <span class='ocrx_word' id='word_1_881' title='bbox 3596 5373 3739 5440; x_wconf 78' lang='grc' dir='ltr'><strong>ἐρεί-</strong></span> 
     </span>
    </p>
   </div>
   <div class='ocr_carea' id='block_1_115' title="bbox 2164 5466 3740 5540">
    <p class='ocr_par' dir='ltr' id='par_1_115' title="bbox 2164 5466 3740 5540">
     <span class='ocr_line' id='line_1_115' title="bbox 2164 5466 3740 5540; baseline -0.003 -20"><span class='ocrx_word' id='word_1_882' title='bbox 2164 5466 2275 5521; x_wconf 90' lang='grc' dir='ltr'><strong>δειν</strong></span> <span class='ocrx_word' id='word_1_883' title='bbox 2302 5469 2365 5522; x_wconf 85' lang='grc' dir='ltr'><strong>τδ</strong></span> <span class='ocrx_word' id='word_1_884' title='bbox 2398 5468 2554 5540; x_wconf 76' lang='grc' dir='ltr'><strong>ὄμμα</strong></span> <span class='ocrx_word' id='word_1_885' title='bbox 2586 5471 2645 5522; x_wconf 83' lang='grc' dir='ltr'><strong>ού</strong></span> <span class='ocrx_word' id='word_1_886' title='bbox 2677 5469 2979 5533; x_wconf 83' lang='grc' dir='ltr'><strong>σθένουσιν,</strong></span> <span class='ocrx_word' id='word_1_887' title='bbox 3010 5470 3071 5521; x_wconf 86' lang='grc' dir='ltr'><strong>ἐν</strong></span> <span class='ocrx_word' id='word_1_888' title='bbox 3093 5467 3269 5537; x_wconf 82' lang='grc' dir='ltr'><strong>τούτῳ</strong></span> <span class='ocrx_word' id='word_1_889' title='bbox 3291 5468 3402 5521; x_wconf 89' lang='grc' dir='ltr'><strong>τῶν</strong></span> <span class='ocrx_word' id='word_1_890' title='bbox 3426 5466 3740 5521; x_wconf 81' lang='grc' dir='ltr'><strong>ἀποστόλων</strong></span> 
     </span>
    </p>
   </div>
   <div class='ocr_carea' id='block_1_116' title="bbox 2165 5557 3742 5633">
    <p class='ocr_par' dir='ltr' id='par_1_116' title="bbox 2165 5557 3742 5633">
     <span class='ocr_line' id='line_1_116' title="bbox 2165 5557 3742 5633; baseline -0.001 -22"><span class='ocrx_word' id='word_1_891' title='bbox 2165 5558 2215 5611; x_wconf 87' lang='grc' dir='ltr'><strong>οί</strong></span> <span class='ocrx_word' id='word_1_892' title='bbox 2253 5562 2539 5631; x_wconf 83' lang='grc' dir='ltr'><strong>πρόκριτοι</strong></span> <span class='ocrx_word' id='word_1_893' title='bbox 2564 5564 2630 5633; x_wconf 83' lang='grc' dir='ltr'><strong>τῇ</strong></span> <span class='ocrx_word' id='word_1_894' title='bbox 2666 5561 2790 5631; x_wconf 81' lang='grc' dir='ltr'><strong>δόξῃ</strong></span> <span class='ocrx_word' id='word_1_895' title='bbox 2845 5563 2940 5632; x_wconf 78' lang='grc' dir='ltr'><strong>τῆς</strong></span> <span class='ocrx_word' id='word_1_896' title='bbox 2976 5559 3180 5614; x_wconf 75' lang='grc' dir='ltr'><strong>ἑαυτοῦ</strong></span> <span class='ocrx_word' id='word_1_897' title='bbox 3214 5560 3494 5629; x_wconf 78' lang='grc' dir='ltr'><strong>βασιλείας</strong></span> <span class='ocrx_word' id='word_1_898' title='bbox 3536 5557 3742 5627; x_wconf 79' lang='grc' dir='ltr'><strong>δρῶσιν</strong></span> 
     </span>
    </p>
   </div>
   <div class='ocr_carea' id='block_1_117' title="bbox 2166 5648 3741 5723">
    <p class='ocr_par' dir='ltr' id='par_1_117' title="bbox 2166 5648 3741 5723">
     <span class='ocr_line' id='line_1_117' title="bbox 2166 5648 3741 5723; baseline -0.002 -21"><span class='ocrx_word' id='word_1_899' title='bbox 2166 5651 2541 5721; x_wconf 82' lang='grc' dir='ltr'><strong>ἐκλάμποντα,</strong></span> <span class='ocrx_word' id='word_1_900' title='bbox 2576 5654 2829 5707; x_wconf 79' lang='grc' dir='ltr'><strong>ἐντεῦθεν</strong></span> <span class='ocrx_word' id='word_1_901' title='bbox 2854 5655 2978 5715; x_wconf 76' lang='grc' dir='ltr'><strong>τοὺς</strong></span> <span class='ocrx_word' id='word_1_902' title='bbox 3009 5654 3349 5723; x_wconf 73' lang='grc' dir='ltr'><strong>κορυφαίους</strong></span> <span class='ocrx_word' id='word_1_903' title='bbox 3369 5651 3481 5704; x_wconf 87' lang='grc' dir='ltr'><strong>τῶν</strong></span> <span class='ocrx_word' id='word_1_904' title='bbox 3503 5648 3741 5703; x_wconf 81' lang='grc' dir='ltr'><strong>ἀποστὸ-</strong></span> 
     </span>
    </p>
   </div>
   <div class='ocr_carea' id='block_1_118' title="bbox 2169 5742 3737 5816">
    <p class='ocr_par' dir='ltr' id='par_1_118' title="bbox 2169 5742 3737 5816">
     <span class='ocr_line' id='line_1_118' title="bbox 2169 5742 3737 5816; baseline 0 -23"><span class='ocrx_word' id='word_1_905' title='bbox 2169 5742 2275 5796; x_wconf 90' lang='grc' dir='ltr'><strong>λων</strong></span> <span class='ocrx_word' id='word_1_906' title='bbox 2306 5743 2787 5814; x_wconf 81' lang='grc' dir='ltr'><strong>προσλαμϐάνεται</strong></span> <span class='ocrx_word' id='word_1_907' title='bbox 2820 5746 3103 5816; x_wconf 84' lang='grc' dir='ltr'><strong>μάρτυρας</strong></span> <span class='ocrx_word' id='word_1_908' title='bbox 3137 5746 3233 5815; x_wconf 80' lang='grc' dir='ltr'><strong>τῆς</strong></span> <span class='ocrx_word' id='word_1_909' title='bbox 3259 5744 3465 5807; x_wconf 72' lang='grc' dir='ltr'><strong>οἰκείας</strong></span> <span class='ocrx_word' id='word_1_910' title='bbox 3496 5743 3654 5812; x_wconf 69' lang='grc' dir='ltr'><strong>δόξης</strong></span> <span class='ocrx_word' id='word_1_911' title='bbox 3678 5757 3737 5793; x_wconf 86' lang='grc' dir='ltr'><strong>τε</strong></span> 
     </span>
    </p>
   </div>
  </div>
