4022 6204
295 306 439 370 1245

1366 302 1764 372 ΒΥΝΟΒΙΟΒ
1801 305 2494 374 CONSTITUTIONES.

3416 319 3555 388 1246

285 425 386 479 καὶ
431 423 707 492 θεότητος,
745 421 1127 478 ἀποκαλύπτει
1159 423 1215 478 δέ
1267 426 1454 491 αὐτοῖς
1509 428 1610 498 τὴν
1652 426 1864 481 οίκείαν
1886 431 1938 494 Α
1963 427 2127 499 φύσιν
2147 428 2408 486 ἔκστασιν
2432 429 2527 487 καὶ
2549 428 2838 495 ἀνάϐασιν,
2859 428 2984 484 καθ’
3011 431 3081 502 ἢν
3107 433 3206 486 καὶ
3234 432 3329 488 τοῦ
3360 441 3551 507 κρείτ-

287 518 545 586 θεότητα,
565 517 805 574 τελείους
831 516 888 570 δὲ
911 511 1054 571 εῖναι
1086 518 1214 583 τοὺς
1235 519 1334 587 τὴν
1360 519 1513 575 θείαν
1536 520 1693 588 δόξαν
1717 520 1865 586 εῖκὸς

285 609 752 675 κατοπτεύοντας,
787 611 888 682 τὴν
922 609 1185 664 ἀπάντων
1231 611 1510 676 ἐπέκεινα,
1558 613 1657 683 τὴν
1692 613 1863 683 μόνην

285 700 382 752 καὶ
417 699 689 770 ὑπερτελῆ
715 700 810 753 καὶ
839 699 1176 770 προτέλειον·
1203 700 1232 752 6
1256 700 1400 765 θεῖος
1430 702 1540 772 γάρ
1570 701 1863 765 δντωςκαὶ

287 789 560 859 θεηγόρος
582 790 886 855 Διονύσιος,
907 789 1093 853 Οὕτως
1111 793 1139 844 6
1168 791 1458 860 δεσπότης,
1486 792 1671 861 φησὶν,
1695 793 1862 865 ὀφθή-

289 902 443 938 σεται
491 888 606 948 τοῖς
658 886 856 940 ἑαυτοῦ
900 886 1130 950 τελείοις
1175 887 1538 964 θεράπουσιν,
1567 889 1628 943 ὃν
1660 891 1863 962 τρόπον

288 982 344 1032 ἐν
374 977 492 1045 ὄρει
525 978 724 1047 Θαϐὼρ
755 981 867 1042 τοῖς
891 979 1216 1044 ἀποστόλοις
1248 979 1565 1045 ὀπτάνεται,
1605 981 1862 1050 Ἰωάννην

290 1067 754 1136 παραλαμϐάνει,
806 1066 882 1130 ὡς
945 1069 1045 1139 τῆς
1098 1068 1381 1137 θεολογίας
1439 1070 1711 1141 παρθένον
1770 1071 1862 1125 καὶ

286 1161 680 1230 καθαρώτατον
705 1161 960 1230 ὄργανον,
1001 1164 1150 1224 ὅπως
1178 1161 1276 1232 τὴν
1307 1164 1536 1232 ἄχρονον
1577 1162 1736 1229 δόξαν
1767 1165 1860 1218 τοῦ

282 1250 417 1302 Υἱοῦ
451 1252 809 1320 θεασάμενος,
845 1250 953 1304 Ἐν
1005 1250 1163 1320 ἀρχῇ
1215 1248 1296 1322 ἦν
1343 1256 1377 1308 ό
1427 1255 1638 1322 Λόγος,
1679 1254 1778 1308 καὶ
1828 1257 1862 1310 ὁ

282 1345 478 1412 Λόγος
505 1339 584 1414 ἦν
630 1344 781 1412 πρὸς
815 1347 922 1400 τόν
957 1346 1125 1412 Θεὸν,
1165 1347 1264 1400 καὶ
1299 1346 1439 1412 Θεὸς
1475 1343 1555 1418 ἦν
1585 1350 1617 1402 ό
1646 1350 1879 1418 Λόγος,

283 1436 624 1506 βροντήσειε·
672 1441 858 1510 μήτηρ
885 1440 995 1510 γὰρ
1027 1440 1338 1510 προσευχῆς
1371 1441 1404 1510 ἡ
1439 1441 1661 1512 ήσυγία,
1691 1459 1858 1512 προσ-

177 1551 184 1554 -
286 1527 427 1599 ιύχὴ
458 1529 512 1582 δὲ
537 1530 686 1593 θείας
721 1529 878 1602 δόξης
910 1530 1205 1601 ἐμφάνεια·
1234 1533 1367 1587 ὅταν
1398 1531 1510 1604 γὰρ
1543 1534 1640 1598 τὰς
1670 1534 1860 1605 αίσθή-

282 1638 400 1683 σεις
424 1620 706 1689 μύσωμεν,
728 1623 825 1676 καὶ
847 1623 1063 1688 ἑαυτοῖς
1088 1623 1184 1679 καὶ
1207 1623 1284 1694 τῷ
1310 1621 1432 1696 Θεῷ
1463 1626 1859 1696 συγγενώμεθα

281 1715 376 1766 καὶ
414 1716 512 1782 τῆς
566 1713 765 1782 ἔξωθεν
816 1715 910 1770 τοῦ
953 1717 1161 1787 κόσμου
1207 1719 1516 1788 περιφορᾶς
1563 1717 1859 1790 ἐλευθερω-

280 1804 466 1869 θέντες
489 1806 640 1869 ἐντὸς
676 1806 854 1862 αὐτῶν
888 1806 1203 1879 γενώμεθα,
1235 1807 1358 1862 τότε
1391 1809 1608 1878 τρανῶς
1641 1811 1700 1863 έν
1723 1810 1856 1863 ἐαυ-

271 1898 389 1960 τοῖς
417 1897 517 1967 τὴν
544 1897 804 1964 τοῦβεοῦ
837 1899 1120 1967 βασιλείαν
1146 1899 1416 1970 ὀψόμεθα·
1461 1901 1534 1955 Ἡ
1560 1901 1856 1966 ,ϐασιλεία

272 1986 384 2056 γάρ
410 1986 530 2042 τῶν
557 1987 853 2056 οὐρανῶν,
883 1991 1019 2059 ἣτις
1062 1990 1197 2046 ἐστι
1218 1991 1529 2056 ’,βασιλεία
1560 1991 1730 2053 Θεοῦ,
1754 1993 1854 2047 έν-

270 2079 380 2145 τὸς
435 2079 605 2150 ἡμῶν
653 2082 847 2147 ἐστιν,
894 2081 1105 2153 Ἰησοῦς
1159 2084 1188 2138 6
1250 2081 1386 2144 Θεὸς
1433 2082 1849 2152 ἀπεφθέγξατο·

271 2172 589 2242 ἔμπροσθεν
610 2173 716 2228 τῶν
748 2173 1010 2246 μαθητῶν
1039 2191 1178 2245 μετα
1187 2173 1498 2246 μορφοῦται
1521 2175 1549 2228 6
1569 2175 1653 2228 ἀεὶ
1672 2172 1852 2228 ὡσαύ-

255 2283 382 2335 ’τως
408 2263 798 2335 δεδοξασμένος
831 2267 928 2320 καὶ
953 2265 1190 2336 λάμπων
1220 2267 1477 2338 ἀστραπῇ
1512 2268 1614 2337 τῆς
1657 2266 1851 2336 θεότηο

268 2374 385 2420 τος,
419 2356 668 2426 ἀνάρχως
693 2358 792 2426 μὲν
816 2359 879 2412 ἐκ
907 2361 1120 2428 Πατρὸς
1151 2357 1460 2428 γεννηθεὶς,
1491 2358 1588 2430 τὴν
1611 2341 1848 2430 φυσῖκὴν

265 2449 466 2502 ἀκτῖνα
507 2449 752 2520 ἄναρχον
792 2450 1059 2520 κέκτηται
1093 2452 1192 2522 τῆς
1229 2450 1484 2521 θεότητος
1505 2493 1518 2513 ,
1556 2453 1648 2505 καὶ
1679 2453 1713 2524 ἡ
1747 2451 1846 2521 τῆς

267 2541 522 2613 θεότητος
550 2543 677 2608 δόξα
710 2544 804 2596 καὶ
848 2542 974 2609 δόξα
1020 2543 1114 2598 τοῦ
1153 2543 1409 2615 σώματος
1457 2544 1690 2614 γίνεται,
1725 2543 1845 2600 ἀλλ’

265 2635 485 2704 ἀφανὴς
511 2636 546 2706 ὴ
582 2635 708 2699 δόξα
742 2635 1062 2705 ὑπάρχουσα
1088 2636 1146 2689 ἐν
1173 2635 1250 2705 τῷ
1285 2637 1594 2708 φαινομένῳ
1626 2636 1842 2709 σώματι

262 2729 378 2790 τοῖς
407 2727 482 2798 μὴ
511 2725 753 2798 χωροῦσι
782 2726 854 2780 τά
891 2727 985 2782 καὶ
1020 2721 1273 2796 ἀγγέλοις
1308 2729 1537 2795 ἀθέατα,
1569 2733 1679 2794 τοῖς
1712 2747 1842 2802 σαρ-

262 2818 364 2882 κὸς
411 2818 654 2888 δεσμίοις
691 2819 926 2890 ἀόρατος
968 2819 1341 2890 ἐχρημάτιζε·
1385 2822 1840 2892 μεταμορφοῢται

264 2905 475 2970 τοίνυν,
509 2907 606 2976 οὐχ
633 2908 662 2961 δ
687 2909 789 2962 οὐκ
817 2903 887 2979 ἦν
917 2909 1382 2979 προσλαϐόμενος,
1407 2910 1549 2976 οὐδὲ,
1595 2912 1676 2974 εἰς
1700 2912 1838 2982 ὅπερ

261 2997 367 3051 οὐκ
393 2993 459 3068 ἦν
495 2999 991 3068 μεταϐαλλόμενος,
1025 2999 1142 3052 ἀλλ’
1168 2999 1308 3069 ὅπερ
1353 2995 1421 3070 ἦν
1469 3003 1584 3063 τοῖς
1614 3002 1837 3067 οίκείοις

1964 525 2187 593 τονοςὴ
2235 523 2544 594 ἐκνίκησις,
2589 524 2622 594 ἢ
2657 524 2718 579 τό
2761 541 2825 593 γε
2881 525 3224 598 κυριώτερον
3275 529 3474 594 εἰπεῖν,
3511 533 3546 602 ἡ

1963 614 2347 689 ἀνεκλάλητος.
2385 615 2606 694 θέωσις·
2642 617 2802 672 τοῦτο
2859 617 3237 689 θαυμάζουσιν
3286 621 3535 690 ἄγγελοι,

1962 704 2122 760 τοῦτο
2170 705 2547 777 δοξολογοῦσιν
2602 709 2962 779 ἀρχάγγελοι,
3027 713 3189 765 τοῦτο
3239 714 3392 767 πᾶσα
3434 715 3548 768 τῶν

1964 779 2361 875 ὑπερκοσμίων
2395 800 2428 869 ἡ
2481 801 2648 871 νοητὴ
2684 800 3076 872 διακόσμησις,
3113 803 3296 868 ἀΰλως
3347 804 3544 860 ἐστιω·

1964 888 2128 960 μένη,
2161 891 2465 961 τεκμήριον
2491 891 2892 961 ἐναργέστατόν
2922 910 2983 946 τε
3009 893 3106 946 καὶ
3132 893 3546 962 ἀψευδέστατον

1961 979 2172 1034 τίθεται
2213 981 2329 1053 τῆς
2388 982 2522 1054 τιερλ⁸
2553 984 2706 1054 ἡμᾶς
2734 983 2831 1038 τοῦ
2885 985 3062 1054 Λόγου
3098 986 3542 1056 φιλανθρωπίας.

1962 1064 2076 1124 οὐκ
2105 1071 2223 1126 ἐστι
2247 1071 2358 1125 τῶν
2387 1073 2444 1126 ἐν
2469 1076 2535 1141 τῇ
2563 1074 2743 1127 κτίσει
2776 1073 3199 1145 θεωρουμένων,
3226 1071 3268 1144 ᾧ
3299 1079 3544 1148 χωρήσει

1958 1162 2156 1243 τούτου
2211 1164 2312 1234 τὴν
2359 1164 2684 1236 ’ὑπερϐολὴν
2737 1165 2842 1236 τῆς
2897 1167 3324 1239 λαμπρότητος·
3377 1172 3404 1224 6
3434 1172 3545 1241 γάρ

1960 1254 2294 1324 ὑπερούσιος
2325 1257 2405 1320 είς
2435 1255 2628 1310 οὐσίαν
2673 1256 2891 1327 ἀληθῶς
2920 1259 3093 1312 ἐλθὼν
3137 1261 3233 1313 καὶ
3276 1262 3418 1332 ὑπὲρ
3448 1263 3543 1316 οὐ-

1962 1343 2084 1397 σίαν
2113 1345 2418 1411 οὐσιωθεὶς,
2455 1347 2546 1400 διὰ
2583 1349 2788 1419 σαρκὸς
2836 1349 2968 1417 ἡμῖν
3018 1351 3430 1413 πεπολίτευται,
3482 1353 3544 1415 ὸς

1957 1434 2022 1504 δὴ
2056 1425 2149 1490 καὶ
2201 1437 2654 1508 ὑπερϐαλλόντως
2691 1442 2787 1495 ἐπὶ
2835 1440 2932 1494 τοῦ
2976 1441 3137 1511 ὅρους
3168 1441 3540 1513 ἐξήστραψεν,

1958 1527 2022 1579 οὐ
2051 1525 2173 1580 τότε
2203 1529 2501 1598 γενόμενος
2533 1529 2731 1584 ἑαυτοῦ
2770 1530 3164 1604 διαυγέστερος
3193 1532 3225 1602 ἢ
3278 1533 3542 1603 ὑψηλότε-

1961 1635 2080 1688 ρος,
2112 1621 2334 1690 ἀπαγε,
2361 1621 2478 1675 ἀλλ’
2507 1625 2646 1693 ὅπερ
2679 1625 2776 1678 καλ
2809 1624 3078 1696 πρότερον
3128 1629 3243 1690 τοῖς
3281 1629 3542 1698 τελουμέ-

1920 1726 2071 1792 ἶνοις
2110 1710 2218 1763 τῶν
2266 1712 2530 1783 μαθητῶν
2580 1713 2677 1768 καὶ
2737 1716 3078 1786 μυουμένοις
3117 1717 3186 1773 τά
3232 1718 3542 1792 ὑψηλότερα

1960 1801 2105 1855 κατὰ
2137 1802 2400 1874 ἀλήθειαν
2449 1805 2850 1878 θεωρούμενος·
2887 1808 2994 1872 ἐξω
3037 1808 3148 1878 γάρ
3200 1803 3405 1881 σαρκὸς
3445 1812 3542 1865 καὶ

1959 1892 2170 1964 κόσμου
2207 1894 2515 1966 γενόμενοι,
2560 1897 2682 1951 καθ’
2713 1899 2839 1954 ὅσον
2880 1899 3124 1969 ἐφικτὸν,
3176 1900 3412 1955 ἐνταῦθα
3465 1903 3535 1958 τὰ

1954 1986 2056 2055 τῆς
2091 1985 2399 2056 μελλούσης
2433 1989 2825 2053 καταστάσεως
2856 1991 2981 2062 ήδη,
3033 1992 3093 2058 ἐξ
3123 1983 3199 2046 ὧν
3230 1993 3533 2064 ἐπειράθη-

1956 2094 2077 2142 σαν,
2109 2077 2474 2149 ἐδιδάχθησαν
2495 2094 2511 2110 ·
2540 2081 2588 2132 εί
2620 2079 2734 2151 γάρ
2764 2081 2859 2135 καὶ⁵
2909 2081 3106 2153 μηδενὶ
3134 2083 3248 2136 τῶν
3276 2083 3534 2138 ἀπάντων

1955 2170 2324 2241 ἀκοινώνητόν
2347 2157 2468 2225 ἐστι
2498 2165 2730 2227 καθόλου
2758 2173 2820 2226 τὸ
2845 2173 3078 2242 ἀγαθὸν,
3098 2173 3216 2229 ἀλλ’
3240 2174 3364 2246 οὐχὶ
3389 2174 3532 2242 ὅλον,

1955 2263 1984 2316 ὃ
2012 2281 2062 2317 τι
2092 2265 2222 2319 ποτέ
2253 2257 2431 2327 ἐστινῖ
2470 2264 2588 2318 ἀλλ’
2634 2267 2760 2319 ὅσον
2795 2266 2889 2318 καὶ
2920 2267 3072 2330 ὅπως
3114 2268 3231 2332 τοῖς
3271 2267 3533 2338 μετέχου-

1954 2370 2058 2419 σιν,
2095 2353 2172 2418 ὡς
2222 2355 2469 2423 ἐφικτὸν,
2521 2356 2776 2426 χωρητδν
2829 2356 3068 2426 γίνεται,
3119 2357 3215 2411 καὶ
3263 2357 3423 2412 τοῦτο
3463 2359 3532 2413 δι’

1948 2445 2126 2517 άκραν
2181 2448 2500 2517 ἀγαθότητα
2550 2449 2675 2512 ταῖς
2731 2448 3131 2519 ἀπειροδώροις
3190 2449 3530 2520 ἐλλάμψεσιν

1947 2537 2144 2592 ὁδεῦον,
2187 2538 2281 2591 ἐπὶ
2316 2539 2495 2621 πάντέ
2544 2538 2640 2592 καὶ
2688 2540 3084 2612 προχεόμενον.
3131 2541 3437 2608 Ἀπόδειξις
3464 2541 3529 2612 δὴ

1946 2628 2056 2682 τῶν
2084 2629 2397 2700 λεγομένων
2446 2630 2579 2684 αὐτὸ
2611 2631 2678 2685 ἂν
2717 2633 2805 2702 εῖη
2835 2632 2896 2686 τὸ
2940 2633 3219 2704 μακάριον
3251 2634 3424 2697 πάθος
3465 2634 3528 2688 τὸ

1944 2721 2344 2793 πολυύμνητον,
2372 2724 2510 2794 ὅπερ
2566 2724 2662 2778 ἐπὶ
2715 2724 2811 2777 τοῦ
2863 2724 3037 2796 ὅρους
3093 2724 3434 2780 πεπόνθασιν
3476 2726 3528 2781 οί

1942 2813 2254 2878 ἀπόστολοι,
2285 2814 2450 2884 ἡνίκα
2475 2815 2538 2868 τὸ
2567 2815 2868 2887 ἀπρόσιτον
2904 2815 2998 2870 καὶ
3021 2816 3259 2886 ἄχρονον
3285 2817 3404 2887 φῶς
3430 2817 3529 2888 τὴν

1941 2905 2153 2958 οίκείαν
2194 2905 2376 2977 σάρκα
2411 2908 2858 2978 μεταμορφῶσαν
2888 2907 2969 2981 τῷ
2997 2909 3392 2981 ὑπερϐάλλοντι
3425 2911 3525 2978 τῆς

1939 2997 2152 3060 οίκείας
2214 2995 2596 3067 φωτοϐλυσίας
2648 3001 2996 3072 ὑπερουσίως
3043 3001 3415 3072 ἐλάμπρυνεν.
3457 3003 3523 3054 Ὢ

265 3090 540 3159 μαθηταῖς
567 3091 992 3160 ἐμφαινόμενος,
1038 3091 1328 3159 διανοίγων
1367 3092 1574 3147 τούτων
1622 3093 1691 3146 τά
1739 3094 1839 3164 δμ-
1868 3103 1908 3159 ς,
1941 3087 2037 3140 τοῦ
2072 3088 2382 3159 θαύματοςί
2433 3092 2563 3146 κατ’
2589 3092 2858 3147 ἔκστασιν
2904 3092 3258 3162 τελειοτάτην
3285 3092 3388 3160 τῆς
3419 3093 3524 3159 <96-

265 3197 418 3249 ματα
460 3182 557 3234 καὶ
601 3182 665 3234 ἐκ
707 3180 930 3250 τυφλῶν
968 3180 1338 3252 ἐργαζόμενος
1374 3182 1694 3251 βλέποντας.
1729 3185 1839 3238 Καὶ

261 3273 426 3327 τοῦτό
476 3275 591 3328 ἐστι
637 3275 718 3329 τό·
748 3279 1182 3345 Μετεμορφώοη
1227 3276 1572 3345 ἔμπροσθεν
1600 3277 1835 3332 αὐτῶν·

267 3367 449 3436 μένων
479 3365 586 3436 γάρ
624 3367 787 3432 αὐτὸς
815 3369 871 3420 ὲν
903 3368 1198 3438 ταυτότητι
1229 3367 1372 3440 παρὸ
1411 3369 1472 3421 τὸ
1513 3371 1645 3439 πρὶν
1685 3370 1840 3438 ἐφαί-

135 3507 148 3510 -
263 3473 409 3520 νετο,
445 3457 632 3530 ἕτερος
656 3459 754 3512 νῦν
783 3463 897 3525 τοῖς
933 3461 1205 3531 μαθηταῖς
1241 3462 1453 3532 ἑωρᾶτο
1487 3463 1838 3533 φαινόμενος·

265 3548 374 3603 Καὶ
419 3549 678 3619 ἔλαμψε,
718 3553 904 3620 φησὶν,
938 3553 1017 3620 ὡς
1053 3557 1086 3609 ὁ
1125 3553 1322 3620 ἥλιος,
1352 3556 1452 3625 οὐχ
1494 3555 1576 3608 ὅτι
1621 3555 1696 3626 μὴ
1744 3553 1837 3608 τοῦ

261 3640 422 3706 ἡλίου
452 3639 860 3713 λαμπρότερον,
892 3643 1177 3713 ἀμήχανον
1207 3646 1314 3713 γὰρ
1340 3644 1748 3716 ἀπαραλήπτως
1778 3645 1836 3699 ἐν

258 3732 332 3801 τῇ
366 3731 542 3786 κτίσει
572 3731 632 3785 τὸ
665 3732 924 3788 ἀκτιστον
975 3733 1362 3800 είκονίζεσθαι,
1404 3733 1523 3789 ἀλλ’
1555 3736 1678 3789 ὅσον
1706 3733 1841 3806 ἐχώ-

264 3839 397 3891 ρουν
446 3821 687 3894 καθορᾷν
732 3824 782 3876 οί
838 3824 1166 3894 βλέποντες·
1220 3826 1356 3880 Θεὸν
1399 3826 1499 3898 μὲν
1531 3828 1639 3899 γάρ
1665 3828 1837 3890 οὐδεὶς

257 3914 479 3988 ἑώρακε
510 3914 754 3982 πώποτε,
793 3914 936 3970 καθά
996 3917 1210 3987 πέφυκε
1273 3919 1512 3987 φύσεως,
1567 3918 1660 3972 καὶ
1697 3918 1726 3973 6
1780 3918 1839 3973 δὲ

256 4005 538 4076 ἑώρακεν,
574 4007 631 4059 ἐν
664 4007 940 4077 πνεύματι
980 4007 1140 4060 τοῦτο
1184 4009 1463 4064 τεθέαται·
1498 4009 1634 4080 αὕτη
1672 4012 1705 4081 ἡ
1745 4013 1838 4066 ἀλ-

255 4098 478 4161 λοίωσις
510 4099 610 4169 τῆς
641 4098 824 4164 δεξιᾶς
864 4098 960 4153 τοῦ
1021 4099 1308 4170 Ὑψίστου,
1360 4101 1540 4157 ταῦτά
1589 4105 1758 4168 ἐστιν,
1800 4103 1838 4159 ἀ

255 4191 540 4261 ὀρθαλμὸς
569 4192 671 4247 οὑκ
697 4188 806 4246 οἶδε
837 4193 932 4247 καὶ
966 4191 1060 4259 οὖς
1093 4195 1196 4248 οὐκ
1227 4196 1430 4266 ἤκουσε
1456 4199 1552 4250 καὶ
1582 4200 1675 4252 ἐπὶ
1698 4217 1837 4270 καρ-

253 4282 379 4337 δίαν
411 4283 704 4355 ἀνθρώπου
751 4283 852 4338 οὑκ
911 4285 1082 4357 ἀνέϐη
1141 4287 1385 4341 πώποτε.
1436 4287 1626 4353 Οὕτως
1668 4291 1726 4342 ἐν
1755 4290 1837 4360 τῷ

251 4375 418 4430 αἰῶνι
471 4375 550 4448 τῷ
603 4376 855 4446 μέλλοντι
915 4378 1150 4432 πάντοτε
1208 4380 1306 4432 σὺν
1359 4379 1547 4450 Κυρίῳ
1594 4380 1836 4450 ἐσόμεθα

1944 3192 2082 3238 σεως
2105 3177 2399 3240 πίπτουσιν
2430 3178 2584 3245 ὕπνῳ
2616 3179 2780 3252 βαρεῖ
2809 3180 2906 3234 καὶ
2940 3179 3092 3248 φόϐῳ
3124 3179 3520 3249 κρατούμενοι,

1943 3265 2216 3335 μύσαντες
2247 3260 2347 3330 τάς
2376 3267 2681 3339 αἰσθήσεις,
2731 3271 2914 3323 πᾶσαν
2953 3268 3148 3338 νοεράν
3174 3271 3391 3338 κίνησιν
3422 3269 3522 3323 καὶ

1940 3357 2226 3427 ἀντίληψιν
2282 3359 2564 3422 παντελῶς
2611 3360 2826 3414 ἑαυτῶν
2868 3360 3316 3424 ἀποσπάσαντες,
3367 3358 3516 3416 οὕτω

1938 3448 2085 3503 κατά
2117 3448 2208 3502 τὸν
2247 3449 2391 3504 θεῖον
2425 3451 2634 3505 ἐκεῖνον
2665 3451 2759 3506 καὶ
2791 3453 3120 3524 ὑπέρφωτον
3163 3454 3256 3505 καὶ
3290 3453 3524 3523 ἀόρατον

1939 3548 2140 3616 γνόφον
2166 3547 2244 3616 τῷ
2281 3547 2403 3618 Θεῷ
2436 3548 2793 3616 συνεγένοντο
2848 3547 2926 3620 τῷ
2985 3548 3234 3618 μηδόλως
3286 3549 3421 3618 ὀρᾷν
3461 3549 3524 3600 τὸ

1938 3639 2108 3705 ὅντως
2137 3642 2271 3712 όρᾷν
2302 3642 2681 3713 είσδεχόμενοι
2709 3643 2804 3695 καὶ
2830 3640 2907 3711 τῷ
2939 3643 3174 3710 πάσχειν
3223 3641 3523 3709 ἀγνὼστως

1937 3733 2039 3804 τὴν
2064 3731 2188 3786 καθ’
2231 3733 2512 3804 ὑπεροχὴν
2566 3733 2847 3802 ἀγνωσίαν
2879 3732 3234 3802 ποριζόμενοι
3285 3733 3378 3785 καὶ
3417 3731 3522 3802 τὴν

1939 3816 2124 3896 πάσης
2176 3827 2371 3895 νοερᾶς
2426 3825 2755 3888 ἐπιστασίας
2794 3823 3136 3896 ὑψηλοτέραν
3176 3823 3523 3893 ἐγρήγορσιν

1939 3915 2096 3988 ὕπνῳ
2128 3907 2684 3988 μυσταγωγούμενοι,
2718 3916 2824 3982 ἐξω
2871 3917 3088 3982 πάντων
3126 3914 3378 3984 ἐγένοντο
3412 3914 3521 3966 τῶν

1937 4010 2236 4081 ὁρωμένων
2285 4027 2344 4062 τε
2383 4009 2481 4063 καὶ
2513 4009 2847 4079 νοουμένων,
2910 4007 2991 4062 ἔτι
3041 4007 3097 4060 δὲ
3137 4005 3233 4059 καὶ
3282 4003 3520 4068 ἑαυτῶν,

1939 4105 2027 4157 ῖνα
2049 4103 2110 4156 τὸ
2138 4102 2322 4172 πάσης
2347 4100 2598 4165 θεώσεὼς
2633 4117 2695 4153 τε
2742 4103 2839 4156 καὶ
2867 4097 3238 4170 ¹ἀφαιρέσεως
3288 4097 3521 4168 ἐκϐεϐη-

1939 4197 2033 4259 κὸς
2089 4194 2210 4250 καθ’
2272 4195 2554 4267 ὑπεροχὴν
2613 4193 2940 4266 ὑπερούσιον
3002 4194 3067 4262 τῇ
3121 4189 3386 4260 ὲκφάνσει
3422 4189 3520 4244 σοῦ

1939 4289 2115 4356 Λόγου
2151 4288 2248 4342 καὶ
2299 4290 2368 4358 τῇ
2430 4287 2749 4341 ἐπισκιάσει
2799 4283 2895 4338 τοῦ
2929 4285 3250 4353 Πνεῦματος
3300 4282 3396 4334 καὶ
3450 4283 3519 4352 τῇ
3562 4295 3566 4297 '

1938 4383 2150 4438 ἄνωθεν
2181 4383 2242 4434 ἐκ
2288 4382 2388 4452 τῆς
2434 4382 2664 4450 νεφέλης
2697 4379 2981 4450 φερομένῃ
3014 4379 3164 4446 φωνῇ
3199 4376 3294 4427 τοῦ
3323 4374 3520 4442 γεννήο

248 4468 498 4537 Χριστὸν
527 4469 787 4541 δρῶντες,
815 4469 894 4541 τῷ
922 4471 1064 4539 φωτὶ
1098 4473 1482 4543 ἀστράπτοντα
1510 4474 1610 4541 τῆς
1644 4473 1832 4543 θεότη-
1864 4483 1909 4538 D
1934 4494 2092 4547 1:090;
2123 4477 2189 4528 δι’
2210 4475 2487 4543 ἀγνωσίας
2519 4474 2614 4526 καὶ
2643 4471 2909 4540 ἀϐλεψίας
2934 4465 3275 4521 παιδευθῶσι
3311 4469 3518 4534 μυστή-

247 4577 369 4626 τος,
399 4561 560 4614 τοῦτο
592 4564 651 4614 τὸ
687 4562 805 4631 φῶς
835 4563 982 4617 κατά
1023 4563 1208 4637 πάσης
1253 4564 1470 4634 φύσεως
1500 4565 1614 4637 ἔχει
1648 4566 1717 4620 τά
1749 4585 1831 4619 νι-

246 4653 517 4724 κητήρια,
552 4654 694 4726 αὕτη
722 4657 754 4726 ἡ
790 4656 904 4728 ζωὴ
940 4658 973 4728 ἡ
1004 4657 1096 4710 τὸν
1135 4657 1344 4727 κόσμον
1386 4658 1684 4730 νικήσασα,
1713 4656 1830 4721 ἀλλ’

208 4745 542 4816 ξδῐιέτρος,
574 4748 781 4802 Καλόν
815 4749 991 4803 ἐστιν
1035 4748 1194 4819 ἡμᾶς
1218 4743 1335 4804 ὦδε
1383 4745 1560 4812 εἶναι,
1605 4751 1699 4803 καὶ
1742 4752 1832 4803 ἐν-

243 4837 448 4892 τεῦθεν
476 4839 694 4911 νεφέλη,
732 4842 792 4894 ού
826 4843 1053 4910 γνόφου,
1081 4842 1222 4896 ἀλλά
1251 4841 1432 4912 φωτὸς
1466 4835 1828 4910 ἐπεσκίασεν,

244 4931 313 4985 τὸ
347 4933 732 5004 κεκρυμμένον
765 4938 874 5004 γάρ
904 4933 1013 4990 ἀπὸ
1034 4935 1145 4987 τῶν
1175 4935 1391 4989 αἰώνων
1425 4936 1522 4990 καὶ
1569 4937 1678 4990 ἀπὸ
1717 4938 1830 4991 τῶν

244 5023 460 5090 γενεῶν
505 5025 808 5094 μυστήριον
845 5025 1278 5091 ἐκκαλύπτεται,
1317 5027 1469 5098 φωνὴ
1503 5029 1720 5097 Πατρὸς
1764 5030 1830 5084 ἐκ

244 5115 487 5184 νεφέλης
531 5116 622 5168 τοῦ
662 5117 980 5187 Πνεύματος
1024 5118 1242 5186 γέγονε,
1277 5121 1373 5172 καὶ
1403 5118 1532 5184 δόξα
1574 5119 1829 5190 διηνεκὴς

245 5206 350 5261 καὶ
403 5206 792 5274 διαιωνίζουσα
821 5209 1124 5265 δείκνυται.
1167 5211 1225 5266 Ὀ
1268 5211 1324 5264 δὲ
1375 5213 1599 5283 Κρήτης
1632 5212 1828 5265 θεσπέ-

245 5315 369 5364 σιος
413 5299 694 5374 Ἀνδρέας,
735 5321 755 5356 ι
799 5305 928 5358 Ἐπὶ
979 5303 1040 5357 τὸ
1079 5303 1228 5376 ὅρος,
1284 5305 1471 5375 φησὶν,
1518 5305 1714 5373 ἀνάγει
1767 5305 1828 5357 τὸ

243 5393 456 5462 ὑψηλὸν
492 5397 622 5460 τοὺς
658 5396 911 5468 μαθητὰς
942 5398 971 5450 6
999 5396 1212 5468 Σωτὴρ,
1243 5396 1296 5449 τί
1327 5397 1569 5468 ποιήσων
1601 5397 1634 5467 ἢ
1664 5401 1717 5452 τί
1745 5400 1827 5452 δι·

239 5484 462 5552 δάξωνς
490 5485 604 5559 Τὴν
631 5488 1206 5559 ὑπεραστράπτουσαν
1235 5488 1580 5558 παραδείξων
1610 5491 1712 5560 τῆς
1741 5493 1828 5544 οἱ·

242 5577 405 5642 κείας
435 5579 690 5651 θεότητος
711 5579 874 5645 δόξαν
905 5596 964 5634 τε
997 5581 1091 5634 καὶ
1115 5570 1503 5651 λαμπρότητα·
1534 5580 1695 5633 τοῦτο
1718 5581 1826 5635 τοί-

241 5689 346 5726 νυν
376 5672 714 5744 ἑορτάζομεν
748 5675 1018 5746 σήμερον,
1062 5674 1164 5746 τὴν
1200 5675 1300 5746 τῆς
1335 5672 1555 5744 φύσεως
1589 5674 1786 5729 θέωσιν
1807 5712 1824 5740 ,

235 5765 346 5837 τὴν
375 5767 456 5834 είς
503 5767 563 5822 τὸ
617 5769 865 5840 κρεῖττον
897 5769 1210 5837 ἀλλοίωσιν,
1274 5768 1373 5843 τὴν
1423 5769 1515 5825 ἐπὶ
1559 5770 1628 5824 τά
1679 5771 1819 5843 ὑπὲρ

1939 4585 2076 4640 ριον.
2116 4586 2134 4619 ι
2176 4567 2313 4636 Περὶ
2342 4565 2436 4618 τοῦ
2465 4565 2610 4618 θείου
2643 4563 2834 4616 τούτου
2865 4558 3046 4631 φωτός
3084 4573 3250 4627 φησιν
3281 4558 3309 4609 6
3343 4555 3520 4626 μέγας

1933 4661 2234 4732 Γρηγόριος
2271 4659 2299 4712 ό
2327 4657 2615 4725 Θεολόγος·
2659 4673 2679 4704 ι
2714 4653 2834 4716 Φῶς
2867 4649 3364 4723 ήπαραδειχθεῖσα
3399 4647 3520 4701 036-

1931 4769 2032 4824 της
2063 4752 2157 4804 ἐπὶ
2178 4751 2272 4804 τοῦ
2302 4751 2466 4821 ὅρους
2495 4751 2610 4811 τοῖς
2644 4745 2918 4817 μαθηταῖς
2944 4742 3146 4815 μικροῦ
3173 4743 3516 4814 στερροτέρα

1933 4847 2028 4899 καὶ
2081 4845 2260 4915 ὅψεως
2286 4859 2300 4875 ·
2345 4862 2363 4895 ι
2422 4843 2519 4896 καὶ
2571 4840 2761 4902 αὖθις·
2801 4857 2820 4892 ι
2857 4836 3020 4901 ’Ἥξει
3062 4836 3159 4905 μὲν
3194 4835 3270 4897 ὡς
3316 4835 3345 4887 6
3385 4833 3518 4902 ἐμὸς

1931 4937 2113 5004 λόγος,
2147 4935 2379 4997 τοιοῦτος
2401 4934 2478 4999 δέ,
2509 4930 2624 4997 οἷος
2650 4931 2812 5001 ὤφθη
2845 4931 2958 4992 τοῖς
2979 4927 3257 5000 μαθηταῖς
3289 4927 3320 4996 ἢ
3353 4942 3519 4992 παρε-

1930 5030 2142 5102 δείχθη,
2180 5029 2570 5101 ὑπερνικώσης
2614 5027 2675 5080 τὸ
2728 5025 2958 5097 σαρκίον
3014 5023 3115 5094 τῆς
3175 5021 3448 5091 θεότητος.
3491 5038 3511 5071 ι

1945 5125 2002 5177 Ὅ
2033 5125 2090 5177 δὲ
2118 5124 2274 5193 ἆγιος
2314 5122 2604 5192 Μάξιμος,
2645 5139 2662 5172 ι
2706 5118 2880 5172 Τοῦτό
2933 5119 3072 5179 ἐστι,
3126 5115 3284 5184 φησὶ,
3319 5112 3380 5166 τὸ
3417 5113 3516 5165 τοῦ

1931 5216 2068 5271 Θεοῦ
2104 5215 2463 5284 Εὑαγγέλιον,
2520 5211 2787 5284 πρεσϐεία
2835 5208 2973 5262 Θεοῦ
3023 5207 3120 5261 καὶ
3165 5205 3514 5276 παράκλησις

1929 5311 2068 5382 πρὸς
2097 5309 2423 5380 ἀνθρώπους
2449 5308 2517 5360 δι’
2542 5307 2675 5360 Υίοῦ
2706 5303 3086 5374 σαρκωθέντος
3123 5303 3220 5355 καὶ
3249 5301 3346 5370 τῆς
3371 5299 3512 5369 πρὸς

1929 5396 2020 5457 τὸν
2059 5401 2280 5470 Πατέρα
2327 5399 2699 5468 καταλλαγῆς
2738 5397 2932 5467 μισθὸν
2985 5393 3334 5466 δωρουμένου
3396 5393 3510 5456 τοῖς

1930 5496 2280 5564 πειθομένοις
2331 5490 2481 5561 αὑτῷ
2520 5491 2619 5558 τὴν
2678 5491 2976 5558 ἀγέννητον
3008 5487 3241 5540 θέωσιν·
3275 5486 3510 5576 ἀγέννη-

1927 5605 2020 5640 τον
2055 5588 2110 5642 δέ
2138 5587 2283 5656 λέγω
2312 5584 2510 5638 θέωσιν
2541 5585 2643 5653 τὴν
2678 5581 2800 5635 κατ’
2834 5577 2974 5644 εἶδος
3009 5580 3373 5633 ἐνυπόστατον
3419 5577 3508 5632 ἐλ-

1929 5677 2158 5749 λαμψιν,
2191 5677 2313 5747 ἥτις
2344 5675 2444 5729 οὐκ
2474 5673 2587 5745 ἔχει
2621 5674 2857 5744 γένεσιν,
2907 5669 3026 5726 ἀλλ’
3058 5671 3417 5742 ἀνεπινόητον
3448 5671 3508 5723 ἐν

1927 5774 2039 5834 τοῖς
2076 5769 2251 5838 ἀξίοις
2306 5768 2640 5839 φανέρωσιν·
2685 5785 2702 5821 ι
2767 5767 2859 5821 καὶ
2908 5761 3063 5830 αὖθις
3092 5781 3104 5795 ·
3145 5783 3162 5817 ι
3201 5765 3276 5820 Οὐ
3332 5764 3500 5818 πᾶσαι
