  <div class='ocr_page' id='page_1' title='image "/cluster/home/n/w/nwhite01/storage/ocr_20150623/152/hvd.32044073502635/638.png"; bbox 0 0 4022 6204; ppageno 0'>
   <div class='ocr_carea' id='block_1_1' title="bbox 312 259 449 328">
    <p class='ocr_par' dir='ltr' id='par_1_1' title="bbox 312 259 449 328">
     <span class='ocr_line' id='line_1_1' title="bbox 312 259 449 328; baseline -0.066 0"><span class='ocrx_word' id='word_1_1' title='bbox 312 259 449 328; x_wconf 67' lang='grc'>1252</span> 
     </span>
    </p>
   </div>
   <div class='ocr_carea' id='block_1_2' title="bbox 1365 251 2504 325">
    <p class='ocr_par' dir='ltr' id='par_1_2' title="bbox 1365 251 2504 325">
     <span class='ocr_line' id='line_1_2' title="bbox 1365 251 2504 325; baseline 0.002 -5"><span class='ocrx_word' id='word_1_2' title='bbox 1365 256 1762 325; x_wconf 70' lang='grc' dir='ltr'>ΞΥΝΟΟΙΟᾹΞ</span> <span class='ocrx_word' id='word_1_3' title='bbox 1804 251 2504 324; x_wconf 67' lang='lat' dir='ltr'>CONSTITU&#39;EIONES.</span> 
     </span>
    </p>
   </div>
   <div class='ocr_carea' id='block_1_3' title="bbox 3429 248 3566 317">
    <p class='ocr_par' dir='ltr' id='par_1_3' title="bbox 3429 248 3566 317">
     <span class='ocr_line' id='line_1_3' title="bbox 3429 248 3566 317; baseline 0.007 -2"><span class='ocrx_word' id='word_1_4' title='bbox 3429 248 3566 317; x_wconf 72' lang='grc'><strong>1254</strong></span> 
     </span>
    </p>
   </div>
   <div class='ocr_carea' id='block_1_4' title="bbox 310 360 3575 438">
    <p class='ocr_par' dir='ltr' id='par_1_4' title="bbox 310 360 3575 438">
     <span class='ocr_line' id='line_1_4' title="bbox 310 360 3575 438; baseline -0.004 -7"><span class='ocrx_word' id='word_1_5' title='bbox 310 376 419 431; x_wconf 77' lang='grc' dir='ltr'>ἀπὸ</span> <span class='ocrx_word' id='word_1_6' title='bbox 445 374 541 429; x_wconf 88' lang='grc' dir='ltr'>τοῦ</span> <span class='ocrx_word' id='word_1_7' title='bbox 568 372 662 426; x_wconf 91' lang='grc' dir='ltr'>νῦν</span> <span class='ocrx_word' id='word_1_8' title='bbox 697 371 794 426; x_wconf 81' lang='grc' dir='ltr'>καὶ</span> <span class='ocrx_word' id='word_1_9' title='bbox 821 372 901 433; x_wconf 89' lang='grc' dir='ltr'>εἰς</span> <span class='ocrx_word' id='word_1_10' title='bbox 935 371 994 424; x_wconf 81' lang='grc' dir='ltr'>τὸ</span> <span class='ocrx_word' id='word_1_11' title='bbox 1025 370 1151 438; x_wconf 80' lang='grc' dir='ltr'>ἐξῆς</span> <span class='ocrx_word' id='word_1_12' title='bbox 1194 369 1544 438; x_wconf 73' lang='grc' dir='ltr'>δογματίζειν</span> <span class='ocrx_word' id='word_1_13' title='bbox 1581 370 1717 433; x_wconf 81' lang='grc' dir='ltr'>ὅλως</span> <span class='ocrx_word' id='word_1_14' title='bbox 1761 370 1881 424; x_wconf 83' lang='grc' dir='ltr'>τινὰ</span> <span class='ocrx_word' id='word_1_15' title='bbox 1912 372 1956 427; x_wconf 79' lang='grc' dir='ltr'><strong>Δ</strong></span> <span class='ocrx_word' id='word_1_16' title='bbox 1983 368 2192 420; x_wconf 87' lang='grc' dir='ltr'>δίκαιον</span> <span class='ocrx_word' id='word_1_17' title='bbox 2231 366 2315 428; x_wconf 81' lang='grc' dir='ltr'>ὃν,</span> <span class='ocrx_word' id='word_1_18' title='bbox 2365 366 2446 427; x_wconf 84' lang='grc' dir='ltr'>εἰς</span> <span class='ocrx_word' id='word_1_19' title='bbox 2483 360 2791 431; x_wconf 70' lang='grc' dir='ltr'>ἐπισκοπὴν</span> <span class='ocrx_word' id='word_1_20' title='bbox 2814 360 2896 415; x_wconf 73' lang='grc' dir='ltr'>ἔτι</span> <span class='ocrx_word' id='word_1_21' title='bbox 2937 362 3195 432; x_wconf 76' lang='grc' dir='ltr'>τελούσης</span> <span class='ocrx_word' id='word_1_22' title='bbox 3225 362 3323 434; x_wconf 86' lang='grc' dir='ltr'>τῆς</span> <span class='ocrx_word' id='word_1_23' title='bbox 3382 366 3575 419; x_wconf 79' lang='grc' dir='ltr'>τοιαύο</span> 
     </span>
    </p>
   </div>
   <div class='ocr_carea' id='block_1_5' title="bbox 308 459 1885 529">
    <p class='ocr_par' dir='ltr' id='par_1_5' title="bbox 308 459 1885 529">
     <span class='ocr_line' id='line_1_5' title="bbox 308 459 1885 529; baseline -0.005 -10"><span class='ocrx_word' id='word_1_24' title='bbox 308 464 421 519; x_wconf 89' lang='grc' dir='ltr'>τῶν</span> <span class='ocrx_word' id='word_1_25' title='bbox 448 462 726 525; x_wconf 84' lang='grc' dir='ltr'>ἁπάντων,</span> <span class='ocrx_word' id='word_1_26' title='bbox 758 459 1009 514; x_wconf 78' lang='grc' dir='ltr'>κινοῦντα</span> <span class='ocrx_word' id='word_1_27' title='bbox 1034 459 1195 526; x_wconf 85' lang='grc' dir='ltr'>λόγον</span> <span class='ocrx_word' id='word_1_28' title='bbox 1239 460 1364 514; x_wconf 77' lang='grc' dir='ltr'>τινὰ</span> <span class='ocrx_word' id='word_1_29' title='bbox 1411 459 1543 529; x_wconf 72' lang='grc' dir='ltr'>περὶ</span> <span class='ocrx_word' id='word_1_30' title='bbox 1571 459 1777 515; x_wconf 85' lang='grc' dir='ltr'>τούτων</span> <span class='ocrx_word' id='word_1_31' title='bbox 1827 476 1885 512; x_wconf 88' lang='grc' dir='ltr'>τε</span> 
     </span>
    </p>
   </div>
   <div class='ocr_carea' id='block_1_6' title="bbox 311 546 1885 619">
    <p class='ocr_par' dir='ltr' id='par_1_6' title="bbox 311 546 1885 619">
     <span class='ocr_line' id='line_1_6' title="bbox 311 546 1885 619; baseline -0.004 -12"><span class='ocrx_word' id='word_1_32' title='bbox 311 552 410 607; x_wconf 73' lang='grc' dir='ltr'>καὶ</span> <span class='ocrx_word' id='word_1_33' title='bbox 432 551 607 607; x_wconf 77' lang='grc' dir='ltr'>ἄλλων</span> <span class='ocrx_word' id='word_1_34' title='bbox 638 550 982 619; x_wconf 76' lang='grc' dir='ltr'>δογματικῶν</span> <span class='ocrx_word' id='word_1_35' title='bbox 1012 549 1208 616; x_wconf 85' lang='grc' dir='ltr'>λόγων,</span> <span class='ocrx_word' id='word_1_36' title='bbox 1237 546 1360 601; x_wconf 76' lang='grc' dir='ltr'>οὔτε</span> <span class='ocrx_word' id='word_1_37' title='bbox 1395 550 1692 617; x_wconf 73' lang='grc' dir='ltr'>ἐγγράφως</span> <span class='ocrx_word' id='word_1_38' title='bbox 1715 549 1885 618; x_wconf 81' lang='grc' dir='ltr'>δηλα-</span> 
     </span>
    </p>
   </div>
   <div class='ocr_carea' id='block_1_7' title="bbox 310 638 1886 714">
    <p class='ocr_par' dir='ltr' id='par_1_7' title="bbox 310 638 1886 714">
     <span class='ocr_line' id='line_1_7' title="bbox 310 638 1886 714; baseline -0.005 -16"><span class='ocrx_word' id='word_1_39' title='bbox 310 644 400 714; x_wconf 81' lang='grc' dir='ltr'>δὴ,</span> <span class='ocrx_word' id='word_1_40' title='bbox 424 643 548 696; x_wconf 80' lang='grc' dir='ltr'>οὔτε</span> <span class='ocrx_word' id='word_1_41' title='bbox 578 642 862 712; x_wconf 77' lang='grc' dir='ltr'>ἀγράφως,</span> <span class='ocrx_word' id='word_1_42' title='bbox 888 640 963 703; x_wconf 85' lang='grc' dir='ltr'>ὡς</span> <span class='ocrx_word' id='word_1_43' title='bbox 1012 641 1074 693; x_wconf 82' lang='grc' dir='ltr'>οὒ</span> <span class='ocrx_word' id='word_1_44' title='bbox 1119 638 1332 708; x_wconf 78' lang='grc' dir='ltr'>μικρῶν</span> <span class='ocrx_word' id='word_1_45' title='bbox 1373 638 1630 693; x_wconf 78' lang='grc' dir='ltr'>ἐντεῦθεν</span> <span class='ocrx_word' id='word_1_46' title='bbox 1679 640 1758 701; x_wconf 63' lang='grc' dir='ltr'>εἰς</span> <span class='ocrx_word' id='word_1_47' title='bbox 1787 639 1886 708; x_wconf 81' lang='grc' dir='ltr'>τὴν</span> 
     </span>
    </p>
   </div>
   <div class='ocr_carea' id='block_1_8' title="bbox 326 727 1888 801">
    <p class='ocr_par' dir='ltr' id='par_1_8' title="bbox 326 727 1888 801">
     <span class='ocr_line' id='line_1_8' title="bbox 326 727 1888 801; baseline -0.004 -15"><span class='ocrx_word' id='word_1_48' title='bbox 326 732 655 801; x_wconf 80' lang='grc' dir='ltr'>Ἐκκλησίαν</span> <span class='ocrx_word' id='word_1_49' title='bbox 692 728 785 782; x_wconf 92' lang='grc' dir='ltr'>τοῦ</span> <span class='ocrx_word' id='word_1_50' title='bbox 815 728 951 782; x_wconf 82' lang='grc' dir='ltr'>Θεοῦ</span> <span class='ocrx_word' id='word_1_51' title='bbox 979 730 1402 783; x_wconf 86' lang='grc' dir='ltr'>ἀνακυπτόντων</span> <span class='ocrx_word' id='word_1_52' title='bbox 1436 728 1751 782; x_wconf 64' lang='grc' dir='ltr'>σκανδάλων</span> <span class='ocrx_word' id='word_1_53' title='bbox 1793 727 1888 779; x_wconf 79' lang='grc' dir='ltr'>καὶ</span> 
     </span>
    </p>
   </div>
   <div class='ocr_carea' id='block_1_9' title="bbox 311 818 1889 895">
    <p class='ocr_par' dir='ltr' id='par_1_9' title="bbox 311 818 1889 895">
     <span class='ocr_line' id='line_1_9' title="bbox 311 818 1889 895; baseline -0.004 -17"><span class='ocrx_word' id='word_1_54' title='bbox 311 824 632 895; x_wconf 86' lang='grc' dir='ltr'>συγχύσεως</span> <span class='ocrx_word' id='word_1_55' title='bbox 677 821 772 875; x_wconf 81' lang='grc' dir='ltr'>καὶ</span> <span class='ocrx_word' id='word_1_56' title='bbox 799 820 1048 892; x_wconf 86' lang='grc' dir='ltr'>ταραχῆς</span> <span class='ocrx_word' id='word_1_57' title='bbox 1097 820 1191 873; x_wconf 78' lang='grc' dir='ltr'>καὶ</span> <span class='ocrx_word' id='word_1_58' title='bbox 1239 820 1401 875; x_wconf 88' lang='grc' dir='ltr'>σάλου</span> <span class='ocrx_word' id='word_1_59' title='bbox 1454 819 1548 873; x_wconf 76' lang='grc' dir='ltr'>καὶ</span> <span class='ocrx_word' id='word_1_60' title='bbox 1589 818 1889 889; x_wconf 78' lang='grc' dir='ltr'>τρικυμίας</span> 
     </span>
    </p>
   </div>
   <div class='ocr_carea' id='block_1_10' title="bbox 310 908 1889 982">
    <p class='ocr_par' dir='ltr' id='par_1_10' title="bbox 310 908 1889 982">
     <span class='ocr_line' id='line_1_10' title="bbox 310 908 1889 982; baseline -0.004 -15"><span class='ocrx_word' id='word_1_61' title='bbox 310 911 700 982; x_wconf 74' lang='grc' dir='ltr'>ἐπιγινομένης</span> <span class='ocrx_word' id='word_1_62' title='bbox 759 912 882 974; x_wconf 86' lang='grc' dir='ltr'>ταῖς</span> <span class='ocrx_word' id='word_1_63' title='bbox 927 910 1127 981; x_wconf 81' lang='grc' dir='ltr'>ψυχαῖς</span> <span class='ocrx_word' id='word_1_64' title='bbox 1160 910 1268 963; x_wconf 84' lang='grc' dir='ltr'>τῶν</span> <span class='ocrx_word' id='word_1_65' title='bbox 1300 909 1608 964; x_wconf 79' lang='grc' dir='ltr'>ἀκουόντων</span> <span class='ocrx_word' id='word_1_66' title='bbox 1643 910 1737 962; x_wconf 72' lang='grc' dir='ltr'>καὶ</span> <span class='ocrx_word' id='word_1_67' title='bbox 1778 908 1889 962; x_wconf 88' lang='grc' dir='ltr'>τῶν</span> 
     </span>
    </p>
   </div>
   <div class='ocr_carea' id='block_1_11' title="bbox 309 1000 1884 1075">
    <p class='ocr_par' dir='ltr' id='par_1_11' title="bbox 309 1000 1884 1075">
     <span class='ocr_line' id='line_1_11' title="bbox 309 1000 1884 1075; baseline -0.003 -16"><span class='ocrx_word' id='word_1_68' title='bbox 309 1002 721 1075; x_wconf 86' lang='grc' dir='ltr'>ἀκεραιοτέρων</span> <span class='ocrx_word' id='word_1_69' title='bbox 753 1001 1009 1071; x_wconf 87' lang='grc' dir='ltr'>μάλιστα,</span> <span class='ocrx_word' id='word_1_70' title='bbox 1037 1002 1104 1055; x_wconf 79' lang='grc' dir='ltr'>δι’</span> <span class='ocrx_word' id='word_1_71' title='bbox 1129 1001 1165 1055; x_wconf 79' lang='grc' dir='ltr'><strong>ἃ</strong></span> <span class='ocrx_word' id='word_1_72' title='bbox 1188 1001 1253 1072; x_wconf 79' lang='grc' dir='ltr'>δὴ</span> <span class='ocrx_word' id='word_1_73' title='bbox 1284 1003 1498 1066; x_wconf 86' lang='grc' dir='ltr'>πάντως</span> <span class='ocrx_word' id='word_1_74' title='bbox 1526 1004 1622 1056; x_wconf 82' lang='grc' dir='ltr'>καὶ</span> <span class='ocrx_word' id='word_1_75' title='bbox 1667 1000 1716 1054; x_wconf 88' lang='grc' dir='ltr'>οἰ</span> <span class='ocrx_word' id='word_1_76' title='bbox 1746 1001 1884 1055; x_wconf 84' lang='grc' dir='ltr'>ἀνω-</span> 
     </span>
    </p>
   </div>
   <div class='ocr_carea' id='block_1_12' title="bbox 308 1088 1889 1164">
    <p class='ocr_par' dir='ltr' id='par_1_12' title="bbox 308 1088 1889 1164">
     <span class='ocr_line' id='line_1_12' title="bbox 308 1088 1889 1164; baseline -0.004 -17"><span class='ocrx_word' id='word_1_77' title='bbox 308 1095 454 1164; x_wconf 89' lang='grc' dir='ltr'>τέρω</span> <span class='ocrx_word' id='word_1_78' title='bbox 488 1091 858 1162; x_wconf 82' lang='grc' dir='ltr'>ἐκτεθειμένοι</span> <span class='ocrx_word' id='word_1_79' title='bbox 888 1090 1020 1144; x_wconf 86' lang='grc' dir='ltr'>θεῖοι</span> <span class='ocrx_word' id='word_1_80' title='bbox 1065 1091 1288 1154; x_wconf 80' lang='grc' dir='ltr'>κανόνες</span> <span class='ocrx_word' id='word_1_81' title='bbox 1319 1093 1429 1155; x_wconf 90' lang='grc' dir='ltr'>τοῖς</span> <span class='ocrx_word' id='word_1_82' title='bbox 1466 1092 1747 1161; x_wconf 89' lang='grc' dir='ltr'>θεοφόροις</span> <span class='ocrx_word' id='word_1_83' title='bbox 1793 1088 1889 1144; x_wconf 80' lang='grc' dir='ltr'>καὶ</span> 
     </span>
    </p>
   </div>
   <div class='ocr_carea' id='block_1_13' title="bbox 312 1180 1887 1253">
    <p class='ocr_par' dir='ltr' id='par_1_13' title="bbox 312 1180 1887 1253">
     <span class='ocr_line' id='line_1_13' title="bbox 312 1180 1887 1253; baseline -0.006 -13"><span class='ocrx_word' id='word_1_84' title='bbox 312 1187 491 1253; x_wconf 80' lang='grc' dir='ltr'>ἁγίοις</span> <span class='ocrx_word' id='word_1_85' title='bbox 531 1183 807 1250; x_wconf 87' lang='grc' dir='ltr'>Πατράσιν</span> <span class='ocrx_word' id='word_1_86' title='bbox 838 1182 1185 1251; x_wconf 80' lang='grc' dir='ltr'>ἐξετέθήσαν.</span> <span class='ocrx_word' id='word_1_87' title='bbox 1218 1182 1394 1252; x_wconf 84' lang='grc' dir='ltr'>Χάριν</span> <span class='ocrx_word' id='word_1_88' title='bbox 1429 1182 1534 1251; x_wconf 90' lang='grc' dir='ltr'>γάρ</span> <span class='ocrx_word' id='word_1_89' title='bbox 1562 1181 1652 1235; x_wconf 87' lang='grc' dir='ltr'>τοῦ</span> <span class='ocrx_word' id='word_1_90' title='bbox 1688 1180 1887 1251; x_wconf 80' lang='grc' dir='ltr'>μηκέτι</span> 
     </span>
    </p>
   </div>
   <div class='ocr_carea' id='block_1_14' title="bbox 313 1272 1887 1348">
    <p class='ocr_par' dir='ltr' id='par_1_14' title="bbox 313 1272 1887 1348">
     <span class='ocr_line' id='line_1_14' title="bbox 313 1272 1887 1348; baseline -0.004 -18"><span class='ocrx_word' id='word_1_91' title='bbox 313 1278 520 1348; x_wconf 77' lang='grc' dir='ltr'>μηδένα</span> <span class='ocrx_word' id='word_1_92' title='bbox 552 1279 670 1339; x_wconf 84' lang='grc' dir='ltr'>ταῖς</span> <span class='ocrx_word' id='word_1_93' title='bbox 696 1276 917 1345; x_wconf 78' lang='grc' dir='ltr'>ὁμοίαις</span> <span class='ocrx_word' id='word_1_94' title='bbox 944 1275 1175 1337; x_wconf 82' lang='grc' dir='ltr'>πλάναις</span> <span class='ocrx_word' id='word_1_95' title='bbox 1210 1276 1531 1344; x_wconf 78' lang='grc' dir='ltr'>περιπεσεῖν</span> <span class='ocrx_word' id='word_1_96' title='bbox 1571 1272 1887 1342; x_wconf 74' lang='grc' dir='ltr'>ποιούμενοι</span> 
     </span>
    </p>
   </div>
   <div class='ocr_carea' id='block_1_15' title="bbox 311 1363 1888 1438">
    <p class='ocr_par' dir='ltr' id='par_1_15' title="bbox 311 1363 1888 1438">
     <span class='ocr_line' id='line_1_15' title="bbox 311 1363 1888 1438; baseline -0.004 -17"><span class='ocrx_word' id='word_1_97' title='bbox 311 1370 590 1438; x_wconf 86' lang='grc' dir='ltr'>πρόνοιαν,</span> <span class='ocrx_word' id='word_1_98' title='bbox 646 1366 742 1417; x_wconf 79' lang='grc' dir='ltr'>καὶ</span> <span class='ocrx_word' id='word_1_99' title='bbox 792 1366 853 1417; x_wconf 78' lang='grc' dir='ltr'>τὸ</span> <span class='ocrx_word' id='word_1_100' title='bbox 892 1365 1067 1435; x_wconf 74' lang='grc' dir='ltr'>παρὸν</span> <span class='ocrx_word' id='word_1_101' title='bbox 1119 1367 1199 1427; x_wconf 85' lang='grc' dir='ltr'>εἰς</span> <span class='ocrx_word' id='word_1_102' title='bbox 1247 1365 1548 1433; x_wconf 89' lang='grc' dir='ltr'>ἀσφάλειαν</span> <span class='ocrx_word' id='word_1_103' title='bbox 1606 1363 1888 1433; x_wconf 87' lang='grc' dir='ltr'>ἐκθέμενοι</span> 
     </span>
    </p>
   </div>
   <div class='ocr_carea' id='block_1_16' title="bbox 311 1456 1889 1529">
    <p class='ocr_par' dir='ltr' id='par_1_16' title="bbox 311 1456 1889 1529">
     <span class='ocr_line' id='line_1_16' title="bbox 311 1456 1889 1529; baseline -0.003 -16"><span class='ocrx_word' id='word_1_104' title='bbox 311 1460 569 1529; x_wconf 88' lang='grc' dir='ltr'>γράμμα,</span> <span class='ocrx_word' id='word_1_105' title='bbox 610 1459 728 1519; x_wconf 84' lang='grc' dir='ltr'>ταῖς</span> <span class='ocrx_word' id='word_1_106' title='bbox 776 1457 1006 1518; x_wconf 78' lang='grc' dir='ltr'>οἰκείαις</span> <span class='ocrx_word' id='word_1_107' title='bbox 1037 1456 1383 1525; x_wconf 80' lang='grc' dir='ltr'>ὑπογραφαίς</span> <span class='ocrx_word' id='word_1_108' title='bbox 1423 1456 1889 1527; x_wconf 81' lang='grc' dir='ltr'>ἐπεσημηνάμεθα</span> 
     </span>
    </p>
   </div>
   <div class='ocr_carea' id='block_1_17' title="bbox 313 1544 1887 1618">
    <p class='ocr_par' dir='ltr' id='par_1_17' title="bbox 313 1544 1887 1618">
     <span class='ocr_line' id='line_1_17' title="bbox 313 1544 1887 1618; baseline -0.006 -13"><span class='ocrx_word' id='word_1_109' title='bbox 313 1550 458 1605; x_wconf 86' lang='grc' dir='ltr'>κατά</span> <span class='ocrx_word' id='word_1_110' title='bbox 515 1550 660 1618; x_wconf 87' lang='grc' dir='ltr'>μῆνα</span> <span class='ocrx_word' id='word_1_111' title='bbox 709 1547 928 1601; x_wconf 88' lang='grc' dir='ltr'>Ἰούλιον</span> <span class='ocrx_word' id='word_1_112' title='bbox 981 1547 1077 1616; x_wconf 84' lang='grc' dir='ltr'>τῆς</span> <span class='ocrx_word' id='word_1_113' title='bbox 1112 1544 1154 1599; x_wconf 84' lang='grc' dir='ltr'>θ’</span> <span class='ocrx_word' id='word_1_114' title='bbox 1191 1547 1290 1601; x_wconf 84' lang='grc' dir='ltr'>ίνδ.</span> <span class='ocrx_word' id='word_1_115' title='bbox 1320 1546 1359 1616; x_wconf 71' lang='grc' dir='ltr'><strong><em>-ι-</em></strong></span> <span class='ocrx_word' id='word_1_116' title='bbox 1391 1547 1514 1615; x_wconf 84' lang='grc' dir='ltr'>Εἶχε</span> <span class='ocrx_word' id='word_1_117' title='bbox 1561 1547 1651 1599; x_wconf 76' lang='grc' dir='ltr'>καὶ</span> <span class='ocrx_word' id='word_1_118' title='bbox 1690 1546 1887 1612; x_wconf 80' lang='grc' dir='ltr'>ὑπογε-</span> 
     </span>
    </p>
   </div>
   <div class='ocr_carea' id='block_1_18' title="bbox 1988 452 3569 525">
    <p class='ocr_par' dir='ltr' id='par_1_18' title="bbox 1988 452 3569 525">
     <span class='ocr_line' id='line_1_18' title="bbox 1988 452 3569 525; baseline -0.001 -17"><span class='ocrx_word' id='word_1_119' title='bbox 1988 473 2089 523; x_wconf 80' lang='grc' dir='ltr'>της</span> <span class='ocrx_word' id='word_1_120' title='bbox 2135 455 2524 525; x_wconf 83' lang='grc' dir='ltr'>μητροπόλεως</span> <span class='ocrx_word' id='word_1_121' title='bbox 2580 452 2675 505; x_wconf 68' lang='grc' dir='ltr'>καί⁵</span> <span class='ocrx_word' id='word_1_122' title='bbox 2707 452 2815 505; x_wconf 78' lang='grc' dir='ltr'>ὑπὸ</span> <span class='ocrx_word' id='word_1_123' title='bbox 2848 453 2948 521; x_wconf 84' lang='grc' dir='ltr'>τὴν</span> <span class='ocrx_word' id='word_1_124' title='bbox 2996 454 3099 523; x_wconf 88' lang='grc' dir='ltr'>τῆς</span> <span class='ocrx_word' id='word_1_125' title='bbox 3160 453 3431 523; x_wconf 73' lang='grc' dir='ltr'>Κορίνθου</span> <span class='ocrx_word' id='word_1_126' title='bbox 3474 471 3569 507; x_wconf 64' lang='grc' dir='ltr'>τις</span> 
     </span>
    </p>
   </div>
   <div class='ocr_carea' id='block_1_19' title="bbox 1987 545 3633 619">
    <p class='ocr_par' dir='ltr' id='par_1_19' title="bbox 1987 545 3633 619">
     <span class='ocr_line' id='line_1_19' title="bbox 1987 545 3633 619; baseline -0.001 -20"><span class='ocrx_word' id='word_1_127' title='bbox 1987 546 2293 619; x_wconf 88' lang='grc' dir='ltr'>ταγμένης.</span> <span class='ocrx_word' id='word_1_128' title='bbox 2327 547 2551 611; x_wconf 76' lang='grc' dir='ltr'>ἔπειτα,</span> <span class='ocrx_word' id='word_1_129' title='bbox 2583 545 2642 609; x_wconf 81' lang='grc' dir='ltr'>ἐξ</span> <span class='ocrx_word' id='word_1_130' title='bbox 2678 545 2802 597; x_wconf 73' lang='grc' dir='ltr'>ὅτου</span> <span class='ocrx_word' id='word_1_131' title='bbox 2837 546 3038 615; x_wconf 77' lang='grc' dir='ltr'>δηλαδὴ</span> <span class='ocrx_word' id='word_1_132' title='bbox 3057 547 3152 598; x_wconf 79' lang='grc' dir='ltr'>καὶ</span> <span class='ocrx_word' id='word_1_133' title='bbox 3184 545 3324 615; x_wconf 83' lang='grc' dir='ltr'>αῦτη</span> <span class='ocrx_word' id='word_1_134' title='bbox 3354 547 3431 615; x_wconf 83' lang='grc' dir='ltr'>τῷ</span> <span class='ocrx_word' id='word_1_135' title='bbox 3466 546 3568 614; x_wconf 88' lang='grc' dir='ltr'>τῆς</span> <span class='ocrx_word' id='word_1_136' title='bbox 3628 612 3633 615; x_wconf 10' lang='grc' dir='ltr'>ἠ</span> 
     </span>
    </p>
   </div>
   <div class='ocr_carea' id='block_1_20' title="bbox 1993 636 3566 709">
    <p class='ocr_par' dir='ltr' id='par_1_20' title="bbox 1993 636 3566 709">
     <span class='ocr_line' id='line_1_20' title="bbox 1993 636 3566 709; baseline -0.001 -19"><span class='ocrx_word' id='word_1_137' title='bbox 1993 637 2391 709; x_wconf 82' lang='grc' dir='ltr'>μητροπόλεως</span> <span class='ocrx_word' id='word_1_138' title='bbox 2423 636 2664 705; x_wconf 71' lang='grc' dir='ltr'>ἐτιμήθη</span> <span class='ocrx_word' id='word_1_139' title='bbox 2711 636 3056 704; x_wconf 84' lang='grc' dir='ltr'>σεμνώματι,</span> <span class='ocrx_word' id='word_1_140' title='bbox 3110 637 3192 696; x_wconf 82' lang='grc' dir='ltr'>εἰς</span> <span class='ocrx_word' id='word_1_141' title='bbox 3251 638 3566 707; x_wconf 78' lang='grc' dir='ltr'>ἐπισκοπὴν</span> 
     </span>
    </p>
   </div>
   <div class='ocr_carea' id='block_1_21' title="bbox 1989 726 3564 799">
    <p class='ocr_par' dir='ltr' id='par_1_21' title="bbox 1989 726 3564 799">
     <span class='ocr_line' id='line_1_21' title="bbox 1989 726 3564 799; baseline 0 -17"><span class='ocrx_word' id='word_1_142' title='bbox 1989 729 2087 782; x_wconf 73' lang='grc' dir='ltr'>καὶ</span> <span class='ocrx_word' id='word_1_143' title='bbox 2125 729 2259 782; x_wconf 76' lang='grc' dir='ltr'>αὐτὸ</span> <span class='ocrx_word' id='word_1_144' title='bbox 2306 728 2703 782; x_wconf 81' lang='grc' dir='ltr'>ἀποκαταστάν</span> <span class='ocrx_word' id='word_1_145' title='bbox 2765 728 2920 796; x_wconf 86' lang='grc' dir='ltr'>παρά</span> <span class='ocrx_word' id='word_1_146' title='bbox 2951 726 3047 782; x_wconf 88' lang='grc' dir='ltr'>τοῦ</span> <span class='ocrx_word' id='word_1_147' title='bbox 3102 728 3307 799; x_wconf 88' lang='grc' dir='ltr'>μέρους</span> <span class='ocrx_word' id='word_1_148' title='bbox 3366 731 3564 797; x_wconf 82' lang='grc' dir='ltr'>αὐτῆς,</span> 
     </span>
    </p>
   </div>
   <div class='ocr_carea' id='block_1_22' title="bbox 1990 818 3573 903">
    <p class='ocr_par' dir='ltr' id='par_1_22' title="bbox 1990 818 3573 903">
     <span class='ocr_line' id='line_1_22' title="bbox 1990 818 3573 903; baseline -0.001 -30"><span class='ocrx_word' id='word_1_149' title='bbox 1990 818 2211 889; x_wconf 91' lang='grc' dir='ltr'>σύναμα</span> <span class='ocrx_word' id='word_1_150' title='bbox 2255 820 2320 903; x_wconf 61' lang='grc' dir='ltr'>τῇ</span> <span class='ocrx_word' id='word_1_151' title='bbox 2356 818 2454 888; x_wconf 85' lang='grc' dir='ltr'>τῆς</span> <span class='ocrx_word' id='word_1_152' title='bbox 2491 818 2699 903; x_wconf 21' lang='grc' dir='ltr'>Πίσσηᾼς</span> <span class='ocrx_word' id='word_1_153' title='bbox 2730 818 2826 870; x_wconf 74' lang='grc' dir='ltr'>καὶ</span> <span class='ocrx_word' id='word_1_154' title='bbox 2856 820 2921 888; x_wconf 80' lang='grc' dir='ltr'>τῇ</span> <span class='ocrx_word' id='word_1_155' title='bbox 2964 819 3074 872; x_wconf 91' lang='grc' dir='ltr'>τῶν</span> <span class='ocrx_word' id='word_1_156' title='bbox 3118 819 3359 889; x_wconf 77' lang='grc' dir='ltr'>Ἐζερῶν</span> <span class='ocrx_word' id='word_1_157' title='bbox 3386 820 3456 874; x_wconf 80' lang='grc' dir='ltr'>δι’</span> <span class='ocrx_word' id='word_1_158' title='bbox 3485 822 3573 872; x_wconf 85' lang='grc' dir='ltr'>ὲν-</span> 
     </span>
    </p>
   </div>
   <div class='ocr_carea' id='block_1_23' title="bbox 1986 900 3565 981">
    <p class='ocr_par' dir='ltr' id='par_1_23' title="bbox 1986 900 3565 981">
     <span class='ocr_line' id='line_1_23' title="bbox 1986 900 3565 981; baseline 0 -15"><span class='ocrx_word' id='word_1_159' title='bbox 1986 914 2188 975; x_wconf 86' lang='grc' dir='ltr'>δόσεως</span> <span class='ocrx_word' id='word_1_160' title='bbox 2219 900 2501 981; x_wconf 73' lang='grc' dir='ltr'>ἐγγράφου</span> <span class='ocrx_word' id='word_1_161' title='bbox 2537 900 2828 981; x_wconf 79' lang='grc' dir='ltr'>βασιλικῆς</span> <span class='ocrx_word' id='word_1_162' title='bbox 2862 912 2956 963; x_wconf 78' lang='grc' dir='ltr'>καὶ</span> <span class='ocrx_word' id='word_1_163' title='bbox 2984 911 3273 979; x_wconf 87' lang='grc' dir='ltr'>συνοδικῆς</span> <span class='ocrx_word' id='word_1_164' title='bbox 3294 928 3309 943; x_wconf 81' lang='lat'><strong><em>&#39;</em></strong></span> <span class='ocrx_word' id='word_1_165' title='bbox 3358 913 3565 981; x_wconf 80' lang='grc' dir='ltr'>μεταξὺ</span> 
     </span>
    </p>
   </div>
   <div class='ocr_carea' id='block_1_24' title="bbox 1992 1000 3569 1073">
    <p class='ocr_par' dir='ltr' id='par_1_24' title="bbox 1992 1000 3569 1073">
     <span class='ocr_line' id='line_1_24' title="bbox 1992 1000 3569 1073; baseline 0.001 -19"><span class='ocrx_word' id='word_1_166' title='bbox 1992 1002 2091 1073; x_wconf 73' lang='grc' dir='ltr'>μὲν</span> <span class='ocrx_word' id='word_1_167' title='bbox 2122 1000 2481 1071; x_wconf 81' lang='grc' dir='ltr'>πειραθείσης</span> <span class='ocrx_word' id='word_1_168' title='bbox 2513 1000 2613 1069; x_wconf 87' lang='grc' dir='ltr'>τῆς</span> <span class='ocrx_word' id='word_1_169' title='bbox 2661 1000 2775 1054; x_wconf 85' lang='grc' dir='ltr'>τῶν</span> <span class='ocrx_word' id='word_1_170' title='bbox 2805 1002 3060 1056; x_wconf 85' lang='grc' dir='ltr'>ῐιαλαιῶν</span> <span class='ocrx_word' id='word_1_171' title='bbox 3110 1004 3342 1073; x_wconf 86' lang='grc' dir='ltr'>Πατρῶν</span> <span class='ocrx_word' id='word_1_172' title='bbox 3386 1004 3466 1065; x_wconf 83' lang='grc' dir='ltr'>είς</span> <span class='ocrx_word' id='word_1_173' title='bbox 3487 1006 3569 1055; x_wconf 74' lang='lat' dir='ltr'>0E-</span> 
     </span>
    </p>
   </div>
   <div class='ocr_carea' id='block_1_25' title="bbox 1989 1091 3570 1164">
    <p class='ocr_par' dir='ltr' id='par_1_25' title="bbox 1989 1091 3570 1164">
     <span class='ocr_line' id='line_1_25' title="bbox 1989 1091 3570 1164; baseline 0.002 -20"><span class='ocrx_word' id='word_1_174' title='bbox 1989 1092 2145 1147; x_wconf 84' lang='grc' dir='ltr'>κείαν</span> <span class='ocrx_word' id='word_1_175' title='bbox 2178 1092 2311 1146; x_wconf 75' lang='grc' dir='ltr'>αὐτὸ</span> <span class='ocrx_word' id='word_1_176' title='bbox 2345 1091 2684 1160; x_wconf 81' lang='grc' dir='ltr'>μεταμεῖψαι</span> <span class='ocrx_word' id='word_1_177' title='bbox 2714 1093 3047 1164; x_wconf 83' lang='grc' dir='ltr'>ἐπισκοπὴν,</span> <span class='ocrx_word' id='word_1_178' title='bbox 3086 1095 3175 1147; x_wconf 83' lang='grc' dir='ltr'>ὅτε</span> <span class='ocrx_word' id='word_1_179' title='bbox 3226 1095 3336 1147; x_wconf 82' lang='grc' dir='ltr'>ἀπὸ</span> <span class='ocrx_word' id='word_1_180' title='bbox 3380 1097 3570 1164; x_wconf 75' lang='grc' dir='ltr'>ἀρχιε-</span> 
     </span>
    </p>
   </div>
   <div class='ocr_carea' id='block_1_26' title="bbox 1991 1183 3573 1256">
    <p class='ocr_par' dir='ltr' id='par_1_26' title="bbox 1991 1183 3573 1256">
     <span class='ocr_line' id='line_1_26' title="bbox 1991 1183 3573 1256; baseline 0.003 -21"><span class='ocrx_word' id='word_1_181' title='bbox 1991 1184 2269 1251; x_wconf 86' lang='grc' dir='ltr'>πισκοπῆς</span> <span class='ocrx_word' id='word_1_182' title='bbox 2309 1184 2391 1245; x_wconf 82' lang='grc' dir='ltr'>εἰς</span> <span class='ocrx_word' id='word_1_183' title='bbox 2423 1183 2761 1252; x_wconf 86' lang='grc' dir='ltr'>μητρόπολιν</span> <span class='ocrx_word' id='word_1_184' title='bbox 2812 1186 2908 1238; x_wconf 69' lang='grc' dir='ltr'>καὶ</span> <span class='ocrx_word' id='word_1_185' title='bbox 2947 1185 3087 1256; x_wconf 79' lang='grc' dir='ltr'>αὐτὴ</span> <span class='ocrx_word' id='word_1_186' title='bbox 3111 1184 3573 1254; x_wconf 75' lang='grc' dir='ltr'>ῖπροὸιόασθεῖσα</span> 
     </span>
    </p>
   </div>
   <div class='ocr_carea' id='block_1_27' title="bbox 1990 1274 3574 1345">
    <p class='ocr_par' dir='ltr' id='par_1_27' title="bbox 1990 1274 3574 1345">
     <span class='ocr_line' id='line_1_27' title="bbox 1990 1274 3574 1345; baseline 0.003 -18"><span class='ocrx_word' id='word_1_187' title='bbox 1990 1280 2090 1335; x_wconf 57' lang='grc' dir='ltr'>καὶ</span> <span class='ocrx_word' id='word_1_188' title='bbox 2144 1276 2459 1345; x_wconf 86' lang='grc' dir='ltr'>τιμηθεῖσα,</span> <span class='ocrx_word' id='word_1_189' title='bbox 2518 1274 2675 1343; x_wconf 79' lang='grc' dir='ltr'>ἔσχεν</span> <span class='ocrx_word' id='word_1_190' title='bbox 2722 1276 2813 1344; x_wconf 77' lang='grc' dir='ltr'>ὑφ’</span> <span class='ocrx_word' id='word_1_191' title='bbox 2845 1277 3047 1345; x_wconf 77' lang='grc' dir='ltr'>ἑαυτὴν</span> <span class='ocrx_word' id='word_1_192' title='bbox 3111 1279 3206 1329; x_wconf 73' lang='grc' dir='ltr'>καὶ</span> <span class='ocrx_word' id='word_1_193' title='bbox 3262 1280 3574 1340; x_wconf 85' lang='grc' dir='ltr'>ἐπισκοπάς</span> 
     </span>
    </p>
   </div>
   <div class='ocr_carea' id='block_1_28' title="bbox 1988 1364 3573 1436">
    <p class='ocr_par' dir='ltr' id='par_1_28' title="bbox 1988 1364 3573 1436">
     <span class='ocr_line' id='line_1_28' title="bbox 1988 1364 3573 1436; baseline 0.001 -17"><span class='ocrx_word' id='word_1_194' title='bbox 1988 1368 2086 1434; x_wconf 81' lang='grc' dir='ltr'>τῆς</span> <span class='ocrx_word' id='word_1_195' title='bbox 2117 1364 2416 1435; x_wconf 84' lang='grc' dir='ltr'>Κορίνθου,</span> <span class='ocrx_word' id='word_1_196' title='bbox 2447 1364 2617 1425; x_wconf 84' lang='grc' dir='ltr'>ἀλλας</span> <span class='ocrx_word' id='word_1_197' title='bbox 2645 1383 2705 1419; x_wconf 89' lang='grc' dir='ltr'>τε</span> <span class='ocrx_word' id='word_1_198' title='bbox 2730 1366 2828 1419; x_wconf 73' lang='grc' dir='ltr'>καὶ</span> <span class='ocrx_word' id='word_1_199' title='bbox 2860 1366 2959 1435; x_wconf 73' lang='grc' dir='ltr'>τὴν</span> <span class='ocrx_word' id='word_1_200' title='bbox 2985 1367 3417 1436; x_wconf 80' lang='grc' dir='ltr'>Λακεδαίμονος,</span> <span class='ocrx_word' id='word_1_201' title='bbox 3468 1371 3573 1421; x_wconf 79' lang='grc' dir='ltr'>ὑπὸ</span> 
     </span>
    </p>
   </div>
   <div class='ocr_carea' id='block_1_29' title="bbox 1988 1453 3573 1529">
    <p class='ocr_par' dir='ltr' id='par_1_29' title="bbox 1988 1453 3573 1529">
     <span class='ocr_line' id='line_1_29' title="bbox 1988 1453 3573 1529; baseline 0.003 -22"><span class='ocrx_word' id='word_1_202' title='bbox 1988 1457 2086 1523; x_wconf 90' lang='grc' dir='ltr'>τῆς</span> <span class='ocrx_word' id='word_1_203' title='bbox 2124 1454 2344 1508; x_wconf 88' lang='grc' dir='ltr'>συνόδου</span> <span class='ocrx_word' id='word_1_204' title='bbox 2375 1455 2429 1508; x_wconf 81' lang='grc' dir='ltr'>δέ</span> <span class='ocrx_word' id='word_1_205' title='bbox 2471 1455 2834 1526; x_wconf 82' lang='grc' dir='ltr'>κωλυθείσης·</span> <span class='ocrx_word' id='word_1_206' title='bbox 2883 1453 2950 1527; x_wconf 77' lang='grc' dir='ltr'>ἦν</span> <span class='ocrx_word' id='word_1_207' title='bbox 3005 1457 3105 1525; x_wconf 82' lang='grc' dir='ltr'>μὲν</span> <span class='ocrx_word' id='word_1_208' title='bbox 3135 1454 3231 1510; x_wconf 86' lang='grc' dir='ltr'>οῦν</span> <span class='ocrx_word' id='word_1_209' title='bbox 3261 1461 3326 1526; x_wconf 79' lang='grc' dir='ltr'>τῇ</span> <span class='ocrx_word' id='word_1_210' title='bbox 3366 1476 3573 1529; x_wconf 85' lang='grc' dir='ltr'>μητρο-</span> 
     </span>
    </p>
   </div>
   <div class='ocr_carea' id='block_1_30' title="bbox 1989 1546 3577 1620">
    <p class='ocr_par' dir='ltr' id='par_1_30' title="bbox 1989 1546 3577 1620">
     <span class='ocr_line' id='line_1_30' title="bbox 1989 1546 3577 1620; baseline 0.003 -20"><span class='ocrx_word' id='word_1_211' title='bbox 1989 1547 2145 1600; x_wconf 87' lang='grc' dir='ltr'>πόλει</span> <span class='ocrx_word' id='word_1_212' title='bbox 2178 1546 2581 1613; x_wconf 84' lang='grc' dir='ltr'>Δακεδαίμονος</span> <span class='ocrx_word' id='word_1_213' title='bbox 2612 1548 2950 1617; x_wconf 80' lang='grc' dir='ltr'>διαφέρουσα</span> <span class='ocrx_word' id='word_1_214' title='bbox 3002 1548 3266 1619; x_wconf 79' lang='grc' dir='ltr'>ἀνωθενή</span> <span class='ocrx_word' id='word_1_215' title='bbox 3299 1550 3577 1620; x_wconf 83' lang='grc' dir='ltr'>ἐπισκοπὴ</span> 
     </span>
    </p>
   </div>
   <div class='ocr_carea' id='block_1_31' title="bbox 314 1634 3577 1710">
    <p class='ocr_par' dir='ltr' id='par_1_31' title="bbox 314 1634 3577 1710">
     <span class='ocr_line' id='line_1_31' title="bbox 314 1634 3577 1710; baseline -0.001 -12"><span class='ocrx_word' id='word_1_216' title='bbox 314 1641 635 1710; x_wconf 76' lang='grc' dir='ltr'>γραμμένον</span> <span class='ocrx_word' id='word_1_217' title='bbox 668 1638 754 1692; x_wconf 69' lang='grc' dir='ltr'>διὰ</span> <span class='ocrx_word' id='word_1_218' title='bbox 789 1638 888 1705; x_wconf 72' lang='grc' dir='ltr'>τῆς</span> <span class='ocrx_word' id='word_1_219' title='bbox 920 1637 1324 1709; x_wconf 81' lang='grc' dir='ltr'>πατριαρχικῆς</span> <span class='ocrx_word' id='word_1_220' title='bbox 1356 1637 1536 1706; x_wconf 78' lang='grc' dir='ltr'>χειρὸς</span> <span class='ocrx_word' id='word_1_221' title='bbox 1564 1637 1625 1689; x_wconf 70' lang='grc' dir='ltr'>τά</span> <span class='ocrx_word' id='word_1_222' title='bbox 1649 1652 1662 1666; x_wconf 83' lang='grc'><strong>⁸</strong></span> <span class='ocrx_word' id='word_1_223' title='bbox 1711 1634 1888 1689; x_wconf 81' lang='grc' dir='ltr'>Ἰωάν·</span> <span class='ocrx_word' id='word_1_224' title='bbox 1923 1698 1963 1710; x_wconf 83' lang='lat'>__</span> <span class='ocrx_word' id='word_1_225' title='bbox 1994 1640 2157 1708; x_wconf 82' lang='grc' dir='ltr'>αῦτη,</span> <span class='ocrx_word' id='word_1_226' title='bbox 2193 1640 2269 1702; x_wconf 85' lang='grc' dir='ltr'>ὡς</span> <span class='ocrx_word' id='word_1_227' title='bbox 2301 1641 2368 1692; x_wconf 77' lang='grc' dir='ltr'>τὰ</span> <span class='ocrx_word' id='word_1_228' title='bbox 2398 1641 2535 1692; x_wconf 75' lang='grc' dir='ltr'>κατὰ</span> <span class='ocrx_word' id='word_1_229' title='bbox 2574 1640 2741 1708; x_wconf 84' lang='grc' dir='ltr'>μέρος</span> <span class='ocrx_word' id='word_1_230' title='bbox 2772 1643 2901 1710; x_wconf 75' lang='grc' dir='ltr'>περὶ</span> <span class='ocrx_word' id='word_1_231' title='bbox 2940 1641 3144 1693; x_wconf 86' lang='grc' dir='ltr'>τούτου</span> <span class='ocrx_word' id='word_1_232' title='bbox 3192 1641 3499 1710; x_wconf 69' lang='grc' dir='ltr'>διείληπται</span> <span class='ocrx_word' id='word_1_233' title='bbox 3521 1646 3577 1695; x_wconf 85' lang='grc' dir='ltr'>ἐν</span> 
     </span>
    </p>
   </div>
   <div class='ocr_carea' id='block_1_32' title="bbox 240 1698 3570 1804">
    <p class='ocr_par' dir='ltr' id='par_1_32' title="bbox 240 1698 3570 1804">
     <span class='ocr_line' id='line_1_32' title="bbox 240 1698 3570 1804; baseline -0.002 -11"><span class='ocrx_word' id='word_1_234' title='bbox 240 1760 251 1768; x_wconf 89' lang='grc'><strong>·</strong></span> <span class='ocrx_word' id='word_1_235' title='bbox 313 1750 435 1803; x_wconf 80' lang='grc' dir='ltr'>νης,</span> <span class='ocrx_word' id='word_1_236' title='bbox 490 1732 626 1800; x_wconf 69' lang='grc' dir='ltr'>ἐλέῳ</span> <span class='ocrx_word' id='word_1_237' title='bbox 690 1730 823 1783; x_wconf 71' lang='grc' dir='ltr'>θεοῦ</span> <span class='ocrx_word' id='word_1_238' title='bbox 888 1729 1316 1800; x_wconf 78' lang='grc' dir='ltr'>ἀρχιεπίσκοπος</span> <span class='ocrx_word' id='word_1_239' title='bbox 1372 1725 1885 1781; x_wconf 77' lang='grc' dir='ltr'>Κωνσταντινουπό·</span> <span class='ocrx_word' id='word_1_240' title='bbox 1923 1698 1964 1754; x_wconf 66' lang='grc' dir='ltr'><strong>Β</strong></span> <span class='ocrx_word' id='word_1_241' title='bbox 1997 1734 2109 1794; x_wconf 88' lang='grc' dir='ltr'>τοῖς</span> <span class='ocrx_word' id='word_1_242' title='bbox 2151 1729 2453 1799; x_wconf 87' lang='grc' dir='ltr'>προσοῦσιν</span> <span class='ocrx_word' id='word_1_243' title='bbox 2492 1731 2632 1801; x_wconf 79' lang='grc' dir='ltr'>αὐτῇ</span> <span class='ocrx_word' id='word_1_244' title='bbox 2668 1731 3029 1801; x_wconf 83' lang='grc' dir='ltr'>δικαιώμασι,</span> <span class='ocrx_word' id='word_1_245' title='bbox 3095 1734 3290 1800; x_wconf 77' lang='grc' dir='ltr'>φθάνει</span> <span class='ocrx_word' id='word_1_246' title='bbox 3333 1736 3388 1787; x_wconf 84' lang='grc' dir='ltr'>δέ</span> <span class='ocrx_word' id='word_1_247' title='bbox 3418 1736 3570 1804; x_wconf 83' lang='grc' dir='ltr'>ὅμως</span> 
     </span>
    </p>
   </div>
   <div class='ocr_carea' id='block_1_33' title="bbox 314 1816 1892 1891">
    <p class='ocr_par' dir='ltr' id='par_1_33' title="bbox 314 1816 1892 1891">
     <span class='ocr_line' id='line_1_33' title="bbox 314 1816 1892 1891; baseline -0.003 -17"><span class='ocrx_word' id='word_1_248' title='bbox 314 1824 473 1888; x_wconf 73' lang='grc' dir='ltr'>λε’ως,</span> <span class='ocrx_word' id='word_1_249' title='bbox 519 1823 647 1885; x_wconf 88' lang='grc' dir='ltr'>νέας</span> <span class='ocrx_word' id='word_1_250' title='bbox 683 1819 923 1891; x_wconf 85' lang='grc' dir='ltr'>Ῥώμης,</span> <span class='ocrx_word' id='word_1_251' title='bbox 954 1820 1049 1874; x_wconf 74' lang='grc' dir='ltr'>καὶ</span> <span class='ocrx_word' id='word_1_252' title='bbox 1101 1817 1478 1888; x_wconf 80' lang='grc' dir='ltr'>οἰκουμενικὸς</span> <span class='ocrx_word' id='word_1_253' title='bbox 1510 1816 1856 1887; x_wconf 81' lang='grc' dir='ltr'>πατριάρχης</span> <span class='ocrx_word' id='word_1_254' title='bbox 1878 1830 1892 1844; x_wconf 80' lang='grc'><strong>⁸</strong></span> 
     </span>
    </p>
   </div>
   <div class='ocr_carea' id='block_1_34' title="bbox 313 1911 538 1979">
    <p class='ocr_par' dir='ltr' id='par_1_34' title="bbox 313 1911 538 1979">
     <span class='ocr_line' id='line_1_34' title="bbox 313 1911 538 1979; baseline 0.013 -14"><span class='ocrx_word' id='word_1_255' title='bbox 313 1911 538 1979; x_wconf 82' lang='grc' dir='ltr'>,ςωμθ’.</span> 
     </span>
    </p>
   </div>
   <div class='ocr_carea' id='block_1_35' title="bbox 312 2022 1896 2095">
    <p class='ocr_par' dir='ltr' id='par_1_35' title="bbox 312 2022 1896 2095">
     <span class='ocr_line' id='line_1_35' title="bbox 312 2022 1896 2095; baseline -0.006 -14"><span class='ocrx_word' id='word_1_256' title='bbox 312 2025 511 2081; x_wconf 73' lang='lat' dir='ltr'><strong>XXIV.</strong></span> <span class='ocrx_word' id='word_1_257' title='bbox 546 2025 807 2095; x_wconf 81' lang='lat' dir='ltr'>Synodus_</span> <span class='ocrx_word' id='word_1_258' title='bbox 838 2024 1039 2077; x_wconf 71' lang='lat' dir='ltr'>dirimit</span> <span class='ocrx_word' id='word_1_259' title='bbox 1088 2022 1503 2095; x_wconf 69' lang='lat' dir='ltr'>controversiqm</span> <span class='ocrx_word' id='word_1_260' title='bbox 1539 2022 1896 2095; x_wconf 76' lang='lat' dir='ltr'>ortam_inler</span> 
     </span>
    </p>
   </div>
   <div class='ocr_carea' id='block_1_36' title="bbox 386 2091 1896 2164">
    <p class='ocr_par' dir='ltr' id='par_1_36' title="bbox 386 2091 1896 2164">
     <span class='ocr_line' id='line_1_36' title="bbox 386 2091 1896 2164; baseline -0.005 -15"><span class='ocrx_word' id='word_1_261' title='bbox 386 2091 748 2164; x_wconf 67' lang='lat' dir='ltr'>melropblitas</span> <span class='ocrx_word' id='word_1_262' title='bbox 780 2093 1190 2164; x_wconf 55' lang='lat' dir='ltr'>Lacedaemona:</span> <span class='ocrx_word' id='word_1_263' title='bbox 1230 2102 1279 2145; x_wconf 79' lang='lat' dir='ltr'><strong><em>et</em></strong></span> <span class='ocrx_word' id='word_1_264' title='bbox 1316 2093 1671 2161; x_wconf 76' lang='lat' dir='ltr'><strong><em>Antiquarum</em></strong></span> <span class='ocrx_word' id='word_1_265' title='bbox 1701 2091 1896 2144; x_wconf 75' lang='lat' dir='ltr'>Patra-</span> 
     </span>
    </p>
   </div>
   <div class='ocr_carea' id='block_1_37' title="bbox 386 2163 1215 2234">
    <p class='ocr_par' dir='ltr' id='par_1_37' title="bbox 386 2163 1215 2234">
     <span class='ocr_line' id='line_1_37' title="bbox 386 2163 1215 2234; baseline -0.002 -17"><span class='ocrx_word' id='word_1_266' title='bbox 386 2182 505 2218; x_wconf 84' lang='lat' dir='ltr'>rum</span> <span class='ocrx_word' id='word_1_267' title='bbox 530 2163 591 2219; x_wconf 84' lang='lat' dir='ltr'>de</span> <span class='ocrx_word' id='word_1_268' title='bbox 621 2167 929 2234; x_wconf 72' lang='lat' dir='ltr'>episcopatu</span> <span class='ocrx_word' id='word_1_269' title='bbox 967 2163 1215 2231; x_wconf 74' lang='lat' dir='ltr'>Amyclii.</span> 
     </span>
    </p>
   </div>
   <div class='ocr_carea' id='block_1_38' title="bbox 302 2271 1896 2346">
    <p class='ocr_par' dir='ltr' id='par_1_38' title="bbox 302 2271 1896 2346">
     <span class='ocr_line' id='line_1_38' title="bbox 302 2271 1896 2346; baseline -0.004 -15"><span class='ocrx_word' id='word_1_270' title='bbox 302 2280 305 2281; x_wconf 57' lang='grc'><strong><em>⁷</em></strong></span> <span class='ocrx_word' id='word_1_271' title='bbox 385 2279 426 2346; x_wconf 63' lang='grc' dir='ltr'>ἰ-</span> <span class='ocrx_word' id='word_1_272' title='bbox 458 2278 580 2333; x_wconf 85' lang='grc' dir='ltr'>Τῶν</span> <span class='ocrx_word' id='word_1_273' title='bbox 617 2275 978 2329; x_wconf 79' lang='grc' dir='ltr'>δικαιοτάτων</span> <span class='ocrx_word' id='word_1_274' title='bbox 1021 2273 1129 2344; x_wconf 77' lang='grc' dir='ltr'>ἄρα</span> <span class='ocrx_word' id='word_1_275' title='bbox 1171 2272 1264 2325; x_wconf 74' lang='grc' dir='ltr'>καὶ</span> <span class='ocrx_word' id='word_1_276' title='bbox 1303 2272 1437 2325; x_wconf 84' lang='grc' dir='ltr'>πᾶσι</span> <span class='ocrx_word' id='word_1_277' title='bbox 1471 2271 1613 2326; x_wconf 88' lang='grc' dir='ltr'>πάνυ</span> <span class='ocrx_word' id='word_1_278' title='bbox 1644 2287 1724 2323; x_wconf 87' lang='grc' dir='ltr'>τοι</span> <span class='ocrx_word' id='word_1_279' title='bbox 1771 2272 1896 2340; x_wconf 76' lang='grc' dir='ltr'>ἐπο-</span> 
     </span>
    </p>
   </div>
   <div class='ocr_carea' id='block_1_39' title="bbox 316 2363 1896 2440">
    <p class='ocr_par' dir='ltr' id='par_1_39' title="bbox 316 2363 1896 2440">
     <span class='ocr_line' id='line_1_39' title="bbox 316 2363 1896 2440; baseline -0.004 -17"><span class='ocrx_word' id='word_1_280' title='bbox 316 2369 654 2440; x_wconf 82' lang='grc' dir='ltr'>φειλομένων</span> <span class='ocrx_word' id='word_1_281' title='bbox 686 2368 809 2437; x_wconf 82' lang='grc' dir='ltr'>ὅρια</span> <span class='ocrx_word' id='word_1_282' title='bbox 844 2366 1136 2434; x_wconf 76' lang='grc' dir='ltr'>φυλάττειν</span> <span class='ocrx_word' id='word_1_283' title='bbox 1182 2365 1413 2418; x_wconf 82' lang='grc' dir='ltr'>ἕκαστον</span> <span class='ocrx_word' id='word_1_284' title='bbox 1452 2364 1557 2417; x_wconf 85' lang='grc' dir='ltr'>ίδια</span> <span class='ocrx_word' id='word_1_285' title='bbox 1600 2365 1695 2423; x_wconf 73' lang='grc' dir='ltr'>καὶ</span> <span class='ocrx_word' id='word_1_286' title='bbox 1728 2363 1896 2434; x_wconf 90' lang='grc' dir='ltr'>μηδέν</span> 
     </span>
    </p>
   </div>
   <div class='ocr_carea' id='block_1_40' title="bbox 315 2455 1895 2527">
    <p class='ocr_par' dir='ltr' id='par_1_40' title="bbox 315 2455 1895 2527">
     <span class='ocr_line' id='line_1_40' title="bbox 315 2455 1895 2527; baseline -0.006 -11"><span class='ocrx_word' id='word_1_287' title='bbox 315 2481 401 2517; x_wconf 80' lang='grc' dir='ltr'>τοι</span> <span class='ocrx_word' id='word_1_288' title='bbox 471 2460 685 2514; x_wconf 85' lang='grc' dir='ltr'>τούτων</span> <span class='ocrx_word' id='word_1_289' title='bbox 750 2459 903 2519; x_wconf 83' lang='grc' dir='ltr'>ἐκτὸς</span> <span class='ocrx_word' id='word_1_290' title='bbox 973 2457 1312 2527; x_wconf 78' lang='grc' dir='ltr'>πράττοντας</span> <span class='ocrx_word' id='word_1_291' title='bbox 1372 2455 1675 2525; x_wconf 80' lang='grc' dir='ltr'>φαίνεσθαι,</span> <span class='ocrx_word' id='word_1_292' title='bbox 1740 2473 1759 2507; x_wconf 76' lang='grc' dir='ltr'>ι</span> <span class='ocrx_word' id='word_1_293' title='bbox 1802 2455 1895 2526; x_wconf 74' lang='grc' dir='ltr'>Μὴ</span> 
     </span>
    </p>
   </div>
   <div class='ocr_carea' id='block_1_41' title="bbox 318 2548 1893 2625">
    <p class='ocr_par' dir='ltr' id='par_1_41' title="bbox 318 2548 1893 2625">
     <span class='ocr_line' id='line_1_41' title="bbox 318 2548 1893 2625; baseline -0.005 -18"><span class='ocrx_word' id='word_1_294' title='bbox 318 2555 544 2625; x_wconf 86' lang='grc' dir='ltr'>μέταιρε</span> <span class='ocrx_word' id='word_1_295' title='bbox 576 2553 701 2621; x_wconf 90' lang='grc' dir='ltr'>γάρ,</span> <span class='ocrx_word' id='word_1_296' title='bbox 729 2551 917 2619; x_wconf 74' lang='grc' dir='ltr'>φησιν,</span> <span class='ocrx_word' id='word_1_297' title='bbox 950 2550 1092 2618; x_wconf 75' lang='grc' dir='ltr'>ὅρια,</span> <span class='ocrx_word' id='word_1_298' title='bbox 1126 2548 1162 2602; x_wconf 75' lang='grc' dir='ltr'><strong>ἃ</strong></span> <span class='ocrx_word' id='word_1_299' title='bbox 1208 2548 1397 2601; x_wconf 83' lang='grc' dir='ltr'>έθεντο</span> <span class='ocrx_word' id='word_1_300' title='bbox 1425 2549 1474 2600; x_wconf 92' lang='grc' dir='ltr'>οἰ</span> <span class='ocrx_word' id='word_1_301' title='bbox 1508 2548 1743 2620; x_wconf 80' lang='grc' dir='ltr'>πατέρες</span> <span class='ocrx_word' id='word_1_302' title='bbox 1775 2564 1893 2613; x_wconf 88' lang='grc' dir='ltr'>σου,</span> 
     </span>
    </p>
   </div>
   <div class='ocr_carea' id='block_1_42' title="bbox 321 2632 1895 2717">
    <p class='ocr_par' dir='ltr' id='par_1_42' title="bbox 321 2632 1895 2717">
     <span class='ocr_line' id='line_1_42' title="bbox 321 2632 1895 2717; baseline -0.004 -18"><span class='ocrx_word' id='word_1_303' title='bbox 321 2648 459 2717; x_wconf 83' lang='grc' dir='ltr'>μηδέ</span> <span class='ocrx_word' id='word_1_304' title='bbox 493 2632 630 2713; x_wconf 82' lang='grc' dir='ltr'>ὑπὲρ</span> <span class='ocrx_word' id='word_1_305' title='bbox 686 2642 749 2695; x_wconf 87' lang='grc' dir='ltr'>τά</span> <span class='ocrx_word' id='word_1_306' title='bbox 781 2642 1107 2711; x_wconf 74' lang='grc' dir='ltr'>ἐσκαμμένα</span> <span class='ocrx_word' id='word_1_307' title='bbox 1159 2640 1279 2694; x_wconf 82' lang='grc' dir='ltr'>θέλε</span> <span class='ocrx_word' id='word_1_308' title='bbox 1329 2642 1528 2710; x_wconf 82' lang='grc' dir='ltr'>πηδᾷν,</span> <span class='ocrx_word' id='word_1_309' title='bbox 1562 2659 1583 2693; x_wconf 71' lang='grc' dir='ltr'>ι</span> <span class='ocrx_word' id='word_1_310' title='bbox 1621 2640 1761 2694; x_wconf 81' lang='grc' dir='ltr'>ὥστε</span> <span class='ocrx_word' id='word_1_311' title='bbox 1803 2641 1895 2697; x_wconf 78' lang='grc' dir='ltr'>καὶ</span> 
     </span>
    </p>
   </div>
   <div class='ocr_carea' id='block_1_43' title="bbox 315 2730 1894 2804">
    <p class='ocr_par' dir='ltr' id='par_1_43' title="bbox 315 2730 1894 2804">
     <span class='ocr_line' id='line_1_43' title="bbox 315 2730 1894 2804; baseline -0.001 -16"><span class='ocrx_word' id='word_1_312' title='bbox 315 2735 582 2804; x_wconf 79' lang='grc' dir='ltr'>τιμητέον</span> <span class='ocrx_word' id='word_1_313' title='bbox 635 2734 765 2802; x_wconf 80' lang='grc' dir='ltr'>ἡμῖν</span> <span class='ocrx_word' id='word_1_314' title='bbox 820 2749 883 2801; x_wconf 92' lang='grc' dir='ltr'>γε</span> <span class='ocrx_word' id='word_1_315' title='bbox 940 2732 1173 2801; x_wconf 81' lang='grc' dir='ltr'>μάλιστα</span> <span class='ocrx_word' id='word_1_316' title='bbox 1222 2730 1398 2798; x_wconf 87' lang='grc' dir='ltr'>τοῦτο,</span> <span class='ocrx_word' id='word_1_317' title='bbox 1452 2732 1500 2785; x_wconf 80' lang='grc' dir='ltr'>οἳ</span> <span class='ocrx_word' id='word_1_318' title='bbox 1553 2735 1680 2802; x_wconf 73' lang='grc' dir='ltr'>περὶ</span> <span class='ocrx_word' id='word_1_319' title='bbox 1728 2733 1894 2787; x_wconf 81' lang='grc' dir='ltr'>αὐτοῦ</span> 
     </span>
    </p>
   </div>
   <div class='ocr_carea' id='block_1_44' title="bbox 317 2818 1897 2891">
    <p class='ocr_par' dir='ltr' id='par_1_44' title="bbox 317 2818 1897 2891">
     <span class='ocr_line' id='line_1_44' title="bbox 317 2818 1897 2891; baseline -0.003 -14"><span class='ocrx_word' id='word_1_320' title='bbox 317 2826 410 2877; x_wconf 73' lang='grc' dir='ltr'>καὶ</span> <span class='ocrx_word' id='word_1_321' title='bbox 465 2826 576 2885; x_wconf 89' lang='grc' dir='ltr'>τοῖς</span> <span class='ocrx_word' id='word_1_322' title='bbox 625 2822 807 2882; x_wconf 79' lang='grc' dir='ltr'>ἄλλοις</span> <span class='ocrx_word' id='word_1_323' title='bbox 858 2818 1324 2890; x_wconf 85' lang='grc' dir='ltr'>διαμαρτύρεσθαι</span> <span class='ocrx_word' id='word_1_324' title='bbox 1355 2820 1516 2890; x_wconf 83' lang='grc' dir='ltr'>χρέος</span> <span class='ocrx_word' id='word_1_325' title='bbox 1556 2821 1649 2873; x_wconf 74' lang='grc' dir='ltr'>καὶ</span> <span class='ocrx_word' id='word_1_326' title='bbox 1673 2819 1897 2891; x_wconf 77' lang='grc' dir='ltr'>ὀφειλὴν</span> 
     </span>
    </p>
   </div>
   <div class='ocr_carea' id='block_1_45' title="bbox 317 2910 1897 2985">
    <p class='ocr_par' dir='ltr' id='par_1_45' title="bbox 317 2910 1897 2985">
     <span class='ocr_line' id='line_1_45' title="bbox 317 2910 1897 2985; baseline -0.001 -19"><span class='ocrx_word' id='word_1_327' title='bbox 317 2917 539 2985; x_wconf 80' lang='grc' dir='ltr'>ἔχομεν,</span> <span class='ocrx_word' id='word_1_328' title='bbox 571 2913 658 2966; x_wconf 79' lang='grc' dir='ltr'>οἶα</span> <span class='ocrx_word' id='word_1_329' title='bbox 695 2913 758 2982; x_wconf 77' lang='grc' dir='ltr'>δὴ</span> <span class='ocrx_word' id='word_1_330' title='bbox 800 2912 909 2965; x_wconf 87' lang='grc' dir='ltr'>τῶν</span> <span class='ocrx_word' id='word_1_331' title='bbox 956 2911 1049 2965; x_wconf 88' lang='grc' dir='ltr'>τοῦ</span> <span class='ocrx_word' id='word_1_332' title='bbox 1081 2910 1216 2964; x_wconf 90' lang='grc' dir='ltr'>Θεοῦ</span> <span class='ocrx_word' id='word_1_333' title='bbox 1269 2912 1659 2981; x_wconf 88' lang='grc' dir='ltr'>δικαιωμάτων</span> <span class='ocrx_word' id='word_1_334' title='bbox 1697 2913 1897 2983; x_wconf 86' lang='grc' dir='ltr'>ἐκφάν-</span> 
     </span>
    </p>
   </div>
   <div class='ocr_carea' id='block_1_46' title="bbox 1999 1821 3573 1893">
    <p class='ocr_par' dir='ltr' id='par_1_46' title="bbox 1999 1821 3573 1893">
     <span class='ocr_line' id='line_1_46' title="bbox 1999 1821 3573 1893; baseline 0.001 -20"><span class='ocrx_word' id='word_1_335' title='bbox 1999 1823 2327 1874; x_wconf 80' lang='grc' dir='ltr'>ὑποτεθεῖσα</span> <span class='ocrx_word' id='word_1_336' title='bbox 2354 1825 2421 1893; x_wconf 75' lang='grc' dir='ltr'>τῇ</span> <span class='ocrx_word' id='word_1_337' title='bbox 2456 1822 2566 1874; x_wconf 85' lang='grc' dir='ltr'>τῶν</span> <span class='ocrx_word' id='word_1_338' title='bbox 2622 1821 2876 1875; x_wconf 82' lang='grc' dir='ltr'>Παλαιῶν</span> <span class='ocrx_word' id='word_1_339' title='bbox 2947 1824 3181 1893; x_wconf 83' lang='grc' dir='ltr'>Πατρῶν</span> <span class='ocrx_word' id='word_1_340' title='bbox 3242 1824 3317 1887; x_wconf 83' lang='grc' dir='ltr'>ὡς</span> <span class='ocrx_word' id='word_1_341' title='bbox 3370 1826 3573 1887; x_wconf 75' lang='grc' dir='ltr'>οἰκεία,</span> 
     </span>
    </p>
   </div>
   <div class='ocr_carea' id='block_1_47' title="bbox 1997 1907 3566 1983">
    <p class='ocr_par' dir='ltr' id='par_1_47' title="bbox 1997 1907 3566 1983">
     <span class='ocr_line' id='line_1_47' title="bbox 1997 1907 3566 1983; baseline 0.002 -19"><span class='ocrx_word' id='word_1_342' title='bbox 1997 1907 2117 1965; x_wconf 75' lang='grc' dir='ltr'>εἷτα</span> <span class='ocrx_word' id='word_1_343' title='bbox 2141 1911 2392 1981; x_wconf 77' lang='grc' dir='ltr'>συνοδικῇ</span> <span class='ocrx_word' id='word_1_344' title='bbox 2421 1912 2690 1981; x_wconf 81' lang='grc' dir='ltr'>ἐγγράφῳ</span> <span class='ocrx_word' id='word_1_345' title='bbox 2716 1911 2897 1982; x_wconf 86' lang='grc' dir='ltr'>κρίσει</span> <span class='ocrx_word' id='word_1_346' title='bbox 2929 1915 3023 1967; x_wconf 72' lang='grc' dir='ltr'>καὶ</span> <span class='ocrx_word' id='word_1_347' title='bbox 3063 1914 3355 1983; x_wconf 83' lang='grc' dir='ltr'>διαγνώσει</span> <span class='ocrx_word' id='word_1_348' title='bbox 3406 1917 3566 1981; x_wconf 87' lang='grc' dir='ltr'>ἀφαι-</span> 
     </span>
    </p>
   </div>
   <div class='ocr_carea' id='block_1_48' title="bbox 1999 2001 3572 2074">
    <p class='ocr_par' dir='ltr' id='par_1_48' title="bbox 1999 2001 3572 2074">
     <span class='ocr_line' id='line_1_48' title="bbox 1999 2001 3572 2074; baseline 0.006 -21"><span class='ocrx_word' id='word_1_349' title='bbox 1999 2001 2218 2072; x_wconf 81' lang='grc' dir='ltr'>ρεθεῖσα</span> <span class='ocrx_word' id='word_1_350' title='bbox 2258 2002 2491 2068; x_wconf 85' lang='grc' dir='ltr'>ἐκεῖθεν,</span> <span class='ocrx_word' id='word_1_351' title='bbox 2523 2004 2589 2071; x_wconf 76' lang='grc' dir='ltr'>τῇ</span> <span class='ocrx_word' id='word_1_352' title='bbox 2618 2005 2716 2073; x_wconf 84' lang='grc' dir='ltr'>τῆς</span> <span class='ocrx_word' id='word_1_353' title='bbox 2764 2004 3171 2074; x_wconf 78' lang='grc' dir='ltr'>Λακεδαίμονος</span> <span class='ocrx_word' id='word_1_354' title='bbox 3217 2007 3572 2071; x_wconf 76' lang='grc' dir='ltr'>ἀνασώζεται</span> 
     </span>
    </p>
   </div>
   <div class='ocr_carea' id='block_1_49' title="bbox 1996 2094 3575 2167">
    <p class='ocr_par' dir='ltr' id='par_1_49' title="bbox 1996 2094 3575 2167">
     <span class='ocr_line' id='line_1_49' title="bbox 1996 2094 3575 2167; baseline 0.006 -20"><span class='ocrx_word' id='word_1_355' title='bbox 1996 2096 2061 2164; x_wconf 75' lang='grc' dir='ltr'>τῇ</span> <span class='ocrx_word' id='word_1_356' title='bbox 2099 2095 2372 2165; x_wconf 83' lang='grc' dir='ltr'>ἐμφανείᾳ</span> <span class='ocrx_word' id='word_1_357' title='bbox 2400 2094 2508 2147; x_wconf 89' lang='grc' dir='ltr'>τῶν</span> <span class='ocrx_word' id='word_1_358' title='bbox 2540 2095 2932 2165; x_wconf 83' lang='grc' dir='ltr'>δικαιωμάτων</span> <span class='ocrx_word' id='word_1_359' title='bbox 2977 2099 3167 2167; x_wconf 59' lang='grc' dir='ltr'>αὐτῆς</span> <span class='ocrx_word' id='word_1_360' title='bbox 3223 2102 3349 2156; x_wconf 77' lang='grc' dir='ltr'>ἐπεὶ</span> <span class='ocrx_word' id='word_1_361' title='bbox 3393 2102 3447 2154; x_wconf 80' lang='grc' dir='ltr'>δέ</span> <span class='ocrx_word' id='word_1_362' title='bbox 3482 2102 3575 2157; x_wconf 86' lang='grc' dir='ltr'>καὶ</span> 
     </span>
    </p>
   </div>
   <div class='ocr_carea' id='block_1_50' title="bbox 2001 2185 3573 2262">
    <p class='ocr_par' dir='ltr' id='par_1_50' title="bbox 2001 2185 3573 2262">
     <span class='ocr_line' id='line_1_50' title="bbox 2001 2185 3573 2262; baseline 0.006 -24"><span class='ocrx_word' id='word_1_363' title='bbox 2001 2186 2107 2254; x_wconf 73' lang='grc' dir='ltr'>πρὸ</span> <span class='ocrx_word' id='word_1_364' title='bbox 2153 2185 2363 2253; x_wconf 82' lang='grc' dir='ltr'>ὀλίγου,</span> <span class='ocrx_word' id='word_1_365' title='bbox 2413 2187 2507 2239; x_wconf 75' lang='grc' dir='ltr'>ἐπὶ</span> <span class='ocrx_word' id='word_1_366' title='bbox 2559 2186 2658 2239; x_wconf 85' lang='grc' dir='ltr'>τοῦ</span> <span class='ocrx_word' id='word_1_367' title='bbox 2699 2187 2805 2256; x_wconf 82' lang='grc' dir='ltr'>πρὸ</span> <span class='ocrx_word' id='word_1_368' title='bbox 2842 2188 3003 2257; x_wconf 81' lang='grc' dir='ltr'>ἡμῶν</span> <span class='ocrx_word' id='word_1_369' title='bbox 3045 2190 3292 2259; x_wconf 84' lang='grc' dir='ltr'>δηλονότι</span> <span class='ocrx_word' id='word_1_370' title='bbox 3320 2192 3573 2262; x_wconf 80' lang='grc' dir='ltr'>ἀοιδίμου</span> 
     </span>
    </p>
   </div>
   <div class='ocr_carea' id='block_1_51' title="bbox 1998 2276 3568 2351">
    <p class='ocr_par' dir='ltr' id='par_1_51' title="bbox 1998 2276 3568 2351">
     <span class='ocr_line' id='line_1_51' title="bbox 1998 2276 3568 2351; baseline 0.005 -22"><span class='ocrx_word' id='word_1_371' title='bbox 1998 2276 2360 2347; x_wconf 79' lang='grc' dir='ltr'>πατριάρχου,</span> <span class='ocrx_word' id='word_1_372' title='bbox 2398 2278 2504 2347; x_wconf 87' lang='grc' dir='ltr'>κῦρ</span> <span class='ocrx_word' id='word_1_373' title='bbox 2548 2277 2795 2343; x_wconf 77' lang='grc' dir='ltr'>Ἡσαΐου,</span> <span class='ocrx_word' id='word_1_374' title='bbox 2824 2279 2922 2349; x_wconf 75' lang='grc' dir='ltr'>τὴν</span> <span class='ocrx_word' id='word_1_375' title='bbox 2953 2280 3127 2351; x_wconf 84' lang='grc' dir='ltr'>αὐτὴν</span> <span class='ocrx_word' id='word_1_376' title='bbox 3152 2285 3447 2351; x_wconf 87' lang='grc' dir='ltr'>προτεῖναν</span> <span class='ocrx_word' id='word_1_377' title='bbox 3474 2285 3568 2337; x_wconf 72' lang='grc' dir='ltr'>καὶ</span> 
     </span>
    </p>
   </div>
   <div class='ocr_carea' id='block_1_52' title="bbox 1992 2368 3565 2445">
    <p class='ocr_par' dir='ltr' id='par_1_52' title="bbox 1992 2368 3565 2445">
     <span class='ocr_line' id='line_1_52' title="bbox 1992 2368 3565 2445; baseline 0.006 -24"><span class='ocrx_word' id='word_1_378' title='bbox 1992 2368 2163 2423; x_wconf 86' lang='grc' dir='ltr'>πάλιν</span> <span class='ocrx_word' id='word_1_379' title='bbox 2183 2369 2368 2423; x_wconf 90' lang='grc' dir='ltr'>αἰτίαν</span> <span class='ocrx_word' id='word_1_380' title='bbox 2400 2368 2462 2422; x_wconf 75' lang='grc' dir='ltr'>τὸ</span> <span class='ocrx_word' id='word_1_381' title='bbox 2494 2370 2661 2440; x_wconf 84' lang='grc' dir='ltr'>μέρος</span> <span class='ocrx_word' id='word_1_382' title='bbox 2709 2372 2809 2440; x_wconf 86' lang='grc' dir='ltr'>τῆς</span> <span class='ocrx_word' id='word_1_383' title='bbox 2847 2372 2957 2424; x_wconf 82' lang='grc' dir='ltr'>τῶν</span> <span class='ocrx_word' id='word_1_384' title='bbox 3010 2373 3266 2426; x_wconf 84' lang='grc' dir='ltr'>Παλαιῶν</span> <span class='ocrx_word' id='word_1_385' title='bbox 3312 2376 3565 2445; x_wconf 85' lang='grc' dir='ltr'>Πατρῶν,</span> 
     </span>
    </p>
   </div>
   <div class='ocr_carea' id='block_1_53' title="bbox 1996 2460 3578 2537">
    <p class='ocr_par' dir='ltr' id='par_1_53' title="bbox 1996 2460 3578 2537">
     <span class='ocr_line' id='line_1_53' title="bbox 1996 2460 3578 2537; baseline 0.003 -22"><span class='ocrx_word' id='word_1_386' title='bbox 1996 2460 2222 2529; x_wconf 72' lang='grc' dir='ltr'>ἴσχυσεν</span> <span class='ocrx_word' id='word_1_387' title='bbox 2250 2460 2612 2514; x_wconf 78' lang='grc' dir='ltr'>ἐπιλαϐέσθαι</span> <span class='ocrx_word' id='word_1_388' title='bbox 2664 2462 2761 2531; x_wconf 86' lang='grc' dir='ltr'>τῆς</span> <span class='ocrx_word' id='word_1_389' title='bbox 2824 2463 3132 2532; x_wconf 84' lang='grc' dir='ltr'>ἐπισκοπῆς</span> <span class='ocrx_word' id='word_1_390' title='bbox 3187 2465 3419 2536; x_wconf 79' lang='grc' dir='ltr'>ταύτης,</span> <span class='ocrx_word' id='word_1_391' title='bbox 3478 2484 3578 2537; x_wconf 85' lang='grc' dir='ltr'>χη-</span> 
     </span>
    </p>
   </div>
   <div class='ocr_carea' id='block_1_54' title="bbox 2000 2552 3575 2626">
    <p class='ocr_par' dir='ltr' id='par_1_54' title="bbox 2000 2552 3575 2626">
     <span class='ocr_line' id='line_1_54' title="bbox 2000 2552 3575 2626; baseline 0.002 -22"><span class='ocrx_word' id='word_1_392' title='bbox 2000 2552 2268 2622; x_wconf 88' lang='grc' dir='ltr'>ρευούσης</span> <span class='ocrx_word' id='word_1_393' title='bbox 2296 2553 2395 2621; x_wconf 87' lang='grc' dir='ltr'>τῆς</span> <span class='ocrx_word' id='word_1_394' title='bbox 2424 2552 2854 2623; x_wconf 81' lang='grc' dir='ltr'>Λακεδαίμονος,</span> <span class='ocrx_word' id='word_1_395' title='bbox 2875 2554 3252 2625; x_wconf 82' lang='grc' dir='ltr'>πορισάμενον</span> <span class='ocrx_word' id='word_1_396' title='bbox 3281 2558 3373 2608; x_wconf 70' lang='grc' dir='ltr'>ἐπὶ</span> <span class='ocrx_word' id='word_1_397' title='bbox 3397 2558 3575 2626; x_wconf 85' lang='grc' dir='ltr'>τούτῳ</span> 
     </span>
    </p>
   </div>
   <div class='ocr_carea' id='block_1_55' title="bbox 1996 2642 3571 2717">
    <p class='ocr_par' dir='ltr' id='par_1_55' title="bbox 1996 2642 3571 2717">
     <span class='ocr_line' id='line_1_55' title="bbox 1996 2642 3571 2717; baseline 0.004 -24"><span class='ocrx_word' id='word_1_398' title='bbox 1996 2642 2089 2694; x_wconf 72' lang='grc' dir='ltr'>καὶ</span> <span class='ocrx_word' id='word_1_399' title='bbox 2116 2642 2354 2713; x_wconf 88' lang='grc' dir='ltr'>γράμμα</span> <span class='ocrx_word' id='word_1_400' title='bbox 2393 2643 2672 2698; x_wconf 77' lang='grc' dir='ltr'>συνοδικὺν</span> <span class='ocrx_word' id='word_1_401' title='bbox 2700 2646 2791 2698; x_wconf 78' lang='grc' dir='ltr'>καὶ</span> <span class='ocrx_word' id='word_1_402' title='bbox 2842 2648 3040 2699; x_wconf 75' lang='grc' dir='ltr'>σεπτὸν</span> <span class='ocrx_word' id='word_1_403' title='bbox 3094 2646 3181 2699; x_wconf 75' lang='grc' dir='ltr'>ἐπ’</span> <span class='ocrx_word' id='word_1_404' title='bbox 3216 2646 3363 2717; x_wconf 82' lang='grc' dir='ltr'>αὐτῷ</span> <span class='ocrx_word' id='word_1_405' title='bbox 3397 2648 3571 2716; x_wconf 80' lang='grc' dir='ltr'>πρόσο</span> 
     </span>
    </p>
   </div>
   <div class='ocr_carea' id='block_1_56' title="bbox 2005 2728 3577 2805">
    <p class='ocr_par' dir='ltr' id='par_1_56' title="bbox 2005 2728 3577 2805">
     <span class='ocr_line' id='line_1_56' title="bbox 2005 2728 3577 2805; baseline 0.003 -21"><span class='ocrx_word' id='word_1_406' title='bbox 2005 2748 2217 2800; x_wconf 83' lang='grc' dir='ltr'>ταγμα,</span> <span class='ocrx_word' id='word_1_407' title='bbox 2277 2728 2403 2785; x_wconf 74' lang='grc' dir='ltr'>εἶτα</span> <span class='ocrx_word' id='word_1_408' title='bbox 2427 2732 2513 2785; x_wconf 85' lang='grc' dir='ltr'>ἐπ’</span> <span class='ocrx_word' id='word_1_409' title='bbox 2538 2735 2743 2803; x_wconf 86' lang='grc' dir='ltr'>ἀμφοῖν</span> <span class='ocrx_word' id='word_1_410' title='bbox 2773 2733 2985 2787; x_wconf 87' lang='grc' dir='ltr'>τούτοιν</span> <span class='ocrx_word' id='word_1_411' title='bbox 3016 2738 3109 2787; x_wconf 70' lang='grc' dir='ltr'>καὶ</span> <span class='ocrx_word' id='word_1_412' title='bbox 3146 2736 3341 2788; x_wconf 70' lang='grc' dir='ltr'>σεπτὸν</span> <span class='ocrx_word' id='word_1_413' title='bbox 3372 2737 3577 2805; x_wconf 82' lang='grc' dir='ltr'>χρυσό-</span> 
     </span>
    </p>
   </div>
   <div class='ocr_carea' id='block_1_57' title="bbox 1997 2825 3577 2899">
    <p class='ocr_par' dir='ltr' id='par_1_57' title="bbox 1997 2825 3577 2899">
     <span class='ocr_line' id='line_1_57' title="bbox 1997 2825 3577 2899; baseline 0.003 -21"><span class='ocrx_word' id='word_1_414' title='bbox 1997 2825 2243 2880; x_wconf 75' lang='grc' dir='ltr'>σουλλον.</span> <span class='ocrx_word' id='word_1_415' title='bbox 2287 2825 2347 2878; x_wconf 84' lang='grc'>’0</span> <span class='ocrx_word' id='word_1_416' title='bbox 2381 2825 2475 2877; x_wconf 88' lang='grc' dir='ltr'>νῦν</span> <span class='ocrx_word' id='word_1_417' title='bbox 2509 2826 2809 2894; x_wconf 81' lang='grc' dir='ltr'>ἱερώτατος</span> <span class='ocrx_word' id='word_1_418' title='bbox 2843 2829 3254 2899; x_wconf 87' lang='grc' dir='ltr'>μητροπολίτης</span> <span class='ocrx_word' id='word_1_419' title='bbox 3305 2830 3577 2885; x_wconf 84' lang='grc' dir='ltr'>Λακεδαι-</span> 
     </span>
    </p>
   </div>
   <div class='ocr_carea' id='block_1_58' title="bbox 2003 2917 3577 2993">
    <p class='ocr_par' dir='ltr' id='par_1_58' title="bbox 2003 2917 3577 2993">
     <span class='ocr_line' id='line_1_58' title="bbox 2003 2917 3577 2993; baseline 0.003 -22"><span class='ocrx_word' id='word_1_420' title='bbox 2003 2919 2195 2989; x_wconf 87' lang='grc' dir='ltr'>μονίας</span> <span class='ocrx_word' id='word_1_421' title='bbox 2227 2917 2317 2970; x_wconf 78' lang='grc' dir='ltr'>καὶ</span> <span class='ocrx_word' id='word_1_422' title='bbox 2342 2918 2667 2989; x_wconf 85' lang='grc' dir='ltr'>ὑπέρτιμος,</span> <span class='ocrx_word' id='word_1_423' title='bbox 2702 2924 2758 2973; x_wconf 75' lang='grc' dir='ltr'>ἐν</span> <span class='ocrx_word' id='word_1_424' title='bbox 2788 2921 2930 2991; x_wconf 85' lang='grc' dir='ltr'>ἁγίῳ</span> <span class='ocrx_word' id='word_1_425' title='bbox 2976 2922 3256 2991; x_wconf 82' lang='grc' dir='ltr'>Ιινεύματι</span> <span class='ocrx_word' id='word_1_426' title='bbox 3291 2927 3577 2993; x_wconf 79' lang='grc' dir='ltr'>ἀγαπητὸς</span> 
     </span>
    </p>
   </div>
   <div class='ocr_carea' id='block_1_59' title="bbox 318 3005 3575 3096">
    <p class='ocr_par' dir='ltr' id='par_1_59' title="bbox 318 3005 3575 3096">
     <span class='ocr_line' id='line_1_59' title="bbox 318 3005 3575 3096; baseline -0 -35"><span class='ocrx_word' id='word_1_427' title='bbox 318 3026 477 3078; x_wconf 86' lang='grc' dir='ltr'>τορες</span> <span class='ocrx_word' id='word_1_428' title='bbox 501 3024 515 3035; x_wconf 90' lang='grc'><strong>·</strong></span> <span class='ocrx_word' id='word_1_429' title='bbox 553 3008 650 3059; x_wconf 84' lang='grc' dir='ltr'>ίδοι</span> <span class='ocrx_word' id='word_1_430' title='bbox 686 3006 731 3061; x_wconf 84' lang='grc' dir='ltr'>δ’</span> <span class='ocrx_word' id='word_1_431' title='bbox 753 3009 816 3063; x_wconf 85' lang='grc' dir='ltr'>ἄν</span> <span class='ocrx_word' id='word_1_432' title='bbox 845 3024 925 3069; x_wconf 90' lang='grc' dir='ltr'>τις</span> <span class='ocrx_word' id='word_1_433' title='bbox 960 3007 1089 3075; x_wconf 78' lang='grc' dir='ltr'>περὶ</span> <span class='ocrx_word' id='word_1_434' title='bbox 1119 3005 1365 3070; x_wconf 84' lang='grc' dir='ltr'>πλείονος</span> <span class='ocrx_word' id='word_1_435' title='bbox 1392 3005 1524 3059; x_wconf 76' lang='grc' dir='ltr'>αὐτὸ</span> <span class='ocrx_word' id='word_1_436' title='bbox 1564 3021 1896 3074; x_wconf 75' lang='grc' dir='ltr'>ποιουμῖνην</span> <span class='ocrx_word' id='word_1_437' title='bbox 1922 3036 1966 3096; x_wconf 72' lang='lat' dir='ltr'><strong>c</strong></span> <span class='ocrx_word' id='word_1_438' title='bbox 2010 3012 2238 3082; x_wconf 77' lang='grc' dir='ltr'>ἀδελφὸς</span> <span class='ocrx_word' id='word_1_439' title='bbox 2268 3014 2363 3066; x_wconf 66' lang='grc' dir='ltr'>καὶ</span> <span class='ocrx_word' id='word_1_440' title='bbox 2388 3014 2803 3085; x_wconf 79' lang='grc' dir='ltr'>συλλειτουργὸς</span> <span class='ocrx_word' id='word_1_441' title='bbox 2850 3015 2950 3081; x_wconf 74' lang='grc' dir='ltr'>τῆς</span> <span class='ocrx_word' id='word_1_442' title='bbox 2981 3016 3012 3083; x_wconf 76' lang='grc' dir='ltr'>ὴ</span> <span class='ocrx_word' id='word_1_443' title='bbox 3024 3014 3143 3081; x_wconf 80' lang='grc' dir='ltr'>μῶν</span> <span class='ocrx_word' id='word_1_444' title='bbox 3197 3013 3575 3085; x_wconf 69' lang='grc' dir='ltr'>μετριότητος,</span> 
     </span>
    </p>
   </div>
   <div class='ocr_carea' id='block_1_60' title="bbox 318 3098 1891 3171">
    <p class='ocr_par' dir='ltr' id='par_1_60' title="bbox 318 3098 1891 3171">
     <span class='ocr_line' id='line_1_60' title="bbox 318 3098 1891 3171; baseline -0.003 -18"><span class='ocrx_word' id='word_1_445' title='bbox 318 3103 415 3155; x_wconf 71' lang='grc' dir='ltr'>καὶ</span> <span class='ocrx_word' id='word_1_446' title='bbox 470 3101 637 3169; x_wconf 78' lang='grc' dir='ltr'>αὑτήν</span> <span class='ocrx_word' id='word_1_447' title='bbox 699 3116 759 3168; x_wconf 89' lang='grc' dir='ltr'>γε</span> <span class='ocrx_word' id='word_1_448' title='bbox 821 3098 917 3171; x_wconf 76' lang='grc' dir='ltr'>τὴν</span> <span class='ocrx_word' id='word_1_449' title='bbox 967 3099 1130 3167; x_wconf 81' lang='grc' dir='ltr'>φύσιν</span> <span class='ocrx_word' id='word_1_450' title='bbox 1172 3099 1270 3152; x_wconf 75' lang='grc' dir='ltr'>καὶ</span> <span class='ocrx_word' id='word_1_451' title='bbox 1315 3100 1386 3151; x_wconf 88' lang='grc' dir='ltr'>τά</span> <span class='ocrx_word' id='word_1_452' title='bbox 1437 3098 1759 3168; x_wconf 84' lang='grc' dir='ltr'>πράγματα,</span> <span class='ocrx_word' id='word_1_453' title='bbox 1792 3098 1891 3167; x_wconf 75' lang='grc' dir='ltr'>οὐχ</span> 
     </span>
    </p>
   </div>
   <div class='ocr_carea' id='block_1_61' title="bbox 318 3186 1893 3264">
    <p class='ocr_par' dir='ltr' id='par_1_61' title="bbox 318 3186 1893 3264">
     <span class='ocr_line' id='line_1_61' title="bbox 318 3186 1893 3264; baseline -0.005 -17"><span class='ocrx_word' id='word_1_454' title='bbox 318 3193 521 3264; x_wconf 70' lang='grc' dir='ltr'>ἥκιστα</span> <span class='ocrx_word' id='word_1_455' title='bbox 569 3193 626 3245; x_wconf 81' lang='grc' dir='ltr'>δέ</span> <span class='ocrx_word' id='word_1_456' title='bbox 680 3195 778 3261; x_wconf 74' lang='grc' dir='ltr'>τὴν</span> <span class='ocrx_word' id='word_1_457' title='bbox 841 3192 989 3263; x_wconf 78' lang='grc' dir='ltr'>ἱερὰν</span> <span class='ocrx_word' id='word_1_458' title='bbox 1038 3190 1128 3243; x_wconf 80' lang='grc' dir='ltr'>καὶ</span> <span class='ocrx_word' id='word_1_459' title='bbox 1167 3189 1459 3242; x_wconf 73' lang='grc' dir='ltr'>θεσπισίαν</span> <span class='ocrx_word' id='word_1_460' title='bbox 1489 3186 1596 3242; x_wconf 85' lang='grc' dir='ltr'>τῶν</span> <span class='ocrx_word' id='word_1_461' title='bbox 1633 3187 1893 3256; x_wconf 84' lang='grc' dir='ltr'>Πατέρων</span> 
     </span>
    </p>
   </div>
   <div class='ocr_carea' id='block_1_62' title="bbox 322 3277 1890 3357">
    <p class='ocr_par' dir='ltr' id='par_1_62' title="bbox 322 3277 1890 3357">
     <span class='ocr_line' id='line_1_62' title="bbox 322 3277 1890 3357; baseline -0.006 -20"><span class='ocrx_word' id='word_1_462' title='bbox 322 3285 665 3357; x_wconf 82' lang='grc' dir='ltr'>·.ομοθεσίαν·</span> <span class='ocrx_word' id='word_1_463' title='bbox 700 3286 732 3354; x_wconf 83' lang='grc' dir='ltr'>ἠ</span> <span class='ocrx_word' id='word_1_464' title='bbox 768 3284 866 3352; x_wconf 82' lang='grc' dir='ltr'>μὲν</span> <span class='ocrx_word' id='word_1_465' title='bbox 900 3281 1005 3351; x_wconf 74' lang='grc' dir='ltr'>γάρ</span> <span class='ocrx_word' id='word_1_466' title='bbox 1035 3282 1213 3347; x_wconf 87' lang='grc' dir='ltr'>πάντη</span> <span class='ocrx_word' id='word_1_467' title='bbox 1251 3280 1468 3341; x_wconf 90' lang='grc' dir='ltr'>πάντως</span> <span class='ocrx_word' id='word_1_468' title='bbox 1507 3277 1890 3346; x_wconf 87' lang='grc' dir='ltr'>ἀμετακίνητα</span> 
     </span>
    </p>
   </div>
   <div class='ocr_carea' id='block_1_63' title="bbox 314 3366 1894 3447">
    <p class='ocr_par' dir='ltr' id='par_1_63' title="bbox 314 3366 1894 3447">
     <span class='ocr_line' id='line_1_63' title="bbox 314 3366 1894 3447; baseline -0.007 -18"><span class='ocrx_word' id='word_1_469' title='bbox 314 3382 420 3447; x_wconf 79' lang='grc' dir='ltr'>τῆς</span> <span class='ocrx_word' id='word_1_470' title='bbox 451 3378 659 3429; x_wconf 76' lang='grc' dir='ltr'>ἑαυτῶν</span> <span class='ocrx_word' id='word_1_471' title='bbox 692 3375 898 3439; x_wconf 79' lang='grc' dir='ltr'>τάξεως</span> <span class='ocrx_word' id='word_1_472' title='bbox 950 3374 1018 3425; x_wconf 77' lang='grc' dir='ltr'>τὰ</span> <span class='ocrx_word' id='word_1_473' title='bbox 1062 3374 1237 3425; x_wconf 82' lang='grc' dir='ltr'>οἰκεῖα</span> <span class='ocrx_word' id='word_1_474' title='bbox 1286 3372 1467 3440; x_wconf 86' lang='grc' dir='ltr'>τηρεῖ,</span> <span class='ocrx_word' id='word_1_475' title='bbox 1503 3370 1605 3423; x_wconf 78' lang='grc' dir='ltr'>κᾶν</span> <span class='ocrx_word' id='word_1_476' title='bbox 1638 3366 1894 3438; x_wconf 72' lang='grc' dir='ltr'>βιάζηταί</span> 
     </span>
    </p>
   </div>
   <div class='ocr_carea' id='block_1_64' title="bbox 315 3462 1895 3541">
    <p class='ocr_par' dir='ltr' id='par_1_64' title="bbox 315 3462 1895 3541">
     <span class='ocr_line' id='line_1_64' title="bbox 315 3462 1895 3541; baseline -0.008 -17"><span class='ocrx_word' id='word_1_477' title='bbox 315 3488 407 3533; x_wconf 85' lang='grc' dir='ltr'>τις</span> <span class='ocrx_word' id='word_1_478' title='bbox 442 3470 705 3541; x_wconf 82' lang='grc' dir='ltr'>μυριάκις</span> <span class='ocrx_word' id='word_1_479' title='bbox 733 3467 895 3530; x_wconf 80' lang='grc' dir='ltr'>αὐτὰ,</span> <span class='ocrx_word' id='word_1_480' title='bbox 934 3468 1002 3519; x_wconf 73' lang='grc' dir='ltr'>τά</span> <span class='ocrx_word' id='word_1_481' title='bbox 1025 3465 1080 3518; x_wconf 86' lang='grc' dir='ltr'>δέ</span> <span class='ocrx_word' id='word_1_482' title='bbox 1108 3467 1209 3535; x_wconf 71' lang='grc' dir='ltr'>τὴν</span> <span class='ocrx_word' id='word_1_483' title='bbox 1254 3462 1463 3515; x_wconf 75' lang='grc' dir='ltr'>οἰκείαν</span> <span class='ocrx_word' id='word_1_484' title='bbox 1492 3462 1592 3514; x_wconf 85' lang='grc' dir='ltr'>οὐκ</span> <span class='ocrx_word' id='word_1_485' title='bbox 1632 3462 1895 3530; x_wconf 79' lang='grc' dir='ltr'>ἀγνοήσει</span> 
     </span>
    </p>
   </div>
   <div class='ocr_carea' id='block_1_65' title="bbox 318 3552 1893 3633">
    <p class='ocr_par' dir='ltr' id='par_1_65' title="bbox 318 3552 1893 3633">
     <span class='ocr_line' id='line_1_65' title="bbox 318 3552 1893 3633; baseline -0.008 -17"><span class='ocrx_word' id='word_1_486' title='bbox 318 3563 509 3633; x_wconf 60' lang='grc' dir='ltr'>φύσιν</span> <span class='ocrx_word' id='word_1_487' title='bbox 538 3561 801 3615; x_wconf 83' lang='grc' dir='ltr'>ἀδύνατον</span> <span class='ocrx_word' id='word_1_488' title='bbox 835 3560 944 3628; x_wconf 74' lang='grc' dir='ltr'>γὰρ</span> <span class='ocrx_word' id='word_1_489' title='bbox 996 3556 1199 3626; x_wconf 82' lang='grc' dir='ltr'>ὁμοίως</span> <span class='ocrx_word' id='word_1_490' title='bbox 1257 3555 1290 3625; x_wconf 81' lang='grc' dir='ltr'>ἦ</span> <span class='ocrx_word' id='word_1_491' title='bbox 1320 3555 1380 3607; x_wconf 84' lang='grc' dir='ltr'>τὸ</span> <span class='ocrx_word' id='word_1_492' title='bbox 1410 3552 1521 3624; x_wconf 90' lang='grc' dir='ltr'>πῦρ</span> <span class='ocrx_word' id='word_1_493' title='bbox 1568 3554 1665 3622; x_wconf 84' lang='grc' dir='ltr'>τῆς</span> <span class='ocrx_word' id='word_1_494' title='bbox 1692 3552 1771 3614; x_wconf 87' lang='grc' dir='ltr'>είς</span> <span class='ocrx_word' id='word_1_495' title='bbox 1824 3552 1893 3604; x_wconf 86' lang='grc' dir='ltr'>τά</span> 
     </span>
    </p>
   </div>
   <div class='ocr_carea' id='block_1_66' title="bbox 318 3644 1896 3724">
    <p class='ocr_par' dir='ltr' id='par_1_66' title="bbox 318 3644 1896 3724">
     <span class='ocr_line' id='line_1_66' title="bbox 318 3644 1896 3724; baseline -0.009 -14"><span class='ocrx_word' id='word_1_496' title='bbox 318 3657 436 3711; x_wconf 72' lang='grc' dir='ltr'>ἀνω</span> <span class='ocrx_word' id='word_1_497' title='bbox 472 3655 641 3724; x_wconf 81' lang='grc' dir='ltr'>φορᾶς</span> <span class='ocrx_word' id='word_1_498' title='bbox 674 3652 707 3723; x_wconf 74' lang='grc' dir='ltr'>ἢ</span> <span class='ocrx_word' id='word_1_499' title='bbox 740 3653 838 3724; x_wconf 88' lang='grc' dir='ltr'>τῆς</span> <span class='ocrx_word' id='word_1_500' title='bbox 870 3654 952 3714; x_wconf 88' lang='grc' dir='ltr'>εἰς</span> <span class='ocrx_word' id='word_1_501' title='bbox 1001 3649 1068 3703; x_wconf 85' lang='grc' dir='ltr'>τὰ</span> <span class='ocrx_word' id='word_1_502' title='bbox 1100 3648 1250 3702; x_wconf 86' lang='grc' dir='ltr'>κάτω</span> <span class='ocrx_word' id='word_1_503' title='bbox 1306 3647 1579 3717; x_wconf 81' lang='grc' dir='ltr'>κινήσεως</span> <span class='ocrx_word' id='word_1_504' title='bbox 1637 3645 1700 3699; x_wconf 77' lang='grc' dir='ltr'>τὸ</span> <span class='ocrx_word' id='word_1_505' title='bbox 1752 3644 1896 3712; x_wconf 80' lang='grc' dir='ltr'>ὕδωρ</span> 
     </span>
    </p>
   </div>
   <div class='ocr_carea' id='block_1_67' title="bbox 322 3736 1889 3819">
    <p class='ocr_par' dir='ltr' id='par_1_67' title="bbox 322 3736 1889 3819">
     <span class='ocr_line' id='line_1_67' title="bbox 322 3736 1889 3819; baseline -0.009 -16"><span class='ocrx_word' id='word_1_506' title='bbox 322 3746 693 3819; x_wconf 82' lang='grc' dir='ltr'>μετακινῆσαί</span> <span class='ocrx_word' id='word_1_507' title='bbox 717 3736 861 3799; x_wconf 84' lang='grc' dir='ltr'>τινα·</span> <span class='ocrx_word' id='word_1_508' title='bbox 898 3745 959 3798; x_wconf 85' lang='grc' dir='ltr'>οὐ</span> <span class='ocrx_word' id='word_1_509' title='bbox 991 3744 1097 3814; x_wconf 83' lang='grc' dir='ltr'>γάρ</span> <span class='ocrx_word' id='word_1_510' title='bbox 1139 3742 1311 3808; x_wconf 82' lang='grc' dir='ltr'>ἐστιν,</span> <span class='ocrx_word' id='word_1_511' title='bbox 1362 3741 1465 3795; x_wconf 73' lang='grc' dir='ltr'>οὐκ</span> <span class='ocrx_word' id='word_1_512' title='bbox 1504 3736 1695 3807; x_wconf 73' lang='grc' dir='ltr'>ἐστιν,</span> <span class='ocrx_word' id='word_1_513' title='bbox 1740 3738 1889 3799; x_wconf 83' lang='grc' dir='ltr'>ὅπως</span> 
     </span>
    </p>
   </div>
   <div class='ocr_carea' id='block_1_68' title="bbox 319 3831 1898 3911">
    <p class='ocr_par' dir='ltr' id='par_1_68' title="bbox 319 3831 1898 3911">
     <span class='ocr_line' id='line_1_68' title="bbox 319 3831 1898 3911; baseline -0.008 -15"><span class='ocrx_word' id='word_1_514' title='bbox 319 3842 528 3911; x_wconf 65' lang='grc' dir='ltr'>ἑτέρως</span> <span class='ocrx_word' id='word_1_515' title='bbox 560 3840 670 3905; x_wconf 76' lang='grc' dir='ltr'>ἐξει</span> <span class='ocrx_word' id='word_1_516' title='bbox 702 3839 838 3893; x_wconf 82' lang='grc' dir='ltr'>ποτὲ</span> <span class='ocrx_word' id='word_1_517' title='bbox 878 3838 912 3908; x_wconf 78' lang='grc' dir='ltr'><strong>ἢ</strong></span> <span class='ocrx_word' id='word_1_518' title='bbox 938 3838 1012 3900; x_wconf 84' lang='grc' dir='ltr'>ὡς</span> <span class='ocrx_word' id='word_1_519' title='bbox 1056 3837 1153 3907; x_wconf 77' lang='grc' dir='ltr'>την</span> <span class='ocrx_word' id='word_1_520' title='bbox 1203 3835 1390 3905; x_wconf 82' lang='grc' dir='ltr'>ἀρχὴν</span> <span class='ocrx_word' id='word_1_521' title='bbox 1443 3833 1627 3904; x_wconf 86' lang='grc' dir='ltr'>ἐκείνη</span> <span class='ocrx_word' id='word_1_522' title='bbox 1685 3831 1898 3893; x_wconf 83' lang='grc' dir='ltr'>τούτοις</span> 
     </span>
    </p>
   </div>
   <div class='ocr_carea' id='block_1_69' title="bbox 319 3923 1898 4004">
    <p class='ocr_par' dir='ltr' id='par_1_69' title="bbox 319 3923 1898 4004">
     <span class='ocr_line' id='line_1_69' title="bbox 319 3923 1898 4004; baseline -0.008 -17"><span class='ocrx_word' id='word_1_523' title='bbox 319 3934 491 4004; x_wconf 85' lang='grc' dir='ltr'>ὥρισε</span> <span class='ocrx_word' id='word_1_524' title='bbox 520 3934 614 3985; x_wconf 70' lang='grc' dir='ltr'>καὶ</span> <span class='ocrx_word' id='word_1_525' title='bbox 659 3930 932 4001; x_wconf 87' lang='grc' dir='ltr'>ἐκύρωσε,</span> <span class='ocrx_word' id='word_1_526' title='bbox 982 3930 1077 3982; x_wconf 70' lang='grc' dir='ltr'>καὶ</span> <span class='ocrx_word' id='word_1_527' title='bbox 1131 3926 1490 3996; x_wconf 82' lang='grc' dir='ltr'>φιλοστοργία</span> <span class='ocrx_word' id='word_1_528' title='bbox 1545 3924 1601 3977; x_wconf 81' lang='grc' dir='ltr'>δέ</span> <span class='ocrx_word' id='word_1_529' title='bbox 1636 3923 1898 3991; x_wconf 88' lang='grc' dir='ltr'>Πατέρων</span> 
     </span>
    </p>
   </div>
   <div class='ocr_carea' id='block_1_70' title="bbox 320 4017 1899 4091">
    <p class='ocr_par' dir='ltr' id='par_1_70' title="bbox 320 4017 1899 4091">
     <span class='ocr_line' id='line_1_70' title="bbox 320 4017 1899 4091; baseline -0.006 -12"><span class='ocrx_word' id='word_1_530' title='bbox 320 4027 609 4091; x_wconf 88' lang='grc' dir='ltr'>ἐντεῦθεν,</span> <span class='ocrx_word' id='word_1_531' title='bbox 672 4025 790 4079; x_wconf 80' lang='grc' dir='ltr'>ἀλλ’</span> <span class='ocrx_word' id='word_1_532' title='bbox 814 4025 915 4077; x_wconf 80' lang='grc' dir='ltr'>οὐκ</span> <span class='ocrx_word' id='word_1_533' title='bbox 957 4023 1182 4078; x_wconf 76' lang='grc' dir='ltr'>ἄλλοθέν</span> <span class='ocrx_word' id='word_1_534' title='bbox 1230 4022 1417 4086; x_wconf 87' lang='grc' dir='ltr'>ποθεν,</span> <span class='ocrx_word' id='word_1_535' title='bbox 1480 4019 1577 4073; x_wconf 73' lang='grc' dir='ltr'>καὶ</span> <span class='ocrx_word' id='word_1_536' title='bbox 1645 4017 1899 4090; x_wconf 80' lang='grc' dir='ltr'>μητέρων</span> 
     </span>
    </p>
   </div>
   <div class='ocr_carea' id='block_1_71' title="bbox 323 4108 1901 4188">
    <p class='ocr_par' dir='ltr' id='par_1_71' title="bbox 323 4108 1901 4188">
     <span class='ocr_line' id='line_1_71' title="bbox 323 4108 1901 4188; baseline -0.007 -16"><span class='ocrx_word' id='word_1_537' title='bbox 323 4119 642 4188; x_wconf 81' lang='grc' dir='ltr'>φιλοτεκνίά</span> <span class='ocrx_word' id='word_1_538' title='bbox 672 4117 767 4170; x_wconf 73' lang='grc' dir='ltr'>καὶ</span> <span class='ocrx_word' id='word_1_539' title='bbox 792 4118 921 4179; x_wconf 83' lang='grc' dir='ltr'>πᾶν,</span> <span class='ocrx_word' id='word_1_540' title='bbox 957 4117 983 4167; x_wconf 85' lang='grc' dir='ltr'>ὅ</span> <span class='ocrx_word' id='word_1_541' title='bbox 1011 4133 1063 4168; x_wconf 91' lang='grc' dir='ltr'>τι</span> <span class='ocrx_word' id='word_1_542' title='bbox 1088 4116 1155 4169; x_wconf 86' lang='grc' dir='ltr'>ἂν</span> <span class='ocrx_word' id='word_1_543' title='bbox 1210 4112 1340 4168; x_wconf 81' lang='grc' dir='ltr'>ἄλλο</span> <span class='ocrx_word' id='word_1_544' title='bbox 1372 4111 1760 4182; x_wconf 81' lang='grc' dir='ltr'>παραπλήσιον</span> <span class='ocrx_word' id='word_1_545' title='bbox 1816 4108 1901 4161; x_wconf 85' lang='grc' dir='ltr'>εί-</span> 
     </span>
    </p>
   </div>
   <div class='ocr_carea' id='block_1_72' title="bbox 325 4201 1901 4277">
    <p class='ocr_par' dir='ltr' id='par_1_72' title="bbox 325 4201 1901 4277">
     <span class='ocr_line' id='line_1_72' title="bbox 325 4201 1901 4277; baseline -0.009 -10"><span class='ocrx_word' id='word_1_546' title='bbox 325 4230 422 4267; x_wconf 85' lang='grc' dir='ltr'>ποι</span> <span class='ocrx_word' id='word_1_547' title='bbox 452 4229 557 4277; x_wconf 88' lang='grc' dir='ltr'>τις,</span> <span class='ocrx_word' id='word_1_548' title='bbox 592 4210 845 4264; x_wconf 88' lang='grc' dir='ltr'>ἐντεῦθεν</span> <span class='ocrx_word' id='word_1_549' title='bbox 911 4209 1198 4277; x_wconf 80' lang='grc' dir='ltr'>πάσχουσα</span> <span class='ocrx_word' id='word_1_550' title='bbox 1229 4206 1327 4276; x_wconf 78' lang='grc' dir='ltr'>τὴν</span> <span class='ocrx_word' id='word_1_551' title='bbox 1359 4205 1539 4275; x_wconf 79' lang='grc' dir='ltr'>ψυχὴν</span> <span class='ocrx_word' id='word_1_552' title='bbox 1581 4202 1765 4274; x_wconf 88' lang='grc' dir='ltr'>μήτηρ</span> <span class='ocrx_word' id='word_1_553' title='bbox 1806 4201 1901 4254; x_wconf 77' lang='grc' dir='ltr'>καὶ</span> 
     </span>
    </p>
   </div>
   <div class='ocr_carea' id='block_1_73' title="bbox 325 4293 1898 4377">
    <p class='ocr_par' dir='ltr' id='par_1_73' title="bbox 325 4293 1898 4377">
     <span class='ocr_line' id='line_1_73' title="bbox 325 4293 1898 4377; baseline -0.01 -16"><span class='ocrx_word' id='word_1_554' title='bbox 325 4303 831 4377; x_wconf 82' lang='grc' dir='ltr'>προκινδυνεύουσα</span> <span class='ocrx_word' id='word_1_555' title='bbox 906 4300 1002 4353; x_wconf 88' lang='grc' dir='ltr'>τοῦ</span> <span class='ocrx_word' id='word_1_556' title='bbox 1051 4298 1184 4353; x_wconf 82' lang='grc' dir='ltr'>ἰδίου</span> <span class='ocrx_word' id='word_1_557' title='bbox 1244 4299 1528 4367; x_wconf 84' lang='grc' dir='ltr'>κυήματος</span> <span class='ocrx_word' id='word_1_558' title='bbox 1601 4293 1806 4351; x_wconf 65' lang='grc' dir='ltr'>πάντα</span> <span class='ocrx_word' id='word_1_559' title='bbox 1840 4310 1898 4346; x_wconf 86' lang='grc' dir='ltr'>τε</span> 
     </span>
    </p>
   </div>
   <div class='ocr_carea' id='block_1_74' title="bbox 1999 3103 3578 3175">
    <p class='ocr_par' dir='ltr' id='par_1_74' title="bbox 1999 3103 3578 3175">
     <span class='ocr_line' id='line_1_74' title="bbox 1999 3103 3578 3175; baseline 0 -18"><span class='ocrx_word' id='word_1_560' title='bbox 1999 3103 2110 3174; x_wconf 88' lang='grc' dir='ltr'>κῦρ</span> <span class='ocrx_word' id='word_1_561' title='bbox 2140 3105 2354 3169; x_wconf 83' lang='grc' dir='ltr'>Νεῖλος,</span> <span class='ocrx_word' id='word_1_562' title='bbox 2378 3105 2630 3173; x_wconf 67' lang='grc' dir='ltr'>οὐδαμῶς</span> <span class='ocrx_word' id='word_1_563' title='bbox 2677 3105 2938 3175; x_wconf 78' lang='grc' dir='ltr'>περιιδεῖν</span> <span class='ocrx_word' id='word_1_564' title='bbox 2966 3105 3085 3158; x_wconf 87' lang='grc' dir='ltr'>δέον</span> <span class='ocrx_word' id='word_1_565' title='bbox 3113 3104 3326 3175; x_wconf 74' lang='grc' dir='ltr'>ἔκρινεν</span> <span class='ocrx_word' id='word_1_566' title='bbox 3358 3104 3578 3157; x_wconf 83' lang='grc' dir='ltr'>ἀδικου-</span> 
     </span>
    </p>
   </div>
   <div class='ocr_carea' id='block_1_75' title="bbox 2003 3195 3581 3266">
    <p class='ocr_par' dir='ltr' id='par_1_75' title="bbox 2003 3195 3581 3266">
     <span class='ocr_line' id='line_1_75' title="bbox 2003 3195 3581 3266; baseline -0.001 -18"><span class='ocrx_word' id='word_1_567' title='bbox 2003 3196 2176 3265; x_wconf 88' lang='grc' dir='ltr'>μένην</span> <span class='ocrx_word' id='word_1_568' title='bbox 2210 3196 2307 3266; x_wconf 78' lang='grc' dir='ltr'>τῆν</span> <span class='ocrx_word' id='word_1_569' title='bbox 2338 3195 2612 3265; x_wconf 86' lang='grc' dir='ltr'>λαχοῦσαν</span> <span class='ocrx_word' id='word_1_570' title='bbox 2639 3195 2801 3248; x_wconf 79' lang='grc' dir='ltr'>αὐτὸν</span> <span class='ocrx_word' id='word_1_571' title='bbox 2840 3196 2933 3248; x_wconf 80' lang='grc' dir='ltr'>ἐπὶ</span> <span class='ocrx_word' id='word_1_572' title='bbox 2956 3199 3022 3265; x_wconf 73' lang='grc' dir='ltr'>τῇ</span> <span class='ocrx_word' id='word_1_573' title='bbox 3050 3197 3228 3266; x_wconf 74' lang='grc' dir='ltr'>οἰκείᾳ</span> <span class='ocrx_word' id='word_1_574' title='bbox 3256 3196 3429 3266; x_wconf 73' lang='grc' dir='ltr'>ταύτῃ</span> <span class='ocrx_word' id='word_1_575' title='bbox 3459 3197 3581 3249; x_wconf 79' lang='grc' dir='ltr'>ἐπι-</span> 
     </span>
    </p>
   </div>
   <div class='ocr_carea' id='block_1_76' title="bbox 1997 3284 3577 3356">
    <p class='ocr_par' dir='ltr' id='par_1_76' title="bbox 1997 3284 3577 3356">
     <span class='ocr_line' id='line_1_76' title="bbox 1997 3284 3577 3356; baseline -0.001 -16"><span class='ocrx_word' id='word_1_576' title='bbox 1997 3287 2197 3355; x_wconf 79' lang='grc' dir='ltr'>σκοπῇ,</span> <span class='ocrx_word' id='word_1_577' title='bbox 2218 3286 2310 3337; x_wconf 92' lang='grc' dir='ltr'>καί</span> <span class='ocrx_word' id='word_1_578' title='bbox 2332 3302 2393 3352; x_wconf 90' lang='grc' dir='ltr'>γε</span> <span class='ocrx_word' id='word_1_579' title='bbox 2411 3288 2691 3355; x_wconf 82' lang='grc' dir='ltr'>ἀναφοράν</span> <span class='ocrx_word' id='word_1_580' title='bbox 2713 3285 3084 3356; x_wconf 84' lang='grc' dir='ltr'>ποιησαμένου</span> <span class='ocrx_word' id='word_1_581' title='bbox 3105 3286 3240 3355; x_wconf 71' lang='grc' dir='ltr'>πρὸς</span> <span class='ocrx_word' id='word_1_582' title='bbox 3255 3285 3345 3337; x_wconf 81' lang='grc' dir='ltr'>τὸν</span> <span class='ocrx_word' id='word_1_583' title='bbox 3362 3287 3423 3338; x_wconf 90' lang='grc' dir='ltr'>ἐκ</span> <span class='ocrx_word' id='word_1_584' title='bbox 3441 3284 3577 3338; x_wconf 75' lang='grc' dir='ltr'>Θεοῦ</span> 
     </span>
    </p>
   </div>
   <div class='ocr_carea' id='block_1_77' title="bbox 1998 3377 3580 3448">
    <p class='ocr_par' dir='ltr' id='par_1_77' title="bbox 1998 3377 3580 3448">
     <span class='ocr_line' id='line_1_77' title="bbox 1998 3377 3580 3448; baseline -0.003 -17"><span class='ocrx_word' id='word_1_585' title='bbox 1998 3379 2291 3447; x_wconf 77' lang='grc' dir='ltr'>κράτισεον</span> <span class='ocrx_word' id='word_1_586' title='bbox 2316 3378 2409 3430; x_wconf 78' lang='grc' dir='ltr'>καί</span> <span class='ocrx_word' id='word_1_587' title='bbox 2435 3377 2589 3445; x_wconf 76' lang='grc' dir='ltr'>ἅγιόν</span> <span class='ocrx_word' id='word_1_588' title='bbox 2613 3395 2713 3447; x_wconf 90' lang='grc' dir='ltr'>μου</span> <span class='ocrx_word' id='word_1_589' title='bbox 2736 3377 3117 3448; x_wconf 65' lang='grc' dir='ltr'>αὐτοκράτορά</span> <span class='ocrx_word' id='word_1_590' title='bbox 3138 3379 3234 3430; x_wconf 72' lang='grc' dir='ltr'>καὶ</span> <span class='ocrx_word' id='word_1_591' title='bbox 3278 3378 3457 3447; x_wconf 85' lang='grc' dir='ltr'>κρίσιν</span> <span class='ocrx_word' id='word_1_592' title='bbox 3492 3379 3580 3429; x_wconf 79' lang='grc' dir='ltr'>αἰ.</span> 
     </span>
    </p>
   </div>
   <div class='ocr_carea' id='block_1_78' title="bbox 1996 3448 3577 3541">
    <p class='ocr_par' dir='ltr' id='par_1_78' title="bbox 1996 3448 3577 3541">
     <span class='ocr_line' id='line_1_78' title="bbox 1996 3448 3577 3541; baseline 0 -19"><span class='ocrx_word' id='word_1_593' title='bbox 1996 3471 2328 3539; x_wconf 84' lang='grc' dir='ltr'>τησαμένου,</span> <span class='ocrx_word' id='word_1_594' title='bbox 2367 3472 2395 3523; x_wconf 87' lang='grc' dir='ltr'>ό</span> <span class='ocrx_word' id='word_1_595' title='bbox 2425 3472 2487 3523; x_wconf 80' lang='grc' dir='ltr'>ἐκ</span> <span class='ocrx_word' id='word_1_596' title='bbox 2514 3470 2646 3523; x_wconf 87' lang='grc' dir='ltr'>Θεοῦ</span> <span class='ocrx_word' id='word_1_597' title='bbox 2683 3468 2953 3539; x_wconf 79' lang='grc' dir='ltr'>βασιλεὺς,</span> <span class='ocrx_word' id='word_1_598' title='bbox 2984 3471 3017 3541; x_wconf 83' lang='grc' dir='ltr'>ἡ</span> <span class='ocrx_word' id='word_1_599' title='bbox 3055 3448 3458 3541; x_wconf 67' lang='grc' dir='ltr'>βασιλικωτάτη</span> <span class='ocrx_word' id='word_1_600' title='bbox 3496 3470 3577 3540; x_wconf 83' lang='grc' dir='ltr'>τῷ</span> 
     </span>
    </p>
   </div>
   <div class='ocr_carea' id='block_1_79' title="bbox 1998 3559 3577 3630">
    <p class='ocr_par' dir='ltr' id='par_1_79' title="bbox 1998 3559 3577 3630">
     <span class='ocr_line' id='line_1_79' title="bbox 1998 3559 3577 3630; baseline -0.001 -17"><span class='ocrx_word' id='word_1_601' title='bbox 1998 3560 2111 3613; x_wconf 86' lang='grc' dir='ltr'>δντι</span> <span class='ocrx_word' id='word_1_602' title='bbox 2146 3559 2295 3629; x_wconf 80' lang='grc' dir='ltr'>ψυχὴ</span> <span class='ocrx_word' id='word_1_603' title='bbox 2328 3561 2420 3612; x_wconf 71' lang='grc' dir='ltr'>καὶ</span> <span class='ocrx_word' id='word_1_604' title='bbox 2448 3561 2614 3630; x_wconf 74' lang='grc' dir='ltr'>μηδὲν</span> <span class='ocrx_word' id='word_1_605' title='bbox 2642 3559 2784 3613; x_wconf 70' lang='grc' dir='ltr'>οὕτω</span> <span class='ocrx_word' id='word_1_606' title='bbox 2810 3560 3044 3613; x_wconf 86' lang='grc' dir='ltr'>πνέουσα</span> <span class='ocrx_word' id='word_1_607' title='bbox 3067 3561 3161 3613; x_wconf 71' lang='grc' dir='ltr'>καὶ</span> <span class='ocrx_word' id='word_1_608' title='bbox 3191 3561 3475 3629; x_wconf 80' lang='grc' dir='ltr'>τρυφῶσα,</span> <span class='ocrx_word' id='word_1_609' title='bbox 3502 3560 3577 3623; x_wconf 81' lang='grc' dir='ltr'>ὡς</span> 
     </span>
    </p>
   </div>
   <div class='ocr_carea' id='block_1_80' title="bbox 1998 3650 3578 3722">
    <p class='ocr_par' dir='ltr' id='par_1_80' title="bbox 1998 3650 3578 3722">
     <span class='ocr_line' id='line_1_80' title="bbox 1998 3650 3578 3722; baseline -0.003 -16"><span class='ocrx_word' id='word_1_610' title='bbox 1998 3652 2058 3706; x_wconf 74' lang='grc' dir='ltr'>τὸ</span> <span class='ocrx_word' id='word_1_611' title='bbox 2077 3650 2422 3721; x_wconf 86' lang='grc' dir='ltr'>δικαιοσύνην</span> <span class='ocrx_word' id='word_1_612' title='bbox 2440 3650 2713 3722; x_wconf 69' lang='grc' dir='ltr'>πανταχοῦ</span> <span class='ocrx_word' id='word_1_613' title='bbox 2729 3651 3108 3706; x_wconf 82' lang='grc' dir='ltr'>πολιτεύεσθαι</span> <span class='ocrx_word' id='word_1_614' title='bbox 3127 3652 3222 3705; x_wconf 73' lang='grc' dir='ltr'>καὶ</span> <span class='ocrx_word' id='word_1_615' title='bbox 3238 3654 3578 3721; x_wconf 85' lang='grc' dir='ltr'>ἐπικρατεῖν,</span> 
     </span>
    </p>
   </div>
   <div class='ocr_carea' id='block_1_81' title="bbox 2002 3743 3580 3814">
    <p class='ocr_par' dir='ltr' id='par_1_81' title="bbox 2002 3743 3580 3814">
     <span class='ocr_line' id='line_1_81' title="bbox 2002 3743 3580 3814; baseline -0.001 -18"><span class='ocrx_word' id='word_1_616' title='bbox 2002 3746 2295 3814; x_wconf 81' lang='grc' dir='ltr'>ἐπιτρέπει</span> <span class='ocrx_word' id='word_1_617' title='bbox 2347 3745 2439 3797; x_wconf 83' lang='grc' dir='ltr'>καὶ</span> <span class='ocrx_word' id='word_1_618' title='bbox 2486 3744 2803 3814; x_wconf 81' lang='grc' dir='ltr'>ἀνατίθησιν</span> <span class='ocrx_word' id='word_1_619' title='bbox 2860 3744 2991 3813; x_wconf 80' lang='grc' dir='ltr'>ἡμῖν</span> <span class='ocrx_word' id='word_1_620' title='bbox 3042 3743 3335 3806; x_wconf 86' lang='grc' dir='ltr'>συνοδικῶς</span> <span class='ocrx_word' id='word_1_621' title='bbox 3362 3745 3454 3796; x_wconf 73' lang='grc' dir='ltr'>καὶ</span> <span class='ocrx_word' id='word_1_622' title='bbox 3480 3760 3580 3795; x_wconf 85' lang='grc' dir='ltr'>κα-</span> 
     </span>
    </p>
   </div>
   <div class='ocr_carea' id='block_1_82' title="bbox 2001 3836 3579 3907">
    <p class='ocr_par' dir='ltr' id='par_1_82' title="bbox 2001 3836 3579 3907">
     <span class='ocr_line' id='line_1_82' title="bbox 2001 3836 3579 3907; baseline -0.001 -18"><span class='ocrx_word' id='word_1_623' title='bbox 2001 3837 2228 3900; x_wconf 71' lang='grc' dir='ltr'>νονικῶς</span> <span class='ocrx_word' id='word_1_624' title='bbox 2253 3836 2313 3890; x_wconf 80' lang='grc' dir='ltr'>τὸ</span> <span class='ocrx_word' id='word_1_625' title='bbox 2335 3836 2825 3907; x_wconf 80' lang='grc' dir='ltr'>ἀμφισϐητήσιμον</span> <span class='ocrx_word' id='word_1_626' title='bbox 2870 3836 3221 3890; x_wconf 87' lang='grc' dir='ltr'>διευλυτῶσαι</span> <span class='ocrx_word' id='word_1_627' title='bbox 3246 3836 3579 3907; x_wconf 66' lang='grc' dir='ltr'>ἀμφοτέροις</span> 
     </span>
    </p>
   </div>
   <div class='ocr_carea' id='block_1_83' title="bbox 2004 3929 3578 4000">
    <p class='ocr_par' dir='ltr' id='par_1_83' title="bbox 2004 3929 3578 4000">
     <span class='ocr_line' id='line_1_83' title="bbox 2004 3929 3578 4000; baseline -0.001 -18"><span class='ocrx_word' id='word_1_628' title='bbox 2004 3930 2218 3992; x_wconf 88' lang='grc' dir='ltr'>τούτοις</span> <span class='ocrx_word' id='word_1_629' title='bbox 2248 3930 2312 4000; x_wconf 84' lang='grc' dir='ltr'>δὴ</span> <span class='ocrx_word' id='word_1_630' title='bbox 2345 3932 2458 3992; x_wconf 83' lang='grc' dir='ltr'>τοῖς</span> <span class='ocrx_word' id='word_1_631' title='bbox 2502 3930 2818 3999; x_wconf 78' lang='grc' dir='ltr'>ἱερωτάτοις</span> <span class='ocrx_word' id='word_1_632' title='bbox 2880 3929 3251 3999; x_wconf 75' lang='grc' dir='ltr'>ἀρχιερεῦσινο</span> <span class='ocrx_word' id='word_1_633' title='bbox 3311 3929 3465 3981; x_wconf 83' lang='grc' dir='ltr'>ἐνθεν</span> <span class='ocrx_word' id='word_1_634' title='bbox 3491 3945 3578 3981; x_wconf 86' lang='grc' dir='ltr'>τοι</span> 
     </span>
    </p>
   </div>
   <div class='ocr_carea' id='block_1_84' title="bbox 2016 4019 3574 4096">
    <p class='ocr_par' dir='ltr' id='par_1_84' title="bbox 2016 4019 3574 4096">
     <span class='ocr_line' id='line_1_84' title="bbox 2016 4019 3574 4096; baseline 0.002 -19"><span class='ocrx_word' id='word_1_635' title='bbox 2016 4025 2111 4077; x_wconf 77' lang='grc' dir='ltr'>καὶ</span> <span class='ocrx_word' id='word_1_636' title='bbox 2165 4022 2462 4096; x_wconf 62' lang='grc' dir='ltr'>σσνοδικῶς</span> <span class='ocrx_word' id='word_1_637' title='bbox 2515 4021 2765 4091; x_wconf 78' lang='grc' dir='ltr'>ἀλλήλοις</span> <span class='ocrx_word' id='word_1_638' title='bbox 2823 4021 3225 4089; x_wconf 71' lang='grc' dir='ltr'>ἀντιφέρονται,</span> <span class='ocrx_word' id='word_1_639' title='bbox 3263 4021 3320 4073; x_wconf 83' lang='grc' dir='ltr'>ὲν</span> <span class='ocrx_word' id='word_1_640' title='bbox 3373 4022 3441 4090; x_wconf 74' lang='grc' dir='ltr'>τῇ</span> <span class='ocrx_word' id='word_1_641' title='bbox 3476 4019 3574 4088; x_wconf 76' lang='grc' dir='ltr'>τῆς</span> 
     </span>
    </p>
   </div>
   <div class='ocr_carea' id='block_1_85' title="bbox 2018 4110 3575 4185">
    <p class='ocr_par' dir='ltr' id='par_1_85' title="bbox 2018 4110 3575 4185">
     <span class='ocr_line' id='line_1_85' title="bbox 2018 4110 3575 4185; baseline -0.004 -17"><span class='ocrx_word' id='word_1_642' title='bbox 2018 4115 2435 4185; x_wconf 80' lang='grc' dir='ltr'>Γοργοεηπκόου</span> <span class='ocrx_word' id='word_1_643' title='bbox 2470 4113 2746 4183; x_wconf 81' lang='grc' dir='ltr'>σεϐασμίᾳ</span> <span class='ocrx_word' id='word_1_644' title='bbox 2783 4115 2918 4183; x_wconf 82' lang='grc' dir='ltr'>μονῇ</span> <span class='ocrx_word' id='word_1_645' title='bbox 2970 4110 3333 4165; x_wconf 88' lang='grc' dir='ltr'>συνελθόντων</span> <span class='ocrx_word' id='word_1_646' title='bbox 3391 4110 3575 4181; x_wconf 77' lang='grc' dir='ltr'>ἡμῶν,</span> 
     </span>
    </p>
   </div>
   <div class='ocr_carea' id='block_1_86' title="bbox 2010 4204 3580 4277">
    <p class='ocr_par' dir='ltr' id='par_1_86' title="bbox 2010 4204 3580 4277">
     <span class='ocr_line' id='line_1_86' title="bbox 2010 4204 3580 4277; baseline -0.003 -18"><span class='ocrx_word' id='word_1_647' title='bbox 2010 4208 2350 4277; x_wconf 81' lang='grc' dir='ltr'>ζητήσαντος</span> <span class='ocrx_word' id='word_1_648' title='bbox 2386 4206 2546 4259; x_wconf 84' lang='grc' dir='ltr'>τοῦτο</span> <span class='ocrx_word' id='word_1_649' title='bbox 2607 4207 2699 4260; x_wconf 86' lang='grc' dir='ltr'>τοῦ</span> <span class='ocrx_word' id='word_1_650' title='bbox 2757 4204 3011 4259; x_wconf 82' lang='grc' dir='ltr'>Παλαιῶν</span> <span class='ocrx_word' id='word_1_651' title='bbox 3069 4204 3304 4275; x_wconf 80' lang='grc' dir='ltr'>Πατρῶν</span> <span class='ocrx_word' id='word_1_652' title='bbox 3336 4204 3426 4258; x_wconf 87' lang='grc' dir='ltr'>διά</span> <span class='ocrx_word' id='word_1_653' title='bbox 3482 4204 3580 4272; x_wconf 80' lang='grc' dir='ltr'>τὴν</span> 
     </span>
    </p>
   </div>
   <div class='ocr_carea' id='block_1_87' title="bbox 2006 4297 3583 4371">
    <p class='ocr_par' dir='ltr' id='par_1_87' title="bbox 2006 4297 3583 4371">
     <span class='ocr_line' id='line_1_87' title="bbox 2006 4297 3583 4371; baseline -0.004 -16"><span class='ocrx_word' id='word_1_654' title='bbox 2006 4300 2252 4371; x_wconf 86' lang='grc' dir='ltr'>συνήθως</span> <span class='ocrx_word' id='word_1_655' title='bbox 2283 4299 2607 4371; x_wconf 79' lang='grc' dir='ltr'>ἐνοχλοῦσαν</span> <span class='ocrx_word' id='word_1_656' title='bbox 2658 4299 2824 4355; x_wconf 73' lang='grc' dir='ltr'>αὐτὸν</span> <span class='ocrx_word' id='word_1_657' title='bbox 2860 4298 3170 4363; x_wconf 78' lang='grc' dir='ltr'>ἀσθένειαν,</span> <span class='ocrx_word' id='word_1_658' title='bbox 3223 4297 3583 4369; x_wconf 77' lang='grc' dir='ltr'>διαμηνυθέν-</span> 
     </span>
    </p>
   </div>
   <div class='ocr_carea' id='block_1_88' title="bbox 322 4386 3563 4475">
    <p class='ocr_par' dir='ltr' id='par_1_88' title="bbox 322 4386 3563 4475">
     <span class='ocr_line' id='line_1_88' title="bbox 322 4386 3563 4475; baseline -0.002 -26"><span class='ocrx_word' id='word_1_659' title='bbox 322 4396 635 4475; x_wconf 54' lang='grc' dir='ltr'>δεύτεραχῆ</span> <span class='ocrx_word' id='word_1_660' title='bbox 666 4396 823 4448; x_wconf 76' lang='grc' dir='ltr'>οὐδὲν</span> <span class='ocrx_word' id='word_1_661' title='bbox 856 4392 1117 4459; x_wconf 81' lang='grc' dir='ltr'>τιθεμένη</span> <span class='ocrx_word' id='word_1_662' title='bbox 1174 4390 1271 4458; x_wconf 73' lang='grc' dir='ltr'>τῆς</span> <span class='ocrx_word' id='word_1_663' title='bbox 1323 4388 1534 4441; x_wconf 77' lang='grc' dir='ltr'>ἐκείνου</span> <span class='ocrx_word' id='word_1_664' title='bbox 1596 4386 1898 4456; x_wconf 77' lang='grc' dir='ltr'>ζητήσεως,</span> <span class='ocrx_word' id='word_1_665' title='bbox 1934 4393 1978 4449; x_wconf 91' lang='lat' dir='ltr'><strong>D</strong></span> <span class='ocrx_word' id='word_1_666' title='bbox 2006 4409 2096 4456; x_wconf 90' lang='grc' dir='ltr'>τος</span> <span class='ocrx_word' id='word_1_667' title='bbox 2129 4392 2395 4462; x_wconf 88' lang='grc' dir='ltr'>πρότερον</span> <span class='ocrx_word' id='word_1_668' title='bbox 2422 4392 2518 4451; x_wconf 79' lang='grc' dir='ltr'>καὶ</span> <span class='ocrx_word' id='word_1_669' title='bbox 2571 4390 2636 4443; x_wconf 83' lang='grc' dir='ltr'>δι’</span> <span class='ocrx_word' id='word_1_670' title='bbox 2675 4391 2989 4461; x_wconf 79' lang='grc' dir='ltr'>ἱερωτάτων</span> <span class='ocrx_word' id='word_1_671' title='bbox 3033 4390 3336 4460; x_wconf 87' lang='grc' dir='ltr'>ἀρχιερέων</span> <span class='ocrx_word' id='word_1_672' title='bbox 3371 4391 3465 4443; x_wconf 79' lang='grc' dir='ltr'>καὶ</span> <span class='ocrx_word' id='word_1_673' title='bbox 3495 4390 3563 4443; x_wconf 87' lang='grc' dir='ltr'>δι’</span> 
     </span>
    </p>
   </div>
   <div class='ocr_carea' id='block_1_89' title="bbox 325 4475 1902 4555">
    <p class='ocr_par' dir='ltr' id='par_1_89' title="bbox 325 4475 1902 4555">
     <span class='ocr_line' id='line_1_89' title="bbox 325 4475 1902 4555; baseline -0.011 -10"><span class='ocrx_word' id='word_1_674' title='bbox 325 4496 375 4545; x_wconf 85' lang='grc' dir='ltr'>εἰ</span> <span class='ocrx_word' id='word_1_675' title='bbox 404 4492 554 4543; x_wconf 75' lang='grc' dir='ltr'>λάθοι</span> <span class='ocrx_word' id='word_1_676' title='bbox 600 4505 699 4541; x_wconf 90' lang='grc' dir='ltr'>που</span> <span class='ocrx_word' id='word_1_677' title='bbox 734 4482 1187 4555; x_wconf 70' lang='grc' dir='ltr'>ἀποσχοινισθέν*</span> <span class='ocrx_word' id='word_1_678' title='bbox 1236 4482 1343 4534; x_wconf 87' lang='grc' dir='ltr'>τῶν</span> <span class='ocrx_word' id='word_1_679' title='bbox 1400 4481 1498 4549; x_wconf 82' lang='grc' dir='ltr'>μὲν</span> <span class='ocrx_word' id='word_1_680' title='bbox 1552 4479 1644 4534; x_wconf 70' lang='grc' dir='ltr'>οῦν</span> <span class='ocrx_word' id='word_1_681' title='bbox 1700 4475 1902 4543; x_wconf 84' lang='grc' dir='ltr'>ἐαυτῆς</span> 
     </span>
    </p>
   </div>
   <div class='ocr_carea' id='block_1_90' title="bbox 326 4565 1902 4648">
    <p class='ocr_par' dir='ltr' id='par_1_90' title="bbox 326 4565 1902 4648">
     <span class='ocr_line' id='line_1_90' title="bbox 326 4565 1902 4648; baseline -0.011 -13"><span class='ocrx_word' id='word_1_682' title='bbox 326 4581 476 4635; x_wconf 83' lang='grc' dir='ltr'>ἰδίων</span> <span class='ocrx_word' id='word_1_683' title='bbox 506 4579 676 4642; x_wconf 76' lang='grc' dir='ltr'>οὓτως</span> <span class='ocrx_word' id='word_1_684' title='bbox 720 4578 831 4648; x_wconf 75' lang='grc' dir='ltr'>ἔχει</span> <span class='ocrx_word' id='word_1_685' title='bbox 859 4574 1234 4645; x_wconf 88' lang='grc' dir='ltr'>φιλοστόργως</span> <span class='ocrx_word' id='word_1_686' title='bbox 1266 4576 1298 4643; x_wconf 80' lang='grc' dir='ltr'><strong>ὴ</strong></span> <span class='ocrx_word' id='word_1_687' title='bbox 1334 4573 1519 4643; x_wconf 81' lang='grc' dir='ltr'>φύσις,</span> <span class='ocrx_word' id='word_1_688' title='bbox 1568 4570 1818 4640; x_wconf 85' lang='grc' dir='ltr'>μιμεῖται</span> <span class='ocrx_word' id='word_1_689' title='bbox 1845 4565 1902 4618; x_wconf 85' lang='grc' dir='ltr'>δὲ</span> 
     </span>
    </p>
   </div>
   <div class='ocr_carea' id='block_1_91' title="bbox 322 4659 1900 4744">
    <p class='ocr_par' dir='ltr' id='par_1_91' title="bbox 322 4659 1900 4744">
     <span class='ocr_line' id='line_1_91' title="bbox 322 4659 1900 4744; baseline -0.012 -15"><span class='ocrx_word' id='word_1_690' title='bbox 322 4676 500 4744; x_wconf 75' lang='grc' dir='ltr'>αὐτην</span> <span class='ocrx_word' id='word_1_691' title='bbox 534 4675 795 4742; x_wconf 72' lang='grc' dir='ltr'>ἄντικρυς</span> <span class='ocrx_word' id='word_1_692' title='bbox 830 4672 927 4723; x_wconf 75' lang='grc' dir='ltr'>καὶ</span> <span class='ocrx_word' id='word_1_693' title='bbox 960 4669 1029 4722; x_wconf 85' lang='grc' dir='ltr'>τά</span> <span class='ocrx_word' id='word_1_694' title='bbox 1061 4668 1387 4736; x_wconf 82' lang='grc' dir='ltr'>πράγματα,</span> <span class='ocrx_word' id='word_1_695' title='bbox 1415 4666 1513 4717; x_wconf 77' lang='grc' dir='ltr'>καὶ</span> <span class='ocrx_word' id='word_1_696' title='bbox 1542 4662 1678 4731; x_wconf 74' lang='grc' dir='ltr'>πρὸς</span> <span class='ocrx_word' id='word_1_697' title='bbox 1726 4659 1900 4729; x_wconf 81' lang='grc' dir='ltr'>αὐτὴν</span> 
     </span>
    </p>
   </div>
   <div class='ocr_carea' id='block_1_92' title="bbox 325 4747 1902 4826">
    <p class='ocr_par' dir='ltr' id='par_1_92' title="bbox 325 4747 1902 4826">
     <span class='ocr_line' id='line_1_92' title="bbox 325 4747 1902 4826; baseline -0.011 -5"><span class='ocrx_word' id='word_1_698' title='bbox 325 4765 735 4821; x_wconf 74' lang='grc' dir='ltr'>ἀπευθύνεσθαι</span> <span class='ocrx_word' id='word_1_699' title='bbox 759 4763 931 4824; x_wconf 84' lang='grc' dir='ltr'>θέλει,</span> <span class='ocrx_word' id='word_1_700' title='bbox 977 4760 1074 4814; x_wconf 71' lang='grc' dir='ltr'>καί⁹</span> <span class='ocrx_word' id='word_1_701' title='bbox 1107 4761 1208 4814; x_wconf 80' lang='grc' dir='ltr'>οῦκ</span> <span class='ocrx_word' id='word_1_702' title='bbox 1241 4754 1708 4826; x_wconf 61' lang='grc' dir='ltr'>ἀνέχεταιθχωρὶς</span> <span class='ocrx_word' id='word_1_703' title='bbox 1762 4747 1902 4804; x_wconf 73' lang='grc' dir='ltr'>εἶναι</span> 
     </span>
    </p>
   </div>
   <div class='ocr_carea' id='block_1_93' title="bbox 326 4840 1901 4918">
    <p class='ocr_par' dir='ltr' id='par_1_93' title="bbox 326 4840 1901 4918">
     <span class='ocr_line' id='line_1_93' title="bbox 326 4840 1901 4918; baseline -0.011 -8"><span class='ocrx_word' id='word_1_704' title='bbox 326 4858 536 4909; x_wconf 71' lang='grc' dir='ltr'>τούτων</span> <span class='ocrx_word' id='word_1_705' title='bbox 559 4856 650 4907; x_wconf 70' lang='grc' dir='ltr'>ἐπὶ</span> <span class='ocrx_word' id='word_1_706' title='bbox 686 4854 843 4918; x_wconf 82' lang='grc' dir='ltr'>πολὺ,</span> <span class='ocrx_word' id='word_1_707' title='bbox 873 4848 946 4906; x_wconf 82' lang='grc' dir='ltr'>ὧν</span> <span class='ocrx_word' id='word_1_708' title='bbox 966 4852 1155 4915; x_wconf 88' lang='grc' dir='ltr'>κακῶς</span> <span class='ocrx_word' id='word_1_709' title='bbox 1185 4850 1448 4918; x_wconf 84' lang='grc' dir='ltr'>ὑπέμεινε</span> <span class='ocrx_word' id='word_1_710' title='bbox 1484 4848 1582 4918; x_wconf 79' lang='grc' dir='ltr'>τὴν</span> <span class='ocrx_word' id='word_1_711' title='bbox 1605 4840 1901 4908; x_wconf 77' lang='grc' dir='ltr'>διάζευξιν,</span> 
     </span>
    </p>
   </div>
   <div class='ocr_carea' id='block_1_94' title="bbox 326 4936 1904 5014">
    <p class='ocr_par' dir='ltr' id='par_1_94' title="bbox 326 4936 1904 5014">
     <span class='ocr_line' id='line_1_94' title="bbox 326 4936 1904 5014; baseline -0.009 -13"><span class='ocrx_word' id='word_1_712' title='bbox 326 4949 490 5001; x_wconf 49' lang='grc' dir='ltr'>οἱοιεί</span> <span class='ocrx_word' id='word_1_713' title='bbox 513 4963 619 5000; x_wconf 90' lang='grc' dir='ltr'>τισι</span> <span class='ocrx_word' id='word_1_714' title='bbox 640 4946 892 5014; x_wconf 83' lang='grc' dir='ltr'>φυσικαῖς</span> <span class='ocrx_word' id='word_1_715' title='bbox 918 4944 1102 5007; x_wconf 82' lang='grc' dir='ltr'>όλκαῖς</span> <span class='ocrx_word' id='word_1_716' title='bbox 1126 4944 1218 4996; x_wconf 67' lang='grc' dir='ltr'>καὶ</span> <span class='ocrx_word' id='word_1_717' title='bbox 1243 4940 1615 5001; x_wconf 82' lang='grc' dir='ltr'>άντιπαθείαις</span> <span class='ocrx_word' id='word_1_718' title='bbox 1633 4936 1904 4991; x_wconf 84' lang='grc' dir='ltr'>ἀντισπώ-</span> 
     </span>
    </p>
   </div>
   <div class='ocr_carea' id='block_1_95' title="bbox 331 5029 1904 5112">
    <p class='ocr_par' dir='ltr' id='par_1_95' title="bbox 331 5029 1904 5112">
     <span class='ocr_line' id='line_1_95' title="bbox 331 5029 1904 5112; baseline -0.009 -18"><span class='ocrx_word' id='word_1_719' title='bbox 331 5058 475 5112; x_wconf 86' lang='grc' dir='ltr'>μενα</span> <span class='ocrx_word' id='word_1_720' title='bbox 523 5042 615 5092; x_wconf 75' lang='grc' dir='ltr'>καὶ</span> <span class='ocrx_word' id='word_1_721' title='bbox 665 5040 1040 5109; x_wconf 80' lang='grc' dir='ltr'>ἀνθελκόμενα</span> <span class='ocrx_word' id='word_1_722' title='bbox 1065 5037 1251 5102; x_wconf 87' lang='grc' dir='ltr'>πάλιν,</span> <span class='ocrx_word' id='word_1_723' title='bbox 1275 5033 1502 5094; x_wconf 71' lang='grc' dir='ltr'>καὶτοῖς</span> <span class='ocrx_word' id='word_1_724' title='bbox 1530 5032 1692 5100; x_wconf 85' lang='grc' dir='ltr'>ἰεροίς</span> <span class='ocrx_word' id='word_1_725' title='bbox 1725 5029 1782 5082; x_wconf 84' lang='grc' dir='ltr'>δέ</span> <span class='ocrx_word' id='word_1_726' title='bbox 1810 5030 1904 5081; x_wconf 77' lang='grc' dir='ltr'>καὶ</span> 
     </span>
    </p>
   </div>
   <div class='ocr_carea' id='block_1_96' title="bbox 329 5122 1905 5201">
    <p class='ocr_par' dir='ltr' id='par_1_96' title="bbox 329 5122 1905 5201">
     <span class='ocr_line' id='line_1_96' title="bbox 329 5122 1905 5201; baseline -0.01 -14"><span class='ocrx_word' id='word_1_727' title='bbox 329 5136 496 5196; x_wconf 78' lang='grc' dir='ltr'>θείοις</span> <span class='ocrx_word' id='word_1_728' title='bbox 533 5133 720 5187; x_wconf 84' lang='grc' dir='ltr'>κανόσι</span> <span class='ocrx_word' id='word_1_729' title='bbox 747 5132 977 5201; x_wconf 87' lang='grc' dir='ltr'>πάμπαν</span> <span class='ocrx_word' id='word_1_730' title='bbox 1002 5128 1394 5199; x_wconf 79' lang='grc' dir='ltr'>ἀπηγόρευται,</span> <span class='ocrx_word' id='word_1_731' title='bbox 1423 5124 1498 5194; x_wconf 79' lang='grc' dir='ltr'>μὴ</span> <span class='ocrx_word' id='word_1_732' title='bbox 1522 5122 1643 5183; x_wconf 72' lang='grc' dir='ltr'>τοὺς</span> <span class='ocrx_word' id='word_1_733' title='bbox 1670 5122 1905 5183; x_wconf 76' lang='grc' dir='ltr'>οἰκείους</span> 
     </span>
    </p>
   </div>
   <div class='ocr_carea' id='block_1_97' title="bbox 329 5214 1904 5295">
    <p class='ocr_par' dir='ltr' id='par_1_97' title="bbox 329 5214 1904 5295">
     <span class='ocr_line' id='line_1_97' title="bbox 329 5214 1904 5295; baseline -0.01 -16"><span class='ocrx_word' id='word_1_734' title='bbox 329 5224 688 5295; x_wconf 72' lang='grc' dir='ltr'>ὑπερϐαίνειν</span> <span class='ocrx_word' id='word_1_735' title='bbox 715 5224 876 5291; x_wconf 83' lang='grc' dir='ltr'>ὅρους</span> <span class='ocrx_word' id='word_1_736' title='bbox 915 5221 1040 5275; x_wconf 80' lang='grc' dir='ltr'>τινὰ</span> <span class='ocrx_word' id='word_1_737' title='bbox 1062 5218 1440 5289; x_wconf 79' lang='grc' dir='ltr'>ὁπωσδήποτε⁸</span> <span class='ocrx_word' id='word_1_738' title='bbox 1499 5214 1638 5267; x_wconf 79' lang='grc' dir='ltr'>ἀλλὰ</span> <span class='ocrx_word' id='word_1_739' title='bbox 1683 5216 1792 5283; x_wconf 80' lang='grc' dir='ltr'>γὰρ</span> <span class='ocrx_word' id='word_1_740' title='bbox 1824 5215 1904 5276; x_wconf 85' lang='grc' dir='ltr'>εἰς</span> 
     </span>
    </p>
   </div>
   <div class='ocr_carea' id='block_1_98' title="bbox 329 5305 1907 5387">
    <p class='ocr_par' dir='ltr' id='par_1_98' title="bbox 329 5305 1907 5387">
     <span class='ocr_line' id='line_1_98' title="bbox 329 5305 1907 5387; baseline -0.005 -19"><span class='ocrx_word' id='word_1_741' title='bbox 329 5315 557 5369; x_wconf 76' lang='grc' dir='ltr'>τίταῦθ’</span> <span class='ocrx_word' id='word_1_742' title='bbox 583 5317 718 5385; x_wconf 76' lang='grc' dir='ltr'>ἡμῖν</span> <span class='ocrx_word' id='word_1_743' title='bbox 748 5314 1002 5387; x_wconf 73' lang='grc' dir='ltr'>εἰρηταις</span> <span class='ocrx_word' id='word_1_744' title='bbox 1058 5310 1293 5380; x_wconf 86' lang='grc' dir='ltr'>δηλώσει</span> <span class='ocrx_word' id='word_1_745' title='bbox 1334 5309 1552 5369; x_wconf 87' lang='grc' dir='ltr'>πάντως</span> <span class='ocrx_word' id='word_1_746' title='bbox 1577 5306 1645 5358; x_wconf 76' lang='grc' dir='ltr'>τά</span> <span class='ocrx_word' id='word_1_747' title='bbox 1681 5305 1772 5357; x_wconf 88' lang='grc' dir='ltr'>νῦν</span> <span class='ocrx_word' id='word_1_748' title='bbox 1810 5305 1907 5374; x_wconf 77' lang='grc' dir='ltr'>ρη-</span> 
     </span>
    </p>
   </div>
   <div class='ocr_carea' id='block_1_99' title="bbox 330 5392 1905 5476">
    <p class='ocr_par' dir='ltr' id='par_1_99' title="bbox 330 5392 1905 5476">
     <span class='ocr_line' id='line_1_99' title="bbox 330 5392 1905 5476; baseline -0.01 -15"><span class='ocrx_word' id='word_1_749' title='bbox 330 5408 631 5476; x_wconf 82' lang='grc' dir='ltr'>θησόμενα.</span> <span class='ocrx_word' id='word_1_750' title='bbox 691 5406 765 5458; x_wconf 79' lang='grc' dir='ltr'>Τὸ</span> <span class='ocrx_word' id='word_1_751' title='bbox 835 5404 1180 5473; x_wconf 81' lang='grc' dir='ltr'>Ἀμύκλειον,</span> <span class='ocrx_word' id='word_1_752' title='bbox 1244 5404 1276 5469; x_wconf 79' lang='grc' dir='ltr'><strong>ἡ</strong></span> <span class='ocrx_word' id='word_1_753' title='bbox 1330 5397 1629 5467; x_wconf 82' lang='grc' dir='ltr'>ἐπισκοπὴ,</span> <span class='ocrx_word' id='word_1_754' title='bbox 1690 5392 1757 5467; x_wconf 77' lang='grc' dir='ltr'>ἦν</span> <span class='ocrx_word' id='word_1_755' title='bbox 1804 5394 1905 5465; x_wconf 81' lang='grc' dir='ltr'>μὲν</span> 
     </span>
    </p>
   </div>
   <div class='ocr_carea' id='block_1_100' title="bbox 327 5485 1903 5568">
    <p class='ocr_par' dir='ltr' id='par_1_100' title="bbox 327 5485 1903 5568">
     <span class='ocr_line' id='line_1_100' title="bbox 327 5485 1903 5568; baseline -0.011 -15"><span class='ocrx_word' id='word_1_756' title='bbox 327 5500 539 5553; x_wconf 79' lang='grc' dir='ltr'>ἀνωθεν</span> <span class='ocrx_word' id='word_1_757' title='bbox 569 5499 627 5564; x_wconf 78' lang='grc' dir='ltr'>ἐξ</span> <span class='ocrx_word' id='word_1_758' title='bbox 659 5497 854 5566; x_wconf 85' lang='grc' dir='ltr'>ἀρχῆς,</span> <span class='ocrx_word' id='word_1_759' title='bbox 883 5496 942 5560; x_wconf 79' lang='grc' dir='ltr'>ἐξ</span> <span class='ocrx_word' id='word_1_760' title='bbox 975 5493 1168 5568; x_wconf 71' lang='grc' dir='ltr'>αὐτῆς,</span> <span class='ocrx_word' id='word_1_761' title='bbox 1235 5491 1309 5554; x_wconf 90' lang='grc' dir='ltr'>ώς</span> <span class='ocrx_word' id='word_1_762' title='bbox 1357 5490 1553 5553; x_wconf 86' lang='grc' dir='ltr'>εἰπεῖν,</span> <span class='ocrx_word' id='word_1_763' title='bbox 1603 5487 1700 5558; x_wconf 84' lang='grc' dir='ltr'>τῆς</span> <span class='ocrx_word' id='word_1_764' title='bbox 1744 5485 1903 5556; x_wconf 74' lang='grc' dir='ltr'>ῥίζης</span> 
     </span>
    </p>
   </div>
   <div class='ocr_carea' id='block_1_101' title="bbox 300 5577 1903 5660">
    <p class='ocr_par' dir='ltr' id='par_1_101' title="bbox 300 5577 1903 5660">
     <span class='ocr_line' id='line_1_101' title="bbox 300 5577 1903 5660; baseline -0.009 -16"><span class='ocrx_word' id='word_1_765' title='bbox 300 5594 427 5644; x_wconf 74' lang='grc' dir='ltr'>’καὶ</span> <span class='ocrx_word' id='word_1_766' title='bbox 453 5592 550 5660; x_wconf 82' lang='grc' dir='ltr'>τῆς</span> <span class='ocrx_word' id='word_1_767' title='bbox 576 5590 753 5659; x_wconf 75' lang='grc' dir='ltr'>ἀρχῆς</span> <span class='ocrx_word' id='word_1_768' title='bbox 809 5588 1068 5657; x_wconf 85' lang='grc' dir='ltr'>διαφέρον</span> <span class='ocrx_word' id='word_1_769' title='bbox 1123 5589 1187 5654; x_wconf 82' lang='grc' dir='ltr'>τῇ</span> <span class='ocrx_word' id='word_1_770' title='bbox 1227 5582 1511 5651; x_wconf 76' lang='grc' dir='ltr'>ἁγιωτάτῃ</span> <span class='ocrx_word' id='word_1_771' title='bbox 1566 5577 1903 5649; x_wconf 83' lang='grc' dir='ltr'>μητροπόλει</span> 
     </span>
    </p>
   </div>
   <div class='ocr_carea' id='block_1_102' title="bbox 325 5672 1900 5755">
    <p class='ocr_par' dir='ltr' id='par_1_102' title="bbox 325 5672 1900 5755">
     <span class='ocr_line' id='line_1_102' title="bbox 325 5672 1900 5755; baseline -0.011 -16"><span class='ocrx_word' id='word_1_772' title='bbox 325 5686 424 5755; x_wconf 81' lang='grc' dir='ltr'>τῆς</span> <span class='ocrx_word' id='word_1_773' title='bbox 452 5683 915 5753; x_wconf 77' lang='grc' dir='ltr'>Λακεδαιμονίοις,</span> <span class='ocrx_word' id='word_1_774' title='bbox 947 5680 1014 5733; x_wconf 68' lang='grc' dir='ltr'>τά</span> <span class='ocrx_word' id='word_1_775' title='bbox 1046 5681 1238 5748; x_wconf 77' lang='grc' dir='ltr'>πρῶτα</span> <span class='ocrx_word' id='word_1_776' title='bbox 1285 5678 1383 5747; x_wconf 81' lang='grc' dir='ltr'>μὲν</span> <span class='ocrx_word' id='word_1_777' title='bbox 1420 5674 1705 5743; x_wconf 74' lang='grc' dir='ltr'>ἐνοριακὺν</span> <span class='ocrx_word' id='word_1_778' title='bbox 1728 5672 1900 5740; x_wconf 84' lang='grc' dir='ltr'>αὐτῆς</span> 
     </span>
    </p>
   </div>
   <div class='ocr_carea' id='block_1_103' title="bbox 2009 4481 3583 4553">
    <p class='ocr_par' dir='ltr' id='par_1_103' title="bbox 2009 4481 3583 4553">
     <span class='ocr_line' id='line_1_103' title="bbox 2009 4481 3583 4553; baseline -0.003 -16"><span class='ocrx_word' id='word_1_779' title='bbox 2009 4484 2485 4553; x_wconf 83' lang='grc' dir='ltr'>ἐκκλησιαστικῶν</span> <span class='ocrx_word' id='word_1_780' title='bbox 2546 4482 2826 4552; x_wconf 86' lang='grc' dir='ltr'>ἀρχόντων</span> <span class='ocrx_word' id='word_1_781' title='bbox 2855 4481 3130 4549; x_wconf 86' lang='grc' dir='ltr'>διαφόρως</span> <span class='ocrx_word' id='word_1_782' title='bbox 3200 4482 3295 4533; x_wconf 76' lang='grc' dir='ltr'>καὶ</span> <span class='ocrx_word' id='word_1_783' title='bbox 3350 4482 3583 4547; x_wconf 83' lang='grc' dir='ltr'>ὑπερτε-</span> 
     </span>
    </p>
   </div>
   <div class='ocr_carea' id='block_1_104' title="bbox 2008 4570 3577 4641">
    <p class='ocr_par' dir='ltr' id='par_1_104' title="bbox 2008 4570 3577 4641">
     <span class='ocr_line' id='line_1_104' title="bbox 2008 4570 3577 4641; baseline -0.003 -13"><span class='ocrx_word' id='word_1_784' title='bbox 2008 4575 2193 4635; x_wconf 86' lang='grc' dir='ltr'>θέντος</span> <span class='ocrx_word' id='word_1_785' title='bbox 2230 4573 2325 4627; x_wconf 92' lang='grc' dir='ltr'>τοῦ</span> <span class='ocrx_word' id='word_1_786' title='bbox 2358 4573 2684 4641; x_wconf 87' lang='grc' dir='ltr'>πράγματος</span> <span class='ocrx_word' id='word_1_787' title='bbox 2717 4573 2813 4625; x_wconf 74' lang='grc' dir='ltr'>καὶ</span> <span class='ocrx_word' id='word_1_788' title='bbox 2843 4571 2936 4623; x_wconf 78' lang='grc' dir='ltr'>ἐπὶ</span> <span class='ocrx_word' id='word_1_789' title='bbox 2976 4570 3151 4639; x_wconf 86' lang='grc' dir='ltr'>μῆνας</span> <span class='ocrx_word' id='word_1_790' title='bbox 3181 4571 3324 4624; x_wconf 82' lang='grc' dir='ltr'>ἐπτά</span> <span class='ocrx_word' id='word_1_791' title='bbox 3358 4571 3447 4625; x_wconf 84' lang='grc' dir='ltr'>διὰ</span> <span class='ocrx_word' id='word_1_792' title='bbox 3477 4572 3577 4641; x_wconf 84' lang='grc' dir='ltr'>τὴν</span> 
     </span>
    </p>
   </div>
   <div class='ocr_carea' id='block_1_105' title="bbox 2005 4662 3580 4733">
    <p class='ocr_par' dir='ltr' id='par_1_105' title="bbox 2005 4662 3580 4733">
     <span class='ocr_line' id='line_1_105' title="bbox 2005 4662 3580 4733; baseline -0.003 -14"><span class='ocrx_word' id='word_1_793' title='bbox 2005 4665 2267 4733; x_wconf 85' lang='grc' dir='ltr'>τοιαύτην</span> <span class='ocrx_word' id='word_1_794' title='bbox 2319 4662 2486 4717; x_wconf 87' lang='grc' dir='ltr'>αὑτοῦ</span> <span class='ocrx_word' id='word_1_795' title='bbox 2534 4662 2849 4716; x_wconf 76' lang='grc' dir='ltr'>ἀσθένειαν⁶</span> <span class='ocrx_word' id='word_1_796' title='bbox 2889 4664 2983 4714; x_wconf 87' lang='grc' dir='ltr'>καὶ</span> <span class='ocrx_word' id='word_1_797' title='bbox 3036 4663 3159 4715; x_wconf 81' lang='grc' dir='ltr'>ἐπεὶ</span> <span class='ocrx_word' id='word_1_798' title='bbox 3215 4665 3336 4722; x_wconf 85' lang='grc' dir='ltr'>ταῖς</span> <span class='ocrx_word' id='word_1_799' title='bbox 3383 4662 3580 4726; x_wconf 85' lang='grc' dir='ltr'>αὑταῖς</span> 
     </span>
    </p>
   </div>
   <div class='ocr_carea' id='block_1_106' title="bbox 2005 4752 3578 4827">
    <p class='ocr_par' dir='ltr' id='par_1_106' title="bbox 2005 4752 3578 4827">
     <span class='ocr_line' id='line_1_106' title="bbox 2005 4752 3578 4827; baseline -0.003 -18"><span class='ocrx_word' id='word_1_800' title='bbox 2005 4753 2147 4827; x_wconf 81' lang='grc' dir='ltr'>ἦσαν</span> <span class='ocrx_word' id='word_1_801' title='bbox 2179 4755 2383 4817; x_wconf 90' lang='grc' dir='ltr'>αἰτίαις</span> <span class='ocrx_word' id='word_1_802' title='bbox 2413 4755 2505 4806; x_wconf 71' lang='grc' dir='ltr'>καὶ</span> <span class='ocrx_word' id='word_1_803' title='bbox 2535 4753 2841 4825; x_wconf 89' lang='grc' dir='ltr'>ἀμφότεροι</span> <span class='ocrx_word' id='word_1_804' title='bbox 2866 4752 3143 4823; x_wconf 88' lang='grc' dir='ltr'>χρώμενοι</span> <span class='ocrx_word' id='word_1_805' title='bbox 3178 4754 3271 4808; x_wconf 77' lang='grc' dir='ltr'>καὶ</span> <span class='ocrx_word' id='word_1_806' title='bbox 3309 4753 3578 4824; x_wconf 62' lang='grc' dir='ltr'>διισχυρι-</span> 
     </span>
    </p>
   </div>
   <div class='ocr_carea' id='block_1_107' title="bbox 2008 4845 3579 4919">
    <p class='ocr_par' dir='ltr' id='par_1_107' title="bbox 2008 4845 3579 4919">
     <span class='ocr_line' id='line_1_107' title="bbox 2008 4845 3579 4919; baseline -0.001 -19"><span class='ocrx_word' id='word_1_807' title='bbox 2008 4850 2251 4918; x_wconf 78' lang='grc' dir='ltr'>ζόμενοι,</span> <span class='ocrx_word' id='word_1_808' title='bbox 2289 4850 2355 4919; x_wconf 76' lang='grc' dir='ltr'>τῇ</span> <span class='ocrx_word' id='word_1_809' title='bbox 2390 4845 2509 4899; x_wconf 74' lang='grc' dir='ltr'>κατ’</span> <span class='ocrx_word' id='word_1_810' title='bbox 2550 4845 2715 4898; x_wconf 72' lang='grc' dir='ltr'>αὑτὸν</span> <span class='ocrx_word' id='word_1_811' title='bbox 2766 4846 3030 4915; x_wconf 89' lang='grc' dir='ltr'>ἐκάτερος</span> <span class='ocrx_word' id='word_1_812' title='bbox 3087 4846 3353 4917; x_wconf 82' lang='grc' dir='ltr'>ἐκκλησίᾳ</span> <span class='ocrx_word' id='word_1_813' title='bbox 3391 4846 3579 4915; x_wconf 85' lang='grc' dir='ltr'>διαφέ-</span> 
     </span>
    </p>
   </div>
   <div class='ocr_carea' id='block_1_108' title="bbox 2010 4938 3576 5011">
    <p class='ocr_par' dir='ltr' id='par_1_108' title="bbox 2010 4938 3576 5011">
     <span class='ocr_line' id='line_1_108' title="bbox 2010 4938 3576 5011; baseline -0.003 -17"><span class='ocrx_word' id='word_1_814' title='bbox 2010 4958 2126 5011; x_wconf 89' lang='grc' dir='ltr'>ρειν</span> <span class='ocrx_word' id='word_1_815' title='bbox 2181 4940 2423 5010; x_wconf 79' lang='grc' dir='ltr'>ἀρχῆθεν</span> <span class='ocrx_word' id='word_1_816' title='bbox 2471 4940 2571 5008; x_wconf 81' lang='grc' dir='ltr'>τὴν</span> <span class='ocrx_word' id='word_1_817' title='bbox 2606 4939 2929 5009; x_wconf 84' lang='grc' dir='ltr'>ἀμφίμαχον</span> <span class='ocrx_word' id='word_1_818' title='bbox 2983 4940 3190 5009; x_wconf 84' lang='grc' dir='ltr'>ταύτην</span> <span class='ocrx_word' id='word_1_819' title='bbox 3244 4938 3576 5008; x_wconf 80' lang='grc' dir='ltr'>ἐπισκοπὴν,</span> 
     </span>
    </p>
   </div>
   <div class='ocr_carea' id='block_1_109' title="bbox 2008 5030 3579 5106">
    <p class='ocr_par' dir='ltr' id='par_1_109' title="bbox 2008 5030 3579 5106">
     <span class='ocr_line' id='line_1_109' title="bbox 2008 5030 3579 5106; baseline 0.003 -28"><span class='ocrx_word' id='word_1_820' title='bbox 2008 5033 2212 5106; x_wconf 71' lang='grc' dir='ltr'>πολλὴν</span> <span class='ocrx_word' id='word_1_821' title='bbox 2238 5035 2426 5103; x_wconf 71' lang='grc' dir='ltr'>ἡμεῖς,</span> <span class='ocrx_word' id='word_1_822' title='bbox 2456 5032 2530 5095; x_wconf 85' lang='grc' dir='ltr'>ὼς</span> <span class='ocrx_word' id='word_1_823' title='bbox 2554 5032 2727 5094; x_wconf 73' lang='grc' dir='ltr'>εἰκὸς,</span> <span class='ocrx_word' id='word_1_824' title='bbox 2760 5036 2889 5100; x_wconf 83' lang='grc' dir='ltr'>περί</span> <span class='ocrx_word' id='word_1_825' title='bbox 2929 5030 3122 5084; x_wconf 90' lang='grc' dir='ltr'>τούτου</span> <span class='ocrx_word' id='word_1_826' title='bbox 3146 5030 3384 5100; x_wconf 78' lang='grc' dir='ltr'>ζήτησιν</span> <span class='ocrx_word' id='word_1_827' title='bbox 3420 5046 3579 5098; x_wconf 82' lang='grc' dir='ltr'>ποιη-</span> 
     </span>
    </p>
   </div>
   <div class='ocr_carea' id='block_1_110' title="bbox 2010 5122 3581 5195">
    <p class='ocr_par' dir='ltr' id='par_1_110' title="bbox 2010 5122 3581 5195">
     <span class='ocr_line' id='line_1_110' title="bbox 2010 5122 3581 5195; baseline -0.002 -18"><span class='ocrx_word' id='word_1_828' title='bbox 2010 5126 2261 5195; x_wconf 88' lang='grc' dir='ltr'>σάμενοι,</span> <span class='ocrx_word' id='word_1_829' title='bbox 2293 5124 2529 5194; x_wconf 76' lang='grc' dir='ltr'>εὕρομεν</span> <span class='ocrx_word' id='word_1_830' title='bbox 2559 5123 2832 5193; x_wconf 77' lang='grc' dir='ltr'>ἀριδήλως</span> <span class='ocrx_word' id='word_1_831' title='bbox 2870 5125 2964 5177; x_wconf 76' lang='grc' dir='ltr'>καὶ</span> <span class='ocrx_word' id='word_1_832' title='bbox 3001 5124 3254 5193; x_wconf 83' lang='grc' dir='ltr'>φανερῶς</span> <span class='ocrx_word' id='word_1_833' title='bbox 3296 5122 3359 5175; x_wconf 79' lang='grc' dir='ltr'>ἐκ</span> <span class='ocrx_word' id='word_1_834' title='bbox 3389 5138 3447 5174; x_wconf 86' lang='grc' dir='ltr'>τε</span> <span class='ocrx_word' id='word_1_835' title='bbox 3480 5122 3581 5191; x_wconf 88' lang='grc' dir='ltr'>τῆς</span> 
     </span>
    </p>
   </div>
   <div class='ocr_carea' id='block_1_111' title="bbox 2009 5214 3578 5285">
    <p class='ocr_par' dir='ltr' id='par_1_111' title="bbox 2009 5214 3578 5285">
     <span class='ocr_line' id='line_1_111' title="bbox 2009 5214 3578 5285; baseline -0.001 -17"><span class='ocrx_word' id='word_1_836' title='bbox 2009 5216 2302 5285; x_wconf 77' lang='grc' dir='ltr'>συνοδικῆς</span> <span class='ocrx_word' id='word_1_837' title='bbox 2372 5217 2656 5283; x_wconf 73' lang='grc' dir='ltr'>ἐγγράφου</span> <span class='ocrx_word' id='word_1_838' title='bbox 2710 5215 3060 5282; x_wconf 87' lang='grc' dir='ltr'>διαγνώσεως</span> <span class='ocrx_word' id='word_1_839' title='bbox 3120 5215 3213 5268; x_wconf 75' lang='grc' dir='ltr'>καὶ</span> <span class='ocrx_word' id='word_1_840' title='bbox 3252 5214 3578 5282; x_wconf 86' lang='grc' dir='ltr'>ἀποφάσεως</span> 
     </span>
    </p>
   </div>
   <div class='ocr_carea' id='block_1_112' title="bbox 2010 5301 3578 5378">
    <p class='ocr_par' dir='ltr' id='par_1_112' title="bbox 2010 5301 3578 5378">
     <span class='ocr_line' id='line_1_112' title="bbox 2010 5301 3578 5378; baseline -0.002 -18"><span class='ocrx_word' id='word_1_841' title='bbox 2010 5307 2105 5361; x_wconf 90' lang='grc' dir='ltr'>τοῦ</span> <span class='ocrx_word' id='word_1_842' title='bbox 2134 5307 2253 5360; x_wconf 88' lang='grc' dir='ltr'>τότε</span> <span class='ocrx_word' id='word_1_843' title='bbox 2285 5308 2632 5376; x_wconf 84' lang='grc' dir='ltr'>πατριάρχου</span> <span class='ocrx_word' id='word_1_844' title='bbox 2663 5307 2767 5375; x_wconf 86' lang='grc' dir='ltr'>κῦρ</span> <span class='ocrx_word' id='word_1_845' title='bbox 2792 5305 3123 5377; x_wconf 86' lang='grc' dir='ltr'>Γρηγορίου,</span> <span class='ocrx_word' id='word_1_846' title='bbox 3176 5304 3265 5374; x_wconf 86' lang='grc' dir='ltr'>ἐφ’</span> <span class='ocrx_word' id='word_1_847' title='bbox 3291 5301 3325 5378; x_wconf 80' lang='grc' dir='ltr'><strong>ᾖ</strong></span> <span class='ocrx_word' id='word_1_848' title='bbox 3357 5306 3455 5358; x_wconf 74' lang='grc' dir='ltr'>καὶ</span> <span class='ocrx_word' id='word_1_849' title='bbox 3487 5319 3578 5357; x_wconf 79' lang='grc' dir='ltr'>σε·</span> 
     </span>
    </p>
   </div>
   <div class='ocr_carea' id='block_1_113' title="bbox 2008 5396 3582 5467">
    <p class='ocr_par' dir='ltr' id='par_1_113' title="bbox 2008 5396 3582 5467">
     <span class='ocr_line' id='line_1_113' title="bbox 2008 5396 3582 5467; baseline -0.001 -17"><span class='ocrx_word' id='word_1_850' title='bbox 2008 5399 2143 5450; x_wconf 82' lang='grc' dir='ltr'>πτὸν</span> <span class='ocrx_word' id='word_1_851' title='bbox 2183 5398 2388 5467; x_wconf 70' lang='grc' dir='ltr'>προέϐη</span> <span class='ocrx_word' id='word_1_852' title='bbox 2414 5397 2835 5467; x_wconf 76' lang='grc' dir='ltr'>χρυσόϐουλλον,</span> <span class='ocrx_word' id='word_1_853' title='bbox 2886 5396 2982 5449; x_wconf 73' lang='grc' dir='ltr'>καὶ</span> <span class='ocrx_word' id='word_1_854' title='bbox 3006 5396 3114 5449; x_wconf 69' lang='grc' dir='ltr'>ἀπὸ</span> <span class='ocrx_word' id='word_1_855' title='bbox 3133 5397 3243 5450; x_wconf 85' lang='grc' dir='ltr'>τῶν</span> <span class='ocrx_word' id='word_1_856' title='bbox 3270 5398 3447 5453; x_wconf 77' lang='grc' dir='ltr'>ἄλλων</span> <span class='ocrx_word' id='word_1_857' title='bbox 3472 5412 3582 5448; x_wconf 87' lang='grc' dir='ltr'>πα-</span> 
     </span>
    </p>
   </div>
   <div class='ocr_carea' id='block_1_114' title="bbox 2010 5488 3579 5559">
    <p class='ocr_par' dir='ltr' id='par_1_114' title="bbox 2010 5488 3579 5559">
     <span class='ocr_line' id='line_1_114' title="bbox 2010 5488 3579 5559; baseline 0.001 -19"><span class='ocrx_word' id='word_1_858' title='bbox 2010 5489 2281 5557; x_wconf 88' lang='grc' dir='ltr'>λαιγενῶν</span> <span class='ocrx_word' id='word_1_859' title='bbox 2367 5490 2779 5559; x_wconf 78' lang='grc' dir='ltr'>δικαιωμάτων,</span> <span class='ocrx_word' id='word_1_860' title='bbox 2845 5488 2987 5558; x_wconf 78' lang='grc' dir='ltr'>ἅπερ</span> <span class='ocrx_word' id='word_1_861' title='bbox 3051 5491 3079 5541; x_wconf 86' lang='grc' dir='ltr'>ὁ</span> <span class='ocrx_word' id='word_1_862' title='bbox 3135 5489 3579 5558; x_wconf 86' lang='grc' dir='ltr'>Λακεδαιμονίας</span> 
     </span>
    </p>
   </div>
   <div class='ocr_carea' id='block_1_115' title="bbox 2009 5576 3580 5649">
    <p class='ocr_par' dir='ltr' id='par_1_115' title="bbox 2009 5576 3580 5649">
     <span class='ocr_line' id='line_1_115' title="bbox 2009 5576 3580 5649; baseline 0 -19"><span class='ocrx_word' id='word_1_863' title='bbox 2009 5579 2314 5647; x_wconf 85' lang='grc' dir='ltr'>προέτεινε,</span> <span class='ocrx_word' id='word_1_864' title='bbox 2338 5577 2433 5629; x_wconf 88' lang='grc' dir='ltr'>τοῦ</span> <span class='ocrx_word' id='word_1_865' title='bbox 2472 5578 2693 5648; x_wconf 75' lang='grc' dir='ltr'>βρεόίσῡ</span> <span class='ocrx_word' id='word_1_866' title='bbox 2741 5576 2945 5649; x_wconf 81' lang='grc' dir='ltr'>δηλαδὴ</span> <span class='ocrx_word' id='word_1_867' title='bbox 3004 5580 3104 5645; x_wconf 86' lang='grc' dir='ltr'>τῆς</span> <span class='ocrx_word' id='word_1_868' title='bbox 3152 5578 3440 5649; x_wconf 85' lang='grc' dir='ltr'>βασιλικῆς</span> <span class='ocrx_word' id='word_1_869' title='bbox 3485 5579 3580 5631; x_wconf 80' lang='grc' dir='ltr'>καὶ</span> 
     </span>
    </p>
   </div>
   <div class='ocr_carea' id='block_1_116' title="bbox 2013 5665 3585 5743">
    <p class='ocr_par' dir='ltr' id='par_1_116' title="bbox 2013 5665 3585 5743">
     <span class='ocr_line' id='line_1_116' title="bbox 2013 5665 3585 5743; baseline -0.001 -18"><span class='ocrx_word' id='word_1_870' title='bbox 2013 5669 2297 5739; x_wconf 81' lang='grc' dir='ltr'>συνοδικῆς</span> <span class='ocrx_word' id='word_1_871' title='bbox 2332 5670 2613 5737; x_wconf 81' lang='grc' dir='ltr'>ἐνδόσεως,</span> <span class='ocrx_word' id='word_1_872' title='bbox 2640 5671 2724 5740; x_wconf 84' lang='grc' dir='ltr'>ἐφ’</span> <span class='ocrx_word' id='word_1_873' title='bbox 2746 5665 2788 5739; x_wconf 76' lang='grc' dir='ltr'><strong>ᾧ</strong></span> <span class='ocrx_word' id='word_1_874' title='bbox 2820 5671 2910 5724; x_wconf 60' lang='grc' dir='ltr'>τδιν</span> <span class='ocrx_word' id='word_1_875' title='bbox 2940 5671 3380 5743; x_wconf 83' lang='grc' dir='ltr'>Λακεδαιμονίοις</span> <span class='ocrx_word' id='word_1_876' title='bbox 3405 5676 3585 5742; x_wconf 76' lang='grc' dir='ltr'>ἀπαρ-</span> 
     </span>
    </p>
   </div>
  </div>
