  <div class='ocr_page' id='page_1' title='image "/cluster/home/n/w/nwhite01/storage/ocr_20150623/152/hvd.32044073502635/643.png"; bbox 0 0 4022 6204; ppageno 0'>
   <div class='ocr_carea' id='block_1_1' title="bbox 496 278 637 344">
    <p class='ocr_par' dir='ltr' id='par_1_1' title="bbox 496 278 637 344">
     <span class='ocr_line' id='line_1_1' title="bbox 496 278 637 344; baseline 0 -1"><span class='ocrx_word' id='word_1_1' title='bbox 496 278 637 344; x_wconf 66' lang='lat'>1263</span> 
     </span>
    </p>
   </div>
   <div class='ocr_carea' id='block_1_2' title="bbox 1477 250 2750 333">
    <p class='ocr_par' dir='ltr' id='par_1_2' title="bbox 1477 250 2750 333">
     <span class='ocr_line' id='line_1_2' title="bbox 1477 250 2750 333; baseline -0.013 -9"><span class='ocrx_word' id='word_1_2' title='bbox 1477 261 1692 333; x_wconf 73' lang='lat' dir='ltr'>JUAN.</span> <span class='ocrx_word' id='word_1_3' title='bbox 1732 255 2035 321; x_wconf 75' lang='lat' dir='ltr'>CALECIE</span> <span class='ocrx_word' id='word_1_4' title='bbox 2076 256 2188 315; x_wconf 71' lang='grc' dir='ltr'>(ΖΡ.</span> <span class='ocrx_word' id='word_1_5' title='bbox 2231 250 2750 314; x_wconf 68' lang='grc' dir='ltr'>ΡᾹΤΒΙΛΗΟΙΙιΕ</span> 
     </span>
    </p>
   </div>
   <div class='ocr_carea' id='block_1_3' title="bbox 3613 238 3752 302">
    <p class='ocr_par' dir='ltr' id='par_1_3' title="bbox 3613 238 3752 302">
     <span class='ocr_line' id='line_1_3' title="bbox 3613 238 3752 302; baseline -0.007 0"><span class='ocrx_word' id='word_1_6' title='bbox 3613 238 3752 302; x_wconf 61' lang='lat'>1265</span> 
     </span>
    </p>
   </div>
   <div class='ocr_carea' id='block_1_4' title="bbox 498 355 3753 466">
    <p class='ocr_par' dir='ltr' id='par_1_4' title="bbox 498 355 3753 466">
     <span class='ocr_line' id='line_1_4' title="bbox 498 355 3753 466; baseline -0.012 -19"><span class='ocrx_word' id='word_1_7' title='bbox 498 392 761 466; x_wconf 65' lang='grc' dir='ltr'>μηθείσα,</span> <span class='ocrx_word' id='word_1_8' title='bbox 782 387 859 451; x_wconf 84' lang='grc' dir='ltr'>ὡς</span> <span class='ocrx_word' id='word_1_9' title='bbox 889 383 1169 457; x_wconf 78' lang='grc' dir='ltr'>προϊόντες</span> <span class='ocrx_word' id='word_1_10' title='bbox 1208 378 1543 448; x_wconf 79' lang='grc' dir='ltr'>δηλώσομεν,</span> <span class='ocrx_word' id='word_1_11' title='bbox 1596 373 1786 442; x_wconf 77' lang='grc' dir='ltr'>ὀλίγας</span> <span class='ocrx_word' id='word_1_12' title='bbox 1815 373 1878 424; x_wconf 79' lang='grc' dir='ltr'>ἐκ</span> <span class='ocrx_word' id='word_1_13' title='bbox 1939 368 2071 421; x_wconf 85' lang='grc' dir='ltr'>πολ·</span> <span class='ocrx_word' id='word_1_14' title='bbox 2101 372 2145 428; x_wconf 82' lang='grc' dir='ltr'>Α</span> <span class='ocrx_word' id='word_1_15' title='bbox 2177 369 2313 436; x_wconf 81' lang='grc' dir='ltr'>μονῇ</span> <span class='ocrx_word' id='word_1_16' title='bbox 2345 365 2442 418; x_wconf 86' lang='grc' dir='ltr'>τοῦ</span> <span class='ocrx_word' id='word_1_17' title='bbox 2475 363 2866 417; x_wconf 83' lang='grc' dir='ltr'>Παντεπόπτου</span> <span class='ocrx_word' id='word_1_18' title='bbox 2920 357 3200 429; x_wconf 72' lang='grc' dir='ltr'>εὑρεθέντι</span> <span class='ocrx_word' id='word_1_19' title='bbox 3235 355 3583 427; x_wconf 84' lang='grc' dir='ltr'>νομοκάνονι,</span> <span class='ocrx_word' id='word_1_20' title='bbox 3614 356 3663 409; x_wconf 46' lang='grc' dir='ltr'>μδ.</span> <span class='ocrx_word' id='word_1_21' title='bbox 3684 357 3753 421; x_wconf 73' lang='grc' dir='ltr'>δὴ</span> 
     </span>
    </p>
   </div>
   <div class='ocr_carea' id='block_1_5' title="bbox 493 462 2074 551">
    <p class='ocr_par' dir='ltr' id='par_1_5' title="bbox 493 462 2074 551">
     <span class='ocr_line' id='line_1_5' title="bbox 493 462 2074 551; baseline -0.017 -12"><span class='ocrx_word' id='word_1_22' title='bbox 493 462 604 539; x_wconf 59' lang='grc' dir='ltr'>λων</span> <span class='ocrx_word' id='word_1_23' title='bbox 626 484 709 545; x_wconf 87' lang='grc' dir='ltr'>είς</span> <span class='ocrx_word' id='word_1_24' title='bbox 741 480 908 551; x_wconf 84' lang='grc' dir='ltr'>μέσον</span> <span class='ocrx_word' id='word_1_25' title='bbox 955 476 1056 540; x_wconf 80' lang='grc' dir='ltr'>τὰς</span> <span class='ocrx_word' id='word_1_26' title='bbox 1116 471 1426 544; x_wconf 78' lang='grc' dir='ltr'>μαρτυρίας</span> <span class='ocrx_word' id='word_1_27' title='bbox 1479 469 1575 525; x_wconf 78' lang='grc' dir='ltr'>καὶ</span> <span class='ocrx_word' id='word_1_28' title='bbox 1617 466 1714 530; x_wconf 84' lang='grc' dir='ltr'>τὰς</span> <span class='ocrx_word' id='word_1_29' title='bbox 1769 462 2074 525; x_wconf 79' lang='grc' dir='ltr'>ἀποδείξεις</span> 
     </span>
    </p>
   </div>
   <div class='ocr_carea' id='block_1_6' title="bbox 498 553 2068 644">
    <p class='ocr_par' dir='ltr' id='par_1_6' title="bbox 498 553 2068 644">
     <span class='ocr_line' id='line_1_6' title="bbox 498 553 2068 644; baseline -0.017 -16"><span class='ocrx_word' id='word_1_30' title='bbox 498 570 922 644; x_wconf 75' lang='grc' dir='ltr'>παραγαγόντες</span> <span class='ocrx_word' id='word_1_31' title='bbox 951 583 968 601; x_wconf 74' lang='grc' dir='ltr'><strong>ο</strong></span> <span class='ocrx_word' id='word_1_32' title='bbox 1003 563 1446 637; x_wconf 77' lang='grc' dir='ltr'>κεχειροτόνηται</span> <span class='ocrx_word' id='word_1_33' title='bbox 1475 560 1532 613; x_wconf 82' lang='grc' dir='ltr'>δέ</span> <span class='ocrx_word' id='word_1_34' title='bbox 1565 559 1716 628; x_wconf 84' lang='grc' dir='ltr'>ὅμως</span> <span class='ocrx_word' id='word_1_35' title='bbox 1771 553 2068 621; x_wconf 82' lang='grc' dir='ltr'>ἐπίσκοπος</span> 
     </span>
    </p>
   </div>
   <div class='ocr_carea' id='block_1_7' title="bbox 498 642 2075 733">
    <p class='ocr_par' dir='ltr' id='par_1_7' title="bbox 498 642 2075 733">
     <span class='ocr_line' id='line_1_7' title="bbox 498 642 2075 733; baseline -0.016 -15"><span class='ocrx_word' id='word_1_36' title='bbox 498 642 741 733; x_wconf 39' lang='grc' dir='ltr'>ἐπ’-αὑτῇ</span> <span class='ocrx_word' id='word_1_37' title='bbox 773 660 937 727; x_wconf 81' lang='grc' dir='ltr'>ὀλίγῳ</span> <span class='ocrx_word' id='word_1_38' title='bbox 985 656 1253 729; x_wconf 88' lang='grc' dir='ltr'>πρότερον</span> <span class='ocrx_word' id='word_1_39' title='bbox 1304 652 1459 724; x_wconf 81' lang='grc' dir='ltr'>παρὰ</span> <span class='ocrx_word' id='word_1_40' title='bbox 1512 647 1609 703; x_wconf 88' lang='grc' dir='ltr'>τοῦ</span> <span class='ocrx_word' id='word_1_41' title='bbox 1664 646 1759 699; x_wconf 89' lang='grc' dir='ltr'>νῦν</span> <span class='ocrx_word' id='word_1_42' title='bbox 1818 642 2075 698; x_wconf 38' lang='grc' dir='ltr'>διιθύηνειν</span> 
     </span>
    </p>
   </div>
   <div class='ocr_carea' id='block_1_8' title="bbox 498 735 2075 824">
    <p class='ocr_par' dir='ltr' id='par_1_8' title="bbox 498 735 2075 824">
     <span class='ocr_line' id='line_1_8' title="bbox 498 735 2075 824; baseline -0.015 -18"><span class='ocrx_word' id='word_1_43' title='bbox 498 754 755 824; x_wconf 73' lang='grc' dir='ltr'>λαχόντος</span> <span class='ocrx_word' id='word_1_44' title='bbox 791 746 1203 819; x_wconf 83' lang='grc' dir='ltr'>ἁρχιερατικῶς</span> <span class='ocrx_word' id='word_1_45' title='bbox 1234 744 1334 815; x_wconf 76' lang='grc' dir='ltr'>τὴν</span> <span class='ocrx_word' id='word_1_46' title='bbox 1361 743 1460 813; x_wconf 84' lang='grc' dir='ltr'>τῆς</span> <span class='ocrx_word' id='word_1_47' title='bbox 1511 739 1735 809; x_wconf 81' lang='grc' dir='ltr'>Ἐφέσου</span> <span class='ocrx_word' id='word_1_48' title='bbox 1766 735 2075 824; x_wconf 78' lang='grc' dir='ltr'>ἁγιωτάτην</span> 
     </span>
    </p>
   </div>
   <div class='ocr_carea' id='block_1_9' title="bbox 503 822 2078 914">
    <p class='ocr_par' dir='ltr' id='par_1_9' title="bbox 503 822 2078 914">
     <span class='ocr_line' id='line_1_9' title="bbox 503 822 2078 914; baseline -0.015 -18"><span class='ocrx_word' id='word_1_49' title='bbox 503 822 861 914; x_wconf 83' lang='grc' dir='ltr'>μητρόπολιν,</span> <span class='ocrx_word' id='word_1_50' title='bbox 896 839 1015 897; x_wconf 78' lang='grc' dir='ltr'>δέον</span> <span class='ocrx_word' id='word_1_51' title='bbox 1046 836 1383 906; x_wconf 80' lang='grc' dir='ltr'>ἀποσχέσθαι</span> <span class='ocrx_word' id='word_1_52' title='bbox 1412 831 1585 899; x_wconf 75' lang='grc' dir='ltr'>αὐτῆς</span> <span class='ocrx_word' id='word_1_53' title='bbox 1620 830 1715 882; x_wconf 69' lang='grc' dir='ltr'>καὶ</span> <span class='ocrx_word' id='word_1_54' title='bbox 1745 827 1818 896; x_wconf 76' lang='grc' dir='ltr'>μὴ</span> <span class='ocrx_word' id='word_1_55' title='bbox 1852 822 2078 914; x_wconf 77' lang='grc' dir='ltr'>τοιούτῳ</span> 
     </span>
    </p>
   </div>
   <div class='ocr_carea' id='block_1_10' title="bbox 502 913 2077 1002">
    <p class='ocr_par' dir='ltr' id='par_1_10' title="bbox 502 913 2077 1002">
     <span class='ocr_line' id='line_1_10' title="bbox 502 913 2077 1002; baseline -0.017 -12"><span class='ocrx_word' id='word_1_56' title='bbox 502 913 611 990; x_wconf 77' lang='grc' dir='ltr'>τινὶ</span> <span class='ocrx_word' id='word_1_57' title='bbox 636 934 728 987; x_wconf 87' lang='grc' dir='ltr'>ἐπ’</span> <span class='ocrx_word' id='word_1_58' title='bbox 765 935 904 1002; x_wconf 86' lang='grc' dir='ltr'>αὑτῇ</span> <span class='ocrx_word' id='word_1_59' title='bbox 939 929 1290 1001; x_wconf 83' lang='grc' dir='ltr'>ἐπιχειρῆσαι</span> <span class='ocrx_word' id='word_1_60' title='bbox 1316 924 1407 977; x_wconf 82' lang='grc' dir='ltr'>διὰ</span> <span class='ocrx_word' id='word_1_61' title='bbox 1433 924 1494 976; x_wconf 78' lang='grc' dir='ltr'>τὸ</span> <span class='ocrx_word' id='word_1_62' title='bbox 1519 917 1842 974; x_wconf 79' lang='grc' dir='ltr'>ὑποκεῖσθαι</span> <span class='ocrx_word' id='word_1_63' title='bbox 1870 913 2077 979; x_wconf 83' lang='grc' dir='ltr'>ταύτην</span> 
     </span>
    </p>
   </div>
   <div class='ocr_carea' id='block_1_11' title="bbox 505 1002 2077 1090">
    <p class='ocr_par' dir='ltr' id='par_1_11' title="bbox 505 1002 2077 1090">
     <span class='ocr_line' id='line_1_11' title="bbox 505 1002 2077 1090; baseline -0.014 -14"><span class='ocrx_word' id='word_1_64' title='bbox 505 1025 672 1083; x_wconf 85' lang='grc' dir='ltr'>πάλαι</span> <span class='ocrx_word' id='word_1_65' title='bbox 704 1024 833 1077; x_wconf 88' lang='grc' dir='ltr'>ποτέ</span> <span class='ocrx_word' id='word_1_66' title='bbox 859 1024 931 1090; x_wconf 70' lang='grc' dir='ltr'>ιτῇ</span> <span class='ocrx_word' id='word_1_67' title='bbox 964 1020 1085 1079; x_wconf 83' lang='grc' dir='ltr'>κατ’</span> <span class='ocrx_word' id='word_1_68' title='bbox 1112 1020 1294 1081; x_wconf 73' lang='grc' dir='ltr'>αὑτὸν,</span> <span class='ocrx_word' id='word_1_69' title='bbox 1323 1017 1399 1077; x_wconf 85' lang='grc' dir='ltr'>ὼς</span> <span class='ocrx_word' id='word_1_70' title='bbox 1443 1013 1547 1065; x_wconf 81' lang='grc' dir='ltr'>ὑπὸ</span> <span class='ocrx_word' id='word_1_71' title='bbox 1608 1009 1704 1080; x_wconf 78' lang='grc' dir='ltr'>τὴν</span> <span class='ocrx_word' id='word_1_72' title='bbox 1765 1004 1888 1060; x_wconf 86' lang='grc' dir='ltr'>καθ’</span> <span class='ocrx_word' id='word_1_73' title='bbox 1932 1002 2077 1073; x_wconf 80' lang='grc' dir='ltr'>ἡμᾶς</span> 
     </span>
    </p>
   </div>
   <div class='ocr_carea' id='block_1_12' title="bbox 506 1099 2078 1183">
    <p class='ocr_par' dir='ltr' id='par_1_12' title="bbox 506 1099 2078 1183">
     <span class='ocr_line' id='line_1_12' title="bbox 506 1099 2078 1183; baseline -0.016 -16"><span class='ocrx_word' id='word_1_74' title='bbox 506 1114 822 1183; x_wconf 81' lang='grc' dir='ltr'>ἀγιωτάτην</span> <span class='ocrx_word' id='word_1_75' title='bbox 855 1111 951 1164; x_wconf 87' lang='grc' dir='ltr'>τοῦ</span> <span class='ocrx_word' id='word_1_76' title='bbox 988 1108 1128 1162; x_wconf 82' lang='grc' dir='ltr'>Θεοῦ</span> <span class='ocrx_word' id='word_1_77' title='bbox 1169 1105 1427 1174; x_wconf 81' lang='grc' dir='ltr'>Μεγάλην</span> <span class='ocrx_word' id='word_1_78' title='bbox 1471 1099 1797 1168; x_wconf 80' lang='grc' dir='ltr'>Ἐκκλησίαν</span> <span class='ocrx_word' id='word_1_79' title='bbox 1853 1109 2078 1165; x_wconf 85' lang='grc' dir='ltr'>μετατε-</span> 
     </span>
    </p>
   </div>
   <div class='ocr_carea' id='block_1_13' title="bbox 504 1187 2081 1276">
    <p class='ocr_par' dir='ltr' id='par_1_13' title="bbox 504 1187 2081 1276">
     <span class='ocr_line' id='line_1_13' title="bbox 504 1187 2081 1276; baseline -0.015 -17"><span class='ocrx_word' id='word_1_80' title='bbox 504 1207 725 1276; x_wconf 88' lang='grc' dir='ltr'>χθείσης</span> <span class='ocrx_word' id='word_1_81' title='bbox 762 1204 859 1267; x_wconf 54' lang='grc' dir='ltr'>καὶ</span> <span class='ocrx_word' id='word_1_82' title='bbox 883 1203 1002 1263; x_wconf 88' lang='grc' dir='ltr'>ταῖς</span> <span class='ocrx_word' id='word_1_83' title='bbox 1034 1200 1249 1260; x_wconf 82' lang='grc' dir='ltr'>λοιπαῖς</span> <span class='ocrx_word' id='word_1_84' title='bbox 1276 1197 1446 1265; x_wconf 80' lang='grc' dir='ltr'>αὐτῆς</span> <span class='ocrx_word' id='word_1_85' title='bbox 1480 1190 1879 1263; x_wconf 81' lang='grc' dir='ltr'>μητροπόλεσιν</span> <span class='ocrx_word' id='word_1_86' title='bbox 1926 1187 2081 1237; x_wconf 86' lang='grc' dir='ltr'>ἐντα-</span> 
     </span>
    </p>
   </div>
   <div class='ocr_carea' id='block_1_14' title="bbox 507 1276 2078 1365">
    <p class='ocr_par' dir='ltr' id='par_1_14' title="bbox 507 1276 2078 1365">
     <span class='ocr_line' id='line_1_14' title="bbox 507 1276 2078 1365; baseline -0.016 -16"><span class='ocrx_word' id='word_1_87' title='bbox 507 1297 717 1365; x_wconf 84' lang='grc' dir='ltr'>θείσης.</span> <span class='ocrx_word' id='word_1_88' title='bbox 754 1295 814 1346; x_wconf 86' lang='grc' dir='ltr'>Εἰ</span> <span class='ocrx_word' id='word_1_89' title='bbox 841 1292 949 1361; x_wconf 82' lang='grc' dir='ltr'>γάρ</span> <span class='ocrx_word' id='word_1_90' title='bbox 980 1294 1073 1344; x_wconf 72' lang='grc' dir='ltr'>καὶ</span> <span class='ocrx_word' id='word_1_91' title='bbox 1114 1290 1177 1357; x_wconf 76' lang='grc' dir='ltr'>τῇ</span> <span class='ocrx_word' id='word_1_92' title='bbox 1211 1285 1329 1340; x_wconf 81' lang='grc' dir='ltr'>κατ’</span> <span class='ocrx_word' id='word_1_93' title='bbox 1382 1282 1543 1338; x_wconf 77' lang='grc' dir='ltr'>αὑτὸν</span> <span class='ocrx_word' id='word_1_94' title='bbox 1576 1277 1816 1350; x_wconf 83' lang='grc' dir='ltr'>ἀρχῆθεν</span> <span class='ocrx_word' id='word_1_95' title='bbox 1847 1276 2078 1344; x_wconf 84' lang='grc' dir='ltr'>ἐτύγχα-</span> 
     </span>
    </p>
   </div>
   <div class='ocr_carea' id='block_1_15' title="bbox 509 1364 2082 1454">
    <p class='ocr_par' dir='ltr' id='par_1_15' title="bbox 509 1364 2082 1454">
     <span class='ocr_line' id='line_1_15' title="bbox 509 1364 2082 1454; baseline -0.012 -18"><span class='ocrx_word' id='word_1_96' title='bbox 509 1403 566 1439; x_wconf 88' lang='grc' dir='ltr'>νε</span> <span class='ocrx_word' id='word_1_97' title='bbox 591 1364 949 1454; x_wconf 83' lang='grc' dir='ltr'>διαφέρουσα,</span> <span class='ocrx_word' id='word_1_98' title='bbox 979 1380 1116 1437; x_wconf 85' lang='grc' dir='ltr'>ἀλλά</span> <span class='ocrx_word' id='word_1_99' title='bbox 1151 1378 1245 1431; x_wconf 68' lang='grc' dir='ltr'>καὶ</span> <span class='ocrx_word' id='word_1_100' title='bbox 1272 1376 1373 1438; x_wconf 84' lang='grc' dir='ltr'>τὰς</span> <span class='ocrx_word' id='word_1_101' title='bbox 1404 1373 1625 1435; x_wconf 86' lang='grc' dir='ltr'>πλείους</span> <span class='ocrx_word' id='word_1_102' title='bbox 1664 1369 1773 1422; x_wconf 79' lang='grc' dir='ltr'>τῶν</span> <span class='ocrx_word' id='word_1_103' title='bbox 1805 1364 2082 1438; x_wconf 84' lang='grc' dir='ltr'>μητροπό-</span> 
     </span>
    </p>
   </div>
   <div class='ocr_carea' id='block_1_16' title="bbox 508 1458 2083 1542">
    <p class='ocr_par' dir='ltr' id='par_1_16' title="bbox 508 1458 2083 1542">
     <span class='ocr_line' id='line_1_16' title="bbox 508 1458 2083 1542; baseline -0.013 -12"><span class='ocrx_word' id='word_1_104' title='bbox 508 1479 669 1542; x_wconf 88' lang='grc' dir='ltr'>λεων,</span> <span class='ocrx_word' id='word_1_105' title='bbox 704 1478 755 1528; x_wconf 82' lang='grc' dir='ltr'>εί</span> <span class='ocrx_word' id='word_1_106' title='bbox 785 1491 868 1536; x_wconf 90' lang='grc' dir='ltr'>τις</span> <span class='ocrx_word' id='word_1_107' title='bbox 899 1470 1173 1538; x_wconf 76' lang='grc' dir='ltr'>ἐξετάζειν</span> <span class='ocrx_word' id='word_1_108' title='bbox 1202 1467 1405 1531; x_wconf 83' lang='grc' dir='ltr'>ἐθέλει,</span> <span class='ocrx_word' id='word_1_109' title='bbox 1452 1463 1825 1531; x_wconf 79' lang='grc' dir='ltr'>ὑποκειμένας</span> <span class='ocrx_word' id='word_1_110' title='bbox 1857 1458 2083 1527; x_wconf 80' lang='grc' dir='ltr'>εὑρήσει</span> 
     </span>
    </p>
   </div>
   <div class='ocr_carea' id='block_1_17' title="bbox 505 1552 2084 1641">
    <p class='ocr_par' dir='ltr' id='par_1_17' title="bbox 505 1552 2084 1641">
     <span class='ocr_line' id='line_1_17' title="bbox 505 1552 2084 1641; baseline -0.014 -18"><span class='ocrx_word' id='word_1_111' title='bbox 505 1568 797 1641; x_wconf 79' lang='grc' dir='ltr'>τὴνάρχὴν</span> <span class='ocrx_word' id='word_1_112' title='bbox 833 1563 1153 1634; x_wconf 71' lang='grc' dir='ltr'>ἐκκλησίαις</span> <span class='ocrx_word' id='word_1_113' title='bbox 1206 1561 1439 1629; x_wconf 76' lang='grc' dir='ltr'>ἑτέραις,</span> <span class='ocrx_word' id='word_1_114' title='bbox 1510 1556 1735 1624; x_wconf 89' lang='grc' dir='ltr'>μένουσι</span> <span class='ocrx_word' id='word_1_115' title='bbox 1788 1552 1852 1613; x_wconf 66' lang='grc' dir='ltr'>,δέ</span> <span class='ocrx_word' id='word_1_116' title='bbox 1911 1552 2084 1620; x_wconf 84' lang='grc' dir='ltr'>ὅμως,</span> 
     </span>
    </p>
   </div>
   <div class='ocr_carea' id='block_1_18' title="bbox 507 1638 2081 1729">
    <p class='ocr_par' dir='ltr' id='par_1_18' title="bbox 507 1638 2081 1729">
     <span class='ocr_line' id='line_1_18' title="bbox 507 1638 2081 1729; baseline -0.015 -16"><span class='ocrx_word' id='word_1_117' title='bbox 507 1638 586 1723; x_wconf 81' lang='grc' dir='ltr'>είς</span> <span class='ocrx_word' id='word_1_118' title='bbox 696 1658 983 1726; x_wconf 86' lang='grc' dir='ltr'>είλήχασιν</span> <span class='ocrx_word' id='word_1_119' title='bbox 1032 1654 1224 1705; x_wconf 71' lang='grc' dir='ltr'>ἔπειτα</span> <span class='ocrx_word' id='word_1_120' title='bbox 1267 1649 1420 1713; x_wconf 82' lang='grc' dir='ltr'>τάξιν</span> <span class='ocrx_word' id='word_1_121' title='bbox 1458 1645 1555 1700; x_wconf 71' lang='grc' dir='ltr'>καὶ</span> <span class='ocrx_word' id='word_1_122' title='bbox 1613 1643 1780 1713; x_wconf 83' lang='grc' dir='ltr'>τιμὴν</span> <span class='ocrx_word' id='word_1_123' title='bbox 1829 1638 2081 1711; x_wconf 79' lang='grc' dir='ltr'>βασιλικῇ</span> 
     </span>
    </p>
   </div>
   <div class='ocr_carea' id='block_1_19' title="bbox 512 1732 2087 1821">
    <p class='ocr_par' dir='ltr' id='par_1_19' title="bbox 512 1732 2087 1821">
     <span class='ocr_line' id='line_1_19' title="bbox 512 1732 2087 1821; baseline -0.015 -16"><span class='ocrx_word' id='word_1_124' title='bbox 512 1750 795 1821; x_wconf 81' lang='grc' dir='ltr'>προσταγῇ</span> <span class='ocrx_word' id='word_1_125' title='bbox 826 1748 919 1800; x_wconf 79' lang='grc' dir='ltr'>καὶ</span> <span class='ocrx_word' id='word_1_126' title='bbox 950 1745 1148 1815; x_wconf 82' lang='grc' dir='ltr'>πράξει</span> <span class='ocrx_word' id='word_1_127' title='bbox 1181 1741 1433 1811; x_wconf 74' lang='grc' dir='ltr'>συνοδικῇ</span> <span class='ocrx_word' id='word_1_128' title='bbox 1473 1755 1488 1772; x_wconf 78' lang='grc' dir='ltr'><strong>ο</strong></span> <span class='ocrx_word' id='word_1_129' title='bbox 1520 1737 1602 1790; x_wconf 82' lang='grc' dir='ltr'>ὅτι</span> <span class='ocrx_word' id='word_1_130' title='bbox 1652 1734 1717 1805; x_wconf 82' lang='grc' dir='ltr'>δὴ</span> <span class='ocrx_word' id='word_1_131' title='bbox 1750 1734 1843 1787; x_wconf 77' lang='grc' dir='ltr'>καὶ</span> <span class='ocrx_word' id='word_1_132' title='bbox 1877 1732 2087 1801; x_wconf 83' lang='grc' dir='ltr'>βασιλι-</span> 
     </span>
    </p>
   </div>
   <div class='ocr_carea' id='block_1_20' title="bbox 510 1821 2090 1906">
    <p class='ocr_par' dir='ltr' id='par_1_20' title="bbox 510 1821 2090 1906">
     <span class='ocr_line' id='line_1_20' title="bbox 510 1821 2090 1906; baseline -0.016 -9"><span class='ocrx_word' id='word_1_133' title='bbox 510 1844 605 1899; x_wconf 86' lang='grc' dir='ltr'>κόν</span> <span class='ocrx_word' id='word_1_134' title='bbox 642 1844 762 1894; x_wconf 84' lang='grc' dir='ltr'>ἐστι</span> <span class='ocrx_word' id='word_1_135' title='bbox 802 1837 959 1891; x_wconf 88' lang='grc' dir='ltr'>τοῦτο</span> <span class='ocrx_word' id='word_1_136' title='bbox 997 1836 1315 1906; x_wconf 81' lang='grc' dir='ltr'>προνόμιον,</span> <span class='ocrx_word' id='word_1_137' title='bbox 1360 1832 1459 1893; x_wconf 69' lang='grc' dir='ltr'>τὰς</span> <span class='ocrx_word' id='word_1_138' title='bbox 1515 1825 1917 1893; x_wconf 70' lang='grc' dir='ltr'>ὑποδεεστέρας</span> <span class='ocrx_word' id='word_1_139' title='bbox 1982 1821 2090 1874; x_wconf 86' lang='grc' dir='ltr'>τῶν</span> 
     </span>
    </p>
   </div>
   <div class='ocr_carea' id='block_1_21' title="bbox 512 1913 2089 2001">
    <p class='ocr_par' dir='ltr' id='par_1_21' title="bbox 512 1913 2089 2001">
     <span class='ocr_line' id='line_1_21' title="bbox 512 1913 2089 2001; baseline -0.014 -15"><span class='ocrx_word' id='word_1_140' title='bbox 512 1930 819 2001; x_wconf 82' lang='grc' dir='ltr'>ἐκκλησιῶν</span> <span class='ocrx_word' id='word_1_141' title='bbox 853 1930 933 1992; x_wconf 87' lang='grc' dir='ltr'>είς</span> <span class='ocrx_word' id='word_1_142' title='bbox 962 1928 1053 1980; x_wconf 78' lang='grc' dir='ltr'>τὸν</span> <span class='ocrx_word' id='word_1_143' title='bbox 1085 1925 1343 1993; x_wconf 78' lang='grc' dir='ltr'>ἀνωτέρω</span> <span class='ocrx_word' id='word_1_144' title='bbox 1382 1920 1649 1991; x_wconf 82' lang='grc' dir='ltr'>προάγειν</span> <span class='ocrx_word' id='word_1_145' title='bbox 1679 1915 1912 1987; x_wconf 78' lang='grc' dir='ltr'>βαθμόν.</span> <span class='ocrx_word' id='word_1_146' title='bbox 1968 1913 2089 1966; x_wconf 77' lang='grc' dir='ltr'>Ὀτι</span> 
     </span>
    </p>
   </div>
   <div class='ocr_carea' id='block_1_22' title="bbox 513 2002 2090 2089">
    <p class='ocr_par' dir='ltr' id='par_1_22' title="bbox 513 2002 2090 2089">
     <span class='ocr_line' id='line_1_22' title="bbox 513 2002 2090 2089; baseline -0.015 -12"><span class='ocrx_word' id='word_1_147' title='bbox 513 2023 689 2089; x_wconf 82' lang='grc' dir='ltr'>δέ,ὠς</span> <span class='ocrx_word' id='word_1_148' title='bbox 739 2021 989 2083; x_wconf 77' lang='grc' dir='ltr'>εἰπόντες</span> <span class='ocrx_word' id='word_1_149' title='bbox 1046 2015 1312 2086; x_wconf 81' lang='grc' dir='ltr'>ἐφθημεν,</span> <span class='ocrx_word' id='word_1_150' title='bbox 1368 2013 1447 2075; x_wconf 85' lang='grc' dir='ltr'>είς</span> <span class='ocrx_word' id='word_1_151' title='bbox 1476 2007 1807 2080; x_wconf 82' lang='grc' dir='ltr'>μητρόπολιν</span> <span class='ocrx_word' id='word_1_152' title='bbox 1851 2002 2090 2073; x_wconf 85' lang='grc' dir='ltr'>ἐτιμήθη</span> 
     </span>
    </p>
   </div>
   <div class='ocr_carea' id='block_1_23' title="bbox 515 2094 2095 2183">
    <p class='ocr_par' dir='ltr' id='par_1_23' title="bbox 515 2094 2095 2183">
     <span class='ocr_line' id='line_1_23' title="bbox 515 2094 2095 2183; baseline -0.015 -15"><span class='ocrx_word' id='word_1_153' title='bbox 515 2114 730 2183; x_wconf 85' lang='grc' dir='ltr'>χρόνοις</span> <span class='ocrx_word' id='word_1_154' title='bbox 758 2112 859 2164; x_wconf 88' lang='grc' dir='ltr'>οὑκ</span> <span class='ocrx_word' id='word_1_155' title='bbox 890 2109 1093 2177; x_wconf 77' lang='grc' dir='ltr'>ὀλίγοις</span> <span class='ocrx_word' id='word_1_156' title='bbox 1148 2107 1259 2168; x_wconf 84' lang='grc' dir='ltr'>τοῖς</span> <span class='ocrx_word' id='word_1_157' title='bbox 1297 2103 1429 2169; x_wconf 78' lang='grc' dir='ltr'>ἄνω,</span> <span class='ocrx_word' id='word_1_158' title='bbox 1483 2098 1792 2169; x_wconf 87' lang='grc' dir='ltr'>παριστῶσι</span> <span class='ocrx_word' id='word_1_159' title='bbox 1850 2097 1950 2166; x_wconf 90' lang='grc' dir='ltr'>μέν</span> <span class='ocrx_word' id='word_1_160' title='bbox 1998 2094 2095 2151; x_wconf 75' lang='grc' dir='ltr'>καὶ</span> 
     </span>
    </p>
   </div>
   <div class='ocr_carea' id='block_1_24' title="bbox 513 2191 2096 2269">
    <p class='ocr_par' dir='ltr' id='par_1_24' title="bbox 513 2191 2096 2269">
     <span class='ocr_line' id='line_1_24' title="bbox 513 2191 2096 2269; baseline -0.015 -10"><span class='ocrx_word' id='word_1_161' title='bbox 513 2206 672 2259; x_wconf 79' lang='grc' dir='ltr'>ἄλλαι</span> <span class='ocrx_word' id='word_1_162' title='bbox 704 2203 812 2256; x_wconf 85' lang='grc' dir='ltr'>τῶν</span> <span class='ocrx_word' id='word_1_163' title='bbox 842 2196 1320 2269; x_wconf 80' lang='grc' dir='ltr'>ἐκκλησιαστικῶν</span> <span class='ocrx_word' id='word_1_164' title='bbox 1354 2192 1629 2263; x_wconf 83' lang='grc' dir='ltr'>πράξεων,</span> <span class='ocrx_word' id='word_1_165' title='bbox 1652 2191 1767 2251; x_wconf 88' lang='grc' dir='ltr'>τοῖς</span> <span class='ocrx_word' id='word_1_166' title='bbox 1819 2201 2096 2257; x_wconf 77' lang='grc' dir='ltr'>μητροπο-</span> 
     </span>
    </p>
   </div>
   <div class='ocr_carea' id='block_1_25' title="bbox 514 2274 2095 2362">
    <p class='ocr_par' dir='ltr' id='par_1_25' title="bbox 514 2274 2095 2362">
     <span class='ocr_line' id='line_1_25' title="bbox 514 2274 2095 2362; baseline -0.014 -14"><span class='ocrx_word' id='word_1_167' title='bbox 514 2295 690 2357; x_wconf 89' lang='grc' dir='ltr'>λίταις</span> <span class='ocrx_word' id='word_1_168' title='bbox 714 2291 1030 2362; x_wconf 71' lang='grc' dir='ltr'>ἐναρίθμιον</span> <span class='ocrx_word' id='word_1_169' title='bbox 1060 2290 1286 2358; x_wconf 75' lang='grc' dir='ltr'>ἔχουσαι</span> <span class='ocrx_word' id='word_1_170' title='bbox 1316 2284 1409 2337; x_wconf 62' lang='grc' dir='ltr'>καὶ⁵</span> <span class='ocrx_word' id='word_1_171' title='bbox 1435 2282 1527 2335; x_wconf 80' lang='grc' dir='ltr'>τὸν</span> <span class='ocrx_word' id='word_1_172' title='bbox 1580 2281 1847 2350; x_wconf 86' lang='grc' dir='ltr'>Πυργίου,</span> <span class='ocrx_word' id='word_1_173' title='bbox 1904 2276 1978 2339; x_wconf 83' lang='grc' dir='ltr'>ὡς</span> <span class='ocrx_word' id='word_1_174' title='bbox 2036 2274 2095 2340; x_wconf 86' lang='grc' dir='ltr'>ἐξ</span> 
     </span>
    </p>
   </div>
   <div class='ocr_carea' id='block_1_26' title="bbox 520 2368 2095 2448">
    <p class='ocr_par' dir='ltr' id='par_1_26' title="bbox 520 2368 2095 2448">
     <span class='ocr_line' id='line_1_26' title="bbox 520 2368 2095 2448; baseline -0.013 -11"><span class='ocrx_word' id='word_1_175' title='bbox 520 2383 698 2448; x_wconf 72' lang='grc' dir='ltr'>αὑτῷν</span> <span class='ocrx_word' id='word_1_176' title='bbox 720 2381 926 2435; x_wconf 84' lang='grc' dir='ltr'>τούτων</span> <span class='ocrx_word' id='word_1_177' title='bbox 956 2372 1397 2447; x_wconf 68' lang='grc' dir='ltr'>ἐμφανισθεισῶν</span> <span class='ocrx_word' id='word_1_178' title='bbox 1457 2369 1771 2439; x_wconf 72' lang='grc' dir='ltr'>καταφανὲς</span> <span class='ocrx_word' id='word_1_179' title='bbox 1815 2368 1912 2421; x_wconf 68' lang='grc' dir='ltr'>καὶ</span> <span class='ocrx_word' id='word_1_180' title='bbox 1962 2368 2095 2437; x_wconf 80' lang='grc' dir='ltr'>ἡμῖν</span> 
     </span>
    </p>
   </div>
   <div class='ocr_carea' id='block_1_27' title="bbox 521 2458 2095 2542">
    <p class='ocr_par' dir='ltr' id='par_1_27' title="bbox 521 2458 2095 2542">
     <span class='ocr_line' id='line_1_27' title="bbox 521 2458 2095 2542; baseline -0.013 -16"><span class='ocrx_word' id='word_1_181' title='bbox 521 2475 744 2542; x_wconf 78' lang='grc' dir='ltr'>ἐγένετο</span> <span class='ocrx_word' id='word_1_182' title='bbox 802 2468 1115 2529; x_wconf 82' lang='grc' dir='ltr'>συνοδικῶς.</span> <span class='ocrx_word' id='word_1_183' title='bbox 1183 2465 1248 2517; x_wconf 83' lang='grc' dir='ltr'>Ἠ</span> <span class='ocrx_word' id='word_1_184' title='bbox 1304 2464 1489 2531; x_wconf 83' lang='grc' dir='ltr'>μέντοι</span> <span class='ocrx_word' id='word_1_185' title='bbox 1532 2462 1625 2514; x_wconf 92' lang='grc' dir='ltr'>τοῦ</span> <span class='ocrx_word' id='word_1_186' title='bbox 1666 2460 1771 2528; x_wconf 82' lang='grc' dir='ltr'>κῦρ</span> <span class='ocrx_word' id='word_1_187' title='bbox 1821 2458 2095 2527; x_wconf 85' lang='grc' dir='ltr'>Γεωργίου</span> 
     </span>
    </p>
   </div>
   <div class='ocr_carea' id='block_1_28' title="bbox 534 2548 2098 2630">
    <p class='ocr_par' dir='ltr' id='par_1_28' title="bbox 534 2548 2098 2630">
     <span class='ocr_line' id='line_1_28' title="bbox 534 2548 2098 2630; baseline -0.013 -12"><span class='ocrx_word' id='word_1_188' title='bbox 534 2565 629 2618; x_wconf 80' lang='grc' dir='ltr'>τοῦ</span> <span class='ocrx_word' id='word_1_189' title='bbox 683 2562 984 2630; x_wconf 78' lang='grc' dir='ltr'>Ξιφλίνου,</span> <span class='ocrx_word' id='word_1_190' title='bbox 1037 2555 1576 2628; x_wconf 81' lang='grc' dir='ltr'>πατριαρχεύσαντος</span> <span class='ocrx_word' id='word_1_191' title='bbox 1622 2554 1679 2603; x_wconf 89' lang='grc' dir='ltr'>ἐν</span> <span class='ocrx_word' id='word_1_192' title='bbox 1729 2552 1839 2613; x_wconf 85' lang='grc' dir='ltr'>τοῖς</span> <span class='ocrx_word' id='word_1_193' title='bbox 1886 2548 2098 2618; x_wconf 85' lang='grc' dir='ltr'>χρόνοις</span> 
     </span>
    </p>
   </div>
   <div class='ocr_carea' id='block_1_29' title="bbox 526 2636 2097 2720">
    <p class='ocr_par' dir='ltr' id='par_1_29' title="bbox 526 2636 2097 2720">
     <span class='ocr_line' id='line_1_29' title="bbox 526 2636 2097 2720; baseline -0.01 -17"><span class='ocrx_word' id='word_1_194' title='bbox 526 2651 617 2703; x_wconf 90' lang='grc' dir='ltr'>τοῦ</span> <span class='ocrx_word' id='word_1_195' title='bbox 660 2650 925 2720; x_wconf 80' lang='grc' dir='ltr'>βασιλέως</span> <span class='ocrx_word' id='word_1_196' title='bbox 963 2646 1071 2717; x_wconf 88' lang='grc' dir='ltr'>κῦρ</span> <span class='ocrx_word' id='word_1_197' title='bbox 1113 2644 1382 2713; x_wconf 62' lang='grc' dir='ltr'>ῘΙσαακίου</span> <span class='ocrx_word' id='word_1_198' title='bbox 1412 2642 1505 2694; x_wconf 80' lang='grc' dir='ltr'>καὶ</span> <span class='ocrx_word' id='word_1_199' title='bbox 1537 2641 1702 2711; x_wconf 87' lang='grc' dir='ltr'>μέχρι</span> <span class='ocrx_word' id='word_1_200' title='bbox 1730 2636 1835 2708; x_wconf 77' lang='grc' dir='ltr'>τῆς</span> <span class='ocrx_word' id='word_1_201' title='bbox 1863 2638 1961 2691; x_wconf 91' lang='grc' dir='ltr'>τοῦ</span> <span class='ocrx_word' id='word_1_202' title='bbox 1992 2636 2097 2706; x_wconf 86' lang='grc' dir='ltr'>κῦρ</span> 
     </span>
    </p>
   </div>
   <div class='ocr_carea' id='block_1_30' title="bbox 533 2729 2098 2809">
    <p class='ocr_par' dir='ltr' id='par_1_30' title="bbox 533 2729 2098 2809">
     <span class='ocr_line' id='line_1_30' title="bbox 533 2729 2098 2809; baseline -0.008 -13"><span class='ocrx_word' id='word_1_203' title='bbox 533 2742 775 2805; x_wconf 77' lang='grc' dir='ltr'>Ἀλεξίου</span> <span class='ocrx_word' id='word_1_204' title='bbox 827 2738 1237 2809; x_wconf 85' lang='grc' dir='ltr'>παραταθείσης</span> <span class='ocrx_word' id='word_1_205' title='bbox 1298 2735 1398 2803; x_wconf 82' lang='grc' dir='ltr'>τῆς</span> <span class='ocrx_word' id='word_1_206' title='bbox 1460 2732 1830 2801; x_wconf 86' lang='grc' dir='ltr'>πατριαρχίας</span> <span class='ocrx_word' id='word_1_207' title='bbox 1891 2729 2098 2795; x_wconf 83' lang='grc' dir='ltr'>αὑτοῦ,</span> 
     </span>
    </p>
   </div>
   <div class='ocr_carea' id='block_1_31' title="bbox 522 2822 2101 2906">
    <p class='ocr_par' dir='ltr' id='par_1_31' title="bbox 522 2822 2101 2906">
     <span class='ocr_line' id='line_1_31' title="bbox 522 2822 2101 2906; baseline -0.009 -19"><span class='ocrx_word' id='word_1_208' title='bbox 522 2834 746 2899; x_wconf 82' lang='grc' dir='ltr'>διέξεισι</span> <span class='ocrx_word' id='word_1_209' title='bbox 772 2831 911 2902; x_wconf 84' lang='grc' dir='ltr'>μετὰ</span> <span class='ocrx_word' id='word_1_210' title='bbox 936 2846 1054 2883; x_wconf 88' lang='grc' dir='ltr'>τινα</span> <span class='ocrx_word' id='word_1_211' title='bbox 1077 2829 1207 2897; x_wconf 77' lang='grc' dir='ltr'>περὶ</span> <span class='ocrx_word' id='word_1_212' title='bbox 1237 2825 1404 2880; x_wconf 85' lang='grc' dir='ltr'>αὑτοῦ</span> <span class='ocrx_word' id='word_1_213' title='bbox 1436 2824 1502 2894; x_wconf 78' lang='grc' dir='ltr'>δή</span> <span class='ocrx_word' id='word_1_214' title='bbox 1530 2824 1625 2876; x_wconf 91' lang='grc' dir='ltr'>τοῦ</span> <span class='ocrx_word' id='word_1_215' title='bbox 1677 2823 1917 2906; x_wconf 73' lang='grc' dir='ltr'>μυργίου</span> <span class='ocrx_word' id='word_1_216' title='bbox 1957 2822 2101 2873; x_wconf 87' lang='grc' dir='ltr'>κατά</span> 
     </span>
    </p>
   </div>
   <div class='ocr_carea' id='block_1_32' title="bbox 531 2910 2099 2998">
    <p class='ocr_par' dir='ltr' id='par_1_32' title="bbox 531 2910 2099 2998">
     <span class='ocr_line' id='line_1_32' title="bbox 531 2910 2099 2998; baseline -0.024 1"><span class='ocrx_word' id='word_1_217' title='bbox 531 2928 684 2998; x_wconf 61' lang='grc' dir='ltr'>ῥῆμα</span> <span class='ocrx_word' id='word_1_218' title='bbox 712 2925 807 2979; x_wconf 60' lang='grc' dir='ltr'>καὶ</span> <span class='ocrx_word' id='word_1_219' title='bbox 837 2922 968 2975; x_wconf 74' lang='grc' dir='ltr'>τάδε</span> <span class='ocrx_word' id='word_1_220' title='bbox 1001 2936 1015 2950; x_wconf 77' lang='grc'><strong><em>⁸</em></strong></span> <span class='ocrx_word' id='word_1_221' title='bbox 1060 2938 1079 2970; x_wconf 75' lang='grc' dir='ltr'>ι</span> <span class='ocrx_word' id='word_1_222' title='bbox 1125 2919 1279 2975; x_wconf 71' lang='grc' dir='ltr'>Ἐπεὶ</span> <span class='ocrx_word' id='word_1_223' title='bbox 1320 2917 1500 2970; x_wconf 77' lang='grc' dir='ltr'>δὲκαὶ</span> <span class='ocrx_word' id='word_1_224' title='bbox 1529 2915 1679 2982; x_wconf 86' lang='grc' dir='ltr'>παρά</span> <span class='ocrx_word' id='word_1_225' title='bbox 1729 2912 1825 2966; x_wconf 89' lang='grc' dir='ltr'>τοῦ</span> <span class='ocrx_word' id='word_1_226' title='bbox 1870 2910 2099 2980; x_wconf 57' lang='grc' dir='ltr'>ἱερωτάέ</span> 
     </span>
    </p>
   </div>
   <div class='ocr_carea' id='block_1_33' title="bbox 2178 448 3755 521">
    <p class='ocr_par' dir='ltr' id='par_1_33' title="bbox 2178 448 3755 521">
     <span class='ocr_line' id='line_1_33' title="bbox 2178 448 3755 521; baseline -0.005 -12"><span class='ocrx_word' id='word_1_227' title='bbox 2178 459 2356 511; x_wconf 89' lang='grc' dir='ltr'>πάντα</span> <span class='ocrx_word' id='word_1_228' title='bbox 2388 457 2598 518; x_wconf 82' lang='grc' dir='ltr'>είδότας</span> <span class='ocrx_word' id='word_1_229' title='bbox 2633 455 2727 507; x_wconf 72' lang='grc' dir='ltr'>καὶ</span> <span class='ocrx_word' id='word_1_230' title='bbox 2756 454 2880 515; x_wconf 77' lang='grc' dir='ltr'>τοὺς</span> <span class='ocrx_word' id='word_1_231' title='bbox 2915 454 2980 521; x_wconf 77' lang='grc' dir='ltr'>τῇ</span> <span class='ocrx_word' id='word_1_232' title='bbox 3027 450 3255 518; x_wconf 74' lang='grc' dir='ltr'>Ἐφέσου</span> <span class='ocrx_word' id='word_1_233' title='bbox 3288 448 3755 517; x_wconf 80' lang='grc' dir='ltr'>ἀπαρεγχείρητα</span> 
     </span>
    </p>
   </div>
   <div class='ocr_carea' id='block_1_34' title="bbox 2176 541 3750 620">
    <p class='ocr_par' dir='ltr' id='par_1_34' title="bbox 2176 541 3750 620">
     <span class='ocr_line' id='line_1_34' title="bbox 2176 541 3750 620; baseline -0.007 -17"><span class='ocrx_word' id='word_1_234' title='bbox 2176 548 2344 620; x_wconf 83' lang='grc' dir='ltr'>ἐχρῆν</span> <span class='ocrx_word' id='word_1_235' title='bbox 2381 548 2450 601; x_wconf 70' lang='grc' dir='ltr'>τὰ</span> <span class='ocrx_word' id='word_1_236' title='bbox 2484 547 2603 600; x_wconf 85' lang='grc' dir='ltr'>κατ’</span> <span class='ocrx_word' id='word_1_237' title='bbox 2631 545 2800 615; x_wconf 85' lang='grc' dir='ltr'>αὐτὴν</span> <span class='ocrx_word' id='word_1_238' title='bbox 2855 545 3143 613; x_wconf 81' lang='grc' dir='ltr'>συντηρεῖν</span> <span class='ocrx_word' id='word_1_239' title='bbox 3180 542 3283 596; x_wconf 74' lang='grc' dir='ltr'>καὶ</span> <span class='ocrx_word' id='word_1_240' title='bbox 3332 541 3750 611; x_wconf 75' lang='grc' dir='ltr'>άπαραποίητα.</span> 
     </span>
    </p>
   </div>
   <div class='ocr_carea' id='block_1_35' title="bbox 2178 632 3754 709">
    <p class='ocr_par' dir='ltr' id='par_1_35' title="bbox 2178 632 3754 709">
     <span class='ocr_line' id='line_1_35' title="bbox 2178 632 3754 709; baseline -0.006 -18"><span class='ocrx_word' id='word_1_241' title='bbox 2178 639 2436 709; x_wconf 82' lang='grc' dir='ltr'>Προήχθη</span> <span class='ocrx_word' id='word_1_242' title='bbox 2499 638 2555 691; x_wconf 86' lang='grc' dir='ltr'>δέ</span> <span class='ocrx_word' id='word_1_243' title='bbox 2613 637 2822 706; x_wconf 81' lang='grc' dir='ltr'>ἀρτίως</span> <span class='ocrx_word' id='word_1_244' title='bbox 2878 639 2973 689; x_wconf 78' lang='grc' dir='ltr'>καὶ</span> <span class='ocrx_word' id='word_1_245' title='bbox 3030 634 3127 708; x_wconf 72' lang='grc' dir='ltr'>τῂν</span> <span class='ocrx_word' id='word_1_246' title='bbox 3148 634 3450 706; x_wconf 60' lang='grc' dir='ltr'>’προτέραν</span> <span class='ocrx_word' id='word_1_247' title='bbox 3511 632 3754 686; x_wconf 66' lang='grc' dir='ltr'>ἀπέλαϐε</span> 
     </span>
    </p>
   </div>
   <div class='ocr_carea' id='block_1_36' title="bbox 2177 714 3754 799">
    <p class='ocr_par' dir='ltr' id='par_1_36' title="bbox 2177 714 3754 799">
     <span class='ocr_line' id='line_1_36' title="bbox 2177 714 3754 799; baseline -0.006 -15"><span class='ocrx_word' id='word_1_248' title='bbox 2177 731 2331 796; x_wconf 82' lang='grc' dir='ltr'>τάξιν</span> <span class='ocrx_word' id='word_1_249' title='bbox 2353 714 2451 798; x_wconf 80' lang='grc' dir='ltr'>τῆς</span> <span class='ocrx_word' id='word_1_250' title='bbox 2477 726 2868 799; x_wconf 86' lang='grc' dir='ltr'>μητροπόλεως</span> <span class='ocrx_word' id='word_1_251' title='bbox 2896 725 3037 795; x_wconf 78' lang='grc' dir='ltr'>αῦτη</span> <span class='ocrx_word' id='word_1_252' title='bbox 3067 724 3130 795; x_wconf 81' lang='grc' dir='ltr'>δὴ</span> <span class='ocrx_word' id='word_1_253' title='bbox 3160 726 3194 795; x_wconf 83' lang='grc' dir='ltr'>ή</span> <span class='ocrx_word' id='word_1_254' title='bbox 3224 724 3316 776; x_wconf 89' lang='grc' dir='ltr'>τοῦ</span> <span class='ocrx_word' id='word_1_255' title='bbox 3347 723 3595 793; x_wconf 82' lang='grc' dir='ltr'>Πυργίου</span> <span class='ocrx_word' id='word_1_256' title='bbox 3651 735 3754 775; x_wconf 66' lang='grc' dir='ltr'>παι</span> 
     </span>
    </p>
   </div>
   <div class='ocr_carea' id='block_1_37' title="bbox 2181 814 3753 890">
    <p class='ocr_par' dir='ltr' id='par_1_37' title="bbox 2181 814 3753 890">
     <span class='ocr_line' id='line_1_37' title="bbox 2181 814 3753 890; baseline -0.003 -19"><span class='ocrx_word' id='word_1_257' title='bbox 2181 824 2251 890; x_wconf 74' lang='grc' dir='ltr'>ρὰ</span> <span class='ocrx_word' id='word_1_258' title='bbox 2273 819 2365 873; x_wconf 87' lang='grc' dir='ltr'>τοῦ</span> <span class='ocrx_word' id='word_1_259' title='bbox 2394 821 2690 889; x_wconf 86' lang='grc' dir='ltr'>κρατίστου</span> <span class='ocrx_word' id='word_1_260' title='bbox 2730 817 2829 870; x_wconf 73' lang='grc' dir='ltr'>καὶ</span> <span class='ocrx_word' id='word_1_261' title='bbox 2873 818 3031 883; x_wconf 79' lang='grc' dir='ltr'>ἁγίου</span> <span class='ocrx_word' id='word_1_262' title='bbox 3060 832 3164 885; x_wconf 89' lang='grc' dir='ltr'>μου</span> <span class='ocrx_word' id='word_1_263' title='bbox 3206 816 3625 886; x_wconf 70' lang='grc' dir='ltr'>αὐτοκράτορος</span> <span class='ocrx_word' id='word_1_264' title='bbox 3670 814 3753 867; x_wconf 73' lang='grc' dir='ltr'>διὰ</span> 
     </span>
    </p>
   </div>
   <div class='ocr_carea' id='block_1_38' title="bbox 2180 906 3748 980">
    <p class='ocr_par' dir='ltr' id='par_1_38' title="bbox 2180 906 3748 980">
     <span class='ocr_line' id='line_1_38' title="bbox 2180 906 3748 980; baseline -0.005 -15"><span class='ocrx_word' id='word_1_265' title='bbox 2180 912 2273 965; x_wconf 89' lang='grc' dir='ltr'>τοῦ</span> <span class='ocrx_word' id='word_1_266' title='bbox 2301 913 2392 964; x_wconf 71' lang='grc' dir='ltr'>ἐπὶ</span> <span class='ocrx_word' id='word_1_267' title='bbox 2420 910 2593 980; x_wconf 85' lang='grc' dir='ltr'>τούτῳ</span> <span class='ocrx_word' id='word_1_268' title='bbox 2621 908 2982 971; x_wconf 77' lang='grc' dir='ltr'>ἀπολυθέντος</span> <span class='ocrx_word' id='word_1_269' title='bbox 3020 906 3218 962; x_wconf 82' lang='grc' dir='ltr'>σεπτοῦ</span> <span class='ocrx_word' id='word_1_270' title='bbox 3270 907 3700 975; x_wconf 83' lang='grc' dir='ltr'>προστάγματος</span> <span class='ocrx_word' id='word_1_271' title='bbox 3739 924 3748 930; x_wconf 80' lang='grc'><strong>-</strong></span> 
     </span>
    </p>
   </div>
   <div class='ocr_carea' id='block_1_39' title="bbox 2180 996 3755 1072">
    <p class='ocr_par' dir='ltr' id='par_1_39' title="bbox 2180 996 3755 1072">
     <span class='ocr_line' id='line_1_39' title="bbox 2180 996 3755 1072; baseline -0.004 -18"><span class='ocrx_word' id='word_1_272' title='bbox 2180 1002 2332 1056; x_wconf 81' lang='grc' dir='ltr'>ἐνθεν</span> <span class='ocrx_word' id='word_1_273' title='bbox 2360 1020 2445 1055; x_wconf 89' lang='grc' dir='ltr'>τοι</span> <span class='ocrx_word' id='word_1_274' title='bbox 2470 1003 2564 1055; x_wconf 67' lang='grc' dir='ltr'>καὶ</span> <span class='ocrx_word' id='word_1_275' title='bbox 2591 1004 2623 1071; x_wconf 84' lang='grc' dir='ltr'>ή</span> <span class='ocrx_word' id='word_1_276' title='bbox 2664 1002 2954 1072; x_wconf 84' lang='grc' dir='ltr'>μετριότης</span> <span class='ocrx_word' id='word_1_277' title='bbox 2985 998 3143 1067; x_wconf 81' lang='grc' dir='ltr'>ἡμῶν</span> <span class='ocrx_word' id='word_1_278' title='bbox 3180 996 3492 1058; x_wconf 72' lang='grc' dir='ltr'>ἀκολούθως</span> <span class='ocrx_word' id='word_1_279' title='bbox 3527 997 3755 1049; x_wconf 72' lang='grc' dir='ltr'>ποιοῦσα</span> 
     </span>
    </p>
   </div>
   <div class='ocr_carea' id='block_1_40' title="bbox 2184 1090 3759 1165">
    <p class='ocr_par' dir='ltr' id='par_1_40' title="bbox 2184 1090 3759 1165">
     <span class='ocr_line' id='line_1_40' title="bbox 2184 1090 3759 1165; baseline -0.003 -20"><span class='ocrx_word' id='word_1_280' title='bbox 2184 1094 2380 1165; x_wconf 81' lang='grc' dir='ltr'>γνώμῃ</span> <span class='ocrx_word' id='word_1_281' title='bbox 2406 1095 2560 1163; x_wconf 80' lang='grc' dir='ltr'>κοινῇ</span> <span class='ocrx_word' id='word_1_282' title='bbox 2588 1093 2687 1162; x_wconf 82' lang='grc' dir='ltr'>τῆς</span> <span class='ocrx_word' id='word_1_283' title='bbox 2715 1091 2841 1165; x_wconf 72' lang='grc' dir='ltr'>περὶ</span> <span class='ocrx_word' id='word_1_284' title='bbox 2873 1090 3042 1159; x_wconf 71' lang='grc' dir='ltr'>αὑτὴν</span> <span class='ocrx_word' id='word_1_285' title='bbox 3064 1090 3403 1158; x_wconf 81' lang='grc' dir='ltr'>ὁμηγύρεως</span> <span class='ocrx_word' id='word_1_286' title='bbox 3429 1090 3539 1141; x_wconf 80' lang='grc' dir='ltr'>τῶν</span> <span class='ocrx_word' id='word_1_287' title='bbox 3565 1156 3573 1162; x_wconf 34' lang='grc'>.</span> <span class='ocrx_word' id='word_1_288' title='bbox 3595 1091 3759 1156; x_wconf 70' lang='grc' dir='ltr'>ἱερωο</span> 
     </span>
    </p>
   </div>
   <div class='ocr_carea' id='block_1_41' title="bbox 2180 1178 3762 1255">
    <p class='ocr_par' dir='ltr' id='par_1_41' title="bbox 2180 1178 3762 1255">
     <span class='ocr_line' id='line_1_41' title="bbox 2180 1178 3762 1255; baseline -0.006 -16"><span class='ocrx_word' id='word_1_289' title='bbox 2180 1188 2362 1239; x_wconf 85' lang='grc' dir='ltr'>τάτων</span> <span class='ocrx_word' id='word_1_290' title='bbox 2376 1184 2703 1254; x_wconf 66' lang='grc' dir='ltr'>ἀρχιερέων,</span> <span class='ocrx_word' id='word_1_291' title='bbox 2735 1182 2830 1236; x_wconf 82' lang='grc' dir='ltr'>τοῦ</span> <span class='ocrx_word' id='word_1_292' title='bbox 2866 1183 3134 1255; x_wconf 79' lang='grc' dir='ltr'>Σάρδεων,</span> <span class='ocrx_word' id='word_1_293' title='bbox 3167 1180 3259 1233; x_wconf 87' lang='grc' dir='ltr'>τοῦ</span> <span class='ocrx_word' id='word_1_294' title='bbox 3299 1180 3629 1250; x_wconf 75' lang='grc' dir='ltr'>Δυρραχίου,</span> <span class='ocrx_word' id='word_1_295' title='bbox 3663 1178 3762 1231; x_wconf 84' lang='grc' dir='ltr'>τοῦ</span> 
     </span>
    </p>
   </div>
   <div class='ocr_carea' id='block_1_42' title="bbox 2174 1273 3764 1344">
    <p class='ocr_par' dir='ltr' id='par_1_42' title="bbox 2174 1273 3764 1344">
     <span class='ocr_line' id='line_1_42' title="bbox 2174 1273 3764 1344; baseline -0.005 -12"><span class='ocrx_word' id='word_1_296' title='bbox 2174 1278 2472 1344; x_wconf 77' lang='grc' dir='ltr'>Μαδύτων,</span> <span class='ocrx_word' id='word_1_297' title='bbox 2504 1276 2599 1331; x_wconf 86' lang='grc' dir='ltr'>τοῦ</span> <span class='ocrx_word' id='word_1_298' title='bbox 2654 1276 2957 1340; x_wconf 79' lang='grc' dir='ltr'>Φιλίππων,</span> <span class='ocrx_word' id='word_1_299' title='bbox 2988 1274 3083 1328; x_wconf 91' lang='grc' dir='ltr'>τοῦ</span> <span class='ocrx_word' id='word_1_300' title='bbox 3122 1273 3451 1343; x_wconf 83' lang='grc' dir='ltr'>Μηθύμνης,</span> <span class='ocrx_word' id='word_1_301' title='bbox 3474 1273 3570 1327; x_wconf 74' lang='grc' dir='ltr'>τοῦ</span> <span class='ocrx_word' id='word_1_302' title='bbox 3600 1273 3764 1338; x_wconf 83' lang='grc' dir='ltr'>Χίου,</span> 
     </span>
    </p>
   </div>
   <div class='ocr_carea' id='block_1_43' title="bbox 2181 1365 3767 1439">
    <p class='ocr_par' dir='ltr' id='par_1_43' title="bbox 2181 1365 3767 1439">
     <span class='ocr_line' id='line_1_43' title="bbox 2181 1365 3767 1439; baseline -0.003 -18"><span class='ocrx_word' id='word_1_303' title='bbox 2181 1368 2276 1421; x_wconf 89' lang='grc' dir='ltr'>τοῦ</span> <span class='ocrx_word' id='word_1_304' title='bbox 2320 1366 2661 1439; x_wconf 78' lang='grc' dir='ltr'>Βάρνης,τοῦ</span> <span class='ocrx_word' id='word_1_305' title='bbox 2708 1367 2909 1431; x_wconf 54' lang='lat' dir='ltr'>Idmon,</span> <span class='ocrx_word' id='word_1_306' title='bbox 2943 1366 3036 1421; x_wconf 86' lang='grc' dir='ltr'>τοῦ</span> <span class='ocrx_word' id='word_1_307' title='bbox 3080 1368 3328 1437; x_wconf 86' lang='grc' dir='ltr'>Δράμας,</span> <span class='ocrx_word' id='word_1_308' title='bbox 3370 1365 3465 1419; x_wconf 86' lang='grc' dir='ltr'>τοῦ</span> <span class='ocrx_word' id='word_1_309' title='bbox 3511 1366 3767 1427; x_wconf 79' lang='grc' dir='ltr'>Τενέδου,</span> 
     </span>
    </p>
   </div>
   <div class='ocr_carea' id='block_1_44' title="bbox 2184 1458 3772 1530">
    <p class='ocr_par' dir='ltr' id='par_1_44' title="bbox 2184 1458 3772 1530">
     <span class='ocr_line' id='line_1_44' title="bbox 2184 1458 3772 1530; baseline -0.003 -16"><span class='ocrx_word' id='word_1_310' title='bbox 2184 1460 2278 1517; x_wconf 83' lang='grc' dir='ltr'>τοῦ</span> <span class='ocrx_word' id='word_1_311' title='bbox 2306 1459 2403 1514; x_wconf 81' lang='grc' dir='ltr'>Κῶ</span> <span class='ocrx_word' id='word_1_312' title='bbox 2423 1460 2519 1517; x_wconf 70' lang='grc' dir='ltr'>καὶ</span> <span class='ocrx_word' id='word_1_313' title='bbox 2537 1458 2631 1513; x_wconf 87' lang='grc' dir='ltr'>τοῦ</span> <span class='ocrx_word' id='word_1_314' title='bbox 2657 1460 2967 1528; x_wconf 71' lang='grc' dir='ltr'>ὑποψηφίου</span> <span class='ocrx_word' id='word_1_315' title='bbox 2996 1458 3407 1527; x_wconf 79' lang='grc' dir='ltr'>Μονεμϐασίας,</span> <span class='ocrx_word' id='word_1_316' title='bbox 3434 1461 3532 1530; x_wconf 74' lang='grc' dir='ltr'>τὴν</span> <span class='ocrx_word' id='word_1_317' title='bbox 3557 1458 3772 1528; x_wconf 78' lang='grc' dir='ltr'>παροῦο</span> 
     </span>
    </p>
   </div>
   <div class='ocr_carea' id='block_1_45' title="bbox 2190 1542 3775 1619">
    <p class='ocr_par' dir='ltr' id='par_1_45' title="bbox 2190 1542 3775 1619">
     <span class='ocr_line' id='line_1_45' title="bbox 2190 1542 3775 1619; baseline -0.001 -18"><span class='ocrx_word' id='word_1_318' title='bbox 2190 1566 2288 1607; x_wconf 83' lang='grc' dir='ltr'>σαν</span> <span class='ocrx_word' id='word_1_319' title='bbox 2312 1547 2591 1604; x_wconf 86' lang='grc' dir='ltr'>ἐκτέθεικε</span> <span class='ocrx_word' id='word_1_320' title='bbox 2613 1548 2833 1617; x_wconf 82' lang='grc' dir='ltr'>πρᾶξιν,</span> <span class='ocrx_word' id='word_1_321' title='bbox 2859 1542 3009 1615; x_wconf 77' lang='grc' dir='ltr'>ἐφ’.ᾧ</span> <span class='ocrx_word' id='word_1_322' title='bbox 3033 1550 3125 1600; x_wconf 72' lang='grc' dir='ltr'>καὶ</span> <span class='ocrx_word' id='word_1_323' title='bbox 3148 1549 3227 1612; x_wconf 88' lang='grc' dir='ltr'>είς</span> <span class='ocrx_word' id='word_1_324' title='bbox 3249 1550 3342 1601; x_wconf 66' lang='grc' dir='ltr'>τὸν</span> <span class='ocrx_word' id='word_1_325' title='bbox 3404 1549 3531 1617; x_wconf 83' lang='grc' dir='ltr'>ἑξῆς</span> <span class='ocrx_word' id='word_1_326' title='bbox 3558 1549 3637 1617; x_wconf 77' lang='grc' dir='ltr'>τῷ</span> <span class='ocrx_word' id='word_1_327' title='bbox 3679 1566 3775 1619; x_wconf 83' lang='grc' dir='ltr'>χο-</span> 
     </span>
    </p>
   </div>
   <div class='ocr_carea' id='block_1_46' title="bbox 2192 1639 3775 1713">
    <p class='ocr_par' dir='ltr' id='par_1_46' title="bbox 2192 1639 3775 1713">
     <span class='ocr_line' id='line_1_46' title="bbox 2192 1639 3775 1713; baseline -0.002 -21"><span class='ocrx_word' id='word_1_328' title='bbox 2192 1640 2270 1713; x_wconf 81' lang='grc' dir='ltr'>ρῷ</span> <span class='ocrx_word' id='word_1_329' title='bbox 2301 1642 2394 1695; x_wconf 75' lang='grc' dir='ltr'>καὶ</span> <span class='ocrx_word' id='word_1_330' title='bbox 2411 1641 2617 1710; x_wconf 83' lang='grc' dir='ltr'>ταύτην</span> <span class='ocrx_word' id='word_1_331' title='bbox 2646 1641 2710 1710; x_wconf 81' lang='grc' dir='ltr'>δὴ</span> <span class='ocrx_word' id='word_1_332' title='bbox 2732 1643 2830 1706; x_wconf 76' lang='grc' dir='ltr'>τὴν</span> <span class='ocrx_word' id='word_1_333' title='bbox 2853 1639 2945 1692; x_wconf 82' lang='grc' dir='ltr'>τοῦ</span> <span class='ocrx_word' id='word_1_334' title='bbox 2961 1640 3209 1709; x_wconf 84' lang='grc' dir='ltr'>Πυργίου</span> <span class='ocrx_word' id='word_1_335' title='bbox 3239 1640 3345 1692; x_wconf 81' lang='grc' dir='ltr'>τῶν</span> <span class='ocrx_word' id='word_1_336' title='bbox 3379 1640 3775 1709; x_wconf 75' lang='grc' dir='ltr'>μητροπόλεων</span> 
     </span>
    </p>
   </div>
   <div class='ocr_carea' id='block_1_47' title="bbox 2195 1730 3775 1798">
    <p class='ocr_par' dir='ltr' id='par_1_47' title="bbox 2195 1730 3775 1798">
     <span class='ocr_line' id='line_1_47' title="bbox 2195 1730 3775 1798; baseline -0.003 -14"><span class='ocrx_word' id='word_1_337' title='bbox 2195 1735 2433 1789; x_wconf 77' lang='grc' dir='ltr'>συνεῖναι</span> <span class='ocrx_word' id='word_1_338' title='bbox 2462 1747 2476 1761; x_wconf 74' lang='grc'><strong><em>⁸</em></strong></span> <span class='ocrx_word' id='word_1_339' title='bbox 2511 1733 2634 1784; x_wconf 87' lang='grc' dir='ltr'>ὅθεν</span> <span class='ocrx_word' id='word_1_340' title='bbox 2668 1734 2760 1784; x_wconf 78' lang='grc' dir='ltr'>καὶ</span> <span class='ocrx_word' id='word_1_341' title='bbox 2786 1730 2962 1793; x_wconf 77' lang='grc' dir='ltr'>οὐδεὶς</span> <span class='ocrx_word' id='word_1_342' title='bbox 2985 1730 3242 1783; x_wconf 80' lang='grc' dir='ltr'>οὐδέποτε</span> <span class='ocrx_word' id='word_1_343' title='bbox 3270 1730 3476 1798; x_wconf 66' lang='grc' dir='ltr'>ὀφείλει</span> <span class='ocrx_word' id='word_1_344' title='bbox 3498 1730 3775 1798; x_wconf 74' lang='grc' dir='ltr'>πειράσα-</span> 
     </span>
    </p>
   </div>
   <div class='ocr_carea' id='block_1_48' title="bbox 2196 1810 3777 1889">
    <p class='ocr_par' dir='ltr' id='par_1_48' title="bbox 2196 1810 3777 1889">
     <span class='ocr_line' id='line_1_48' title="bbox 2196 1810 3777 1889; baseline -0.003 -16"><span class='ocrx_word' id='word_1_345' title='bbox 2196 1823 2319 1874; x_wconf 79' lang='grc' dir='ltr'>σθαι</span> <span class='ocrx_word' id='word_1_346' title='bbox 2350 1822 2452 1889; x_wconf 80' lang='grc' dir='ltr'>τῆς</span> <span class='ocrx_word' id='word_1_347' title='bbox 2476 1820 2685 1884; x_wconf 80' lang='grc' dir='ltr'>τάξεως</span> <span class='ocrx_word' id='word_1_348' title='bbox 2710 1818 2917 1887; x_wconf 82' lang='grc' dir='ltr'>ταύτης</span> <span class='ocrx_word' id='word_1_349' title='bbox 2953 1818 3051 1870; x_wconf 70' lang='grc' dir='ltr'>καὶ</span> <span class='ocrx_word' id='word_1_350' title='bbox 3077 1820 3178 1885; x_wconf 79' lang='grc' dir='ltr'>τῆς</span> <span class='ocrx_word' id='word_1_351' title='bbox 3212 1819 3379 1889; x_wconf 77' lang='grc' dir='ltr'>τιμῆς</span> <span class='ocrx_word' id='word_1_352' title='bbox 3402 1810 3624 1885; x_wconf 74' lang='grc' dir='ltr'>ἀφελεῖν</span> <span class='ocrx_word' id='word_1_353' title='bbox 3668 1817 3777 1869; x_wconf 79' lang='grc' dir='ltr'>αὑο</span> 
     </span>
    </p>
   </div>
   <div class='ocr_carea' id='block_1_49' title="bbox 2192 1906 3775 1980">
    <p class='ocr_par' dir='ltr' id='par_1_49' title="bbox 2192 1906 3775 1980">
     <span class='ocr_line' id='line_1_49' title="bbox 2192 1906 3775 1980; baseline -0.003 -18"><span class='ocrx_word' id='word_1_354' title='bbox 2192 1910 2291 1980; x_wconf 79' lang='grc' dir='ltr'>τὴν</span> <span class='ocrx_word' id='word_1_355' title='bbox 2320 1910 2416 1962; x_wconf 77' lang='grc' dir='ltr'>καὶ</span> <span class='ocrx_word' id='word_1_356' title='bbox 2443 1908 2777 1969; x_wconf 78' lang='grc' dir='ltr'>ὑποϐιόάσαι</span> <span class='ocrx_word' id='word_1_357' title='bbox 2816 1923 2830 1936; x_wconf 78' lang='grc'><strong><em>⁸</em></strong></span> <span class='ocrx_word' id='word_1_358' title='bbox 2869 1906 3061 1976; x_wconf 72' lang='grc' dir='ltr'>ὀφειλὴ</span> <span class='ocrx_word' id='word_1_359' title='bbox 3094 1907 3203 1976; x_wconf 78' lang='grc' dir='ltr'>γὰρ</span> <span class='ocrx_word' id='word_1_360' title='bbox 3262 1907 3359 1963; x_wconf 76' lang='grc' dir='ltr'>καὶ</span> <span class='ocrx_word' id='word_1_361' title='bbox 3401 1909 3562 1975; x_wconf 80' lang='grc' dir='ltr'>χρέος</span> <span class='ocrx_word' id='word_1_362' title='bbox 3610 1906 3775 1958; x_wconf 88' lang='grc' dir='ltr'>τοῦτο</span> 
     </span>
    </p>
   </div>
   <div class='ocr_carea' id='block_1_50' title="bbox 2193 1996 3774 2068">
    <p class='ocr_par' dir='ltr' id='par_1_50' title="bbox 2193 1996 3774 2068">
     <span class='ocr_line' id='line_1_50' title="bbox 2193 1996 3774 2068; baseline -0.003 -16"><span class='ocrx_word' id='word_1_363' title='bbox 2193 2002 2360 2055; x_wconf 79' lang='grc' dir='ltr'>πᾶσιν</span> <span class='ocrx_word' id='word_1_364' title='bbox 2390 1999 2576 2061; x_wconf 85' lang='grc' dir='ltr'>ἁπλῶς</span> <span class='ocrx_word' id='word_1_365' title='bbox 2615 1997 2995 2068; x_wconf 85' lang='grc' dir='ltr'>ἀπαραίτητον</span> <span class='ocrx_word' id='word_1_366' title='bbox 3021 1999 3132 2060; x_wconf 84' lang='grc' dir='ltr'>τοῖς</span> <span class='ocrx_word' id='word_1_367' title='bbox 3156 1998 3211 2058; x_wconf 85' lang='grc' dir='ltr'>ἐς</span> <span class='ocrx_word' id='word_1_368' title='bbox 3231 1996 3482 2067; x_wconf 78' lang='grc' dir='ltr'>ὕστερον,</span> <span class='ocrx_word' id='word_1_369' title='bbox 3518 1996 3774 2064; x_wconf 75' lang='grc' dir='ltr'>στέργειν</span> 
     </span>
    </p>
   </div>
   <div class='ocr_carea' id='block_1_51' title="bbox 2194 2088 3774 2160">
    <p class='ocr_par' dir='ltr' id='par_1_51' title="bbox 2194 2088 3774 2160">
     <span class='ocr_line' id='line_1_51' title="bbox 2194 2088 3774 2160; baseline -0.003 -16"><span class='ocrx_word' id='word_1_370' title='bbox 2194 2092 2258 2144; x_wconf 77' lang='grc' dir='ltr'>τά</span> <span class='ocrx_word' id='word_1_371' title='bbox 2281 2091 2460 2153; x_wconf 84' lang='grc' dir='ltr'>καλῶς</span> <span class='ocrx_word' id='word_1_372' title='bbox 2482 2094 2597 2153; x_wconf 79' lang='grc' dir='ltr'>τοῖς</span> <span class='ocrx_word' id='word_1_373' title='bbox 2625 2090 2733 2160; x_wconf 76' lang='grc' dir='ltr'>πρὸ</span> <span class='ocrx_word' id='word_1_374' title='bbox 2764 2089 2943 2142; x_wconf 83' lang='grc' dir='ltr'>αὑτῶν</span> <span class='ocrx_word' id='word_1_375' title='bbox 2964 2089 3191 2155; x_wconf 80' lang='grc' dir='ltr'>δόξαντα</span> <span class='ocrx_word' id='word_1_376' title='bbox 3221 2090 3314 2143; x_wconf 77' lang='grc' dir='ltr'>καὶ</span> <span class='ocrx_word' id='word_1_377' title='bbox 3373 2088 3774 2158; x_wconf 57' lang='grc' dir='ltr'>ἀπαραποῇιτα</span> 
     </span>
    </p>
   </div>
   <div class='ocr_carea' id='block_1_52' title="bbox 2195 2167 3772 2251">
    <p class='ocr_par' dir='ltr' id='par_1_52' title="bbox 2195 2167 3772 2251">
     <span class='ocr_line' id='line_1_52' title="bbox 2195 2167 3772 2251; baseline -0.004 -16"><span class='ocrx_word' id='word_1_378' title='bbox 2195 2184 2286 2235; x_wconf 76' lang='grc' dir='ltr'>καὶ</span> <span class='ocrx_word' id='word_1_379' title='bbox 2318 2167 2691 2251; x_wconf 79' lang='grc' dir='ltr'>ἀπαράτρωτα</span> <span class='ocrx_word' id='word_1_380' title='bbox 2716 2181 2899 2248; x_wconf 88' lang='grc' dir='ltr'>μένειν</span> <span class='ocrx_word' id='word_1_381' title='bbox 2916 2182 3027 2249; x_wconf 80' lang='grc' dir='ltr'>ἐᾷν,</span> <span class='ocrx_word' id='word_1_382' title='bbox 3060 2180 3135 2241; x_wconf 76' lang='grc' dir='ltr'>ὡς</span> <span class='ocrx_word' id='word_1_383' title='bbox 3159 2182 3413 2248; x_wconf 75' lang='grc' dir='ltr'>ὁμονοίας</span> <span class='ocrx_word' id='word_1_384' title='bbox 3433 2179 3531 2232; x_wconf 79' lang='grc' dir='ltr'>καὶ</span> <span class='ocrx_word' id='word_1_385' title='bbox 3547 2179 3772 2248; x_wconf 68' lang='grc' dir='ltr'>εἰρήνης</span> 
     </span>
    </p>
   </div>
   <div class='ocr_carea' id='block_1_53' title="bbox 2203 2267 3775 2344">
    <p class='ocr_par' dir='ltr' id='par_1_53' title="bbox 2203 2267 3775 2344">
     <span class='ocr_line' id='line_1_53' title="bbox 2203 2267 3775 2344; baseline -0.004 -21"><span class='ocrx_word' id='word_1_386' title='bbox 2203 2273 2528 2344; x_wconf 81' lang='grc' dir='ltr'>παραίτιον·</span> <span class='ocrx_word' id='word_1_387' title='bbox 2568 2272 2843 2339; x_wconf 76' lang='grc' dir='ltr'>ὀφείλουσι</span> <span class='ocrx_word' id='word_1_388' title='bbox 2876 2271 3059 2339; x_wconf 83' lang='grc' dir='ltr'>μέντοι</span> <span class='ocrx_word' id='word_1_389' title='bbox 3090 2271 3376 2338; x_wconf 87' lang='grc' dir='ltr'>προσεῖναι</span> <span class='ocrx_word' id='word_1_390' title='bbox 3403 2270 3498 2320; x_wconf 76' lang='grc' dir='ltr'>καὶ</span> <span class='ocrx_word' id='word_1_391' title='bbox 3548 2267 3775 2323; x_wconf 78' lang='grc' dir='ltr'>ὑποκεῖ-</span> 
     </span>
    </p>
   </div>
   <div class='ocr_carea' id='block_1_54' title="bbox 2200 2357 3773 2434">
    <p class='ocr_par' dir='ltr' id='par_1_54' title="bbox 2200 2357 3773 2434">
     <span class='ocr_line' id='line_1_54' title="bbox 2200 2357 3773 2434; baseline -0.007 -15"><span class='ocrx_word' id='word_1_392' title='bbox 2200 2365 2407 2434; x_wconf 85' lang='grc' dir='ltr'>σθαιτῇ</span> <span class='ocrx_word' id='word_1_393' title='bbox 2434 2365 2569 2433; x_wconf 82' lang='grc' dir='ltr'>αὐτῇ</span> <span class='ocrx_word' id='word_1_394' title='bbox 2600 2363 2861 2431; x_wconf 78' lang='grc' dir='ltr'>ἐκκλησίᾳ</span> <span class='ocrx_word' id='word_1_395' title='bbox 2887 2362 2981 2414; x_wconf 73' lang='grc' dir='ltr'>καὶ</span> <span class='ocrx_word' id='word_1_396' title='bbox 3007 2361 3075 2413; x_wconf 70' lang='grc' dir='ltr'>τά</span> <span class='ocrx_word' id='word_1_397' title='bbox 3103 2363 3160 2411; x_wconf 87' lang='grc' dir='ltr'>ἐν</span> <span class='ocrx_word' id='word_1_398' title='bbox 3180 2360 3260 2428; x_wconf 84' lang='grc' dir='ltr'>τῷ</span> <span class='ocrx_word' id='word_1_399' title='bbox 3289 2359 3592 2428; x_wconf 78' lang='grc' dir='ltr'>πρακτικῷ</span> <span class='ocrx_word' id='word_1_400' title='bbox 3634 2357 3773 2409; x_wconf 77' lang='grc' dir='ltr'>ταῦ·-</span> 
     </span>
    </p>
   </div>
   <div class='ocr_carea' id='block_1_55' title="bbox 2198 2448 3774 2529">
    <p class='ocr_par' dir='ltr' id='par_1_55' title="bbox 2198 2448 3774 2529">
     <span class='ocr_line' id='line_1_55' title="bbox 2198 2448 3774 2529; baseline -0.007 -17"><span class='ocrx_word' id='word_1_401' title='bbox 2198 2477 2299 2529; x_wconf 87' lang='grc' dir='ltr'>της</span> <span class='ocrx_word' id='word_1_402' title='bbox 2329 2457 2811 2526; x_wconf 79' lang='grc' dir='ltr'>διαλαμὸανόμενα</span> <span class='ocrx_word' id='word_1_403' title='bbox 2840 2455 2934 2511; x_wconf 84' lang='grc' dir='ltr'>δύο</span> <span class='ocrx_word' id='word_1_404' title='bbox 2992 2452 3192 2525; x_wconf 88' lang='grc' dir='ltr'>χωρία,</span> <span class='ocrx_word' id='word_1_405' title='bbox 3218 2454 3280 2503; x_wconf 80' lang='grc' dir='ltr'>τὸ</span> <span class='ocrx_word' id='word_1_406' title='bbox 3339 2448 3434 2503; x_wconf 87' lang='grc' dir='ltr'>τοῦ</span> <span class='ocrx_word' id='word_1_407' title='bbox 3492 2450 3774 2517; x_wconf 79' lang='grc' dir='ltr'>Διοσιεροῦ</span> 
     </span>
    </p>
   </div>
   <div class='ocr_carea' id='block_1_56' title="bbox 2198 2542 3780 2619">
    <p class='ocr_par' dir='ltr' id='par_1_56' title="bbox 2198 2542 3780 2619">
     <span class='ocr_line' id='line_1_56' title="bbox 2198 2542 3780 2619; baseline -0.008 -14"><span class='ocrx_word' id='word_1_408' title='bbox 2198 2550 2438 2619; x_wconf 87' lang='grc' dir='ltr'>δηλονότι</span> <span class='ocrx_word' id='word_1_409' title='bbox 2474 2548 2654 2602; x_wconf 75' lang='grc' dir='ltr'>καὶτὸ</span> <span class='ocrx_word' id='word_1_410' title='bbox 2677 2548 2773 2615; x_wconf 85' lang='grc' dir='ltr'>τῆς</span> <span class='ocrx_word' id='word_1_411' title='bbox 2803 2546 3017 2616; x_wconf 84' lang='grc' dir='ltr'>Δίγδης,</span> <span class='ocrx_word' id='word_1_412' title='bbox 3055 2545 3151 2598; x_wconf 77' lang='grc' dir='ltr'>καὶ</span> <span class='ocrx_word' id='word_1_413' title='bbox 3200 2544 3378 2603; x_wconf 79' lang='grc' dir='ltr'>πάντα</span> <span class='ocrx_word' id='word_1_414' title='bbox 3421 2542 3629 2606; x_wconf 72' lang='grc' dir='ltr'>ἀπλιῖις,</span> <span class='ocrx_word' id='word_1_415' title='bbox 3673 2542 3780 2593; x_wconf 72' lang='grc' dir='ltr'>ὅσα</span> 
     </span>
    </p>
   </div>
   <div class='ocr_carea' id='block_1_57' title="bbox 2199 2633 3783 2711">
    <p class='ocr_par' dir='ltr' id='par_1_57' title="bbox 2199 2633 3783 2711">
     <span class='ocr_line' id='line_1_57' title="bbox 2199 2633 3783 2711; baseline -0.008 -15"><span class='ocrx_word' id='word_1_416' title='bbox 2199 2646 2310 2705; x_wconf 87' lang='grc' dir='ltr'>τοῖς</span> <span class='ocrx_word' id='word_1_417' title='bbox 2349 2637 2649 2711; x_wconf 70' lang='grc' dir='ltr'>ἐγγράφοις</span> <span class='ocrx_word' id='word_1_418' title='bbox 2679 2637 3046 2706; x_wconf 84' lang='grc' dir='ltr'>δικαιώμασιν</span> <span class='ocrx_word' id='word_1_419' title='bbox 3095 2635 3266 2707; x_wconf 75' lang='grc' dir='ltr'>αὐτῆς</span> <span class='ocrx_word' id='word_1_420' title='bbox 3311 2633 3617 2688; x_wconf 75' lang='grc' dir='ltr'>δικαιοῦται</span> <span class='ocrx_word' id='word_1_421' title='bbox 3645 2650 3783 2691; x_wconf 68' lang='grc' dir='ltr'>κατι</span> 
     </span>
    </p>
   </div>
   <div class='ocr_carea' id='block_1_58' title="bbox 2202 2724 3784 2803">
    <p class='ocr_par' dir='ltr' id='par_1_58' title="bbox 2202 2724 3784 2803">
     <span class='ocr_line' id='line_1_58' title="bbox 2202 2724 3784 2803; baseline -0.008 -15"><span class='ocrx_word' id='word_1_422' title='bbox 2202 2736 2366 2803; x_wconf 85' lang='grc' dir='ltr'>ἐχειν,</span> <span class='ocrx_word' id='word_1_423' title='bbox 2394 2732 2772 2799; x_wconf 78' lang='grc' dir='ltr'>ἀναφαιρέτως</span> <span class='ocrx_word' id='word_1_424' title='bbox 2807 2729 2900 2781; x_wconf 75' lang='grc' dir='ltr'>καὶ</span> <span class='ocrx_word' id='word_1_425' title='bbox 2956 2726 3411 2789; x_wconf 81' lang='grc' dir='ltr'>ἀναποσπάστως.</span> <span class='ocrx_word' id='word_1_426' title='bbox 3460 2724 3616 2778; x_wconf 78' lang='grc' dir='ltr'>Ἐπεὶ</span> <span class='ocrx_word' id='word_1_427' title='bbox 3652 2724 3784 2781; x_wconf 77' lang='grc' dir='ltr'>τού·</span> 
     </span>
    </p>
   </div>
   <div class='ocr_carea' id='block_1_59' title="bbox 2202 2814 3784 2895">
    <p class='ocr_par' dir='ltr' id='par_1_59' title="bbox 2202 2814 3784 2895">
     <span class='ocr_line' id='line_1_59' title="bbox 2202 2814 3784 2895; baseline -0.008 -16"><span class='ocrx_word' id='word_1_428' title='bbox 2202 2842 2280 2895; x_wconf 83' lang='grc' dir='ltr'>τῳ</span> <span class='ocrx_word' id='word_1_429' title='bbox 2310 2825 2417 2893; x_wconf 91' lang='grc' dir='ltr'>γὰρ</span> <span class='ocrx_word' id='word_1_430' title='bbox 2450 2827 2541 2876; x_wconf 71' lang='grc' dir='ltr'>καὶ</span> <span class='ocrx_word' id='word_1_431' title='bbox 2567 2825 2601 2892; x_wconf 82' lang='grc' dir='ltr'>ἡ</span> <span class='ocrx_word' id='word_1_432' title='bbox 2630 2820 2883 2890; x_wconf 88' lang='grc' dir='ltr'>παροῦσα</span> <span class='ocrx_word' id='word_1_433' title='bbox 2931 2820 3182 2890; x_wconf 78' lang='grc' dir='ltr'>ἡμετέρα</span> <span class='ocrx_word' id='word_1_434' title='bbox 3229 2820 3328 2875; x_wconf 80' lang='grc' dir='ltr'>καὶ</span> <span class='ocrx_word' id='word_1_435' title='bbox 3366 2817 3621 2885; x_wconf 77' lang='grc' dir='ltr'>συνοδικὴ</span> <span class='ocrx_word' id='word_1_436' title='bbox 3689 2814 3784 2882; x_wconf 64' lang='lat' dir='ltr'>Ey-</span> 
     </span>
    </p>
   </div>
   <div class='ocr_carea' id='block_1_60' title="bbox 2204 2904 3787 2984">
    <p class='ocr_par' dir='ltr' id='par_1_60' title="bbox 2204 2904 3787 2984">
     <span class='ocr_line' id='line_1_60' title="bbox 2204 2904 3787 2984; baseline -0.007 -18"><span class='ocrx_word' id='word_1_437' title='bbox 2204 2931 2414 2984; x_wconf 76' lang='grc' dir='ltr'>γραφος</span> <span class='ocrx_word' id='word_1_438' title='bbox 2444 2912 2637 2982; x_wconf 83' lang='grc' dir='ltr'>πρᾶξις</span> <span class='ocrx_word' id='word_1_439' title='bbox 2666 2910 2935 2978; x_wconf 85' lang='grc' dir='ltr'>γενομένη</span> <span class='ocrx_word' id='word_1_440' title='bbox 2981 2911 3047 2980; x_wconf 75' lang='grc' dir='ltr'>τῇ</span> <span class='ocrx_word' id='word_1_441' title='bbox 3098 2908 3363 2970; x_wconf 81' lang='grc' dir='ltr'>πολλάκις</span> <span class='ocrx_word' id='word_1_442' title='bbox 3420 2904 3787 2975; x_wconf 75' lang='grc' dir='ltr'>διαληφθείση</span> 
     </span>
    </p>
   </div>
   <div class='ocr_carea' id='block_1_61' title="bbox 525 2994 3789 3087">
    <p class='ocr_par' dir='ltr' id='par_1_61' title="bbox 525 2994 3789 3087">
     <span class='ocr_line' id='line_1_61' title="bbox 525 2994 3789 3087; baseline -0.007 -18"><span class='ocrx_word' id='word_1_443' title='bbox 655 3012 1054 3084; x_wconf 87' lang='grc' dir='ltr'>μητροπολίτου</span> <span class='ocrx_word' id='word_1_444' title='bbox 1078 3009 1341 3079; x_wconf 83' lang='grc' dir='ltr'>Πυργίου,</span> <span class='ocrx_word' id='word_1_445' title='bbox 1388 3005 1800 3062; x_wconf 80' lang='grc' dir='ltr'>Κωνσταντίνου</span> <span class='ocrx_word' id='word_1_446' title='bbox 1827 3003 1920 3057; x_wconf 91' lang='grc' dir='ltr'>τοῦ</span> <span class='ocrx_word' id='word_1_447' title='bbox 1953 3004 2097 3055; x_wconf 89' lang='grc' dir='ltr'>Σπα-</span> <span class='ocrx_word' id='word_1_448' title='bbox 2122 3029 2167 3087; x_wconf 71' lang='lat' dir='ltr'>c</span> <span class='ocrx_word' id='word_1_449' title='bbox 2206 3002 2483 3071; x_wconf 78' lang='grc' dir='ltr'>ἁγιωτάτῃ</span> <span class='ocrx_word' id='word_1_450' title='bbox 2508 2997 2942 3070; x_wconf 83' lang='grc' dir='ltr'>μητροπόλειτοῦ</span> <span class='ocrx_word' id='word_1_451' title='bbox 2965 2998 3204 3070; x_wconf 85' lang='grc' dir='ltr'>Πυργίου</span> <span class='ocrx_word' id='word_1_452' title='bbox 3231 2997 3529 3050; x_wconf 80' lang='grc' dir='ltr'>ἐπιδέδοται</span> <span class='ocrx_word' id='word_1_453' title='bbox 3548 2996 3625 3055; x_wconf 71' lang='grc' dir='ltr'>τίς</span> <span class='ocrx_word' id='word_1_454' title='bbox 3642 2994 3789 3046; x_wconf 74' lang='grc' dir='ltr'>διαι-</span> 
     </span>
    </p>
   </div>
   <div class='ocr_carea' id='block_1_62' title="bbox 528 3091 2095 3168">
    <p class='ocr_par' dir='ltr' id='par_1_62' title="bbox 528 3091 2095 3168">
     <span class='ocr_line' id='line_1_62' title="bbox 528 3091 2095 3168; baseline -0.01 -11"><span class='ocrx_word' id='word_1_455' title='bbox 528 3101 814 3168; x_wconf 85' lang='grc' dir='ltr'>νοποὺλου,</span> <span class='ocrx_word' id='word_1_456' title='bbox 848 3100 1001 3161; x_wconf 85' lang='grc' dir='ltr'>λύσις</span> <span class='ocrx_word' id='word_1_457' title='bbox 1037 3097 1132 3151; x_wconf 89' lang='grc' dir='ltr'>τοῦ</span> <span class='ocrx_word' id='word_1_458' title='bbox 1166 3096 1471 3165; x_wconf 89' lang='grc' dir='ltr'>ἁγιωτάτου</span> <span class='ocrx_word' id='word_1_459' title='bbox 1501 3093 1709 3147; x_wconf 81' lang='grc' dir='ltr'>ἐκείνου</span> <span class='ocrx_word' id='word_1_460' title='bbox 1752 3091 2095 3162; x_wconf 83' lang='grc' dir='ltr'>πατριάρχου</span> 
     </span>
    </p>
   </div>
   <div class='ocr_carea' id='block_1_63' title="bbox 429 3180 2102 3266">
    <p class='ocr_par' dir='ltr' id='par_1_63' title="bbox 429 3180 2102 3266">
     <span class='ocr_line' id='line_1_63' title="bbox 429 3180 2102 3266; baseline -0.01 -16"><span class='ocrx_word' id='word_1_461' title='bbox 429 3180 435 3186; x_wconf 50' lang='grc'><em>’</em></span> <span class='ocrx_word' id='word_1_462' title='bbox 530 3194 640 3266; x_wconf 83' lang='grc' dir='ltr'>κῦρ</span> <span class='ocrx_word' id='word_1_463' title='bbox 663 3192 881 3264; x_wconf 81' lang='grc' dir='ltr'>Μιχαὴλ</span> <span class='ocrx_word' id='word_1_464' title='bbox 909 3190 1002 3245; x_wconf 91' lang='grc' dir='ltr'>τοῦ</span> <span class='ocrx_word' id='word_1_465' title='bbox 1040 3188 1327 3259; x_wconf 85' lang='grc' dir='ltr'>Ἀγχιάλου</span> <span class='ocrx_word' id='word_1_466' title='bbox 1382 3184 1779 3255; x_wconf 80' lang='grc' dir='ltr'>προεκομίσθη,</span> <span class='ocrx_word' id='word_1_467' title='bbox 1805 3183 2102 3253; x_wconf 80' lang='grc' dir='ltr'>ἐξενεχθεῖ-</span> 
     </span>
    </p>
   </div>
   <div class='ocr_carea' id='block_1_64' title="bbox 535 3275 2102 3353">
    <p class='ocr_par' dir='ltr' id='par_1_64' title="bbox 535 3275 2102 3353">
     <span class='ocr_line' id='line_1_64' title="bbox 535 3275 2102 3353; baseline -0.009 -13"><span class='ocrx_word' id='word_1_468' title='bbox 535 3303 604 3342; x_wconf 91' lang='grc' dir='ltr'>σα</span> <span class='ocrx_word' id='word_1_469' title='bbox 629 3286 721 3337; x_wconf 73' lang='grc' dir='ltr'>ἐπὶ</span> <span class='ocrx_word' id='word_1_470' title='bbox 752 3283 1059 3353; x_wconf 79' lang='grc' dir='ltr'>ὑπομνήσει</span> <span class='ocrx_word' id='word_1_471' title='bbox 1091 3278 1278 3346; x_wconf 89' lang='grc' dir='ltr'>αὑτοῦ,</span> <span class='ocrx_word' id='word_1_472' title='bbox 1308 3278 1459 3339; x_wconf 82' lang='grc' dir='ltr'>δντος</span> <span class='ocrx_word' id='word_1_473' title='bbox 1501 3276 1820 3339; x_wconf 84' lang='grc' dir='ltr'>ἐπισκόπου,</span> <span class='ocrx_word' id='word_1_474' title='bbox 1847 3275 1941 3327; x_wconf 76' lang='grc' dir='ltr'>καὶ</span> <span class='ocrx_word' id='word_1_475' title='bbox 1969 3275 2102 3342; x_wconf 71' lang='grc' dir='ltr'>δῆτα</span> 
     </span>
    </p>
   </div>
   <div class='ocr_carea' id='block_1_65' title="bbox 538 3365 2103 3445">
    <p class='ocr_par' dir='ltr' id='par_1_65' title="bbox 538 3365 2103 3445">
     <span class='ocr_line' id='line_1_65' title="bbox 538 3365 2103 3445; baseline -0.011 -14"><span class='ocrx_word' id='word_1_476' title='bbox 538 3374 930 3445; x_wconf 85' lang='grc' dir='ltr'>ὑπανεγνώσθη</span> <span class='ocrx_word' id='word_1_477' title='bbox 958 3373 1052 3426; x_wconf 73' lang='grc' dir='ltr'>ἐπὶ</span> <span class='ocrx_word' id='word_1_478' title='bbox 1076 3369 1240 3440; x_wconf 87' lang='grc' dir='ltr'>κοινῷ</span> <span class='ocrx_word' id='word_1_479' title='bbox 1260 3367 1473 3440; x_wconf 80' lang='grc' dir='ltr'>ὁρισμῷ</span> <span class='ocrx_word' id='word_1_480' title='bbox 1496 3367 1593 3436; x_wconf 85' lang='grc' dir='ltr'>τῆς</span> <span class='ocrx_word' id='word_1_481' title='bbox 1624 3367 1783 3436; x_wconf 78' lang='grc' dir='ltr'>ἡμῶν</span> <span class='ocrx_word' id='word_1_482' title='bbox 1812 3365 2103 3433; x_wconf 76' lang='grc' dir='ltr'>μετριότη-</span> 
     </span>
    </p>
   </div>
   <div class='ocr_carea' id='block_1_66' title="bbox 532 3454 2104 3536">
    <p class='ocr_par' dir='ltr' id='par_1_66' title="bbox 532 3454 2104 3536">
     <span class='ocr_line' id='line_1_66' title="bbox 532 3454 2104 3536; baseline -0.01 -14"><span class='ocrx_word' id='word_1_483' title='bbox 532 3486 645 3534; x_wconf 84' lang='grc' dir='ltr'>τος,</span> <span class='ocrx_word' id='word_1_484' title='bbox 678 3468 772 3524; x_wconf 78' lang='grc' dir='ltr'>καὶ</span> <span class='ocrx_word' id='word_1_485' title='bbox 807 3465 1010 3536; x_wconf 85' lang='grc' dir='ltr'>εὑρέθη</span> <span class='ocrx_word' id='word_1_486' title='bbox 1030 3464 1229 3533; x_wconf 74' lang='grc' dir='ltr'>ἔχουσα</span> <span class='ocrx_word' id='word_1_487' title='bbox 1262 3462 1319 3512; x_wconf 83' lang='grc' dir='ltr'>ἐν</span> <span class='ocrx_word' id='word_1_488' title='bbox 1358 3461 1424 3529; x_wconf 80' lang='grc' dir='ltr'>τῇ</span> <span class='ocrx_word' id='word_1_489' title='bbox 1458 3458 1598 3529; x_wconf 76' lang='grc' dir='ltr'>ἀρχῇ</span> <span class='ocrx_word' id='word_1_490' title='bbox 1629 3456 1722 3509; x_wconf 77' lang='grc' dir='ltr'>καὶ</span> <span class='ocrx_word' id='word_1_491' title='bbox 1749 3458 1806 3509; x_wconf 85' lang='grc' dir='ltr'>ἐν</span> <span class='ocrx_word' id='word_1_492' title='bbox 1853 3455 1931 3525; x_wconf 77' lang='grc' dir='ltr'>τῷ</span> <span class='ocrx_word' id='word_1_493' title='bbox 1956 3454 2104 3508; x_wconf 82' lang='grc' dir='ltr'>τέλει</span> 
     </span>
    </p>
   </div>
   <div class='ocr_carea' id='block_1_67' title="bbox 534 3548 2106 3630">
    <p class='ocr_par' dir='ltr' id='par_1_67' title="bbox 534 3548 2106 3630">
     <span class='ocr_line' id='line_1_67' title="bbox 534 3548 2106 3630; baseline -0.01 -17"><span class='ocrx_word' id='word_1_494' title='bbox 534 3560 674 3630; x_wconf 70' lang='grc' dir='ltr'>ῥητά</span> <span class='ocrx_word' id='word_1_495' title='bbox 693 3575 814 3612; x_wconf 88' lang='grc' dir='ltr'>τινα</span> <span class='ocrx_word' id='word_1_496' title='bbox 849 3556 1144 3626; x_wconf 80' lang='grc' dir='ltr'>συνᾴδοντα</span> <span class='ocrx_word' id='word_1_497' title='bbox 1172 3550 1249 3621; x_wconf 83' lang='grc' dir='ltr'>τῷ</span> <span class='ocrx_word' id='word_1_498' title='bbox 1283 3549 1470 3619; x_wconf 87' lang='grc' dir='ltr'>σκοπῷ</span> <span class='ocrx_word' id='word_1_499' title='bbox 1496 3551 1592 3619; x_wconf 79' lang='grc' dir='ltr'>τῆς</span> <span class='ocrx_word' id='word_1_500' title='bbox 1627 3548 1785 3617; x_wconf 80' lang='grc' dir='ltr'>ἡμῶν</span> <span class='ocrx_word' id='word_1_501' title='bbox 1819 3548 2106 3616; x_wconf 79' lang='grc' dir='ltr'>μετριότη-</span> 
     </span>
    </p>
   </div>
   <div class='ocr_carea' id='block_1_68' title="bbox 530 3637 2107 3723">
    <p class='ocr_par' dir='ltr' id='par_1_68' title="bbox 530 3637 2107 3723">
     <span class='ocr_line' id='line_1_68' title="bbox 530 3637 2107 3723; baseline -0.01 -20"><span class='ocrx_word' id='word_1_502' title='bbox 530 3665 644 3714; x_wconf 82' lang='grc' dir='ltr'>τος,</span> <span class='ocrx_word' id='word_1_503' title='bbox 677 3649 842 3723; x_wconf 79' lang='grc' dir='ltr'>ὥρισε</span> <span class='ocrx_word' id='word_1_504' title='bbox 873 3644 1327 3714; x_wconf 81' lang='grc' dir='ltr'>καταστρωθῆναι</span> <span class='ocrx_word' id='word_1_505' title='bbox 1352 3642 1448 3695; x_wconf 73' lang='grc' dir='ltr'>καὶ</span> <span class='ocrx_word' id='word_1_506' title='bbox 1473 3640 1670 3702; x_wconf 72' lang='grc' dir='ltr'>ταῦτα,</span> <span class='ocrx_word' id='word_1_507' title='bbox 1708 3638 1744 3691; x_wconf 78' lang='grc' dir='ltr'>ἃ</span> <span class='ocrx_word' id='word_1_508' title='bbox 1769 3642 1862 3692; x_wconf 74' lang='grc' dir='ltr'>καὶ</span> <span class='ocrx_word' id='word_1_509' title='bbox 1892 3637 2107 3707; x_wconf 84' lang='grc' dir='ltr'>ἐχουσιν</span> 
     </span>
    </p>
   </div>
   <div class='ocr_carea' id='block_1_69' title="bbox 530 3730 2107 3804">
    <p class='ocr_par' dir='ltr' id='par_1_69' title="bbox 530 3730 2107 3804">
     <span class='ocr_line' id='line_1_69' title="bbox 530 3730 2107 3804; baseline -0.009 -10"><span class='ocrx_word' id='word_1_510' title='bbox 530 3738 811 3804; x_wconf 73' lang='grc' dir='ltr'>αὑτολεξεὶ</span> <span class='ocrx_word' id='word_1_511' title='bbox 829 3735 1027 3790; x_wconf 87' lang='grc' dir='ltr'>οὑτωσί</span> <span class='ocrx_word' id='word_1_512' title='bbox 1053 3751 1068 3768; x_wconf 77' lang='grc' dir='ltr'><strong><em>ο</em></strong></span> <span class='ocrx_word' id='word_1_513' title='bbox 1100 3754 1119 3788; x_wconf 78' lang='grc' dir='ltr'>ι</span> <span class='ocrx_word' id='word_1_514' title='bbox 1173 3735 1330 3787; x_wconf 86' lang='grc' dir='ltr'>Ὅσοι</span> <span class='ocrx_word' id='word_1_515' title='bbox 1366 3732 1466 3803; x_wconf 79' lang='grc' dir='ltr'>μὲν</span> <span class='ocrx_word' id='word_1_516' title='bbox 1505 3733 1598 3789; x_wconf 68' lang='grc' dir='ltr'>ἐπὶ</span> <span class='ocrx_word' id='word_1_517' title='bbox 1648 3730 1900 3793; x_wconf 86' lang='grc' dir='ltr'>παλαιοῖς</span> <span class='ocrx_word' id='word_1_518' title='bbox 1942 3730 2107 3799; x_wconf 83' lang='grc' dir='ltr'>θεμε-</span> 
     </span>
    </p>
   </div>
   <div class='ocr_carea' id='block_1_70' title="bbox 532 3821 2105 3896">
    <p class='ocr_par' dir='ltr' id='par_1_70' title="bbox 532 3821 2105 3896">
     <span class='ocr_line' id='line_1_70' title="bbox 532 3821 2105 3896; baseline -0.008 -13"><span class='ocrx_word' id='word_1_519' title='bbox 532 3832 667 3893; x_wconf 86' lang='grc' dir='ltr'>λίοις</span> <span class='ocrx_word' id='word_1_520' title='bbox 698 3829 841 3885; x_wconf 86' lang='grc' dir='ltr'>ναῶν</span> <span class='ocrx_word' id='word_1_521' title='bbox 864 3827 1240 3896; x_wconf 79' lang='grc' dir='ltr'>ὑποκειμένων</span> <span class='ocrx_word' id='word_1_522' title='bbox 1267 3827 1333 3894; x_wconf 81' lang='grc' dir='ltr'>τῇ</span> <span class='ocrx_word' id='word_1_523' title='bbox 1390 3824 1531 3887; x_wconf 87' lang='grc' dir='ltr'>κατά</span> <span class='ocrx_word' id='word_1_524' title='bbox 1565 3822 1624 3874; x_wconf 86' lang='grc' dir='ltr'>σέ</span> <span class='ocrx_word' id='word_1_525' title='bbox 1664 3821 1943 3890; x_wconf 81' lang='grc' dir='ltr'>ἁγιωτάτῃ</span> <span class='ocrx_word' id='word_1_526' title='bbox 1987 3822 2105 3872; x_wconf 76' lang='grc' dir='ltr'>ἐπι-</span> 
     </span>
    </p>
   </div>
   <div class='ocr_carea' id='block_1_71' title="bbox 538 3912 2107 3992">
    <p class='ocr_par' dir='ltr' id='par_1_71' title="bbox 538 3912 2107 3992">
     <span class='ocr_line' id='line_1_71' title="bbox 538 3912 2107 3992; baseline -0.008 -17"><span class='ocrx_word' id='word_1_527' title='bbox 538 3923 716 3992; x_wconf 75' lang='grc' dir='ltr'>σκοπῇ</span> <span class='ocrx_word' id='word_1_528' title='bbox 752 3919 995 3990; x_wconf 71' lang='grc' dir='ltr'>ἔφθασαν</span> <span class='ocrx_word' id='word_1_529' title='bbox 1011 3915 1367 3985; x_wconf 78' lang='grc' dir='ltr'>οἰκοδομῆσαι</span> <span class='ocrx_word' id='word_1_530' title='bbox 1393 3914 1577 3979; x_wconf 79' lang='grc' dir='ltr'>ναοὺς,</span> <span class='ocrx_word' id='word_1_531' title='bbox 1604 3913 1756 3966; x_wconf 70' lang='grc' dir='ltr'>οὐδὲν</span> <span class='ocrx_word' id='word_1_532' title='bbox 1814 3912 2065 3981; x_wconf 76' lang='grc' dir='ltr'>ὠφεληθή</span> <span class='ocrx_word' id='word_1_533' title='bbox 2084 3941 2107 3952; x_wconf 88' lang='grc'><strong><em>-</em></strong></span> 
     </span>
    </p>
   </div>
   <div class='ocr_carea' id='block_1_72' title="bbox 536 4003 2109 4077">
    <p class='ocr_par' dir='ltr' id='par_1_72' title="bbox 536 4003 2109 4077">
     <span class='ocr_line' id='line_1_72' title="bbox 536 4003 2109 4077; baseline -0.007 -11"><span class='ocrx_word' id='word_1_534' title='bbox 536 4029 720 4066; x_wconf 87' lang='grc' dir='ltr'>σονται</span> <span class='ocrx_word' id='word_1_535' title='bbox 756 4006 1003 4071; x_wconf 76' lang='grc' dir='ltr'>οὖτοιείς</span> <span class='ocrx_word' id='word_1_536' title='bbox 1031 4009 1091 4060; x_wconf 78' lang='grc' dir='ltr'>τὸ</span> <span class='ocrx_word' id='word_1_537' title='bbox 1121 4006 1200 4077; x_wconf 83' lang='grc' dir='ltr'>μὴ</span> <span class='ocrx_word' id='word_1_538' title='bbox 1225 4004 1542 4060; x_wconf 77' lang='grc' dir='ltr'>ὑποκεῖσθαι</span> <span class='ocrx_word' id='word_1_539' title='bbox 1590 4020 1693 4057; x_wconf 91' lang='grc' dir='ltr'>σοι.</span> <span class='ocrx_word' id='word_1_540' title='bbox 1733 4021 1753 4055; x_wconf 74' lang='grc' dir='ltr'>ι</span> <span class='ocrx_word' id='word_1_541' title='bbox 1791 4003 2109 4072; x_wconf 82' lang='grc' dir='ltr'>Συμπαρετ-</span> 
     </span>
    </p>
   </div>
   <div class='ocr_carea' id='block_1_73' title="bbox 539 4093 2112 4171">
    <p class='ocr_par' dir='ltr' id='par_1_73' title="bbox 539 4093 2112 4171">
     <span class='ocr_line' id='line_1_73' title="bbox 539 4093 2112 4171; baseline -0.004 -19"><span class='ocrx_word' id='word_1_542' title='bbox 539 4121 628 4155; x_wconf 84' lang='grc' dir='ltr'>ναι</span> <span class='ocrx_word' id='word_1_543' title='bbox 663 4101 845 4171; x_wconf 85' lang='grc' dir='ltr'>μέντοι</span> <span class='ocrx_word' id='word_1_544' title='bbox 896 4100 1173 4152; x_wconf 90' lang='grc' dir='ltr'>δείκνυται</span> <span class='ocrx_word' id='word_1_545' title='bbox 1221 4098 1280 4149; x_wconf 89' lang='grc' dir='ltr'>ἐν</span> <span class='ocrx_word' id='word_1_546' title='bbox 1326 4096 1462 4164; x_wconf 80' lang='grc' dir='ltr'>αὑτῇ</span> <span class='ocrx_word' id='word_1_547' title='bbox 1515 4093 1821 4164; x_wconf 86' lang='grc' dir='ltr'>τηνικαῦτα</span> <span class='ocrx_word' id='word_1_548' title='bbox 1882 4094 1978 4146; x_wconf 78' lang='grc' dir='ltr'>καὶ</span> <span class='ocrx_word' id='word_1_549' title='bbox 2020 4095 2112 4146; x_wconf 85' lang='grc' dir='ltr'>τὸν</span> 
     </span>
    </p>
   </div>
   <div class='ocr_carea' id='block_1_74' title="bbox 547 4178 2113 4273">
    <p class='ocr_par' dir='ltr' id='par_1_74' title="bbox 547 4178 2113 4273">
     <span class='ocr_line' id='line_1_74' title="bbox 547 4178 2113 4273; baseline -0.006 -26"><span class='ocrx_word' id='word_1_550' title='bbox 547 4195 802 4273; x_wconf 76' lang='grc' dir='ltr'>Ἐφέσου..</span> <span class='ocrx_word' id='word_1_551' title='bbox 837 4193 959 4244; x_wconf 83' lang='grc' dir='ltr'>Ὀτι</span> <span class='ocrx_word' id='word_1_552' title='bbox 985 4190 1040 4242; x_wconf 80' lang='grc' dir='ltr'>δέ</span> <span class='ocrx_word' id='word_1_553' title='bbox 1069 4190 1166 4257; x_wconf 90' lang='grc' dir='ltr'>οὑχ</span> <span class='ocrx_word' id='word_1_554' title='bbox 1200 4188 1387 4255; x_wconf 76' lang='grc' dir='ltr'>ἕτερός</span> <span class='ocrx_word' id='word_1_555' title='bbox 1439 4187 1563 4250; x_wconf 89' lang='grc' dir='ltr'>τις,’</span> <span class='ocrx_word' id='word_1_556' title='bbox 1603 4185 1719 4239; x_wconf 84' lang='grc' dir='ltr'>ἀλλ’</span> <span class='ocrx_word' id='word_1_557' title='bbox 1765 4178 1919 4248; x_wconf 76' lang='grc' dir='ltr'>οὗτος</span> <span class='ocrx_word' id='word_1_558' title='bbox 1972 4180 2039 4254; x_wconf 83' lang='grc' dir='ltr'>ἦν</span> <span class='ocrx_word' id='word_1_559' title='bbox 2085 4186 2113 4237; x_wconf 94' lang='grc' dir='ltr'>ὀ</span> 
     </span>
    </p>
   </div>
   <div class='ocr_carea' id='block_1_75' title="bbox 538 4272 2110 4352">
    <p class='ocr_par' dir='ltr' id='par_1_75' title="bbox 538 4272 2110 4352">
     <span class='ocr_line' id='line_1_75' title="bbox 538 4272 2110 4352; baseline -0.006 -19"><span class='ocrx_word' id='word_1_560' title='bbox 538 4272 757 4352; x_wconf 64' lang='grc' dir='ltr'>πρῶτος</span> <span class='ocrx_word' id='word_1_561' title='bbox 786 4281 842 4330; x_wconf 91' lang='grc' dir='ltr'>ἐν</span> <span class='ocrx_word' id='word_1_562' title='bbox 864 4280 929 4347; x_wconf 84' lang='grc' dir='ltr'>τῇ</span> <span class='ocrx_word' id='word_1_563' title='bbox 963 4275 1057 4330; x_wconf 87' lang='grc' dir='ltr'>τοῦ</span> <span class='ocrx_word' id='word_1_564' title='bbox 1128 4273 1369 4345; x_wconf 85' lang='grc' dir='ltr'>Πυργίου</span> <span class='ocrx_word' id='word_1_565' title='bbox 1435 4272 1513 4343; x_wconf 89' lang='grc' dir='ltr'>τῷ</span> <span class='ocrx_word' id='word_1_566' title='bbox 1566 4272 1661 4326; x_wconf 83' lang='grc' dir='ltr'>τοῦ</span> <span class='ocrx_word' id='word_1_567' title='bbox 1718 4272 2110 4343; x_wconf 81' lang='grc' dir='ltr'>μητροπολίτου</span> 
     </span>
    </p>
   </div>
   <div class='ocr_carea' id='block_1_76' title="bbox 2210 3080 3702 3160">
    <p class='ocr_par' dir='ltr' id='par_1_76' title="bbox 2210 3080 3702 3160">
     <span class='ocr_line' id='line_1_76' title="bbox 2210 3080 3702 3160; baseline -0.008 -15"><span class='ocrx_word' id='word_1_568' title='bbox 2210 3093 2507 3154; x_wconf 77' lang='grc' dir='ltr'>ωνίζουσαν</span> <span class='ocrx_word' id='word_1_569' title='bbox 2538 3090 2635 3160; x_wconf 83' lang='grc' dir='ltr'>τὴν</span> <span class='ocrx_word' id='word_1_570' title='bbox 2657 3087 2958 3157; x_wconf 81' lang='grc' dir='ltr'>ἀσφάλειαν</span> <span class='ocrx_word' id='word_1_571' title='bbox 2980 3085 3126 3157; x_wconf 77' lang='grc' dir='ltr'>μηνὶ</span> <span class='ocrx_word' id='word_1_572' title='bbox 3153 3085 3477 3154; x_wconf 73' lang='grc' dir='ltr'>Αὐγούστῳ</span> <span class='ocrx_word' id='word_1_573' title='bbox 3506 3080 3623 3139; x_wconf 63' lang='grc' dir='ltr'>ίνὸῗ.</span> <span class='ocrx_word' id='word_1_574' title='bbox 3644 3086 3702 3134; x_wconf 78' lang='grc' dir='ltr'>ι’.</span> 
     </span>
    </p>
   </div>
   <div class='ocr_carea' id='block_1_77' title="bbox 2419 3223 3565 3311">
    <p class='ocr_par' dir='ltr' id='par_1_77' title="bbox 2419 3223 3565 3280">
     <span class='ocr_line' id='line_1_77' title="bbox 2419 3223 3565 3280; baseline -0.003 0"><span class='ocrx_word' id='word_1_575' title='bbox 2419 3225 2611 3280; x_wconf 80' lang='lat' dir='ltr'><strong>XXIX.</strong></span> <span class='ocrx_word' id='word_1_576' title='bbox 2644 3224 2877 3280; x_wconf 80' lang='lat' dir='ltr'>Joannes</span> <span class='ocrx_word' id='word_1_577' title='bbox 2904 3225 3108 3278; x_wconf 70' lang='lat' dir='ltr'>dirimit</span> <span class='ocrx_word' id='word_1_578' title='bbox 3135 3223 3565 3277; x_wconf 73' lang='lat' dir='ltr'>controversiam.</span> 
     </span>
    </p>
   </div>
   <div class='ocr_carea' id='block_1_78' title="bbox 2279 3354 3787 3433">
    <p class='ocr_par' dir='ltr' id='par_1_78' title="bbox 2279 3354 3787 3433">
     <span class='ocr_line' id='line_1_78' title="bbox 2279 3354 3787 3433; baseline -0.006 -19"><span class='ocrx_word' id='word_1_579' title='bbox 2279 3364 2318 3433; x_wconf 70' lang='grc' dir='ltr'>-ι-</span> <span class='ocrx_word' id='word_1_580' title='bbox 2355 3362 2620 3428; x_wconf 86' lang='grc' dir='ltr'>Διενέξεις</span> <span class='ocrx_word' id='word_1_581' title='bbox 2669 3361 2770 3414; x_wconf 81' lang='grc' dir='ltr'>οὑκ</span> <span class='ocrx_word' id='word_1_582' title='bbox 2802 3359 2989 3427; x_wconf 90' lang='grc' dir='ltr'>ὀλίγας</span> <span class='ocrx_word' id='word_1_583' title='bbox 3035 3357 3254 3428; x_wconf 75' lang='grc' dir='ltr'>ἔχοντες</span> <span class='ocrx_word' id='word_1_584' title='bbox 3298 3359 3327 3410; x_wconf 85' lang='grc' dir='ltr'><strong>ὃ</strong></span> <span class='ocrx_word' id='word_1_585' title='bbox 3369 3374 3426 3409; x_wconf 88' lang='grc' dir='ltr'>τε</span> <span class='ocrx_word' id='word_1_586' title='bbox 3484 3354 3787 3425; x_wconf 80' lang='grc' dir='ltr'>ἱερώτατος</span> 
     </span>
    </p>
   </div>
   <div class='ocr_carea' id='block_1_79' title="bbox 2214 3447 3787 3524">
    <p class='ocr_par' dir='ltr' id='par_1_79' title="bbox 2214 3447 3787 3524">
     <span class='ocr_line' id='line_1_79' title="bbox 2214 3447 3787 3524; baseline -0.004 -19"><span class='ocrx_word' id='word_1_587' title='bbox 2214 3453 2616 3524; x_wconf 88' lang='grc' dir='ltr'>μητροπολίτης</span> <span class='ocrx_word' id='word_1_588' title='bbox 2639 3452 2770 3504; x_wconf 83' lang='grc' dir='ltr'>Χίου</span> <span class='ocrx_word' id='word_1_589' title='bbox 2796 3451 2890 3504; x_wconf 75' lang='grc' dir='ltr'>καὶ</span> <span class='ocrx_word' id='word_1_590' title='bbox 2914 3450 3214 3519; x_wconf 82' lang='grc' dir='ltr'>ὑπέρτιμος</span> <span class='ocrx_word' id='word_1_591' title='bbox 3236 3451 3329 3502; x_wconf 75' lang='grc' dir='ltr'>καὶ</span> <span class='ocrx_word' id='word_1_592' title='bbox 3355 3451 3383 3501; x_wconf 87' lang='grc' dir='ltr'>ό</span> <span class='ocrx_word' id='word_1_593' title='bbox 3407 3447 3787 3508; x_wconf 78' lang='grc' dir='ltr'>πανσέϐαστος</span> 
     </span>
    </p>
   </div>
   <div class='ocr_carea' id='block_1_80' title="bbox 2214 3538 3789 3613">
    <p class='ocr_par' dir='ltr' id='par_1_80' title="bbox 2214 3538 3789 3613">
     <span class='ocr_line' id='line_1_80' title="bbox 2214 3538 3789 3613; baseline -0.004 -17"><span class='ocrx_word' id='word_1_594' title='bbox 2214 3544 2473 3607; x_wconf 78' lang='grc' dir='ltr'>σεϐαστὸς</span> <span class='ocrx_word' id='word_1_595' title='bbox 2507 3546 2708 3605; x_wconf 86' lang='grc' dir='ltr'>οίκείος</span> <span class='ocrx_word' id='word_1_596' title='bbox 2732 3542 2809 3612; x_wconf 81' lang='grc' dir='ltr'>τῷ</span> <span class='ocrx_word' id='word_1_597' title='bbox 2846 3541 3123 3613; x_wconf 87' lang='grc' dir='ltr'>κρατίστῳ</span> <span class='ocrx_word' id='word_1_598' title='bbox 3170 3538 3265 3592; x_wconf 75' lang='grc' dir='ltr'>καὶ</span> <span class='ocrx_word' id='word_1_599' title='bbox 3296 3540 3435 3609; x_wconf 85' lang='grc' dir='ltr'>ἁγίῳ</span> <span class='ocrx_word' id='word_1_600' title='bbox 3481 3556 3584 3609; x_wconf 86' lang='grc' dir='ltr'>μου</span> <span class='ocrx_word' id='word_1_601' title='bbox 3619 3538 3789 3589; x_wconf 78' lang='grc' dir='ltr'>αὑτοο</span> 
     </span>
    </p>
   </div>
   <div class='ocr_carea' id='block_1_81' title="bbox 2212 3625 3791 3702">
    <p class='ocr_par' dir='ltr' id='par_1_81' title="bbox 2212 3625 3791 3702">
     <span class='ocr_line' id='line_1_81' title="bbox 2212 3625 3791 3702; baseline -0.009 -15"><span class='ocrx_word' id='word_1_602' title='bbox 2212 3633 2441 3702; x_wconf 82' lang='grc' dir='ltr'>κράτορι</span> <span class='ocrx_word' id='word_1_603' title='bbox 2480 3631 2584 3702; x_wconf 89' lang='grc' dir='ltr'>κῦρ</span> <span class='ocrx_word' id='word_1_604' title='bbox 2633 3632 3045 3691; x_wconf 82' lang='grc' dir='ltr'>Κωνσταντῖνος</span> <span class='ocrx_word' id='word_1_605' title='bbox 3092 3629 3120 3680; x_wconf 88' lang='lat'>0</span> <span class='ocrx_word' id='word_1_606' title='bbox 3168 3626 3435 3696; x_wconf 86' lang='grc' dir='ltr'>Πράσινος</span> <span class='ocrx_word' id='word_1_607' title='bbox 3471 3625 3599 3693; x_wconf 87' lang='grc' dir='ltr'>περί</span> <span class='ocrx_word' id='word_1_608' title='bbox 3639 3639 3791 3685; x_wconf 64' lang='grc' dir='ltr'>τινος</span> 
     </span>
    </p>
   </div>
   <div class='ocr_carea' id='block_1_82' title="bbox 2217 3717 3793 3794">
    <p class='ocr_par' dir='ltr' id='par_1_82' title="bbox 2217 3717 3793 3794">
     <span class='ocr_line' id='line_1_82' title="bbox 2217 3717 3793 3794; baseline -0.009 -18"><span class='ocrx_word' id='word_1_609' title='bbox 2217 3723 2508 3794; x_wconf 88' lang='grc' dir='ltr'>μονυδρίου</span> <span class='ocrx_word' id='word_1_610' title='bbox 2550 3720 2644 3775; x_wconf 87' lang='grc' dir='ltr'>τοῦ</span> <span class='ocrx_word' id='word_1_611' title='bbox 2693 3720 2851 3788; x_wconf 88' lang='grc' dir='ltr'>ἁγίου</span> <span class='ocrx_word' id='word_1_612' title='bbox 2898 3717 3392 3788; x_wconf 87' lang='grc' dir='ltr'>μεγαλομάρτυρος</span> <span class='ocrx_word' id='word_1_613' title='bbox 3437 3719 3532 3768; x_wconf 63' lang='grc' dir='ltr'>καὶ⁵</span> <span class='ocrx_word' id='word_1_614' title='bbox 3564 3718 3793 3781; x_wconf 58' lang='lat'>£151.21:-</span> 
     </span>
    </p>
   </div>
   <div class='ocr_carea' id='block_1_83' title="bbox 2215 3804 3792 3883">
    <p class='ocr_par' dir='ltr' id='par_1_83' title="bbox 2215 3804 3792 3883">
     <span class='ocr_line' id='line_1_83' title="bbox 2215 3804 3792 3883; baseline -0.008 -15"><span class='ocrx_word' id='word_1_615' title='bbox 2215 3814 2311 3868; x_wconf 84' lang='grc' dir='ltr'>κοῦ</span> <span class='ocrx_word' id='word_1_616' title='bbox 2344 3812 2788 3883; x_wconf 70' lang='grc' dir='ltr'>Παντελεήμονος</span> <span class='ocrx_word' id='word_1_617' title='bbox 2830 3812 2924 3864; x_wconf 73' lang='grc' dir='ltr'>καὶ</span> <span class='ocrx_word' id='word_1_618' title='bbox 2956 3811 3140 3881; x_wconf 87' lang='grc' dir='ltr'>ἐτέρου</span> <span class='ocrx_word' id='word_1_619' title='bbox 3172 3808 3488 3867; x_wconf 81' lang='grc' dir='ltr'>πανσέπτου</span> <span class='ocrx_word' id='word_1_620' title='bbox 3526 3806 3656 3859; x_wconf 85' lang='grc' dir='ltr'>ναοῦ</span> <span class='ocrx_word' id='word_1_621' title='bbox 3692 3804 3792 3857; x_wconf 87' lang='grc' dir='ltr'>τοῦ</span> 
     </span>
    </p>
   </div>
   <div class='ocr_carea' id='block_1_84' title="bbox 2216 3893 3797 3974">
    <p class='ocr_par' dir='ltr' id='par_1_84' title="bbox 2216 3893 3797 3974">
     <span class='ocr_line' id='line_1_84' title="bbox 2216 3893 3797 3974; baseline -0.006 -16"><span class='ocrx_word' id='word_1_622' title='bbox 2216 3908 2270 3958; x_wconf 92' lang='grc' dir='ltr'>ἐν</span> <span class='ocrx_word' id='word_1_623' title='bbox 2301 3906 2476 3974; x_wconf 82' lang='grc' dir='ltr'>ἁγίοις</span> <span class='ocrx_word' id='word_1_624' title='bbox 2506 3921 2577 3956; x_wconf 89' lang='grc' dir='ltr'>πα</span> <span class='ocrx_word' id='word_1_625' title='bbox 2587 3903 2880 3974; x_wconf 80' lang='grc' dir='ltr'>μμάκαρος</span> <span class='ocrx_word' id='word_1_626' title='bbox 2906 3901 3194 3964; x_wconf 87' lang='grc' dir='ltr'>Νικολάου,</span> <span class='ocrx_word' id='word_1_627' title='bbox 3223 3900 3306 3968; x_wconf 76' lang='grc' dir='ltr'>ἐφ’</span> <span class='ocrx_word' id='word_1_628' title='bbox 3328 3893 3407 3962; x_wconf 75' lang='grc' dir='ltr'>οἷς</span> <span class='ocrx_word' id='word_1_629' title='bbox 3436 3898 3552 3968; x_wconf 79' lang='grc' dir='ltr'>ἔχει</span> <span class='ocrx_word' id='word_1_630' title='bbox 3578 3897 3797 3951; x_wconf 83' lang='grc' dir='ltr'>δίκαιον</span> 
     </span>
    </p>
   </div>
   <div class='ocr_carea' id='block_1_85' title="bbox 2216 3989 3796 4068">
    <p class='ocr_par' dir='ltr' id='par_1_85' title="bbox 2216 3989 3796 4068">
     <span class='ocr_line' id='line_1_85' title="bbox 2216 3989 3796 4068; baseline -0.009 -15"><span class='ocrx_word' id='word_1_631' title='bbox 2216 3998 2563 4068; x_wconf 83' lang='grc' dir='ltr'>γονικότητος</span> <span class='ocrx_word' id='word_1_632' title='bbox 2594 3998 2622 4049; x_wconf 97' lang='lat'>0</span> <span class='ocrx_word' id='word_1_633' title='bbox 2660 3995 2822 4057; x_wconf 82' lang='grc' dir='ltr'>αὑτὸς</span> <span class='ocrx_word' id='word_1_634' title='bbox 2860 3994 3155 4062; x_wconf 84' lang='grc' dir='ltr'>Πράσινος,</span> <span class='ocrx_word' id='word_1_635' title='bbox 3182 3990 3261 4043; x_wconf 76' lang='grc' dir='ltr'>ἔτι</span> <span class='ocrx_word' id='word_1_636' title='bbox 3290 4007 3348 4042; x_wconf 89' lang='grc' dir='ltr'>τε</span> <span class='ocrx_word' id='word_1_637' title='bbox 3379 3991 3470 4042; x_wconf 82' lang='grc' dir='ltr'>καὶ</span> <span class='ocrx_word' id='word_1_638' title='bbox 3499 3991 3627 4059; x_wconf 69' lang='grc' dir='ltr'>περὶ</span> <span class='ocrx_word' id='word_1_639' title='bbox 3673 3989 3796 4040; x_wconf 69' lang='grc' dir='ltr'>ἐτέο</span> 
     </span>
    </p>
   </div>
   <div class='ocr_carea' id='block_1_86' title="bbox 2222 4079 3795 4161">
    <p class='ocr_par' dir='ltr' id='par_1_86' title="bbox 2222 4079 3795 4161">
     <span class='ocr_line' id='line_1_86' title="bbox 2222 4079 3795 4161; baseline -0.01 -15"><span class='ocrx_word' id='word_1_640' title='bbox 2222 4108 2331 4161; x_wconf 87' lang='grc' dir='ltr'>ρων</span> <span class='ocrx_word' id='word_1_641' title='bbox 2354 4088 2516 4142; x_wconf 84' lang='grc' dir='ltr'>τινῶν</span> <span class='ocrx_word' id='word_1_642' title='bbox 2553 4086 2875 4161; x_wconf 88' lang='grc' dir='ltr'>μονυδρίων,</span> <span class='ocrx_word' id='word_1_643' title='bbox 2911 4084 3170 4152; x_wconf 84' lang='grc' dir='ltr'>ἐκίνησαν</span> <span class='ocrx_word' id='word_1_644' title='bbox 3200 4082 3268 4135; x_wconf 88' lang='grc' dir='ltr'>τά</span> <span class='ocrx_word' id='word_1_645' title='bbox 3302 4079 3431 4149; x_wconf 84' lang='grc' dir='ltr'>περὶ</span> <span class='ocrx_word' id='word_1_646' title='bbox 3460 4080 3653 4132; x_wconf 88' lang='grc' dir='ltr'>τούτου</span> <span class='ocrx_word' id='word_1_647' title='bbox 3696 4080 3795 4131; x_wconf 81' lang='grc' dir='ltr'>ἐπὶ</span> 
     </span>
    </p>
   </div>
   <div class='ocr_carea' id='block_1_87' title="bbox 2217 4168 3797 4252">
    <p class='ocr_par' dir='ltr' id='par_1_87' title="bbox 2217 4168 3797 4252">
     <span class='ocr_line' id='line_1_87' title="bbox 2217 4168 3797 4252; baseline -0.008 -18"><span class='ocrx_word' id='word_1_648' title='bbox 2217 4184 2316 4248; x_wconf 80' lang='grc' dir='ltr'>τῆς</span> <span class='ocrx_word' id='word_1_649' title='bbox 2370 4180 2526 4252; x_wconf 83' lang='grc' dir='ltr'>ήμῶν</span> <span class='ocrx_word' id='word_1_650' title='bbox 2584 4176 2953 4247; x_wconf 84' lang='grc' dir='ltr'>μετριότητος.</span> <span class='ocrx_word' id='word_1_651' title='bbox 2997 4175 3108 4227; x_wconf 74' lang='grc' dir='ltr'>Καὶ</span> <span class='ocrx_word' id='word_1_652' title='bbox 3138 4172 3262 4225; x_wconf 81' lang='grc' dir='ltr'>ἐπεὶ</span> <span class='ocrx_word' id='word_1_653' title='bbox 3312 4173 3341 4225; x_wconf 94' lang='lat'>0</span> <span class='ocrx_word' id='word_1_654' title='bbox 3390 4172 3491 4240; x_wconf 78' lang='grc' dir='ltr'>μὲν</span> <span class='ocrx_word' id='word_1_655' title='bbox 3542 4168 3797 4232; x_wconf 84' lang='grc' dir='ltr'>τοιοῦτος</span> 
     </span>
    </p>
   </div>
   <div class='ocr_carea' id='block_1_88' title="bbox 2222 4260 3795 4342">
    <p class='ocr_par' dir='ltr' id='par_1_88' title="bbox 2222 4260 3795 4342">
     <span class='ocr_line' id='line_1_88' title="bbox 2222 4260 3795 4342; baseline -0.01 -17"><span class='ocrx_word' id='word_1_656' title='bbox 2222 4273 2485 4342; x_wconf 85' lang='grc' dir='ltr'>Πράσινος</span> <span class='ocrx_word' id='word_1_657' title='bbox 2514 4269 2674 4338; x_wconf 76' lang='grc' dir='ltr'>ἐνῆγε</span> <span class='ocrx_word' id='word_1_658' title='bbox 2709 4267 2852 4319; x_wconf 83' lang='grc' dir='ltr'>κατά</span> <span class='ocrx_word' id='word_1_659' title='bbox 2883 4264 2976 4317; x_wconf 86' lang='grc' dir='ltr'>τοῦ</span> <span class='ocrx_word' id='word_1_660' title='bbox 3007 4262 3304 4334; x_wconf 78' lang='grc' dir='ltr'>εἰρημένου</span> <span class='ocrx_word' id='word_1_661' title='bbox 3339 4260 3636 4330; x_wconf 77' lang='grc' dir='ltr'>ἱερωτάτου</span> <span class='ocrx_word' id='word_1_662' title='bbox 3680 4277 3795 4327; x_wconf 83' lang='grc' dir='ltr'>μη-</span> 
     </span>
    </p>
   </div>
   <div class='ocr_carea' id='block_1_89' title="bbox 538 4351 3796 4442">
    <p class='ocr_par' dir='ltr' id='par_1_89' title="bbox 538 4351 3796 4442">
     <span class='ocr_line' id='line_1_89' title="bbox 538 4351 3796 4442; baseline -0.007 -17"><span class='ocrx_word' id='word_1_663' title='bbox 538 4351 790 4442; x_wconf 76' lang='grc' dir='ltr'>τιμηθεὶς</span> <span class='ocrx_word' id='word_1_664' title='bbox 816 4369 1066 4436; x_wconf 85' lang='grc' dir='ltr'>ὀνόματι,</span> <span class='ocrx_word' id='word_1_665' title='bbox 1101 4367 1129 4418; x_wconf 86' lang='grc' dir='ltr'>ὀ</span> <span class='ocrx_word' id='word_1_666' title='bbox 1152 4363 1535 4426; x_wconf 83' lang='grc' dir='ltr'>Σπανόπουλος</span> <span class='ocrx_word' id='word_1_667' title='bbox 1564 4364 1770 4434; x_wconf 81' lang='grc' dir='ltr'>δηλαδὴ</span> <span class='ocrx_word' id='word_1_668' title='bbox 1817 4366 2108 4417; x_wconf 81' lang='grc' dir='ltr'>Κωνσταν-</span> <span class='ocrx_word' id='word_1_669' title='bbox 2146 4371 2190 4425; x_wconf 84' lang='grc' dir='ltr'>ι)</span> <span class='ocrx_word' id='word_1_670' title='bbox 2220 4362 2536 4429; x_wconf 86' lang='grc' dir='ltr'>τροπολίτου</span> <span class='ocrx_word' id='word_1_671' title='bbox 2566 4360 2699 4415; x_wconf 85' lang='grc' dir='ltr'>Χίου</span> <span class='ocrx_word' id='word_1_672' title='bbox 2729 4359 2822 4413; x_wconf 79' lang='grc' dir='ltr'>καὶ</span> <span class='ocrx_word' id='word_1_673' title='bbox 2849 4357 3178 4435; x_wconf 83' lang='grc' dir='ltr'>ὑπερτίμου,</span> <span class='ocrx_word' id='word_1_674' title='bbox 3210 4356 3304 4407; x_wconf 71' lang='grc' dir='ltr'>καὶ</span> <span class='ocrx_word' id='word_1_675' title='bbox 3328 4352 3619 4405; x_wconf 87' lang='grc' dir='ltr'>διετείνετο</span> <span class='ocrx_word' id='word_1_676' title='bbox 3640 4351 3796 4419; x_wconf 84' lang='grc' dir='ltr'>λαμ-</span> 
     </span>
    </p>
   </div>
   <div class='ocr_carea' id='block_1_90' title="bbox 537 4448 2115 4527">
    <p class='ocr_par' dir='ltr' id='par_1_90' title="bbox 537 4448 2115 4527">
     <span class='ocr_line' id='line_1_90' title="bbox 537 4448 2115 4527; baseline -0.007 -9"><span class='ocrx_word' id='word_1_677' title='bbox 537 4467 679 4527; x_wconf 85' lang='grc' dir='ltr'>τίνος</span> <span class='ocrx_word' id='word_1_678' title='bbox 711 4448 951 4514; x_wconf 82' lang='grc' dir='ltr'>δείκνυσι</span> <span class='ocrx_word' id='word_1_679' title='bbox 984 4459 1079 4512; x_wconf 83' lang='grc' dir='ltr'>καὶ</span> <span class='ocrx_word' id='word_1_680' title='bbox 1132 4456 1192 4510; x_wconf 86' lang='grc' dir='ltr'>τὸ</span> <span class='ocrx_word' id='word_1_681' title='bbox 1246 4454 1447 4525; x_wconf 81' lang='grc' dir='ltr'>προσὸν</span> <span class='ocrx_word' id='word_1_682' title='bbox 1491 4458 1557 4526; x_wconf 80' lang='grc' dir='ltr'>τῇ</span> <span class='ocrx_word' id='word_1_683' title='bbox 1620 4456 1886 4525; x_wconf 74' lang='grc' dir='ltr'>ἐκκλησίᾳ</span> <span class='ocrx_word' id='word_1_684' title='bbox 1942 4456 2115 4526; x_wconf 85' lang='grc' dir='ltr'>ταύτῃ</span> 
     </span>
    </p>
   </div>
   <div class='ocr_carea' id='block_1_91' title="bbox 544 4546 2117 4620">
    <p class='ocr_par' dir='ltr' id='par_1_91' title="bbox 544 4546 2117 4620">
     <span class='ocr_line' id='line_1_91' title="bbox 544 4546 2117 4620; baseline -0.006 -12"><span class='ocrx_word' id='word_1_685' title='bbox 544 4555 776 4609; x_wconf 81' lang='grc' dir='ltr'>παλαιὸν</span> <span class='ocrx_word' id='word_1_686' title='bbox 836 4549 1220 4620; x_wconf 81' lang='grc' dir='ltr'>άπογραφικὸν</span> <span class='ocrx_word' id='word_1_687' title='bbox 1284 4547 1582 4615; x_wconf 87' lang='grc' dir='ltr'>δικαίωμα,</span> <span class='ocrx_word' id='word_1_688' title='bbox 1635 4548 1774 4616; x_wconf 83' lang='grc' dir='ltr'>ὅπερ</span> <span class='ocrx_word' id='word_1_689' title='bbox 1822 4548 1916 4601; x_wconf 74' lang='grc' dir='ltr'>καὶ</span> <span class='ocrx_word' id='word_1_690' title='bbox 1983 4546 2117 4599; x_wconf 79' lang='grc' dir='ltr'>αύτό</span> 
     </span>
    </p>
   </div>
   <div class='ocr_carea' id='block_1_92' title="bbox 540 4632 2113 4712">
    <p class='ocr_par' dir='ltr' id='par_1_92' title="bbox 540 4632 2113 4712">
     <span class='ocr_line' id='line_1_92' title="bbox 540 4632 2113 4712; baseline -0.006 -18"><span class='ocrx_word' id='word_1_691' title='bbox 540 4641 873 4712; x_wconf 73' lang='grc' dir='ltr'>ἐνεφανίσθη</span> <span class='ocrx_word' id='word_1_692' title='bbox 909 4642 1041 4709; x_wconf 75' lang='grc' dir='ltr'>ἡμῖν</span> <span class='ocrx_word' id='word_1_693' title='bbox 1073 4638 1225 4705; x_wconf 73' lang='grc' dir='ltr'>παρὰ</span> <span class='ocrx_word' id='word_1_694' title='bbox 1247 4635 1355 4687; x_wconf 81' lang='grc' dir='ltr'>τῶν</span> <span class='ocrx_word' id='word_1_695' title='bbox 1380 4634 1552 4703; x_wconf 79' lang='grc' dir='ltr'>αὐτῆς</span> <span class='ocrx_word' id='word_1_696' title='bbox 1580 4632 1884 4705; x_wconf 86' lang='grc' dir='ltr'>κληρικῶν,</span> <span class='ocrx_word' id='word_1_697' title='bbox 1904 4633 1962 4699; x_wconf 83' lang='grc' dir='ltr'>ἐξ</span> <span class='ocrx_word' id='word_1_698' title='bbox 1996 4632 2113 4685; x_wconf 87' lang='grc' dir='ltr'>ὀνό-</span> 
     </span>
    </p>
   </div>
   <div class='ocr_carea' id='block_1_93' title="bbox 547 4722 2115 4802">
    <p class='ocr_par' dir='ltr' id='par_1_93' title="bbox 547 4722 2115 4802">
     <span class='ocr_line' id='line_1_93' title="bbox 547 4722 2115 4802; baseline -0.006 -18"><span class='ocrx_word' id='word_1_699' title='bbox 547 4749 717 4802; x_wconf 90' lang='grc' dir='ltr'>ματος</span> <span class='ocrx_word' id='word_1_700' title='bbox 742 4729 930 4782; x_wconf 85' lang='grc' dir='ltr'>τοῦτον</span> <span class='ocrx_word' id='word_1_701' title='bbox 950 4726 1319 4797; x_wconf 82' lang='grc' dir='ltr'>παραδηλοῦν,</span> <span class='ocrx_word' id='word_1_702' title='bbox 1342 4726 1419 4787; x_wconf 88' lang='grc' dir='ltr'>είς</span> <span class='ocrx_word' id='word_1_703' title='bbox 1449 4725 1778 4786; x_wconf 87' lang='grc' dir='ltr'>ἐπισκόπους</span> <span class='ocrx_word' id='word_1_704' title='bbox 1794 4723 1874 4774; x_wconf 83' lang='grc' dir='ltr'>ἔτι</span> <span class='ocrx_word' id='word_1_705' title='bbox 1900 4722 2115 4775; x_wconf 83' lang='grc' dir='ltr'>τελοῦν-</span> 
     </span>
    </p>
   </div>
   <div class='ocr_carea' id='block_1_94' title="bbox 541 4814 2116 4893">
    <p class='ocr_par' dir='ltr' id='par_1_94' title="bbox 541 4814 2116 4893">
     <span class='ocr_line' id='line_1_94' title="bbox 541 4814 2116 4893; baseline -0.008 -15"><span class='ocrx_word' id='word_1_706' title='bbox 541 4842 608 4878; x_wconf 84' lang='grc' dir='ltr'>τα</span> <span class='ocrx_word' id='word_1_707' title='bbox 635 4838 649 4853; x_wconf 86' lang='grc'>⁶</span> <span class='ocrx_word' id='word_1_708' title='bbox 681 4824 742 4876; x_wconf 88' lang='grc' dir='ltr'>οὑ</span> <span class='ocrx_word' id='word_1_709' title='bbox 779 4822 885 4893; x_wconf 78' lang='grc' dir='ltr'>μὴν</span> <span class='ocrx_word' id='word_1_710' title='bbox 914 4820 1048 4872; x_wconf 83' lang='grc' dir='ltr'>ἀλλὰ</span> <span class='ocrx_word' id='word_1_711' title='bbox 1076 4820 1169 4870; x_wconf 78' lang='grc' dir='ltr'>καὶ</span> <span class='ocrx_word' id='word_1_712' title='bbox 1200 4817 1307 4871; x_wconf 85' lang='grc' dir='ltr'>τῶν</span> <span class='ocrx_word' id='word_1_713' title='bbox 1338 4816 1583 4869; x_wconf 84' lang='grc' dir='ltr'>παλαιῶν</span> <span class='ocrx_word' id='word_1_714' title='bbox 1617 4815 1993 4883; x_wconf 89' lang='grc' dir='ltr'>νομοκανόνων</span> <span class='ocrx_word' id='word_1_715' title='bbox 2032 4814 2116 4884; x_wconf 84' lang='grc' dir='ltr'>βι-</span> 
     </span>
    </p>
   </div>
   <div class='ocr_carea' id='block_1_95' title="bbox 542 4903 2117 4979">
    <p class='ocr_par' dir='ltr' id='par_1_95' title="bbox 542 4903 2117 4979">
     <span class='ocr_line' id='line_1_95' title="bbox 542 4903 2117 4979; baseline -0.008 -11"><span class='ocrx_word' id='word_1_716' title='bbox 542 4917 705 4968; x_wconf 69' lang='grc' dir='ltr'>ϐλίων</span> <span class='ocrx_word' id='word_1_717' title='bbox 734 4915 835 4967; x_wconf 89' lang='grc' dir='ltr'>ούκ</span> <span class='ocrx_word' id='word_1_718' title='bbox 867 4911 1025 4979; x_wconf 86' lang='grc' dir='ltr'>ὀλίγα</span> <span class='ocrx_word' id='word_1_719' title='bbox 1051 4908 1128 4979; x_wconf 85' lang='grc' dir='ltr'>τῷ</span> <span class='ocrx_word' id='word_1_720' title='bbox 1157 4907 1443 4975; x_wconf 79' lang='grc' dir='ltr'>καταλόγῳ</span> <span class='ocrx_word' id='word_1_721' title='bbox 1470 4907 1576 4958; x_wconf 84' lang='grc' dir='ltr'>τῶν</span> <span class='ocrx_word' id='word_1_722' title='bbox 1602 4903 1993 4974; x_wconf 88' lang='grc' dir='ltr'>μητροπόλεων</span> <span class='ocrx_word' id='word_1_723' title='bbox 2022 4904 2117 4955; x_wconf 75' lang='grc' dir='ltr'>καὶ</span> 
     </span>
    </p>
   </div>
   <div class='ocr_carea' id='block_1_96' title="bbox 543 4989 2117 5078">
    <p class='ocr_par' dir='ltr' id='par_1_96' title="bbox 543 4989 2117 5078">
     <span class='ocr_line' id='line_1_96' title="bbox 543 4989 2117 5078; baseline -0.01 -19"><span class='ocrx_word' id='word_1_724' title='bbox 543 5009 642 5078; x_wconf 81' lang='grc' dir='ltr'>τὴν</span> <span class='ocrx_word' id='word_1_725' title='bbox 662 5004 755 5060; x_wconf 87' lang='grc' dir='ltr'>τοῦ</span> <span class='ocrx_word' id='word_1_726' title='bbox 784 5003 1022 5073; x_wconf 80' lang='grc' dir='ltr'>Πυργίου</span> <span class='ocrx_word' id='word_1_727' title='bbox 1053 4997 1453 5069; x_wconf 87' lang='grc' dir='ltr'>ἐναριθμοῦντα</span> <span class='ocrx_word' id='word_1_728' title='bbox 1483 4996 1613 5066; x_wconf 83' lang='grc' dir='ltr'>ἡμῖν</span> <span class='ocrx_word' id='word_1_729' title='bbox 1661 4994 1910 5065; x_wconf 74' lang='grc' dir='ltr'>εὓρηται,</span> <span class='ocrx_word' id='word_1_730' title='bbox 1951 4989 2117 5047; x_wconf 76' lang='grc' dir='ltr'>οἷστι-</span> 
     </span>
    </p>
   </div>
   <div class='ocr_carea' id='block_1_97' title="bbox 545 5085 2145 5169">
    <p class='ocr_par' dir='ltr' id='par_1_97' title="bbox 545 5085 2145 5169">
     <span class='ocr_line' id='line_1_97' title="bbox 545 5085 2145 5169; baseline -0.013 -16"><span class='ocrx_word' id='word_1_731' title='bbox 545 5118 631 5153; x_wconf 85' lang='grc' dir='ltr'>σιν</span> <span class='ocrx_word' id='word_1_732' title='bbox 658 5098 860 5169; x_wconf 87' lang='grc' dir='ltr'>όμοίως</span> <span class='ocrx_word' id='word_1_733' title='bbox 906 5095 1029 5157; x_wconf 86' lang='grc' dir='ltr'>ταῖς</span> <span class='ocrx_word' id='word_1_734' title='bbox 1066 5087 1474 5163; x_wconf 85' lang='grc' dir='ltr'>μητροπόλεσιν</span> <span class='ocrx_word' id='word_1_735' title='bbox 1522 5085 1690 5157; x_wconf 83' lang='grc' dir='ltr'>αὑτὴν</span> <span class='ocrx_word' id='word_1_736' title='bbox 1743 5085 2145 5155; x_wconf 30' lang='grc' dir='ltr'>συνηρίθμησε,</span> 
     </span>
    </p>
   </div>
   <div class='ocr_carea' id='block_1_98' title="bbox 466 5176 2119 5258">
    <p class='ocr_par' dir='ltr' id='par_1_98' title="bbox 466 5176 2119 5258">
     <span class='ocr_line' id='line_1_98' title="bbox 466 5176 2119 5258; baseline -0.011 -12"><span class='ocrx_word' id='word_1_737' title='bbox 466 5204 469 5209; x_wconf 80' lang='lat'><em>&#39;</em></span> <span class='ocrx_word' id='word_1_738' title='bbox 542 5191 759 5245; x_wconf 76' lang='grc' dir='ltr'>καὶόἐν</span> <span class='ocrx_word' id='word_1_739' title='bbox 800 5185 1044 5258; x_wconf 75' lang='grc' dir='ltr'>μακαρίᾳ</span> <span class='ocrx_word' id='word_1_740' title='bbox 1072 5185 1138 5253; x_wconf 76' lang='grc' dir='ltr'>τῇ</span> <span class='ocrx_word' id='word_1_741' title='bbox 1196 5179 1347 5251; x_wconf 80' lang='grc' dir='ltr'>λήξει</span> <span class='ocrx_word' id='word_1_742' title='bbox 1395 5178 1682 5247; x_wconf 83' lang='grc' dir='ltr'>γενόμενος</span> <span class='ocrx_word' id='word_1_743' title='bbox 1732 5177 1971 5242; x_wconf 86' lang='grc' dir='ltr'>ἀοίδιμος</span> <span class='ocrx_word' id='word_1_744' title='bbox 2025 5176 2119 5228; x_wconf 76' lang='grc' dir='ltr'>καὶ</span> 
     </span>
    </p>
   </div>
   <div class='ocr_carea' id='block_1_99' title="bbox 546 5267 2118 5352">
    <p class='ocr_par' dir='ltr' id='par_1_99' title="bbox 546 5267 2118 5352">
     <span class='ocr_line' id='line_1_99' title="bbox 546 5267 2118 5352; baseline -0.01 -16"><span class='ocrx_word' id='word_1_745' title='bbox 546 5282 857 5352; x_wconf 85' lang='grc' dir='ltr'>μακαρίτης</span> <span class='ocrx_word' id='word_1_746' title='bbox 882 5275 1158 5347; x_wconf 74' lang='grc' dir='ltr'>βασιλεὺς,</span> <span class='ocrx_word' id='word_1_747' title='bbox 1190 5272 1218 5323; x_wconf 91' lang='grc' dir='ltr'>ὀ</span> <span class='ocrx_word' id='word_1_748' title='bbox 1241 5270 1573 5339; x_wconf 85' lang='grc' dir='ltr'>πρόπαππος</span> <span class='ocrx_word' id='word_1_749' title='bbox 1593 5267 1688 5320; x_wconf 88' lang='grc' dir='ltr'>τοῦ</span> <span class='ocrx_word' id='word_1_750' title='bbox 1712 5267 2002 5336; x_wconf 84' lang='grc' dir='ltr'>κρατίστου</span> <span class='ocrx_word' id='word_1_751' title='bbox 2027 5270 2118 5338; x_wconf 63' lang='grc' dir='ltr'>καὶ</span> 
     </span>
    </p>
   </div>
   <div class='ocr_carea' id='block_1_100' title="bbox 544 5358 2114 5440">
    <p class='ocr_par' dir='ltr' id='par_1_100' title="bbox 544 5358 2114 5440">
     <span class='ocr_line' id='line_1_100' title="bbox 544 5358 2114 5440; baseline -0.008 -15"><span class='ocrx_word' id='word_1_752' title='bbox 544 5374 714 5440; x_wconf 77' lang='grc' dir='ltr'>ἁγίου.</span> <span class='ocrx_word' id='word_1_753' title='bbox 730 5388 831 5439; x_wconf 89' lang='grc' dir='ltr'>μου</span> <span class='ocrx_word' id='word_1_754' title='bbox 877 5366 1300 5435; x_wconf 81' lang='grc' dir='ltr'>αὐτοκράτορος,</span> <span class='ocrx_word' id='word_1_755' title='bbox 1336 5361 1394 5412; x_wconf 85' lang='grc' dir='ltr'>ἐν</span> <span class='ocrx_word' id='word_1_756' title='bbox 1421 5362 1485 5430; x_wconf 76' lang='grc' dir='ltr'>τῇ</span> <span class='ocrx_word' id='word_1_757' title='bbox 1519 5358 1799 5429; x_wconf 73' lang='grc' dir='ltr'>ἐκτεθείσῃ</span> <span class='ocrx_word' id='word_1_758' title='bbox 1831 5362 2114 5430; x_wconf 84' lang='grc' dir='ltr'>προσταγῇ</span> 
     </span>
    </p>
   </div>
   <div class='ocr_carea' id='block_1_101' title="bbox 542 5451 2118 5531">
    <p class='ocr_par' dir='ltr' id='par_1_101' title="bbox 542 5451 2118 5531">
     <span class='ocr_line' id='line_1_101' title="bbox 542 5451 2118 5531; baseline -0.01 -14"><span class='ocrx_word' id='word_1_759' title='bbox 542 5463 848 5531; x_wconf 82' lang='grc' dir='ltr'>τηνικαῦτα</span> <span class='ocrx_word' id='word_1_760' title='bbox 869 5463 935 5529; x_wconf 77' lang='grc' dir='ltr'>τῇ</span> <span class='ocrx_word' id='word_1_761' title='bbox 998 5454 1163 5511; x_wconf 84' lang='grc' dir='ltr'>αὑτοῦ</span> <span class='ocrx_word' id='word_1_762' title='bbox 1218 5451 1598 5521; x_wconf 84' lang='grc' dir='ltr'>ἀπαριθμήσει</span> <span class='ocrx_word' id='word_1_763' title='bbox 1647 5455 1742 5503; x_wconf 76' lang='grc' dir='ltr'>καὶ</span> <span class='ocrx_word' id='word_1_764' title='bbox 1798 5452 1949 5515; x_wconf 88' lang='grc' dir='ltr'>τάξει</span> <span class='ocrx_word' id='word_1_765' title='bbox 2012 5452 2118 5502; x_wconf 82' lang='grc' dir='ltr'>τῶν</span> 
     </span>
    </p>
   </div>
   <div class='ocr_carea' id='block_1_102' title="bbox 552 5540 2118 5620">
    <p class='ocr_par' dir='ltr' id='par_1_102' title="bbox 552 5540 2118 5620">
     <span class='ocr_line' id='line_1_102' title="bbox 552 5540 2118 5620; baseline -0.008 -14"><span class='ocrx_word' id='word_1_766' title='bbox 552 5556 869 5620; x_wconf 84' lang='grc' dir='ltr'>ἁγιωτάτων</span> <span class='ocrx_word' id='word_1_767' title='bbox 896 5547 1200 5617; x_wconf 83' lang='grc' dir='ltr'>ἐκκλησιῶν</span> <span class='ocrx_word' id='word_1_768' title='bbox 1240 5546 1392 5613; x_wconf 84' lang='grc' dir='ltr'>παρὰ</span> <span class='ocrx_word' id='word_1_769' title='bbox 1417 5540 1511 5593; x_wconf 87' lang='grc' dir='ltr'>τοῦ</span> <span class='ocrx_word' id='word_1_770' title='bbox 1547 5542 1713 5612; x_wconf 85' lang='grc' dir='ltr'>κυροῦ</span> <span class='ocrx_word' id='word_1_771' title='bbox 1764 5543 1945 5611; x_wconf 78' lang='grc' dir='ltr'>Μηνᾶ,</span> <span class='ocrx_word' id='word_1_772' title='bbox 1995 5545 2118 5612; x_wconf 78' lang='grc' dir='ltr'>ἥτις</span> 
     </span>
    </p>
   </div>
   <div class='ocr_carea' id='block_1_103' title="bbox 556 5629 2115 5710">
    <p class='ocr_par' dir='ltr' id='par_1_103' title="bbox 556 5629 2115 5710">
     <span class='ocr_line' id='line_1_103' title="bbox 556 5629 2115 5710; baseline -0.009 -13"><span class='ocrx_word' id='word_1_773' title='bbox 556 5646 620 5705; x_wconf 83' lang='grc' dir='ltr'>δὴ</span> <span class='ocrx_word' id='word_1_774' title='bbox 641 5642 1018 5710; x_wconf 79' lang='grc' dir='ltr'>ἁπαρίθμησις</span> <span class='ocrx_word' id='word_1_775' title='bbox 1046 5638 1488 5705; x_wconf 76' lang='grc' dir='ltr'>ἐγκατέστρωται</span> <span class='ocrx_word' id='word_1_776' title='bbox 1519 5633 1594 5700; x_wconf 75' lang='grc' dir='ltr'>τῷ</span> <span class='ocrx_word' id='word_1_777' title='bbox 1622 5633 1679 5685; x_wconf 87' lang='grc' dir='ltr'>ἐν</span> <span class='ocrx_word' id='word_1_778' title='bbox 1732 5629 1795 5703; x_wconf 79' lang='grc' dir='ltr'>τῇ</span> <span class='ocrx_word' id='word_1_779' title='bbox 1844 5632 2115 5701; x_wconf 75' lang='grc' dir='ltr'>σεϐασμίᾳ</span> 
     </span>
    </p>
   </div>
   <div class='ocr_carea' id='block_1_104' title="bbox 2221 4431 3797 4520">
    <p class='ocr_par' dir='ltr' id='par_1_104' title="bbox 2221 4431 3797 4520">
     <span class='ocr_line' id='line_1_104' title="bbox 2221 4431 3797 4520; baseline -0.009 -15"><span class='ocrx_word' id='word_1_780' title='bbox 2221 4453 2405 4505; x_wconf 78' lang='grc' dir='ltr'>δάνειν</span> <span class='ocrx_word' id='word_1_781' title='bbox 2461 4453 2560 4520; x_wconf 82' lang='grc' dir='ltr'>μὲν</span> <span class='ocrx_word' id='word_1_782' title='bbox 2620 4450 2781 4503; x_wconf 78' lang='grc' dir='ltr'>αὑτὸν</span> <span class='ocrx_word' id='word_1_783' title='bbox 2834 4448 2903 4500; x_wconf 82' lang='grc' dir='ltr'>τὰ</span> <span class='ocrx_word' id='word_1_784' title='bbox 2960 4431 3296 4515; x_wconf 82' lang='grc' dir='ltr'>είσοδήματα</span> <span class='ocrx_word' id='word_1_785' title='bbox 3351 4444 3463 4495; x_wconf 84' lang='grc' dir='ltr'>τῶν</span> <span class='ocrx_word' id='word_1_786' title='bbox 3527 4440 3797 4494; x_wconf 82' lang='grc' dir='ltr'>τοιούτων</span> 
     </span>
    </p>
   </div>
   <div class='ocr_carea' id='block_1_105' title="bbox 2224 4529 3798 4613">
    <p class='ocr_par' dir='ltr' id='par_1_105' title="bbox 2224 4529 3798 4613">
     <span class='ocr_line' id='line_1_105' title="bbox 2224 4529 3798 4613; baseline -0.008 -17"><span class='ocrx_word' id='word_1_787' title='bbox 2224 4542 2523 4613; x_wconf 83' lang='grc' dir='ltr'>μονυδρίων</span> <span class='ocrx_word' id='word_1_788' title='bbox 2548 4556 2605 4591; x_wconf 90' lang='grc' dir='ltr'>τε</span> <span class='ocrx_word' id='word_1_789' title='bbox 2636 4538 2731 4592; x_wconf 75' lang='grc' dir='ltr'>καὶ</span> <span class='ocrx_word' id='word_1_790' title='bbox 2766 4536 3075 4605; x_wconf 85' lang='grc' dir='ltr'>ἐκκλησιῶν</span> <span class='ocrx_word' id='word_1_791' title='bbox 3109 4534 3206 4588; x_wconf 82' lang='grc' dir='ltr'>καὶ</span> <span class='ocrx_word' id='word_1_792' title='bbox 3237 4529 3585 4603; x_wconf 84' lang='grc' dir='ltr'>καρποῦσθαι</span> <span class='ocrx_word' id='word_1_793' title='bbox 3612 4531 3798 4583; x_wconf 82' lang='grc' dir='ltr'>ταῦτα</span> 
     </span>
    </p>
   </div>
   <div class='ocr_carea' id='block_1_106' title="bbox 2221 4619 3798 4694">
    <p class='ocr_par' dir='ltr' id='par_1_106' title="bbox 2221 4619 3798 4694">
     <span class='ocr_line' id='line_1_106' title="bbox 2221 4619 3798 4694; baseline -0.009 -8"><span class='ocrx_word' id='word_1_794' title='bbox 2221 4634 2402 4686; x_wconf 89' lang='grc' dir='ltr'>πάντα</span> <span class='ocrx_word' id='word_1_795' title='bbox 2446 4630 2630 4694; x_wconf 77' lang='grc' dir='ltr'>αὑτὸν,</span> <span class='ocrx_word' id='word_1_796' title='bbox 2677 4627 2974 4682; x_wconf 83' lang='grc' dir='ltr'>κάντεῦθεν</span> <span class='ocrx_word' id='word_1_797' title='bbox 3014 4626 3182 4688; x_wconf 85' lang='grc' dir='ltr'>πολὺς</span> <span class='ocrx_word' id='word_1_798' title='bbox 3219 4619 3288 4692; x_wconf 80' lang='grc' dir='ltr'>ἦν</span> <span class='ocrx_word' id='word_1_799' title='bbox 3338 4623 3662 4691; x_wconf 82' lang='grc' dir='ltr'>ἐγκείμενος</span> <span class='ocrx_word' id='word_1_800' title='bbox 3697 4622 3798 4673; x_wconf 68' lang='grc' dir='ltr'>καὶ</span> 
     </span>
    </p>
   </div>
   <div class='ocr_carea' id='block_1_107' title="bbox 2220 4712 3801 4790">
    <p class='ocr_par' dir='ltr' id='par_1_107' title="bbox 2220 4712 3801 4790">
     <span class='ocr_line' id='line_1_107' title="bbox 2220 4712 3801 4790; baseline -0.008 -14"><span class='ocrx_word' id='word_1_801' title='bbox 2220 4722 2468 4777; x_wconf 82' lang='grc' dir='ltr'>ἀπαιτῶν</span> <span class='ocrx_word' id='word_1_802' title='bbox 2517 4719 2875 4790; x_wconf 75' lang='grc' dir='ltr'>ἀντιστρέψαι</span> <span class='ocrx_word' id='word_1_803' title='bbox 2920 4718 3083 4771; x_wconf 76' lang='grc' dir='ltr'>αὑτὸν</span> <span class='ocrx_word' id='word_1_804' title='bbox 3131 4716 3331 4776; x_wconf 89' lang='grc' dir='ltr'>ταῦτα,</span> <span class='ocrx_word' id='word_1_805' title='bbox 3366 4717 3393 4767; x_wconf 90' lang='lat'>0</span> <span class='ocrx_word' id='word_1_806' title='bbox 3431 4715 3489 4767; x_wconf 87' lang='grc' dir='ltr'>δέ</span> <span class='ocrx_word' id='word_1_807' title='bbox 3532 4730 3595 4778; x_wconf 84' lang='grc' dir='ltr'>γε</span> <span class='ocrx_word' id='word_1_808' title='bbox 3634 4712 3801 4782; x_wconf 57' lang='lat' dir='ltr'><strong>[apth-</strong></span> 
     </span>
    </p>
   </div>
   <div class='ocr_carea' id='block_1_108' title="bbox 2220 4803 3800 4885">
    <p class='ocr_par' dir='ltr' id='par_1_108' title="bbox 2220 4803 3800 4885">
     <span class='ocr_line' id='line_1_108' title="bbox 2220 4803 3800 4885; baseline -0.01 -16"><span class='ocrx_word' id='word_1_809' title='bbox 2220 4834 2379 4876; x_wconf 88' lang='grc' dir='ltr'>τατος</span> <span class='ocrx_word' id='word_1_810' title='bbox 2432 4813 2835 4885; x_wconf 84' lang='grc' dir='ltr'>μητροπολίτης</span> <span class='ocrx_word' id='word_1_811' title='bbox 2872 4809 3007 4862; x_wconf 89' lang='grc' dir='ltr'>Χίου</span> <span class='ocrx_word' id='word_1_812' title='bbox 3043 4810 3137 4862; x_wconf 77' lang='grc' dir='ltr'>καὶ</span> <span class='ocrx_word' id='word_1_813' title='bbox 3172 4808 3475 4876; x_wconf 84' lang='grc' dir='ltr'>ὑπέρτιμος</span> <span class='ocrx_word' id='word_1_814' title='bbox 3507 4803 3800 4869; x_wconf 78' lang='grc' dir='ltr'>ἀντέλεγε,</span> 
     </span>
    </p>
   </div>
   <div class='ocr_carea' id='block_1_109' title="bbox 2224 4892 3796 4979">
    <p class='ocr_par' dir='ltr' id='par_1_109' title="bbox 2224 4892 3796 4979">
     <span class='ocr_line' id='line_1_109' title="bbox 2224 4892 3796 4979; baseline -0.011 -19"><span class='ocrx_word' id='word_1_815' title='bbox 2224 4908 2298 4979; x_wconf 82' lang='grc' dir='ltr'>μὴ</span> <span class='ocrx_word' id='word_1_816' title='bbox 2329 4906 2612 4976; x_wconf 87' lang='grc' dir='ltr'>ἀληθεύειν</span> <span class='ocrx_word' id='word_1_817' title='bbox 2635 4906 2772 4965; x_wconf 82' lang='grc' dir='ltr'>ὅλως</span> <span class='ocrx_word' id='word_1_818' title='bbox 2799 4902 2983 4964; x_wconf 72' lang='grc' dir='ltr'>αὑτὸν,</span> <span class='ocrx_word' id='word_1_819' title='bbox 3008 4902 3057 4952; x_wconf 87' lang='grc' dir='ltr'>εί</span> <span class='ocrx_word' id='word_1_820' title='bbox 3082 4899 3175 4951; x_wconf 91' lang='grc' dir='ltr'>καί</span> <span class='ocrx_word' id='word_1_821' title='bbox 3199 4897 3336 4967; x_wconf 80' lang='grc' dir='ltr'>τιδὴ</span> <span class='ocrx_word' id='word_1_822' title='bbox 3360 4895 3560 4964; x_wconf 75' lang='grc' dir='ltr'>ἔφθασε</span> <span class='ocrx_word' id='word_1_823' title='bbox 3585 4892 3796 4956; x_wconf 79' lang='grc' dir='ltr'>λαὸὼν,</span> 
     </span>
    </p>
   </div>
   <div class='ocr_carea' id='block_1_110' title="bbox 2219 4982 3804 5066">
    <p class='ocr_par' dir='ltr' id='par_1_110' title="bbox 2219 4982 3804 5066">
     <span class='ocr_line' id='line_1_110' title="bbox 2219 4982 3804 5066; baseline -0.011 -17"><span class='ocrx_word' id='word_1_824' title='bbox 2219 4995 2584 5066; x_wconf 76' lang='grc' dir='ltr'>διισχυρίζετο</span> <span class='ocrx_word' id='word_1_825' title='bbox 2634 4993 2709 5062; x_wconf 82' lang='grc' dir='ltr'>μὴ</span> <span class='ocrx_word' id='word_1_826' title='bbox 2743 4990 3050 5062; x_wconf 85' lang='grc' dir='ltr'>χρήσασθαι</span> <span class='ocrx_word' id='word_1_827' title='bbox 3094 4988 3269 5057; x_wconf 85' lang='grc' dir='ltr'>τούτῳ</span> <span class='ocrx_word' id='word_1_828' title='bbox 3306 4990 3383 5049; x_wconf 88' lang='grc' dir='ltr'>είς</span> <span class='ocrx_word' id='word_1_829' title='bbox 3418 4985 3556 5046; x_wconf 77' lang='grc' dir='ltr'>ἰδίας</span> <span class='ocrx_word' id='word_1_830' title='bbox 3600 4982 3804 5051; x_wconf 78' lang='grc' dir='ltr'>χρείας</span> 
     </span>
    </p>
   </div>
   <div class='ocr_carea' id='block_1_111' title="bbox 2220 5069 3803 5149">
    <p class='ocr_par' dir='ltr' id='par_1_111' title="bbox 2220 5069 3803 5149">
     <span class='ocr_line' id='line_1_111' title="bbox 2220 5069 3803 5149; baseline -0.012 -10"><span class='ocrx_word' id='word_1_831' title='bbox 2220 5085 2408 5148; x_wconf 90' lang='grc' dir='ltr'>αὑτοῦ,</span> <span class='ocrx_word' id='word_1_832' title='bbox 2441 5084 2557 5136; x_wconf 84' lang='grc' dir='ltr'>ἀλλ’</span> <span class='ocrx_word' id='word_1_833' title='bbox 2592 5085 2669 5144; x_wconf 88' lang='grc' dir='ltr'>είς</span> <span class='ocrx_word' id='word_1_834' title='bbox 2711 5082 2903 5149; x_wconf 88' lang='grc' dir='ltr'>ἐτέρας</span> <span class='ocrx_word' id='word_1_835' title='bbox 2948 5076 3248 5145; x_wconf 84' lang='grc' dir='ltr'>ἀναγκαίας</span> <span class='ocrx_word' id='word_1_836' title='bbox 3278 5076 3385 5127; x_wconf 83' lang='grc' dir='ltr'>τῶν</span> <span class='ocrx_word' id='word_1_837' title='bbox 3428 5090 3487 5125; x_wconf 90' lang='grc' dir='ltr'>τε</span> <span class='ocrx_word' id='word_1_838' title='bbox 3532 5069 3803 5123; x_wconf 81' lang='grc' dir='ltr'>τοιούτων</span> 
     </span>
    </p>
   </div>
   <div class='ocr_carea' id='block_1_112' title="bbox 2220 5162 3805 5231">
    <p class='ocr_par' dir='ltr' id='par_1_112' title="bbox 2220 5162 3805 5231">
     <span class='ocr_line' id='line_1_112' title="bbox 2220 5162 3805 5231; baseline -0.01 -2"><span class='ocrx_word' id='word_1_839' title='bbox 2220 5177 2548 5229; x_wconf 87' lang='grc' dir='ltr'>πανσέπτων</span> <span class='ocrx_word' id='word_1_840' title='bbox 2572 5172 2716 5225; x_wconf 89' lang='grc' dir='ltr'>ναῶν</span> <span class='ocrx_word' id='word_1_841' title='bbox 2751 5171 2847 5227; x_wconf 80' lang='grc' dir='ltr'>καὶ</span> <span class='ocrx_word' id='word_1_842' title='bbox 2875 5170 2987 5221; x_wconf 86' lang='grc' dir='ltr'>τῶν</span> <span class='ocrx_word' id='word_1_843' title='bbox 3000 5167 3149 5223; x_wconf 53' lang='lat' dir='ltr'>tat’</span> <span class='ocrx_word' id='word_1_844' title='bbox 3181 5165 3380 5227; x_wconf 75' lang='grc' dir='ltr'>αὑτοὺς</span> <span class='ocrx_word' id='word_1_845' title='bbox 3414 5164 3668 5231; x_wconf 83' lang='grc' dir='ltr'>μοναχῶν</span> <span class='ocrx_word' id='word_1_846' title='bbox 3698 5162 3805 5215; x_wconf 76' lang='grc' dir='ltr'>καὶ</span> 
     </span>
    </p>
   </div>
   <div class='ocr_carea' id='block_1_113' title="bbox 2220 5252 3804 5340">
    <p class='ocr_par' dir='ltr' id='par_1_113' title="bbox 2220 5252 3804 5340">
     <span class='ocr_line' id='line_1_113' title="bbox 2220 5252 3804 5340; baseline -0.013 -18"><span class='ocrx_word' id='word_1_847' title='bbox 2220 5270 2423 5340; x_wconf 81' lang='grc' dir='ltr'>ἐτέρων</span> <span class='ocrx_word' id='word_1_848' title='bbox 2479 5265 2709 5335; x_wconf 84' lang='grc' dir='ltr'>ἀνδρῶν.</span> <span class='ocrx_word' id='word_1_849' title='bbox 2763 5263 2831 5315; x_wconf 82' lang='lat' dir='ltr'>&#39;H</span> <span class='ocrx_word' id='word_1_850' title='bbox 2887 5261 3180 5330; x_wconf 85' lang='grc' dir='ltr'>μετριότης</span> <span class='ocrx_word' id='word_1_851' title='bbox 3241 5257 3400 5328; x_wconf 83' lang='grc' dir='ltr'>ήμῶν</span> <span class='ocrx_word' id='word_1_852' title='bbox 3464 5255 3552 5307; x_wconf 81' lang='grc' dir='ltr'>διὰ</span> <span class='ocrx_word' id='word_1_853' title='bbox 3620 5252 3804 5303; x_wconf 83' lang='grc' dir='ltr'>ταῦτα</span> 
     </span>
    </p>
   </div>
   <div class='ocr_carea' id='block_1_114' title="bbox 2219 5342 3804 5429">
    <p class='ocr_par' dir='ltr' id='par_1_114' title="bbox 2219 5342 3804 5429">
     <span class='ocr_line' id='line_1_114' title="bbox 2219 5342 3804 5429; baseline -0.013 -16"><span class='ocrx_word' id='word_1_854' title='bbox 2219 5361 2412 5429; x_wconf 83' lang='grc' dir='ltr'>διέγνω</span> <span class='ocrx_word' id='word_1_855' title='bbox 2444 5358 2539 5423; x_wconf 71' lang='grc' dir='ltr'>καὶ</span> <span class='ocrx_word' id='word_1_856' title='bbox 2572 5357 2889 5425; x_wconf 83' lang='grc' dir='ltr'>ἀπεφήνατο</span> <span class='ocrx_word' id='word_1_857' title='bbox 2925 5353 3066 5407; x_wconf 76' lang='grc' dir='ltr'>κατὰ</span> <span class='ocrx_word' id='word_1_858' title='bbox 3094 5351 3217 5413; x_wconf 82' lang='grc' dir='ltr'>τοὺς</span> <span class='ocrx_word' id='word_1_859' title='bbox 3247 5347 3426 5419; x_wconf 71' lang='grc' dir='ltr'>ἱεροὺς</span> <span class='ocrx_word' id='word_1_860' title='bbox 3474 5343 3571 5398; x_wconf 73' lang='grc' dir='ltr'>καὶ</span> <span class='ocrx_word' id='word_1_861' title='bbox 3606 5342 3804 5405; x_wconf 83' lang='grc' dir='ltr'>θείους</span> 
     </span>
    </p>
   </div>
   <div class='ocr_carea' id='block_1_115' title="bbox 2221 5438 3809 5516">
    <p class='ocr_par' dir='ltr' id='par_1_115' title="bbox 2221 5438 3809 5516">
     <span class='ocr_line' id='line_1_115' title="bbox 2221 5438 3809 5516; baseline -0.013 -11"><span class='ocrx_word' id='word_1_862' title='bbox 2221 5453 2472 5514; x_wconf 74' lang='grc' dir='ltr'>καιόνας,</span> <span class='ocrx_word' id='word_1_863' title='bbox 2493 5450 2566 5511; x_wconf 79' lang='grc' dir='ltr'>ὡς</span> <span class='ocrx_word' id='word_1_864' title='bbox 2593 5447 2657 5501; x_wconf 83' lang='grc' dir='ltr'>ἂν</span> <span class='ocrx_word' id='word_1_865' title='bbox 2685 5447 2781 5516; x_wconf 74' lang='grc' dir='ltr'>ἔχῃ</span> <span class='ocrx_word' id='word_1_866' title='bbox 2811 5445 2909 5514; x_wconf 80' lang='grc' dir='ltr'>μὲν</span> <span class='ocrx_word' id='word_1_867' title='bbox 2941 5445 2969 5495; x_wconf 91' lang='lat'>0</span> <span class='ocrx_word' id='word_1_868' title='bbox 2988 5441 3227 5502; x_wconf 84' lang='grc' dir='ltr'>τοιοῦτος</span> <span class='ocrx_word' id='word_1_869' title='bbox 3260 5438 3554 5509; x_wconf 87' lang='grc' dir='ltr'>ἱερώτατος</span> <span class='ocrx_word' id='word_1_870' title='bbox 3585 5451 3809 5506; x_wconf 81' lang='grc' dir='ltr'>μητρο-</span> 
     </span>
    </p>
   </div>
   <div class='ocr_carea' id='block_1_116' title="bbox 2225 5529 3808 5611">
    <p class='ocr_par' dir='ltr' id='par_1_116' title="bbox 2225 5529 3808 5611">
     <span class='ocr_line' id='line_1_116' title="bbox 2225 5529 3808 5611; baseline -0.01 -18"><span class='ocrx_word' id='word_1_871' title='bbox 2225 5543 2451 5611; x_wconf 77' lang='grc' dir='ltr'>πολίτης</span> <span class='ocrx_word' id='word_1_872' title='bbox 2481 5540 2615 5591; x_wconf 84' lang='grc' dir='ltr'>Χίου</span> <span class='ocrx_word' id='word_1_873' title='bbox 2662 5540 2753 5605; x_wconf 75' lang='grc' dir='ltr'>καὶ</span> <span class='ocrx_word' id='word_1_874' title='bbox 2786 5540 3086 5605; x_wconf 81' lang='grc' dir='ltr'>ὑπέρτιμος</span> <span class='ocrx_word' id='word_1_875' title='bbox 3128 5531 3220 5586; x_wconf 88' lang='grc' dir='ltr'>ἐπί</span> <span class='ocrx_word' id='word_1_876' title='bbox 3272 5546 3328 5583; x_wconf 83' lang='grc' dir='ltr'>τε</span> <span class='ocrx_word' id='word_1_877' title='bbox 3367 5532 3481 5592; x_wconf 85' lang='grc' dir='ltr'>τοῖς</span> <span class='ocrx_word' id='word_1_878' title='bbox 3529 5529 3808 5589; x_wconf 77' lang='grc' dir='ltr'>τοιούτοις</span> 
     </span>
    </p>
   </div>
   <div class='ocr_carea' id='block_1_117' title="bbox 2225 5614 3805 5701">
    <p class='ocr_par' dir='ltr' id='par_1_117' title="bbox 2225 5614 3805 5701">
     <span class='ocr_line' id='line_1_117' title="bbox 2225 5614 3805 5701; baseline -0.008 -15"><span class='ocrx_word' id='word_1_879' title='bbox 2225 5614 2528 5701; x_wconf 80' lang='grc' dir='ltr'>μονυδρίοις</span> <span class='ocrx_word' id='word_1_880' title='bbox 2585 5631 2680 5683; x_wconf 73' lang='grc' dir='ltr'>καὶ</span> <span class='ocrx_word' id='word_1_881' title='bbox 2730 5632 2848 5695; x_wconf 85' lang='grc' dir='ltr'>ταῖς</span> <span class='ocrx_word' id='word_1_882' title='bbox 2908 5629 3120 5690; x_wconf 82' lang='grc' dir='ltr'>λοιπαῖς</span> <span class='ocrx_word' id='word_1_883' title='bbox 3184 5627 3384 5686; x_wconf 76' lang='grc' dir='ltr'>πάσαις</span> <span class='ocrx_word' id='word_1_884' title='bbox 3446 5621 3566 5675; x_wconf 84' lang='grc' dir='ltr'>κατ’</span> <span class='ocrx_word' id='word_1_885' title='bbox 3625 5619 3805 5673; x_wconf 77' lang='grc' dir='ltr'>αὑτὸν</span> 
     </span>
    </p>
   </div>
  </div>
