4022 6204
260 346 400 411 I289

1325 344 1719 407 SYNODICE
1756 340 2441 408 CONSTITUTIONES.

3362 330 3497 396 190

253 460 426 530 ληθῇς
471 459 551 522 εἰς
583 458 682 528 τὴν
718 458 1035 530 ἀπεκσολην
1090 460 1185 513 τοῦ
1234 461 1479 514 τοιούτου
1516 461 1820 532 ἀρχιερέως
1850 467 1895 523 Α
1923 458 2065 530 ἀμα,
2087 458 2147 522 ιξ
2173 451 2249 511 ὧν
2276 456 2429 524 ἔλεγε
2467 454 2563 505 zeal
2622 451 2791 504 ἐδεῖτο
2843 447 2913 501 τὰ
2964 447 3173 500 ἐκεῖθεν
3217 463 3500 519 καταπεμ-

253 555 353 608 τοῦ
407 554 445 606 Γ
449 553 726 620 αλλίτζης,
759 552 902 606 ὥστε
947 552 1281 606 καταλαὸεῖν
1340 554 1503 606 αὐτὸν
1564 552 1822 618 ἐνταῦθα,

264 647 359 700 τδν
414 644 471 699 δὲ
504 644 799 713 ἱερώτατον
833 642 1235 714 μητροπολίτην
1271 643 1547 709 Κυγέεου,
1598 643 1827 710 ὐπέρτι-

261 752 365 805 μον
405 736 500 786 zeal
534 734 767 802 ἔξαρχον
804 732 987 802 πάσης
1020 733 1274 795 Ῥωσίας,
1305 730 1535 800 δέξησθε
1592 728 1701 783 ἀπὸ
1732 726 1829 781 τοῦ

256 826 352 879 νῦν
380 824 455 886 ὡς
490 825 715 891 γνήσιον
747 824 844 876 zeal
901 822 1134 892 ἔννομον
1186 820 1621 892 μητροπολίτην,
1653 818 1831 872 ποιεῖν

257 920 337 979 είς
373 914 579 977 ταύτας
626 913 692 983 δὴ
742 914 841 976 τάς
895 914 1209 983 ἁγιωτάτας
1250 900 1559 972 ἑπισκοπάς
1601 910 1698 964 zeal
1747 910 1830 972 είς

258 1007 384 1067 τοὺς
442 1003 565 1057 κατ’
596 1003 770 1066 αὐτάς
824 1003 1279 1072 θεοφιλεστάτους
1312 1000 1674 1065 ἐπισκόπους,
1702 998 1830 1051 ὅσον

257 1100 335 1151 ἔνι
366 1102 457 1150 zeal
484 1097 799 1159 κανονικὸν,
835 1096 931 1149 zeal
961 1092 1146 1158 καθὼς
1177 1094 1352 1148 ἐποίει
1409 1093 1505 1146 zeal
1539 1090 1829 1160 πρότερον.

271 1188 426 1241 Ἐπεὶ
452 1186 545 1240 οὐν
568 1186 726 1256 ὑμεῖς
750 1185 837 1239 διά
858 1187 953 1239 τὸν
976 1185 1429 1256 Χριστιανισμὸν,
1452 1183 1514 1236 ὃν
1541 1181 1717 1252 ἔχετε,
1740 1182 1834 1233 zeal

260 1281 361 1349 τὴν
394 1279 475 1341 είς
534 1278 668 1330 Θεὸν
728 1277 1038 1343 εὐσέϐειαν,
1073 1276 1395 1347 εὑρίσκεσθε
1451 1274 1547 1329 zeal
1602 1275 1681 1336 είς
1736 1272 1834 1342 τὴν

262 1374 427 1439 ἁγίαν
459 1370 555 1423 τοῦ
608 1366 744 1422 Θεοῦ
781 1369 1115 1441 Ἐκκλησίαν
1150 1368 1428 1431 εὐπειθεῖς
1478 1366 1573 1420 zeal
1626 1367 1828 1429 ὐποτα-

260 1465 461 1528 κτικοὶ,
494 1463 587 1517 zeal
640 1462 729 1515 διά
758 1462 919 1516 τοῦτο
947 1462 1269 1531 έστέρξατε,
1299 1460 1457 1514 τοῦτο
1512 1460 1738 1524 ίδόντες,
1766 1458 1835 1510 τά

261 1560 525 1627 πρότερον
580 1557 848 1624 γεγονότα
906 1553 1347 1625 ἐκκλησιαστικά
1407 1552 1717 1622 γράμματα
1767 1548 1836 1602 τά

258 1647 655 1719 δηλοποιοῦντα
697 1647 1054 1718 εὑρίσκεσθαι
1083 1647 1176 1699 τὸν
1236 1646 1500 1715 ἀρχιερέα
1534 1640 1836 1710 Γαλλίτζης

262 1740 693 1811 μητροπολίτην,
734 1738 829 1792 νῦν
871 1738 980 1792 ίδού
1009 1737 1175 1791 πάλιν
1211 1733 1611 1805 δηλοποιούσης
1666 1733 1837 1801 αὐτῆς

1930 552 2135 621 φθέντα
2186 550 2493 619 γράμματα
2524 545 2620 599 τοῦ
2649 560 2710 597 τε
2756 542 3052 611 ίερωτάτου
3105 540 3507 609 μητροπολίτου»

1929 639 2531 711 Κυγέὸου,ὐπερτίμου
2587 638 2683 691 καὶ
2739 635 2972 705 ἐξάρχου
3023 632 3201 703 πάσης
3247 632 3500 695 Ῥωσίας.

1928 735 1987 789 ιν
2014 736 2159 805 ἀγίῳ
2191 733 2473 802 Πνεύματι
2528 727 2821 797 ἀγαπητοῦ
2861 723 3096 793 ἀδελφοῦ
3156 723 3249 776 zeal
3288 722 3502 775 συλλει-

1928 825 2166 897 τουργοῦ
2206 825 2307 894 τῆς
2335 823 2493 893 ἡμῶν
2518 820 2897 892 μετριότητος,
2928 816 3023 870 τοῦ
3055 833 3113 870 τε
3177 812 3502 881 εὐγενεστά-

1932 937 2026 972 του
2056 918 2224 989 ρηγὸς
2249 917 2434 987 πάσης
2469 913 2703 977 Ῥωσίας
2737 912 2834 966 zeal
2866 909 3245 980 περιποθήτου
3281 905 3506 974 ἀνεψιοῦ

1931 1008 2027 1062 τοῦ
2059 1008 2357 1078 κρατίστου
2419 1006 2514 1061 καὶ
2570 1005 2729 1072 ἁγίου
2782 1018 2885 1072 μου
2934 1000 3365 1069 αὐτοκράτορος,
3401 997 3507 1069 κῦρ

1933 1098 2180 1169 Συμεὼν,
2210 1101 2305 1153 zeal
2332 1099 2445 1152 τῶν
2497 1097 2679 1153 ἄλλων
2741 1096 2947 1166 ῥηγῶν,
3007 1092 3044 1146 ἀ
3081 1092 3179 1146 zeal
3214 1089 3509 1152 συνοδικῶς

1933 1194 2069 1263 ἡμῖν
2101 1193 2181 1253 εἰς
2210 1190 2449 1260 ἐπήκοον
2486 1187 2941 1257 ἀνεγνώσθησαν,
3006 1185 3271 1255 εὐδόκησε
3310 1183 3510 1238 σεπτὸν

1934 1282 2275 1351 ἀπολυθῆναι
2306 1280 2731 1350 χρυσῶουλλον,
2760 1280 2847 1333 ἐπ’
2891 1278 3074 1332 αὐτῶν
3108 1278 3234 1348 ἔχον
3274 1278 3382 1331 τῶν
3421 1276 3510 1328 λέ-

1935 1374 2072 1441 ξεων
2100 1371 2297 1427 οὑτωσί
2323 1391 2338 1403 ·
2374 1390 2393 1424 e
2418 1370 2568 1425 Ἐπεὶ
2591 1370 2649 1424 al
2674 1369 2818 1423 κατά
2847 1367 2938 1422 τὸν
2967 1368 3133 1422 τόπον
3163 1367 3264 1435 τῆς
3293 1366 3507 1436 Μικρᾶς

1949 1465 2186 1528 Ῥωσίας
2220 1465 2311 1519 τδν
2342 1462 2784 1533 ὲπικεκλημένον
2818 1460 3101 1515 Βολούνιον
3124 1461 3511 1530 εὐρισκόμεναι

1938 1558 2246 1626 ἀγιώταται
2279 1557 2605 1621 έπισκοπαὶ,
2637 1558 2673 1628 ἥ
2702 1572 2765 1609 τε
2798 1553 3098 1619 Γάλλιτζα,
3126 1553 3188 1606 τὸ
3221 1553 3516 1621 Βολοδίμη-

1940 1669 2054 1723 ρον,
2080 1651 2142 1705 τδ
2168 1650 2397 1720 Χόλμιν,
2428 1651 2492 1704 τδ
2517 1648 2911 1721 Περεμίσθλιν,
2965 1648 3028 1701 τὸ
3062 1640 3360 1711 Δουτζικὲν
3420 1652 3515 1699 zeal

1939 1740 2000 1794 τδ
2032 1740 2331 1811 Τούροὸον,
2357 1740 2670 1805 ὑπέκειντο,
2700 1739 2796 1809 ἀφ’
2846 1739 2972 1792 ὅτου
3031 1735 3093 1790 τὸ
3146 1736 3257 1789 τῶν
3297 1736 3516 1789 Ῥῶσων

263 1834 362 1902 τῆς
421 1831 516 1885 τοῦ
562 1831 700 1885 Θεοῧ
757 1828 920 1898 ἁγίας
963 1829 1318 1898 Ἐκκλησίας.
1355 1825 1733 1897 διοριζομένης
1782 1825 1842 1877 δὲ
1873 1833 1915 1890 Β
1946 1833 2098 1895 ῑθνος
2125 1830 2367 1900 Χριστοῦ
2397 1830 2581 1901 χάριτι
2608 1830 2710 1898 τὴν
2753 1827 3088 1899 θεογνωσίαν
3126 1827 3405 1892 ἐδέξαντο,
3436 1831 3517 1889 εἰς

268 1926 489 1995 καὶτῆς
550 1923 830 1994 βασιλείας
869 1940 995 1992 μου,
1050 1918 1411 1991 εὑρίσκεσθαι
1444 1918 1543 1970 zeal
1574 1912 1733 1980 αὖθις
1775 1916 1836 1969 τὸ

268 2017 527 2089 πρᾶγμα,
558 2017 634 2079 ὼς
667 2017 764 2067 καὶ
817 2015 878 2068 τὸ
934 2012 1223 2083 πρότερον,
1256 2009 1480 2075 δέξασθε
1531 2008 1688 2061 τοῦτο
1742 2009 1838 2062 zeal

139 2101 153 2109 ’
262 2108 426 2176 ὑμεῖς
460 2105 731 2172 ἀσμένως,
771 2104 955 2169 καθὼς
980 2104 1062 2157 ένι
1093 2104 1209 2157 δέον
1241 2105 1337 2156 zeal
1365 2101 1719 2171 ὀφειλόμενον
1743 2098 1839 2153 zeal
1872 2119 1879 2125 ·

263 2198 344 2261 είς
391 2196 631 2266 ψυχικὴν
666 2196 821 2265 ὑμῶν
879 2196 1154 2270 ῶφέλειαν
1211 2191 1458 2261 ἀφορῶν.
1522 2191 1623 2243 Διά
1677 2189 1840 2243 τοῦτο

192 2340 199 2349 ,
264 2290 363 2341 zeal
396 2288 463 2349 ἂς
500 2291 751 2359 γένηται,
782 2288 967 2351 καθὼς
997 2286 1273 2358 δηλοποιεῖ
1308 2282 1446 2354 πρὸς
1484 2282 1629 2352 ὑμᾶς
1661 2282 1696 2351 ἡ
1743 2282 1843 2351 βα-

266 2380 447 2433 σιλεία
480 2395 606 2448 μου.

336 2471 377 2542 τ
413 2466 554 2540 Εἶχε
582 2468 679 2523 καί
720 2468 796 2522 δι’
831 2467 1097 2537 ἐρυθρῶν
1138 2465 1500 2538 γραμμάτων
1521 2465 1631 2535 τῆς
1661 2466 1843 2531 βασι-

264 2564 453 2634 λικῆς
481 2564 646 2630 θείας
675 2564 876 2632 χειρὸς
896 2562 965 2614 τό
992 2576 1007 2592 ο
1040 2560 1197 2629 Μηνὶ
1221 2560 1601 2629 Σεπτεμϐρίῳ
1627 2557 1742 2612 ίνδ.
1767 2556 1844 2612 α’.

268 2681 363 2736 γι.
418 2679 656 2751 Synodus
707 2676 988 2751 conﬁrmae
1044 2674 1438 2751 εὴνυεοίιιιίίαηι
1487 2674 1842 2751 ἰηιρεναιοεὶε,

379 2744 661 2833 μοῖραι-κη
693 2744 1023 2801 ιοιαίίίιιεεία
1054 2744 1155 2800 νηί
1184 2747 1464 2816 subjicitur
1496 2744 1847 2813 metropolin

396 2836 565 2875 ιουιιε.

349 2930 390 3001 -ι-
438 2930 568 2984 Ἦδύ
613 2948 668 2984 τι
729 2930 826 2985 zeal
860 2928 1218 3000 ναυσιπόροις
1275 2927 1558 2999 γαληνιῶν
1611 2928 1851 2997 πέλαγος

274 3027 375 3081 zeal
401 3024 675 3079 ιπιπνὲων
703 3023 938 3095 ζέφυρος
968 3023 1243 3094 εξουρίας,
1280 3022 1378 3093 ήδύ
1403 3019 1472 3076 αὐ
1511 3020 1715 3092 ὁμοίως
1746 3023 1849 3075 κάν

276 3120 391 3183 τοῖς
422 3118 721 3182 πολιτικοῖς
755 3118 1083 3188 πράγμασιν
1126 3116 1383 3187 εὐνομία,
1415 3116 1609 3186 εἰρήνη
1640 3130 1701 3166 τε
1756 3114 1851 3166 zeal

1877 3176 1923 3233 c

1940 1926 2042 1998 τὴν
2073 1925 2389 1993 ἀγιωτάτην
2421 1921 2769 1993 μητρόπολιν
2799 1921 3077 1990 Κυγέσου,
3103 1922 3169 1990 ἢν
3202 1922 3380 1975 διέπει
3420 1923 3520 1990 ἁρ-
3566 1978 3569 1981 ς

1938 2010 2073 2079 τίως
2108 2015 2137 2066 ό
2166 2013 2292 2069 κατ’
2320 2013 2489 2085 αὐτὴν
2526 2014 2829 2084 ίερώτατος
2884 2012 3321 2084 μητροπολίτης,
3351 2013 3521 2082 ὑπέρ-

1940 2126 2098 2179 τιμος
2126 2108 2221 2161 zeal
2252 2107 2478 2177 ἔξαρχος
2513 2108 2698 2176 πάσης
2735 2106 2994 2171 Ῥωσίας,
3018 2107 3124 2179 κῦρ
3152 2106 3519 2174 Θεόγνωστος,

1941 2197 2017 2259 ὡς
2047 2198 2142 2249 zeal
2170 2196 2229 2249 αί
2261 2198 2362 2266 τῆς
2390 2195 2656 2266 Μεγάλης
2692 2196 2926 2259 Ῥωσίας
2958 2196 3261 2265 άγιώταται
3295 2200 3524 2251 ἐπισκο-

1944 2290 2066 2352 παὶ,
2092 2289 2235 2343 κατά
2268 2288 2361 2341 τὸν
2387 2289 2495 2357 πρὸ
2524 2288 2711 2357 ὀλίγου
2773 2289 2831 2344 δὲ
2878 2290 3146 2358 γεγονότα
3194 2290 3387 2361 καιρὸν
3419 2290 3524 2359 τῆς

1946 2380 2290 2451 συγχύσεως,
2323 2379 2627 2452 σύνδρομον
2647 2381 2740 2433 τὸν
2771 2381 3013 2435 τοιοῦτον
3045 2381 3299 2452 εὑρόντες
3330 2383 3524 2452 καιρδιν

1944 2473 2000 2527 οῖ
2040 2488 2100 2525 τε
2131 2472 2199 2526 τά
2224 2473 2320 2543 τῆς
2356 2471 2637 2543 βασιλείας
2668 2474 2980 2545 πράγματα
3008 2473 3367 2538 διοικοῦντες,
3386 2474 3526 2527 ἀλλά

1946 2563 2013 2634 δη
2045 2566 2141 2618 zeal
2171 2560 2199 2617 ὸ
2254 2564 2353 2634 τῆς
2390 2563 2727 2636 Ἐκκλησίας
2783 2566 2937 2636 παρά
2983 2566 3043 2620 τὸ
3081 2566 3229 2628 είκδς
3263 2567 3528 2634 προϊστά-

1951 2672 2133 2727 μενος,
2169 2656 2336 2727 μηδὲν
2371 2656 2561 2727 ἕτερον
2592 2657 2989 2722 σπουδάζοντες
3040 2658 3074 2728 ἢ
3103 2659 3167 2711 τὸ
3188 2658 3287 2722 τάς
3318 2660 3529 2719 οἰκείας

1942 2747 2156 2817 ὀρέξεις
2187 2748 2456 2829 πληροῦν,
2491 2748 2589 2803 zeal
2645 2749 2736 2804 διὰ
2788 2748 2997 2813 ταύτας
3028 2751 3130 2819 τὴν
3186 2750 3298 2803 τῶν
3329 2749 3529 2804 κοινῶν

1950 2840 2046 2894 zeal
2098 2839 2573 2910 έκκλησιαστικῶν
2649 2841 3024 2913 πραγμάτων,
3062 2842 3399 2905 κατάστασιν
3449 2844 3532 2904 είς

1950 2930 2181 2997 ἀταξίαν
2231 2934 2749 3005 μετασκευάσαντες
2786 2935 2893 2989 zeal
2916 2960 2919 2961 ν
2940 2936 3123 2991 πάντα
3151 2942 3157 2949 ’
3184 2937 3371 3005 σχεδον
3400 2938 3533 2990 ἀνα-

1950 3025 2251 3093 τρέψαντες
2282 3025 2380 3079 zeal
2412 3025 2745 3096 συγχέαντες
2772 3026 2867 3079 zeal
2896 3028 3016 3103 ταῖς
3044 3026 3152 3080 τῶν
3179 3026 3534 3096 Χριστιανῶν

1953 3116 2153 3187 ψυχαῖς
2183 3133 2242 3171 τε
2272 3118 2366 3170 zeal
2382 3116 2602 3189 σώμασι
2659 3119 2844 3172 πᾶσαν
2893 3102 2993 3173 zeal
3031 3119 3296 3171 παντοίαν
3326 3102 3551 3187 βλάϐην

275 3213 505 3283 ὁμόνοια
527 3229 541 3241 ν
575 3211 650 3274 ῶς
680 3211 791 3281 γάρ
820 3214 934 3275 τοῖς
982 3211 1125 3263 οὓτω
1160 3209 1609 3278 ναυτιλλομένοις
1641 3205 1849 3276 χειμῶ-
1877 3205 1924 3235 “
1956 3208 2391 3279 προξενήσαντες
2445 3210 2540 3263 zeal
2599 3210 2805 3281 ζημίαν
2854 3212 2950 3265 zeal
3001 3210 3369 3280 καινοτομίαν
3426 3213 3535 3264 κάν

276 3322 367 3367 νος
398 3303 602 3374 δηλαδὴ
630 3303 725 3355 zeal
755 3302 924 3374 ζάλης
965 3306 1059 3357 zeal
1083 3303 1389 3373 τρικυμίας
1427 3302 1596 3370 χωρὶς
1628 3300 1729 3351 οὐκ
1794 3299 1853 3354 ὲν

276 3394 609 3467 ἀμφιϐόλοις
639 3397 672 3467 ἡ
713 3396 978 3467 σωτηρία,
1004 3397 1101 3450 zeal
1134 3395 1195 3448 τὸ
1226 3394 1437 3463 σκάφος
1496 3388 1740 3461 εὐχερῶς
1771 3388 1851 3450 είς

276 3488 478 3558 λιμένα
539 3470 861 3556 κατάγεται,
918 3486 1061 3541 οὕτω
1089 3486 1155 3558 δὴ
1204 3487 1298 3539 zeal
1349 3488 1459 3539 τοῖς
1516 3486 1572 3536 έν
1613 3482 1846 3552 εὐνομίᾳ

279 3580 418 3644 ζῶσί
448 3596 507 3632 τε
536 3581 628 3633 zeal
658 3580 1101 3649 πολιτευομένοις
1132 3595 1146 3609 ·
1186 3578 1457 3648 σωτήριος
1498 3577 1609 3645 γὰρ
1646 3575 1850 3637 ἀὐτοῖς

280 3674 311 3725 ό
341 3671 479 3741 βίος,
510 3672 621 3742 ὅσῳ
653 3672 748 3725 zeal
778 3673 1078 3741 ἀπείρατος
1112 3669 1221 3733 τῶν
1251 3670 1349 3740 τῆς
1386 3670 1703 3738 συγχύσεως
1758 3684 1858 3735 χα-

283 3762 501 3817 λεπῶψ
547 3764 811 3834 σύγχυσις
839 3766 948 3834 γὰρ
979 3762 1040 3817 τδ
1068 3764 1328 3833 μέγιστον
1346 3760 1465 3813 ’τῶν
1518 3762 1577 3811 ὲν
1618 3758 1718 3829 βίῳ
1752 3758 1857 3809 δει-

283 3857 416 3923 νῶν,
448 3856 640 3926 ἑπειδὴ
675 3858 769 3908 zeal
790 3855 955 3926 φύσις
969 3855 1131 3925 αὐτῇ,
1162 3855 1275 3908 ἀνω
1296 3870 1355 3906 τε
1387 3852 1481 3905 zeal
1512 3851 1661 3904 κάτω
1679 3850 1858 3904 πάντα

284 3952 463 4001 ποιεῖν
503 3949 597 4001 zeal
626 3947 831 4017 ἀναμὶξ
861 3947 985 4000 θεῖά
1017 3964 1075 3998 τε
1131 3944 1267 4015 ὁμοῦ
1306 3944 1601 4014 συγκυκᾷν
1632 3944 1723 3995 zeal
1759 3942 1857 3995 ἀνι

286 4042 540 4109 θρώπινα
562 4032 891 4111 πράγματα,
935 4042 1033 4093 zeal
1067 4038 1228 4092 τοῦτο
1261 4038 1345 4108 ίδῃ
1389 4056 1470 4098 τις
1512 4037 1577 4091 ἂν
1608 4038 1710 4090 κάν
1747 4038 1860 4099 τοῖς

286 4131 391 4201 ἥδη
425 4130 843 4202 ῥηθησομένοις.
879 4131 956 4185 Τὸ
990 4132 1097 4201 γάρ
1133 4130 1283 4193 ἔθνος
1317 4130 1425 4183 τῶν
1468 4129 1706 4193 Ῥώσων,
1737 4130 1862 4199 χρό-

284 4239 376 4285 νος
398 4224 499 4293 ήδη
532 4225 762 4295 μακρὸς,
791 4226 870 4288 είς
906 4225 1291 4295 τετρακοσίους
1324 4224 1487 4291 ὲγγύς
1519 4223 1747 4292 ὲξὴκων,
1767 4224 1862 4274 Eva

290 4316 705 4385 μητροπολίτην
738 4317 1035 4387 γνωρίζον,
1081 4317 1175 4370 τὸν
1206 4320 1346 4371 κατὰ
1380 4315 1610 4385 καιροὺς
1637 4315 1735 4384 τὴν
1752 4315 1862 4368 Κυ-

287 4408 460 4474 γέὸου
518 4407 754 4477 λαχόντα
791 4408 1130 4480 μητρόπολιν
1154 4446 1170 4472 ,
1202 4406 1423 4478 βαθείας
1485 4392 1760 4460 ἀπολαῦον
1794 4401 1863 4475 ἦν

1955 3303 2134 3372 τούτῳ
2170 3301 2512 3371 ποιούμενοι,
2539 3302 2870 3358 ἀπέσπασαν
2897 3302 3010 3357 ἀπὸ
3058 3302 3267 3374 ταύτης
3320 3302 3387 3373 δὴ
3432 3306 3537 3372 τῆς

1957 3394 2276 3463 ἁγιωτάτης
2337 3395 2737 3465 μητροπόλεως
2804 3395 3059 3463 Κυγέὸου
3125 3396 3224 3458 τάς
3275 3395 3536 3466 ῥηθείσας

1957 3487 2061 3557 τῆς
2088 3488 2310 3557 Μικρᾶς
2366 3484 2603 3550 Ῥωσίας
2659 3489 2970 3552 ὲπισκοπάς
3000 3489 3098 3542 zeal
3150 3488 3253 3540 ὑπὸ
3293 3489 3385 3543 τὸν
3422 3489 3540 3556 ἀρ·-

1958 3577 2148 3647 χιερέα
2174 3575 2477 3646 Γαλλίτξης
2514 3577 2867 3643 ὑποκεῖσθαι,
2904 3578 3344 3648 προϐιϐάσαντες
3373 3578 3538 3632 αὐτὸν

1958 3668 2069 3721 ἀπὸ
2101 3667 2408 3721 ἐπισκόπου
2447 3669 2527 3731 είς
2554 3667 2989 3738 μητροπολίτην,
3025 3668 3054 3721 ὃ
3090 3669 3155 3738 δὴ
3210 3670 3306 3723 zeal
3343 3668 3539 3738 γέγονε

1963 3757 2061 3826 μὲν
2108 3758 2189 3817 είς
2249 3757 2552 3811 κατάλυσιν
2603 3758 2714 3812 τῶν
2740 3759 2805 3811 ὲκ
2858 3757 3093 3813 παλαιοῦ
3128 3761 3540 3831 νενομισμένων

1961 3848 2167 3919 ἐθίμων
2196 3850 2279 3912 είς
2300 3849 2398 3919 τὴν
2424 3850 2687 3919 τοιαύτην
2713 3850 2902 3921 χώραν
2931 3852 3031 3921 τῆς
3058 3854 3241 3923 πάσης
3281 3852 3537 3918 Ῥωσίαςο

1961 3941 2108 4006 εδοξε
2139 3941 2197 3994 δὲ
2228 3941 2372 4013 βαρῦ
2394 3945 2489 3996 zeal
2512 3944 2752 4014 ἐπαχθὲς
2785 3945 2882 3997 zeal
2909 3946 2990 4009 είς
3011 3947 3136 4008 τούς
3158 3948 3217 4000 έν
3242 3948 3382 4017 αὐτῇ
3398 3950 3542 4001 πάνο

1961 4050 2059 4097 τας
2084 4035 2471 4105 Χριστιανοὺς,
2503 4036 2579 4106 μὴ
2610 4038 3020 4107 ἀνασχομένους
3054 4039 3162 4094 ὑπὸ
3185 4040 3307 4093 δυσὶ
3341 4059 3543 4112 μητρο-

1965 4129 2213 4192 πολίταις
2244 4129 2662 4199 ποιμαίνεσθαι,
2683 4131 2821 4184 ἀλλά
2846 4131 3213 4203 βουλομένους
3244 4135 3544 4190 ἀσάλευτον

1964 4222 2059 4273 zeal
2095 4221 2499 4292 ἀμετακίνητον
2520 4223 2704 4293 μένειν
2732 4224 2854 4294 τὴν,
2890 4224 2958 4295 ἢν
2987 4222 3133 4295 εἶχον
3182 4227 3247 4280 ὲκ
3284 4227 3541 4294 παλαιοῦ,

1967 4311 2282 4381 συνήθειαν,
2315 4312 2390 4375 ὡς
2451 4313 2773 4384 δεδήλωται,
2829 4318 2925 4369 zeal
2968 4318 3146 4371 πάντα
3209 4320 3409 4389 τρόπον
3456 4339 3549 4374 κι-

1966 4403 2192 4467 νοῦντας
2226 4406 2306 4467 είς
2363 4406 2463 4475 τὴν
2490 4408 2590 4476 τῆς
2621 4406 2880 4477 τοιαύτης
2919 4411 3274 4478 καινοτομίας
3307 4413 3547 4465 κατάλυ-

286 4497 391 4565 τῆς
426 4496 547 4568 μετ’
569 4499 821 4569 ἀλλήλοιν
849 4501 1102 4570 εἰρήνης,
1141 4500 1195 4553 εῐ
1224 4498 1278 4552 τί
1311 4515 1416 4552 που
1467 4498 1563 4552 zeal
1590 4496 1685 4549 τοῦ
1715 4497 1859 4550 δέον·
1896 4512 1941 4568 υ
1974 4515 2081 4565 σιν,
2120 4498 2304 4558 καθὼς
2337 4501 2431 4552 zeal
2460 4501 2519 4551 ἐν
2547 4498 2733 4562 ἀλλοις
2766 4504 2981 4568 καιροῖς
3012 4503 3351 4574 ἐπεχειρήθη
3388 4507 3543 4575 μὲνὴ

288 4610 382 4656 τος
413 4594 741 4664 ὲκτραπείη,
778 4590 867 4650 οἷα
901 4596 1050 4664 φιλεῖ
1098 4593 1409 4663 γίγνεσθαι,
1451 4595 1864 4663 ὲπαναγόμενον

285 4686 567 4740 ὑπἀὐτοῦ
599 4689 693 4741 zeal
722 4688 1110 4757 διορθούμενον
1146 4686 1413 4756 εὐχερῶς.
1451 4683 1512 4740 Ὀ
1546 4685 1729 4755 μέντοι
1764 4701 1867 4737 πα-

290 4781 612 4851 ραχωρήσει
649 4780 787 4834 Θεοῦ
822 4781 911 4833 διὰ
963 4779 1169 4849 πλῆθος
1219 4778 1508 4848 ἁμαρτιῶν
1555 4777 1867 4847 έπισυμϐἀς

286 4873 400 4945 πρὸ
432 4873 619 4939 ὀλίγου
640 4872 837 4941 καιρὸς
870 4874 971 4941 τῆς
1002 4870 1322 4941 συγχύσεως
1354 4871 1450 4923 zeal
1478 4869 1578 4939 τὴν
1612 4868 1868 4937 τοιαύτην

285 4966 389 5020 τοῦ
419 4965 609 5027 ἔθνους
640 4967 985 5020 κατάστασιν
1011 4962 1277 5032 ἀνέτρεψε
1340 4962 1436 5016 zeal
1492 4961 1736 5031 συνέχεε,
1774 4960 1870 5014 zeal

290 5056 495 5127 μικροῦ
520 5057 632 5110 δεῖν
660 5057 750 5109 διά
784 5057 966 5127 μάχας
983 5057 1138 5124 σφίσι
1163 5057 1257 5108 zeal
1276 5053 1549 5123 πολέμους
1571 5052 1869 5122 ἐμφυλίους

287 5150 553 5219 κεκίνηκε
586 5163 600 5177 ⁸
639 5153 736 5203 zeal
761 5151 789 5201 ό
822 5148 924 5219 μὲν
954 5146 1197 5211 τοιοῦτος
1233 5146 1423 5215 καιρὸς
1454 5144 1677 5199 τοιαῦτα
1693 5145 1873 5197 οίκεῖα

290 5243 520 5306 πάντως
572 5242 755 5312 ἑαυτῷ
791 5242 988 5306 ποιῶν,
1021 5244 1048 5293 ό
1083 5242 1148 5294 έκ
1198 5239 1336 5293 Θεοῦ
1369 5238 1425 5291 δὲ
1462 5241 1522 5291 τ’)
1567 5236 1873 5307 βασιλεύειν

292 5335 499 5403 κλῆρον
525 5334 706 5403 λαχὼν
739 5334 953 5387 δίκαιον
982 5333 1173 5385 ἕνεκεν
1200 5331 1456 5401 ἀληθείας
1480 5332 1577 5383 zeal
1629 5329 1876 5399 πραότη·

292 5446 387 5489 τος
426 5432 519 5481 καὶ
543 5428 925 5498 δικαιοσύνης,
949 5429 1005 5479 ὲν
1034 5421 1114 5489 οἷς
1146 5426 1394 5488 ἅπαντας
1425 5425 1552 5486 τοὺς
1576 5424 1683 5493 πρὸ
1706 5420 1873 5476 αὐτοῦ

293 5519 485 5588 σχεδὸν
518 5520 840 5590 ὑπερήλασε
892 5518 1176 5589 βασιλέας,
1235 5517 1525 5587 κράτιστος
1581 5514 1675 5568 zeal
1722 5513 1876 5582 ἀγιός

297 5627 407 5678 μου
443 5610 834 5678 αὐτοκράτωρ,
868 5608 1268 5679 γνωρισθέντος
1294 5606 1387 5659 τοῦ
1420 5606 1749 5674 πράγματος
1799 5604 1878 5674 τῷ

290 5701 472 5771 ὲνθὲῳ
506 5703 702 5769 κράτει
740 5701 843 5770 τῆς
873 5698 1041 5754 αὐτοῦ
1070 5698 1355 5769 βασιλείας
1384 5698 1444 5761 ἐξ
1483 5697 1643 5766 ἡμῶν
1672 5713 1731 5747 τε
1784 5695 1878 5748 αὐ-

292 5792 407 5847 τῶν
440 5796 532 5847 zeal
560 5796 659 5864 τῆς
692 5792 821 5861 περὶ
853 5793 999 5861 ἡμᾶς
1034 5793 1183 5857 ίερᾶς
1214 5794 1307 5843 καὶ
1348 5792 1495 5855 θείας
1530 5790 1749 5843 συνόδου
1788 5789 1880 5845 zeal

712 5888 980 5947 ΡΑτιιοι..
1014 5885 1129 5946 GR.
1164 5886 1337 5948 CLII.

1968 4588 2198 4658 τοιαύτη
2240 4590 2566 4658 καινοτομία
2596 4591 2878 4658 γενέσθαι,
2912 4594 3185 4666 κατελύθη
3218 4595 3275 4649 δὲ
3299 4598 3396 4651 zeal
3418 4601 3548 4652 ἀνε-

1970 4680 2160 4751 τράπη
2189 4682 2306 4750 ἀμα
2341 4682 2418 4751 τῷ
2449 4685 2757 4750 γεγονέναι,
2796 4685 2873 4753 μὴ
2924 4687 3334 4759 ἀνασχομένων,
3372 4691 3447 4755 ὡς
3470 4693 3550 4745 εί-

1973 4793 2163 4847 ρηται,
2194 4776 2305 4829 τῶν
2329 4777 2509 4830 ἐκεῖσε
2578 4778 2930 4846 Χριστιανῶν
2965 4784 3025 4835 τὸ
3072 4785 3319 4841 τοιοῦτον
3368 4788 3555 4844 αὐτῶν

1971 4869 2093 4933 ἔθος
2123 4868 2478 4939 ἀθετηθῆναι.
2526 4870 2825 4943 ’Δνηνέχθη
2851 4872 2909 4926 δι
2934 4876 3004 4927 τά
3036 4881 3167 4946 περὶ
3223 4881 3417 4934 τούτου
3451 4885 3549 4953 ἁρ-

1972 4962 2102 5024 τίως
2133 4963 2214 5025 είς
2248 4962 2347 5032 τήν
2402 4962 2686 5032 βασιλείαν
2734 4982 2842 5031 μου
2877 4967 3030 5039 παρά
3070 4970 3165 5022 τοῦ
3228 4971 3549 5040 εὐγενεστάς

1972 5070 2069 5107 του
2102 5052 2342 5123 μεγάλου
2365 5054 2534 5125 ρηγὺς
2575 5054 2809 5120 Ῥωσίας
2862 5060 2960 5112 zeal
3010 5067 3385 5132 περιποθήτου
3429 5066 3553 5119 ἀνε-

1973 5142 2101 5213 ψιοῦ
2123 5146 2221 5213 τῆς
2256 5144 2538 5214 βασιλείας
2578 5160 2710 5215 μου,
2744 5144 2855 5218 κῦρ
2882 5148 3131 5219 Συμεὼν,
3168 5156 3264 5207 zeal
3311 5155 3550 5226 ὲζητήθη

1979 5237 2121 5305 μετά
2171 5236 2587 5306 παρακλήσεως.
2609 5239 2777 5292 αὐτοῦ
2808 5257 2868 5293 τε
2893 5247 2990 5297 zeal
3022 5246 3129 5297 τῶν
3163 5249 3343 5301 ἀλλων
3374 5252 3553 5303 ἐκεῖσε

1979 5326 2190 5395 ρηγῶν,
2229 5326 2370 5379 ὥστε
2407 5328 2865 5400 ἀποκαταστῆναι
2894 5336 2987 5387 καὶ
3022 5334 3180 5398 αὐθις
3213 5338 3303 5391 διὰ
3352 5357 3556 5409 χρυσο-

1978 5417 2202 5470 δούλλου
2236 5418 2340 5487 τῆς
2369 5420 2656 5489 βασιλείας
2685 5439 2786 5493 μου
2830 5419 2928 5488 τὰς
2958 5426 3213 5493 τοιαύτας
3246 5432 3557 5497 ἐπισκοπάς

1979 5510 2085 5563 ὑπὸ
2114 5510 2212 5580 τὴν
2236 5510 2503 5581 ῥηθεῖσαν
2546 5514 2858 5586 ἁγιωτάτην
2895 5519 3234 5589 μητρόπολιν
3275 5526 3549 5594 Κυγέὄου,

1980 5604 2056 5667 ὡς
2093 5605 2272 5658 καὶτὸ
2303 5608 2592 5677 πρότερον.
2639 5607 2702 5661 Ἦ
2736 5610 2986 5679 βασιλεία
3020 5632 3122 5683 μου
3153 5616 3251 5686 τὴν
3295 5622 3556 5692 τοιαύτην

1981 5693 2145 5748 αὐτοῦ
2174 5696 2405 5765 ζήτησιν
2440 5697 2655 5753 δικαίαν
2686 5701 2780 5754 zeal
2807 5700 3031 5772 εὐλογον
3079 5708 3318 5776 κρίνασα
3353 5712 3441 5766 διά
3497 5734 3557 5768 τε

1982 5788 2041 5841 τὸ
2084 5788 2245 5858 ῥηθὲν
2281 5790 2375 5845 zeal
2408 5789 2616 5847 ἄνωθεν
2684 5794 2847 5865 μέχρι
2888 5798 2983 5851 νῦν
3039 5801 3321 5871 κρατῆσαν
3361 5809 3555 5879 ἐκκλη-

3112 5893 3178 5955 le]
