4078 6202
301 333 439 401 1307

1435 321 1731 386 ISIDORI
1774 319 1881 381 (ΣΡ.
1931 315 2439 379 ΡΑΤΒῘΑΒΟΗίΕ

3391 314 3529 382 1293

301 445 549 507 man-05.
582 443 854 506 Ἰωάννου,
893 440 1002 495 τῶν
1033 439 1202 508 ἁγίων
1238 436 1460 501 ἐνδόξων
1490 437 1863 507 πανευφήμων
1894 436 1937 494 Α
1967 429 2326 497 ἀλλοτρίωσιν
2363 425 2760 495 ἀπειλήσαντα.
2809 425 3032 491 Τούτοις
3080 431 3190 493 τοῖς
3233 428 3409 496 λόγοις
3444 433 3536 484 τὸν

296 537 635 600 ἀποστόλων,
664 535 773 589 τῶν
800 534 964 587 ὁσίων
991 533 1084 587 καὶ
1112 530 1384 599 θεοφόρων
1416 528 1680 598 Πατέρων
1709 528 1867 599 ήμῶν

297 630 395 684 καὶ
423 630 643 682 πάντων
673 627 782 680 τῶν
817 626 912 678 ἀπ’
947 624 1141 687 αἰῶνος
1182 619 1661 692 εὑαρεστησάντων
1693 621 1866 687 ἁγίων

299 722 405 785 σοι,
438 720 516 788 τῷ
539 718 731 789 Κυρίῳ
759 715 917 787 ήμῶν
953 712 1129 782 Ἰησοῦ
1164 710 1410 783 Χριστῷ,
1447 701 1492 778 ᾧ
1516 708 1716 781 πρέπει
1740 710 1869 777 δόξα

295 811 379 872 είς
414 811 539 872 τοὺς
578 809 805 870 αἰῶνας.
854 806 1054 878 Ἀμήν.

295 961 439 1018 XIII.
468 959 751 1016 Eusebius.
782 958 974 1014 electus
1011 957 1346 1097 m’eit‘zzglita
1378 954 1621 1027 Sugdam:
1647 992 1662 1019 ,
1711 938 1870 1022 fidem

967 1045 1063 1095 pro
1250 1065 1268 1082 .

967 1045 1268 1095 promatur.

368 1167 410 1241 ’ῖ-
460 1167 542 1220 Τά
600 1166 751 1236 παρὰ
806 1163 912 1217 τῶν
945 1161 1114 1230 ἁγίων
1167 1159 1479 1231 ἀποστόλων
1510 1156 1861 1229 κηρυχθέντα

298 1261 394 1314 καὶ
431 1259 581 1328 παρά
605 1255 733 1328 δῶν
769 1254 910 1307 ἐπτά
962 1250 1134 1321 ἁγίων
1187 1248 1585 1320 οἰκουμενικῶν
1635 1247 1873 1300 συνόδων

302 1320 639 1424 κυρωθέντιῖ
652 1346 901 1417 στέργων
934 1320 1203 1413 ἐκίψυχῆς
1238 1339 1551 1412 προσκυνῶ,
1591 1341 1686 1393 καὶ
1710 1354 1872 1390 πνευ-

305 1438 550 1509 ματικῶς
601 1434 1067 1498 κατασπάςομαι,
1115 1432 1209 1485 ἀτε
1248 1427 1342 1481 τοῦ
1374 1426 1519 1481 θείου
1576 1427 1666 1480 καὶ
1723 1426 1873 1496 ἱεροῦ

302 1529 635 1598 [εὐαγγελίου
672 1524 918 1596 ἀκριϐῶς
954 1522 1209 1594 ἐχόμενα,
1240 1520 1376 1574 ἀλλά
1432 1519 1529 1574 καὶ
1579 1518 1656 1588 τῷ
1703 1536 1877 1571 πανα-

300 1621 554 1691 γιωτὰτῳ
603 1634 704 1689 μου
756 1616 994 1690 δεσπότῃ
1029 1615 1123 1668 καὶ
1156 1611 1524 1682 οίκουμενικῷ
1558 1611 1874 1681 πατριάρχη
1901 1630 1919 1647 ι

1969 519 2211 589 ἐμαυιοῦ
2260 518 2372 585 βίον
2425 518 2775 588 παράδειγμα
2827 519 3105 588 προτιθεὶς
3155 521 3380 583 πολλοὺς
3426 523 3539 573 τῶν

1968 611 2063 665 τοῦ
2096 609 2345 664 διαϐόλου
2396 609 2643 679 παγίδων
2678 610 2882 676 ἐξεῖλον
2933 612 2999 681 τῇ
3034 610 3219 680 χάριτι
3269 610 3361 663 τοῦ
3402 612 3580 686 Χρι-ἠ

1971 701 2125 767 στοῦ,
2173 701 2269 755 καὶ
2300 701 2485 756 πολλοὶ
2516 702 2616 773 τὴν
2644 702 2722 764 είς
2764 702 2997 771 οὐρανὸν
3052 704 3331 773 φέρουσαν
3379 703 3575 772 ἕδρα-³

1972 810 2074 862 μον
2106 795 2542 864 ἀμεταστρεπτὶ,
2587 793 2680 847 καὶ
2709 792 2883 846 ταῦτα
2906 794 3015 845 νέοι
3040 794 3133 847 καὶ
3170 792 3354 863 πολλῷ
3382 795 3544 848 πλού-

1968 899 2047 954 τῳ
2102 883 2196 937 καὶ
2232 882 2376 954 δόξῃ
2416 882 2793 952 περίϐλεπτοι.
2837 883 2990 937 Ἐπεὶ
3038 883 3096 936 δὲ
3151 883 3232 946 είς
3273 886 3542 954 μοναχοὺς

1971 974 2194 1029 ἐτέλεσα
2216 1014 2231 1039 ,
2257 975 2353 1028 τὸν
2387 974 2753 1046 ἐλαφρότατον
2777 974 2870 1029 τοῦ
2896 975 3105 1047 Κυρίου
3142 967 3415 1047 βαστάξας
3450 975 3545 1040 ζυ-

1971 1066 2089 1133 γὸν,
2126 1065 2314 1137 ἀπῆρα
2350 1066 2449 1135 μὲν
2479 1066 2579 1136 τῆς
2614 1065 3043 1137 Θεσσαλονίκης,
3083 1067 3146 1120 τὸ
3190 1066 3249 1123 δὲ
3289 1068 3546 1121 διδασκα-

1971 1156 2114 1211 λεῖον
2163 1159 2269 1212 τῶν
2306 1158 2581 1227 μοναχῶν,
2629 1158 2688 1210 τὸ
2743 1157 2842 1226 τῆς
2894 1159 3095 1230 ἀρετῆς
3143 1161 3546 1229 ἐργαστήριον,

1974 1250 2066 1301 τὸν
2098 1247 2405 1317 ἁγιώτατον
2438 1248 2590 1301 ’Δθω
2631 1249 3062 1325 καταλαμϐάνω,
3098 1253 3163 1321 τῇ
3195 1250 3288 1304 τοῦ
3316 1250 3546 1305 θανάτου
3610 1280 3633 1288 -

1981 1341 2186 1414 μελέτῃ
2216 1339 2407 1404 ἐκδοὺς
2436 1340 2690 1411 ἐμαυτὸν,
2740 1343 2836 1394 καλ⁸
2891 1340 3041 1394 ίσασι
3076 1342 3176 1411 τὴν
3208 1342 3348 1412 ἐμὴν
3399 1343 3550 1395 ’πολι-

1972 1432 2122 1485 τείαν
2166 1432 2216 1483 οί
2265 1429 2672 1501 οὐρανομήκεις
2721 1432 2941 1496 ἐκεῖνοι,
2990 1425 3232 1501 παρόἷς
3282 1431 3549 1500 ἐφοίτησα

1976 1524 2073 1575 καὶ
2115 1522 2181 1574 τά
2222 1521 2475 1591 μοναχῶν
2516 1520 2833 1591 ἐτελέσθην,
2876 1521 2952 1583 ὡς
2983 1522 3093 1575 οὐδ’
3137 1521 3259 1585 ἐνὸς
3309 1522 3419 1578 τῶν
3455 1524 3550 1576 ἐπὶ

1974 1613 2078 1681 γῆς
2111 1611 2331 1681 ἀγαθῶν
2366 1609 2713 1682 ἐπεθύμησα,
2770 1612 2831 1665 ού
2879 1613 3037 1683 δόξης
3088 1613 3229 1684 ἔρως
3276 1615 3376 1686 τὴν
3408 1615 3550 1685 ἐμὴν

300 1714 454 1783 κυρῷ
492 1710 747 1780 ἰπιδώριρ
798 1708 892 1762 καὶ
938 1709 1005 1777 τῇ
1056 1705 1178 1759 κατ’
1229 1705 1390 1759 αὐτὸν
1454 1703 1576 1775 θείᾳ
1619 1704 1714 1756 και
1755 1702 1877 1772 ιερᾷ
1911 1779 1941 1783 Α
1977 1702 2156 1774 ψυχὴν
2216 1700 2401 1769 εἶλεν,
2451 1706 2864 1781 οιχρημάτων
2910 1704 3200 1772 ἐπιθυμία,
3236 1704 3375 1758 ἁλλά
3405 1721 3551 1758 πτω-

305 1779 528 1873 συῐιάεῳ,
561 1801 636 1864 ὡς
673 1779 781 1853 ἐκαὶ
826 1798 1011 1859 αὐτοῖς
1059 1794 1433 1863 ἀκριϐέστατα
1469 1791 1746 1862 ἐχομένοις
1778 1790 1877 1859 τῆς
1909 1779 1954 1842 Β
1982 1794 2101 1865 χεία
2133 1795 2232 1864 μὲν
2280 1797 2405 1865 ἐμοὶ
2433 1779 2690 1866 διηνεκὴς
2741 1797 3052 1866 ἐπιμέλεια,
3082 1798 3179 1851 καὶ
3229 1796 3459 1859 πλοῦτος
3493 1800 3549 1875 τὸ

304 1894 650 1963 παναμώμου
682 1891 888 1959 ταύτης
925 1887 1168 1958 διδαχῆς,
1201 1885 1309 1939 τῶν
1343 1884 1507 1939 θείων
1547 1881 1750 1954 δηλαδὴ
1783 1882 1876 1935 καὶ

308 1987 467 2058 ἱερῶν
507 1983 785 2054 Πατέρων,
831 1976 1399 2049 πείθομαοὸλοψύχως
1432 1976 1532 2028 καὶ
1585 1971 1880 2043 συμφρονῶ

305 2080 401 2129 καὶ
438 2069 767 2145 ὁμορφρονῶ
790 2070 887 2123 καὶ
912 2068 1290 2136 ὑποτάσσομαι
1340 2064 1483 2118 κατά
1505 2064 1700 2119 πάντα.
1738 2061 1880 2132 Βαρ-

305 2166 457 2241 λαάμ
490 2166 546 2217 δὲ
575 2165 670 2218 καὶ
708 2160 1066 2215 ’Δκίνδυνον.
1111 2200 1127 2214 .
1206 2179 1234 2217 .’
1301 2196 1315 2211 .
1393 2195 1407 2209 .
1487 2195 1502 2211 .
1577 2191 1596 2209 .
1673 2195 1689 2212 .
1768 2193 1783 2207 .
1857 2190 1874 2208 .

308 2298 325 2313 .
405 2299 420 2315 .
496 2295 512 2309 .
590 2294 606 2310 .
681 2262 717 2308 .’
780 2292 796 2308 .
879 2291 893 2307 .
977 2291 992 2307 .
1072 2288 1088 2304 .
1168 2289 1181 2305 .
1236 2249 1362 2311 τοὺς
1414 2247 1725 2318 ὁμόφρονας
1781 2245 1878 2298 καὶ

308 2348 552 2410 ὀπαδοὺς
600 2346 808 2400 τούτων
836 2344 979 2398 κατὰ
1015 2343 1114 2411 τὴν
1146 2338 1438 2411 περίληψιν
1469 2337 1577 2391 τῶν
1606 2336 1881 2404 προϐεϐη-

305 2440 480 2493 κότων
526 2435 614 2491 ἐπ’
638 2437 818 2499 αὐτοῖς
852 2434 1013 2504 ιερῶν
1055 2432 1238 2502 τόμων
1274 2431 1350 2495 ώς
1381 2427 1709 2493 κακοδόξους
1741 2431 1878 2481 ἀπο-

306 2531 571 2601 ϐάλλομαι
613 2530 727 2594 καὶ,
763 2527 812 2582 εί
851 2526 926 2598 μὴ
982 2521 1438 2596 μεταμεληθεῖεν,
1476 2521 1877 2576 καθυποϐἀλλω

304 2626 386 2697 τῷ
414 2622 739 2693 ἀναθίματι,
784 2622 859 2683 ὼς
906 2617 982 2689 μὴ
1023 2614 1431 2686 συνεπομένους
1479 2614 1576 2666 καὶ
1627 2628 1877 2682 συμφρο-

305 2717 533 2778 νοῦντας
567 2715 664 2767 καὶ
699 2711 1026 2783 συνᾴδοντας
1064 2708 1174 2772 τοῖς
1205 2705 1369 2768 θείοις
1396 2705 1492 2759 καὶ
1526 2704 1691 2774 ἱεροῖς
1722 2701 1878 2772 ήμῶν

310 2806 558 2877 Πατράσι
602 2804 699 2857 καὶ
731 2801 808 2872 τῷ
851 2799 1111 2870 θειοτάτῳ
1148 2814 1249 2869 μου
1297 2795 1557 2865 δεσπότῃ,
1584 2793 1665 2864 τῷ
1703 2797 1881 2847 οἰκου-

311 2895 521 2968 μενικῷ
566 2894 902 2966 πατριάρχῃ,
937 2890 1047 2963 κῦρ
1090 2886 1368 2959 Ἰσιδώρῳ,
1400 2888 1499 2940 καὶ
1530 2887 1598 2956 τῇ
1634 2886 1757 2938 κατ’
1782 2887 1879 2939 αύ-

308 2988 405 3041 τὸν
432 2986 554 3059 θεία
599 2989 696 3041 καὶ
746 2982 869 3055 ιιρε
900 2981 1127 3052 συνόδῳ.
1156 2979 1344 3033 Ταῦτα
1387 2977 1477 3032 διὰ
1528 2977 1642 3046 βίου
1677 2972 1880 3045 φυλάτ-

310 3096 425 3134 τειν
471 3079 567 3133 καὶ
597 3078 785 3148 τηρεῖν
831 3073 1076 3145 ἀκριϐῶς
1111 3069 1557 3140 διαϐεϐαιοῦμαι,
1602 3070 1700 3123 κα)⁸
1736 3068 1877 3138 μετά

310 3170 511 3240 ταύτης
545 3133 942 3239 τῆςηπίστεως
974 3133 1211 3235 εὔχομαι
1258 3133 1610 3231 παραστῆναι
1649 3133 1750 3230 τῷ*
1776 3161 1877 3229 βή-
1903 3133 1947 3191 c

315 3279 453 3333 ματι
483 3260 581 3314 τοῦ
624 3257 861 3325 Χριστοῦ
897 3258 992 3311 καὶ
1016 3257 1201 3325 τυχεῖν
1230 3255 1327 3323 τῆς
1356 3252 1488 3322 παρ’
1510 3251 1676 3306 αὐτοῦ
1705 3268 1883 3319 σωτηε

311 3354 457 3424 ρίας,
491 3354 558 3423 τῇ
591 3351 756 3406 αὐτοῦ
786 3351 1017 3417 δυνάμει
1060 3348 1159 3401 καὶ
1204 3349 1411 3416 χάριτι.
1451 3346 1517 3397 ’Δ
1547 3336 1659 3397 και
1684 3342 1883 3412 πληρο-

319 3444 518 3515 φορίας
545 3446 640 3497 καὶ⁵
671 3441 931 3511 ἀκριϐοῦς
958 3438 1262 3508 ἀσφαλείας
1283 3437 1472 3492 ἕνεκεν
1502 3433 1879 3505 οίκειοχείροις

313 3541 679 3609 σημειώσεσιν
709 3536 1023 3606 ὑπέγραψα.
1666 3601 1675 3607 _

384 3631 424 3700 -ι-
442 3626 582 3698 εἶχε
608 3628 706 3683 καί
738 3625 1098 3696 ὑποκραςρήν
1122 3640 1136 3655 ’
1174 3623 1467 3688 Εὐσέϐιος
1491 3620 1883 3690 ιερομόνοχος

316 3721 414 3774 καί
483 3719 839 3790 ὑποψήφιος
896 3716 1006 3786 τῆς
1061 3702 1391 3786 ἁγιωτάτης
1458 3713 1889 3783 μητροπόλεως

315 3812 671 3884 Σουτδαίας.
1050 3826 1057 3833 '

702 3973 840 4030 XIV.
873 3958 1070 4028 Ιείάονί
1099 3976 1493 4026 tutamentum.

314 4083 562 4157 Διαθήκη
600 4083 696 4138 τοῦ
747 4082 913 4137 αὐτοῦ
953 4082 1271 4151 ἀγιωτάτου
1336 4080 1678 4152 πατριάρχου
1732 4080 1885 4134 Κων-

606 4176 1105 4239 σταντινουπόλεως
1154 4172 1261 4245 κῦρ
1301 4171 1598 4243 Ἰσιδὼρου.

387 4288 428 4360 -ι-
458 4287 751 4358 Βούλομαι,
791 4289 841 4340 εί
891 4284 1136 4357 συμϐαίη
1172 4303 1262 4358 μοι
1314 4284 1627 4350 ἀποθανεῖν,
1687 4283 1890 4354 πολυη-

319 4382 387 4451 μέ
398 4399 477 4451 ρῳ
518 4380 619 4451 ἤδη
644 4379 1078 4448 κατεργασθέντι
1111 4381 1406 4449 νοσήματι,
1444 4376 1641 4447 μικρόν
1665 4394 1720 4429 τι
1753 4392 1888 4446 μνη-

1985 1884 2153 1956 μηδέν
2183 1885 2348 1956 ἔχειν,
2378 1886 2530 1956 τῆξις
2555 1887 2609 1940 δε
2641 1888 2844 1958 σαρκὸς
2890 1889 2924 1960 ή
2957 1888 3161 1960 σπουδὴ
3190 1889 3286 1942 καὶ
3322 1890 3381 1941 τὸ
3411 1891 3549 1961 πρὸς

1979 1977 2112 2030 Θεὸν
2144 1980 2323 2030 νεύειν
2375 1979 2444 2032 δι’
2485 1981 2719 2050 ἡσυχίας
2780 1982 2808 2033 ὁ
2860 1980 2974 2051 βίος
3025 1982 3172 2044 ἄπας
3219 1981 3365 2050 ἐμοί.
3407 1980 3548 2033 Ἀλλ’

1977 2068 2114 2139 ὅπερ
2177 2063 2354 2134 εἷπον,
2395 2065 2511 2141 εἶχε
2546 2071 2642 2141 μὲν
2687 2071 2789 2144 ἐμέ
2841 2075 2904 2126 τὸ
2934 2071 3126 2142 ’Δγιον
3154 2074 3320 2144 Ὄρος
3345 2111 3361 2137 ,
3391 2074 3548 2142 ἄφνω

1978 2158 2033 2213 δὲ
2078 2162 2143 2231 τῇ
2188 2161 2284 2214 τοῦ
2319 2161 2455 2215 Θεοῦ
2497 2161 2798 2236 Ἐκκλησία
2857 2163 3094 2236 πόλεμος
3127 2166 3338 2239 ἐρράγη
3377 2166 3547 2236 βαρύο

1977 2267 2163 2313 τατος⁹
2202 2253 2348 2305 ἴσασι
2403 2253 2601 2318 πάντες
2650 2256 2749 2325 τὴν
2777 2255 3093 2328 άθεωτάτην
3125 2258 3217 2313 τοῦ
3251 2256 3545 2329 Καλαϐρού

1981 2341 2248 2414 Βαρλαάμ
2281 2345 2525 2416 αἵρεσιν,
2557 2348 2624 2418 ἢν
2657 2350 2865 2413 ἐκεῖνος
2899 2350 2997 2421 μὲν
3018 2351 3340 2426 ἐγέννησεν,
3371 2350 3547 2405 Ἀκίνη

1978 2434 2136 2498 δυνος
2171 2435 2228 2489 δέ
2282 2436 2576 2509 ἐθρέψατο,
2628 2443 2770 2495 κατὰ
2827 2442 2922 2496 τοῦ
2959 2443 3163 2509 ζῶντος
3207 2442 3343 2498 Θεοῦ
3373 2445 3548 2499 δεινό-

1980 2540 2116 2577 τατα
2168 2527 2264 2578 καὶ
2296 2526 2732 2599 βουλευσάμενος
2783 2534 2877 2586 καλ⁸
2925 2534 3370 2605 διαπραξάμενος
3398 2551 3413 2566 °
3451 2554 3549 2588 κα-

1978 2615 2153 2669 λεῖται
2182 2616 2246 2689 δὴ
2296 2619 2325 2671 ό
2355 2619 2648 2691 ἱερώτατος
2674 2622 3077 2694 Θεσσαλονίκης
3119 2627 3270 2698 παρά
3295 2625 3390 2680 τοῦ
3424 2626 3548 2680 τότε

1979 2708 2480 2779 πατριαρχεύοντος
2514 2711 2615 2781 τὴν
2665 2714 2912 2785 μεγάλην
2956 2716 3113 2769 πόλιν
3140 2717 3344 2787 ταύτην
3376 2735 3552 2772 κατα-

1979 2798 2166 2853 λαϐεῖν
2199 2801 2291 2852 καὶ¹
2319 2801 2399 2870 τῷ
2442 2801 2717 2871 Βαρλαᾶμ
2748 2804 3078 2875 προσϐαλεῖν
3110 2808 3204 2860 καὶ
3242 2810 3323 2871 εἰς
3357 2805 3550 2875 λόγους

1981 2892 2157 2945 ἐλθεῖν
2210 2893 2424 2964 ἐκείνῳ,
2473 2898 2599 2965 περὶ
2646 2885 2720 2949 ὧν
2768 2899 3111 2968 καινοτομῶν
3158 2894 3228 2971 ἦν
3278 2902 3551 2956 καὶκατὰ

1982 2985 2082 3054 τῆς
2110 2985 2376 3055 ἀληθείας
2411 2987 2760 3058 μαινόμενος,
2793 2988 2871 3059 τῷ
2899 2990 2965 3059 δὴ
3009 2991 3238 3062 τοιούτῳ
3273 2993 3552 3064 ἱερωτάτῳ

1982 3075 2381 3146 Θεσσαλονίκης
2438 3077 2711 3148 προμάχῳ
2747 3081 2846 3146 τῆς
2897 3078 3186 3141 εὐσεϐείας
3219 3083 3552 3134 καταστάντι

1984 3166 2138 3237 παρά
2176 3166 2312 3219 Θεοῦ
2350 3166 2639 3237 σύμμαχον
2667 3170 2763 3221 καὶ
2788 3169 2949 3231 αὐτὸς
2980 3170 3215 3237 ἐμαυτὸν
3246 3173 3551 3242 παρέσχον,
3580 3225 3588 3229 _

1984 3256 2079 3307 καὶ
2124 3257 2277 3325 κοινῇ
2322 3256 2441 3324 μετ’
2494 3256 2661 3309 αὐτοῦ
2714 3273 2774 3309 τε
2824 3256 2921 3309 καὶ
2985 3258 3084 3327 τῆς
3148 3260 3395 3323 συνοδίας
3443 3263 3553 3314 τῶν

1986 3345 2135 3414 ἐμῶν
2179 3345 2428 3411 ἀδελφῶν
2489 3347 2600 3400 τῶν
2630 3365 2706 3400 ,τε
2773 3348 2873 3417 τῆς
2922 3349 3235 3421 ὁδοιπορίας
3290 3353 3554 3422 καμάτων

1984 3434 2352 3504 ἠνεσχόμεθα,
2391 3438 2487 3489 καὶ
2522 3437 2663 3489 κατὰ
2714 3435 2813 3508 τὴν
2859 3439 3012 3492 πόλιν
3061 3441 3342 3510 γενόμενοι
3370 3443 3461 3495 τόν
3495 3462 3555 3495 τε

1987 3525 2175 3594 ἀγῶνα
2205 3527 2304 3597 τῆς
2347 3527 2504 3596 δίκης
2555 3527 2964 3600 διηγωνίσμεθα
3021 3532 3117 3585 καὶ
3163 3534 3261 3602 τὴν
3313 3534 3555 3588 νικῶσαν

1988 3616 2278 3687 ἐλάϐομεν,
2332 3616 2465 3670 Θεοῦ
2519 3618 2725 3690 ταύτην
2775 3621 3138 3692 βραϐεύοντος
3191 3625 3405 3678 ἀνωθεν
3461 3630 3559 3680 καὶ

1992 3706 2256 3776 βασιλέων
2288 3707 2439 3763 δυοῖν
2495 3711 2590 3763 καὶ
2638 3710 2731 3764 τοῦ
2781 3714 2903 3766 τότε
2957 3717 3428 3787 πατριαρχοῦντος
3460 3722 3560 3773 καὶ

1990 3798 2191 3862 παντὸς
2247 3799 2342 3852 τοῦ
2402 3800 2549 3870 ἱεροῦ
2607 3793 2815 3856 ἐκείνου
2872 3805 3263 3877 πληρώματος.
3326 3794 3457 3874 Τῆς
3500 3809 3558 3862 δέ

1990 3891 2382 3961 Μονεμϐασίας
2415 3897 2639 3965 γνησίου
2667 3897 2926 3967 ποιμένος
2960 3901 3337 3972 ἐστερημένης
3372 3906 3426 3957 aI
3457 3906 3561 3977 μὲν

1990 3982 2312 4056 ψῆφοιτῆς
2369 3987 2523 4058 ἱερᾶς
2572 3989 2796 4043 συνόδου
2835 3991 3139 4061 βλέπουσιν
3174 3996 3253 4056 είς
3285 3995 3408 4066 ἐμὲ,
3448 3997 3561 4064 ἐγὼ

1991 4074 2049 4129 δὲ
2103 4076 2540 4149 ἀναϐαλλόμενος
2588 4078 2657 4152 ἦν
2710 4082 2769 4136 τὸ
2818 4085 3072 4155 πρᾶγμα,
3123 4086 3297 4150 τέλος¹
3327 4086 3445 4154 εἶξα
3490 4093 3559 4162 τῇ

1993 4168 2114 4242 θεία
2139 4171 2329 4244 ψήφῳ,
2363 4175 2460 4229 καλ¹
2497 4175 2809 4249 ὑποψήφιος
2846 4180 3120 4251 κατέστην
3149 4183 3560 4252 Μονεμϐασίας,

1992 4265 2130 4335 πρὸς
2157 4264 2256 4339 τὴν
2286 4268 2623 4338 χειροτονίαν
2644 4270 2866 4342 ἀφορῶν
2896 4272 3019 4345 ήδη.
3052 4273 3159 4328 Τοῦ
3187 4274 3244 4328 δὲ
3284 4274 3564 4330 θειοτάτου

1997 4354 2265 4425 βασιλέως
2316 4359 2375 4422 ἐξ
2432 4360 2739 4430 ἀνθρώπων
2804 4366 3094 4432 γεγονότος
3151 4369 3248 4421 καὶ
3294 4370 3428 4439 πρὸς
3473 4373 3565 4423 τὸν

318 4449 476 4542 μεῖον
535 4449 628 4525 τοῦ
678 4472 875 4543 καιροῦ
929 4470 1349 4539 κατεπείγοντος
1402 4471 1617 4539 ἀφεῖναι
1668 4467 1744 4539 τῷ
1788 4468 1888 4539 βίῳ
1917 4465 1972 4526 ι)
1997 4449 2177 4543 ἀληβῆ
2211 4450 2438 4543 βασιλέέ
2482 4453 2928 4523 μεταδεδηκότος
2968 4455 3230 4525 Χριστδνο
3271 4462 3299 4511 ό
3326 4464 3425 4529 τῆς
3463 4462 3566 4531 ἐμ·

318 4564 453 4635 περὶ
479 4562 590 4615 τῶν
618 4562 862 4633 ἐμαυτοῦ
882 4601 900 4628 ,
928 4563 1021 4616 καὶ
1059 4563 1230 4633 βραχύ
1251 4579 1303 4615 τι
1337 4560 1662 4633 διαχαράξαι
1708 4561 1892 4630 γράμ-

320 4671 422 4723 μα,
466 4652 562 4724 τὴν
614 4654 776 4725 ἐμὴν,
825 4656 954 4726 περὶ
987 4647 1063 4708 ὧν
1093 4654 1228 4724 ἐρῶ,
1270 4650 1573 4721 διασαφοῦν
1611 4651 1888 4722 βούλησιν.

329 4744 488 4814 Ἐμοὶ
547 4745 727 4797 τοίνυν
773 4744 1145 4814 Θεσσαλονίκη
1190 4744 1388 4812 πατρὶς
1437 4743 1532 4796 καὶ
1575 4742 1799 4813 τροφὸς,
1835 4743 1894 4795 ἐν

317 4832 497 4904 ταύτῃ
554 4833 650 4886 καὶ
688 4833 883 4902 λόγους
934 4832 1203 4907 μετέσχον
1249 4834 1347 4887 καὶ
1390 4834 1506 4896 τοῖς
1548 4832 1896 4903 βουλομένοις

319 4925 631 4994 μετέδωκα,
671 4927 767 4985 καὶ
796 4925 982 4978 πολλοί
1032 4943 1124 4997 μοι
1153 4924 1246 4978 τοῦ
1290 4924 1407 4995 βίου
1439 4925 1535 4978 καὶ
1564 4924 1666 4994 τῆς
1690 4925 1892 4995 διαγω-

317 5017 428 5085 γῆς
454 5017 672 5087 ἐκείνης
715 5017 1013 5089 μάρτυρες,
1038 5018 1187 5081 ὅπως
1219 5017 1324 5071 ὑπὸ
1355 5016 1473 5087 Θεῷ
1506 5017 1760 5089 βλέποντι
1801 5017 1893 5070 τὸν

320 5100 425 5170 τῆς
463 5103 825 5174 συνειδήσεως
858 5104 1153 5173 ἐκφεύγειν
1177 5106 1399 5176 ἔλεγχον
1427 5105 1770 5177 ἐπειρώμην,
1805 5106 1896 5158 ἀεὶ
2002 5128 2029 5146 σε
2092 5127 2112 5146 ο

320 5191 553 5263 ἐμαυτῷ
585 5209 646 5245 τε
683 5194 774 5248 τὸν
802 5191 897 5247 τοῦ
944 5194 1080 5247 Θεοῦ
1104 5196 1269 5262 φόϐον
1310 5197 1768 5266 προστησάμενος
1796 5194 1895 5264 φύὲ

319 5286 494 5347 λακα,
527 5287 621 5339 καὶ
670 5289 860 5351 πᾶσιν,
898 5284 981 5350 οῖς
1027 5287 1243 5352 οἰκείως
1276 5283 1460 5359 εἶχον,
1489 5289 1555 5343 τά
1607 5288 1705 5341 τοῦ
1753 5288 1891 5342 Θεοῦ
2001 5316 2017 5333 ο
2094 5318 2109 5334 -
2188 5319 2203 5334 ο

317 5374 833 5448 διαμαρτυρόμενος
870 5378 1141 5448 κρίματα,
1176 5379 1271 5431 καὶ
1318 5375 1525 5431 πείθων
1570 5378 1809 5448 ἐμαυτόν
1834 5394 1912 5431 τε

323 5464 642 5531 κάκείνους,
671 5465 806 5520 Θεὸν
836 5468 1032 5536 ἔφορον
1064 5464 1204 5520 εἶναι
1234 5484 1344 5519 των
1369 5484 1430 5520 τε
1461 5469 1896 5540 πεπραγμένων,

324 5554 445 5609 τῶν
482 5573 542 5609 τε
576 5558 969 5631 μελετωμένων
1010 5558 1107 5613 καὶ
1153 5561 1348 5629 κριτὴν
1381 5559 1708 5624 ἀδέκαστον,
1749 5558 1900 5629 βασι-

325 5647 487 5702 λείαν
523 5651 621 5720 μὲν
646 5652 896 5723 οὐρανῶν
939 5653 1053 5716 τοῖς
1104 5647 1165 5705 εὖ
1219 5652 1311 5705 καὶ
1361 5650 1546 5715 καλῶς
1578 5652 1899 5705 πολιτευσα-

331 5740 527 5812 μένοις
561 5743 1015 5815 ἐτοιμασάμενον,
1048 5746 1157 5808 τοῖς
1190 5744 1238 5797 δ’
1282 5744 1541 5809 ἐναντίως
1572 5744 1670 5815 τὴν
1702 5744 1899 5799 ἑαυτοῦ

1995 4539 2188 4608 φυλίου
2216 4542 2467 4613 ταραχῆς
2510 4544 2941 4616 ἀναρριπίζεται
2965 4548 3224 4618 πόλεμος,
3255 4552 3348 4604 καὶ
3372 4551 3565 4606 διώκε-

1993 4647 2086 4684 ται
2120 4631 2220 4702 μέν
2250 4634 2279 4686 ὁ
2304 4635 2401 4686 καὶ
2429 4635 2535 4706 πρὸ
2563 4636 2665 4706 τῆς
2696 4638 2986 4709 πορφύρας
3016 4641 3112 4694 καὶ⁵
3140 4642 3247 4695 τῶν
3279 4644 3563 4712 στεφάνων

1994 4723 2090 4776 καὶ
2149 4723 2247 4793 τῆς
2300 4725 2659 4798 ἀναρρήσεως
2709 4731 2776 4800 τῇ
2830 4732 2996 4803 σοφίᾳ
3056 4733 3151 4787 καὶ
3211 4736 3428 4790 συνέσει
3466 4741 3561 4790 καί

1998 4814 2268 4884 πραότητι
2294 4820 2386 4868 καὶ
2418 4819 2613 4892 ἀνδρίᾳ
2644 4822 2806 4892 μόνος
2830 4822 3128 4890 ἀξιώτατος
3157 4826 3419 4899 βασιλεὺς
3446 4866 3461 4882 .
3495 4866 3510 4882 .
3547 4866 3561 4881 .

2189 5131 2207 5148 .
2285 5094 3015 5170 .ἐμέδέτοῦτεθρόνου.
3089 5138 3103 5155 .
3186 5141 3203 5160 .
3284 5138 3300 5154 .
3362 5139 3378 5155 .
3436 5138 3451 5154 .

1997 5185 2098 5257 τῆς
2136 5186 2441 5256 ἱερωσύνης
2468 5184 2720 5245 ἐκϐάλλει
2751 5192 2812 5244 τό
2868 5208 2925 5261 γε
2956 5195 3037 5255 είς
3076 5192 3240 5247 αὐτὸν
3278 5187 3414 5264 ἦκον
3454 5232 3470 5249 .
3552 5233 3566 5248 .

2282 5317 2298 5334 .
2346 5280 2501 5335 Ἐπεὶ
2531 5281 2587 5335 δέ
2636 5283 2666 5335 δ
2711 5282 2882 5337 ποιῶν
2904 5285 2973 5339 τὰ
3031 5285 3210 5338 πάντα
3271 5287 3367 5338 καὶ
3406 5301 3575 5355 μετα-

2002 5369 2285 5434 σκευάζων
2325 5371 2460 5436 Θεὸς
2495 5374 2725 5441 εὐμενὲς
2757 5375 2851 5429 καὶ
2909 5376 3046 5445 πρὸς
3078 5377 3228 5446 ήμάς
3294 5372 3425 5442 εῐδε,
3475 5376 3573 5429 καὶ

1999 5462 2215 5517 διέλυσε
2253 5462 2353 5535 μὲν
2386 5464 2447 5517 τὸ
2472 5466 2571 5534 τῆς
2605 5465 2925 5536 συγχύσεως
2975 5468 3156 5536 νέφός,
3205 5472 3572 5539 ἀντεισήγαγε

2000 5555 2059 5608 δέ
2096 5556 2195 5627 τὴν
2246 5559 2349 5628 τῆς
2397 5557 2622 5628 είρήνης
2670 5557 2921 5627 αἰθρίαν,
2968 5558 3072 5630 τῆς
3111 5560 3212 5630 μὲν
3264 5558 3439 5629 καλῆς
3479 5560 3575 5613 καὶ

2007 5649 2248 5719 μεγάλης
2275 5649 2483 5713 πόλεως
2510 5650 2716 5722 ταύτης
2740 5654 3015 5724 ἐγκρατὴς
3046 5656 3075 5707 6
3118 5652 3391 5718 θειότατος
3421 5653 3572 5723 γίνε-

2004 5728 2096 5795 ται
2130 5739 2409 5813 βασιλεὺς,
2454 5743 2892 5815 παρρησιάζεται
2924 5745 2977 5799 δὲ
3028 5747 3060 5816 ἡ
3101 5746 3372 5813 εὐσέϐεια,
3399 5745 3577 5801 καθα-
