4078 6202
468 232 608 300 1303

1460 297 1466 302 ,
1528 212 1920 309 ΞῩΝΟΒΙΘιΕ
1960 252 2648 315 CONSTITUTIONES.

3568 268 3713 335 13οι

502 381 3694 441 W

1032 562 1822 683 CALLISTUS
1902 573 2083 683 ET
2188 573 3146 696 PHILOTHEUS.

460 789 641 847 ΜΗΝΙ
676 786 909 859 ΙΟΥΝῙῼ
937 787 1238 860 ΔΕΚΔΤῌ,
1275 790 1516 864 ΗΜΕΡᾼ
1544 792 1860 867 ΠΕΜΠἸᾘ,
1896 797 2026 852 ῐΝΔ.

2128 799 2348 865 ΡιτηΣ,
2382 799 2805 858 [ιροΕΒΑιιθΗ
2840 762 2899 857 ο’
2935 806 3473 865 ﬂmmeum}:
3506 816 3715 871 mum

566 877 950 939 ΔΕΣΠΟΤΗΣ.
981 879 1022 929 Ο
1052 881 1585 937 ΟΙΚΟΥΜΕΝΙΚΟΣ
1625 883 2022 941 ΠΑΤΡΙΑΡΧΗ

2128 888 2237 944 ἱΥΡ
2269 890 2684 954 ΚΔΔΛΙΣΤΟΣ.
2742 894 2864 948 ΚΑΙ
2907 896 3229 953 ΗΡΞΑΝΤΟ
3264 900 3716 963 ΚΔΤΔΣΤΡΩΝ-

566 973 822 1029 ΝΥΣΘΑῙ
862 976 948 1031 ΕΝ
980 979 1069 1050 Ἰᾭ
1102 980 1407 1034 ΠΑΡΟΝΤῙ
1444 982 1726 1054 ΚΩΔΙΚΙῼ
1761 982 1831 1036 Al
1882 982 2256 1037 ΣΥΝΟΔΙΚΔῙ
2304 984 2600 1043 ΠΡΑΞΕΙΣ
2629 990 2750 1062 ΚΑΙ
2796 992 2887 1045 ΤΑ
2915 993 3052 1047 ΤΩΝ
3086 998 3714 1055 ΕΚΚΑΗΣΙΔΣΤΙΚΟΝ

568 1069 977 1125 ΥΠΟΘΕΣΕΩΝ
1008 1072 1314 1130 ΕΓΓΡΑΦΑ
1350 1075 1851 1155 ΣΗΜΕῘΩΜΔΤᾹη

2041 1236 2107 1247 ...ι-

460 1363 505 1418 1.
540 1362 869 1449 Patrimch
897 1362 1193 1416 exhortatio
1215 1363 1283 1416 ad
1313 1361 1586 1445 ρρριιίαιη.
1618 1382 1736 1420 cum
1760 1366 2025 1420 Amaran-

2131 1369 2395 1435 στάσεως,
2426 1371 2527 1426 οῦκ
2568 1373 2846 1430 ἐπαύσατο
2895 1375 3103 1440 πάντας
3157 1378 3562 1449 μετερχόμενος
3606 1384 3707 1437 καὶ

532 1433 645 1487 tina
699 1434 979 1503 quaqum,
1042 1447 1160 1502 qua:
1212 1434 1444 1503 magicas
1502 1443 1809 1489 exercuerat
1862 1446 2027 1503 artes,

533 1504 697 1557 vitam
730 1501 1135 1572 amplecteretur
1166 1501 1537 1560 monizsticam.

458 1617 501 1689 ἰ’
531 1614 876 1678 Διδασκαλία,
913 1614 1003 1666 ὅτε
1046 1614 1077 1684 ἡ
1130 1613 1200 1666 τά
1248 1613 1459 1682 μαγικά
1497 1613 1761 1683 πρότερον
1790 1613 2031 1683 ἐξησκη-

532 1709 667 1779 μένη
712 1704 1079 1776 ’Δμαραντίνα
1125 1704 1443 1773 παραινέσει
1476 1706 1567 1758 καὶ
1609 1706 1895 1775 είσηγήσει
1932 1706 2027 1759 τοῦ

528 1799 947 1868 πιναγιωτάτου
982 1798 1141 1866 ἡμῶν
1171 1796 1433 1850 δεσπότου
1464 1796 1555 1850 τοῦ
1591 1797 1934 1868 πατριάρχου
1966 1797 2028 1851 τὸ

533 1893 830 1965 μοναχικὸν
869 1891 1074 1962 ὑπῆλθε
1114 1890 1218 1961 σχῆ
1227 1907 1324 1959 μα.

529 2007 571 2079 -ι-
610 2008 701 2061 Ἐν
730 2007 919 2079 Κυρίῳ
945 2005 1309 2077 γνησιώτατοι
1339 2004 1435 2059 καὶ
1467 2005 1746 2074 ἀγαπητοὶ
1792 2007 1899 2060 υίοὶ
1927 2007 2028 2076 τῆς

456 2102 488 2168 ή
501 2099 617 2169 μῶν
650 2098 1022 2170 μετριότητος,
1055 2098 1237 2168 χάριν,
1270 2098 1514 2168 εἰρήνην,
1548 2096 1718 2162 ἔλεος.
1766 2098 2027 2169 εὐθηνίαν

456 2211 515 2246 τε
545 2192 655 2245 τῶν
700 2191 923 2259 ἀγαθῶν
972 2191 1069 2244 καὶ
1118 2189 1354 2260 ψυχικὴν
1406 2189 1681 2259 σωτηρίαν
1730 2191 2027 2260 ἐπεύχεται

458 2286 587 2350 ὑμῖν
628 2284 662 2354 ἡ
699 2281 991 2353 μετριότης
1040 2282 1195 2351 ήμῶν
1234 2280 1343 2334 ἀπὸ
1376 2280 1514 2334 Θεοῦ
1564 2284 2025 2352 παντοκράτορος.

459 2376 693 2435 Οἴδατε.
727 2375 787 2427 ἐν
843 2371 1065 2442 Χριστῷ
1128 2371 1293 2425 τέκνα
1360 2389 1459 2441 μου
1520 2373 1813 2443 ἀγαπητὰ,
1878 2374 2027 2440 ὅπως

458 2464 901 2535 προσεκαλέσατο
928 2464 1078 2533 ἡμᾶς
1105 2465 1132 2516 6
1162 2462 1293 2527 Θεὸς
1323 2463 1661 2535 ἀπορρήτοις
1700 2464 1879 2533 λόγοις
1930 2466 2029 2521 καὶ

459 2559 721 2627 κρίμασιν
751 2555 916 2611 αὑτοῦ
965 2556 1046 2618 είς
1087 2554 1179 2608 τὸν
1213 2555 1619 2626 πατριαρχικὸν
1662 2556 1873 2626 θρόνον,
1899 2556 2025 2610 οὔτε

456 2652 588 2715 γοῦν
643 2651 1015 2718 ἐγινώσκομεν
1044 2648 1145 2716 τὴν
1190 2649 1270 2710 είς
1300 2647 1460 2702 τοῦτο
1509 2648 1871 2719 πρόσκλησιν,
1900 2648 2024 2705 οὔτε

456 2745 556 2812 τῆς
616 2740 992 2810 πνευματικῆς
1046 2738 1251 2807 ταύτης
1306 2738 1480 2809 ἀρχῆς
1557 2739 2022 2812 ἐπεθυμήσαμεν,

457 2836 584 2889 οὔτε
621 2835 727 2905 μὴν
752 2831 1165 2897 ἐσπουδάσαμεν
1186 2829 1417 2894 οἴκοθεν,
1450 2831 1567 2885 ἀλλ’
1595 2832 1718 2885 ούδέ
1758 2835 1880 2896 ταῖς
1913 2835 2022 2888 ἀπὸ

456 2928 563 2981 τῶν
598 2926 769 2995 φίλων
799 2924 1122 2993 συνάρσεσιν
1172 2923 1545 2994 ἐχρησάμεθα,
1582 2924 1615 2995 ἦ
1646 2924 2025 2997 ἐϐουλήθημεν

458 3021 705 3089 ἁρπάσαι
736 3017 833 3086 τὴν
860 3016 1015 3082 δόξαν
1046 3017 1249 3085 ταύτην
1279 3017 1375 3071 καὶ
1404 3018 1465 3071 τὸ
1493 3017 1733 3087 ἀξίωμα,
1763 3019 1866 3072 ὑπὸ
1899 3019 2019 3088 Θεῷ

458 3094 719 3182 μάρτυρι.
759 3111 913 3165 Ἐπεὶ
934 3109 992 3163 δέ
1041 3109 1101 3164 τὸ
1126 3109 1458 3166 ἀντιϐαίνειν
1507 3110 1589 3175 είς
1618 3110 1771 3175 τέλος
1801 3114 1868 3181 τῇ
1899 3111 2020 3184 θείᾳ

457 3203 619 3274 βουλῇ
650 3203 711 3256 οὐ
749 3200 1025 3265 λυσιτελές
1067 3201 1365 3271 ἐκρίναμεν
1409 3196 1573 3267 εἶναι,
1606 3204 1783 3258 πάντα
1810 3202 2029 3257 ποιοῦν-

455 3312 548 3359 τος
574 3293 738 3349 αὐτοῦ
766 3292 857 3346 τοῦ
889 3292 1025 3347 Θεοῦ
1056 3294 1148 3346 καὶ
1183 3294 1707 3364 μετασκευάζοντος,
1741 3295 1817 3358 ὡς
1842 3296 2022 3361 οὐδεὶς

452 3390 677 3442 δύναται
728 3388 988 3451 συνιέναι,
1022 3385 1170 3456 αὐτῷ
1217 3386 1289 3441 τά
1340 3385 1464 3439 καθ’
1496 3387 1644 3457 ἡμᾶς
1690 3388 2024 3459 ἐπιτρέψαν-

454 3496 566 3544 τες,
593 3478 672 3547 τῷ
691 3478 818 3538 τοὺς
845 3476 1140 3539 ἀδυνάτους
1186 3475 1486 3547 ἐνισχὺοντι
1521 3478 1619 3529 καὶ
1652 3478 1729 3549 τῷ
1753 3480 1894 3547 φωτὶ
1927 3478 2023 3533 τοῦ

454 3567 726 3637 παναγίου
771 3564 1091 3636 Πνεύματος
1147 3566 1271 3627 τοὺς
1314 3564 1548 3633 ἀμαθεῖς
1605 3564 1883 3632 σοφίζοντι
1930 3564 2025 3618 καὶ

451 3661 580 3723 τοὺς
606 3656 1008 3730 ἀγραμμάτους
1050 3654 1377 3723 διδάσκοντι,
1408 3656 1457 3708 εί
1504 3657 1600 3709 καὶ
1637 3656 1806 3726 μηδέν
1834 3674 1885 3711 τι
1912 3657 2022 3710 τῶν

453 3755 532 3815 εἰς
557 3748 716 3804 τοῦτο
743 3750 1016 3820 φερόντων
1050 3747 1397 3817 συνέγνωμεν
1426 3747 1659 3813 ἐαυτοῖς,
1684 3749 1836 3817 ὅμως
1858 3746 2025 3802 δεδώ-

453 3859 630 3914 καμεν
680 3843 831 3912 ἡμᾶς
880 3840 1079 3903 αὐτοὺς
1137 3838 1489 3909 ὑπηρετῆσαι
1542 3838 1620 3909 τῷ
1675 3839 1806 3911 θείῳ
1847 3839 2023 3912 τούτῳ

457 3933 783 4003 βουλήματι,
811 3931 963 3986 ἐνθεν
990 3948 1073 4005 τοι
1101 3930 1196 3985 καὶ
1232 3930 1308 3993 ὼς
1344 3929 1452 3983 ἀπὸ
1502 3928 1596 3983 τοῦ
1624 3930 1832 4002 Κυρίου
1863 3932 2023 4001 ήμῶν

2134 1464 2655 1535 μεταχειριζόμενος
2690 1468 2950 1536 τρόπους,
2999 1468 3143 1522 ὥστε
3188 1470 3390 1535 ἀθλίως
3444 1475 3711 1528 ἐκπεσεῖν

2130 1552 2289 1607 τοῦτο
2320 1554 2431 1608 τῶν
2459 1556 2681 1623 ἀγαθῶν
2710 1558 2958 1625 ἐκείνων,
2990 1558 3058 1612 δι’
3095 1552 3174 1614 ὧν
3208 1561 3470 1633 ἐτιμήθη,
3500 1566 3597 1616 καὶ
3625 1566 3708 1628 είς

2134 1645 2332 1715 μυρίας
2381 1646 2589 1711 πλάνας
2622 1653 2977 1717 καταπεσεῖν,
3009 1651 3139 1706 ὅθεν
3177 1653 3273 1705 καὶ
3302 1654 3392 1708 διά
3420 1656 3522 1725 τὴν
3546 1672 3709 1724 γενο-

2132 1738 2301 1807 μένην
2351 1738 2525 1809 λήθην
2585 1740 2683 1819 τῆς
2748 1741 2903 1807 θείας
2954 1745 3172 1811 ἐκείνης
3224 1746 3448 1817 ἐντολῆς
3478 1750 3578 1817 τῆς
3631 1749 3711 1819 τῷ

2129 1830 2337 1903 πρώτῳ
2383 1830 2658 1903 ἀνθρώπῳ
2710 1833 2961 1906 δοθείσης
3004 1838 3103 1891 καὶ
3162 1841 3264 1909 τὴν
3328 1838 3708 1905 ἐπελθοῦσαν,

2128 1920 2265 1989 φεῦί
2335 1923 2648 1992 παράϐασιν
2731 1924 2865 1988 Θεὸς
2928 1928 3091 1992 αύτὸς
3150 1930 3260 1984 ἀπὸ
3316 1930 3427 1983 τῶν
3489 1932 3711 1984 οίκείων

2127 2013 2429 2083 οἰκτιρμῶν
2479 2015 2724 2085 κινηθεὶς
2758 2017 3064 2072 ’κάντεῦθεν
3095 2019 3157 2073 τὸ
3218 2021 3423 2075 οίκεῖον
3476 2023 3709 2091 πλάσμα

2128 2104 2370 2173 γνησίως
2417 2104 2860 2173 ἀνακαλούμενος
2931 2107 2990 2173 ἐξ
3046 2109 3281 2180 ούρανοῦ
3352 2109 3707 2179 κατέρχεται,

2127 2196 2224 2250 καὶ
2274 2196 2558 2269 ἄνθρωπος
2609 2198 2840 2265 γίνεται,
2896 2200 3205 2270 σαρκωθεὶς
3258 2202 3322 2254 ἐκ
3379 2204 3481 2270 τῆς
3537 2218 3709 2255 πανυ-

2128 2283 2399 2352 suptiva
2426 2285 2723 2355 Δεσποίνης
2760 2286 2918 2357 ἡμῶν
2954 2288 3050 2342 καὶ
3080 2288 3472 2359 Ἀειπαρθένου
3502 2290 3700 2343 Θεοτόο

2128 2391 2250 2441 κου,
2279 2376 2374 2427 καὶ
2401 2375 2549 2445 πάθη
2574 2376 2644 2430 τά
2692 2380 2945 2449 σωτήρια
2975 2380 3170 2439 παθεῖν
3202 2380 3345 2451 ὑπὲρ
3387 2382 3486 2451 τῆς
3519 2383 3707 2436 ἀπάν-

2127 2480 2235 2517 των
2263 2466 2620 2535 καταδέχεται
2655 2469 2950 2539 σωτηρίας,
2974 2470 3067 2523 καὶ
3093 2469 3155 2523 τὸ
3180 2464 3319 2539 αἷμα
3346 2470 3408 2523 τὸ
3440 2471 3710 2538 πανάγιον

2129 2554 2337 2627 ἐξέχεε,
2366 2557 2434 2612 δι’
2468 2558 2528 2613 οῦ
2590 2560 2685 2613 καὶ
2716 2559 2815 2631 τήν
2840 2561 2935 2615 τοῦ
2985 2560 3236 2615 διαϐόλου
3282 2562 3504 2623 τελείως
3540 2563 3707 2616 κατέ-

2130 2647 2261 2701 λυσε
2307 2650 2625 2719 τυραννίδα,
2655 2652 2752 2705 καὶ
2798 2653 3197 2723 άκρογωνιαῖος
3228 2653 3380 2717 λίθος
3410 2654 3708 2723 γενόμενος

2060 2705 2101 2760 Β
2127 2737 2229 2807 τῆς
2292 2705 2459 2794 αὐτοῦ
2533 2705 2889 2812 ἰζκκλησίικς⁵

2128 2829 2428 2901 ἀγαθότητι
2474 2832 2532 2887 ἐν
2588 2832 2825 2902 ἀσφαλεῖ
2875 2834 3116 2906 θεμελίῳ
3172 2835 3381 2905 ταύτην
3428 2834 3707 2905 ἐπῳκοδό-

2130 2938 2294 2992 μησε,
2330 2923 2425 2976 καλ⁵
2468 2924 2520 2976 οί
2573 2923 2682 2977 ἀπὸ
2732 2924 2835 2996 τῆς
2867 2925 2961 2979 τοῦ
2993 2925 3203 2997 Κυρίου
3244 2926 3465 2997 χάριτος
3500 2926 3705 2995 προσε..

2129 3014 2389 3086 ϐλημένοι
2427 3016 2568 3070 κατά
2596 3017 2848 3088 διαδοχὴν
2875 3018 3269 3088 προμάχεσθαι
3302 3020 3403 3088 τῆς
3438 3019 3706 3087 ἀληθείας

2127 3109 2228 3171 τὰς
2249 3107 2343 3161 τοῦ
2376 3108 2637 3178 πολεμίου
2664 3110 2761 3162 καὶ
2789 3108 3060 3180 βασκάνου
3089 3110 3288 3180 ἐχθροῦ
3326 3111 3570 3179 μηχανάς
3598 3112 3702 3163 καὶ

2130 3200 2424 3265 ἐπιϐουλάς
2455 3201 2645 3265 κακῶς
2696 3203 3082 3272 ἀναφυομένας
3124 3206 3448 3273 ἐκτέμνουσι
3493 3204 3559 3272 τῇ
3597 3220 3705 3270 μα-

2126 3292 2296 3365 χαίρᾳ
2322 3291 2416 3346 τοῦ
2448 3292 2895 3363 Πνεύματος,καὶ
2924 3296 3004 3357 είς
3030 3294 3092 3348 τὸ
3120 3295 3289 3364 μηδὲν
3320 3293 3700 3361 ἀφανίζουσιν.

2140 3368 2294 3438 Ἐπεὶ
2316 3385 2498 3438 τοίνυν
2524 3384 2685 3447 αὐτὸς
2710 3385 2738 3437 6
2771 3386 3007 3456 πονηρὸς
3036 3386 3128 3440 καὶ
3159 3385 3338 3447 κοινὸς
3371 3385 3464 3439 τοῦ
3508 3372 3702 3452 γένους

2126 3472 2282 3543 ήμῶν
2316 3473 2599 3532 ἐπίϐουλος
2631 3476 2725 3527 καὶ
2773 3473 3033 3545 πολέμιος
3058 3458 3155 3531 καῖ’
3184 3474 3399 3545 ἐχθρὸς,
3435 3474 3511 3536 ὡς
3545 3475 3704 3542 είρη-

2124 3581 2237 3631 ται,
2263 3565 2359 3618 καὶ
2405 3565 2515 3618 τῶν
2554 3565 2823 3631 ,ζιζανίων
2858 3567 3097 3635 σπορεὺς
3150 3568 3226 3638 μὴ
3278 3568 3465 3636 φέρων
3498 3565 3574 3625 ὡς
3609 3567 3706 3617 ἀν-

2125 3654 2502 3725 θρωποκτόνος
2555 3656 2653 3727 τὴν
2704 3652 2900 3729 ἧτταν,
2952 3658 3138 3713 ἀλλοτε
3191 3659 3369 3722 ἀλλοις
3432 3660 3703 3728 κέχρηται

2122 3746 2454 3818 δελεάσμασι
2488 3749 2580 3802 καὶ
2608 3748 2947 3816 ἐπιϐουλαῖς,
2968 3750 3311 3820 διαστρέφων
3337 3750 3399 3803 τὸ
3432 3751 3475 3803 Χ
3485 3767 3701 3820 ριοτια·⁵

2122 3840 2272 3894 νικὸν
2324 3840 2503 3909 γένος,
2537 3841 2677 3910 ὑπὲρ
2733 3835 2796 3893 οὗ
2840 3842 3077 3913 Χριστὸν
3127 3842 3216 3894 τὸν
3258 3841 3514 3912 ἀληθινὸν
3566 3842 3705 3894 Θεὸν

2223 3945 2324 4000 μεν
2370 3929 2808 3998 καταδεξάμενον
2862 3931 2956 3984 τὸν
3005 3931 3148 4002 ὑπὲρ
3204 3932 3463 3985 ἁπάντων
3523 3948 3706 4002 σωτη-

470 4025 644 4096 Ίησοῦ
670 4021 910 4093 Χριστοῦ
954 4022 1049 4091 τὴν
1091 4022 1433 4092 προστασίαν
1460 4021 1567 4074 τῶν
1595 4023 1881 4092 ἡμετέρων
1925 4024 2026 4095 ψυο
2051 4042 2094 4101 c
2129 4022 2297 4093 ριώδη
2342 4022 2594 4089 θάνατον,
2623 4022 2719 4077 καὶ
2747 4024 2842 4078 ἐπὶ
2889 4024 3097 4093 καιρῶν
3130 4026 3402 4095 διαφόρων
3445 4024 3706 4093 ὀργάνοις

454 4118 566 4185 χῶν
595 4113 1009 4182 ἀναδεξάμενοι,
1051 4112 1144 4164 καὶ
1175 4111 1321 4163 κατά
1369 4111 1458 4163 τὸν
1495 4114 1670 4180 μέγαν
1696 4113 2020 4167 Ἀπόστολον

456 4206 615 4275 χρέος
660 4204 1036 4273 ἀπαραίτητον
1085 4202 1302 4270 ἔχοντες
1347 4202 1647 4271 ἀγρυπνεῖν
1678 4202 1818 4271 ύπέρ
1848 4220 2025 4276 σωτη-

458 4300 581 4367 ρίας
609 4296 721 4349 τῶν
768 4293 957 4363 ψυχῶν
1006 4291 1184 4363 ὑμῶν,
1208 4290 1283 4353 ὡς
1312 4290 1471 4358 λόγον
1512 4289 1888 4355 ἀποδώσοντες
1936 4294 2027 4348 διὰ

455 4388 635 4452 τοῦτο,
661 4387 753 4440 καὶ
799 4383 994 4447 νυκτὸς
1026 4383 1121 4438 καὶ
1168 4384 1381 4454 ἡμέρας
1414 4384 1712 4452 ἀναγκαῖον
1762 4384 2025 4456 κρίνομεν

460 4482 597 4548 μετά
624 4480 719 4534 τοῦ
750 4477 1154 4549 ύπερεύχεσθαι
1183 4477 1279 4531 καὶ
1316 4475 1550 4547 γράφειν
1589 4477 1685 4532 καὶ
1732 4480 2028 4549 παραινεῖν

456 4574 551 4629 καὶ
584 4570 922 4641 εἰσηγεῖσθαι
964 4571 1098 4640 πρὸς
1144 4569 1287 4633 ὑμᾶς
1321 4569 1391 4623 τά
1446 4568 1672 4638 θεοφιλῆ
1714 4570 1811 4623 καὶ
1838 4568 2027 4640 ψυχω-

458 4665 621 4735 φελῆ,
651 4666 777 4718 ἐπεὶ
825 4663 922 4717 καὶ
959 4662 1148 4717 τούτου
1193 4663 1355 4733 χάριν
1399 4661 1709 4733 ἐτάχθησαν
1738 4665 1788 4717 οί
1834 4662 2025 4733 ποιμέ-

458 4773 568 4823 νες,
598 4756 780 4819 καθὼς
813 4758 842 4809 6
865 4754 1071 4824 Κύριος
1116 4756 1174 4807 ἐν
1220 4756 1333 4818 τοῖς
1387 4754 1742 4823 Εύαγγελίοις
1767 4754 2023 4820 ἐδίδαξεν.

476 4849 605 4904 Ἰδοὺ
660 4848 840 4903 τοίνυν
894 4848 1182 4918 προσέχειν
1242 4850 1357 4910 τοῖς
1405 4847 1720 4922 λεγομένοις
1770 4866 2026 4921 παρακα-

412 4928 413 4931 Ὶ
460 4945 659 5016 λοῦμεν
717 4942 815 5014 τὴν
864 4942 1143 5013 ήμετέραν
1190 4940 1445 5011 ἀγάπηνο
1498 4930 1632 5003 ἴσως
1682 4942 1794 5012 γάρ
1850 4941 1918 4996 ἀν
1967 4958 2022 4994 τι

462 5038 712 5094 ἐντεῦθεν
759 5037 855 5091 καὶ
898 5035 1174 5106 ὠφέλιμον
1220 5032 1446 5115 λάϐητε.
1509 5031 1569 5085 ’0
1617 5030 2028 5103 πανοικτίρμων

464 5134 561 5186 καὶ
604 5127 900 5199 φιλάγαθος
946 5126 1172 5197 Κύριος,
1202 5126 1230 5178 6
1277 5124 1480 5195 ἀληθὴς
1534 5123 1666 5187 Θεὸς
1719 5123 1880 5194 ήμῶν
1922 5121 2031 5176 ἀπὸ

463 5226 561 5294 τῆς
589 5224 796 5286 οἰκείας
828 5220 996 5275 αὐτοῦ
1024 5218 1390 5291 χρηστότητος
1411 5223 1474 5270 τὸ
1500 5215 1846 5285 ἀνθρώπινον
1873 5215 2031 5283 γένος

2128 4113 2327 4184 χρῆται
2356 4114 2493 4185 πρὸς
2520 4114 2823 4187 ὑπουργίαν
2859 4117 2957 4185 τῆς
2989 4116 3187 4178 κακίας
3220 4116 3385 4170 αὐτοῦ
3440 4117 3537 4169 καὶ
3590 4116 3701 4184 πρὸ

2126 4207 2221 4262 τοῦ
2262 4209 2427 4278 νόμου
2477 4209 2574 4263 καλ⁵
2608 4209 2748 4279 μετά
2784 4209 2877 4262 τὸν
2921 4210 3083 4280 νόμον
3128 4213 3210 4273 είς
3254 4210 3705 4278 είδωλολατρείαν

2131 4300 2456 4354 ὑπεσκέλισε
2483 4300 2609 4364 τοὺς
2635 4299 2977 4370 ἀνθρώπους,
3011 4301 3151 4370 μετά
3178 4301 3233 4353 δέ
3262 4301 3361 4372 τήν
3391 4301 3575 4354 ἐνθεον
3607 4303 3705 4353 τοῦ

2132 4392 2340 4463 Κυρίου
2372 4390 2783 4462 ἐνανθρώπησιν
2818 4392 3157 4461 κατήνεγκεν
3181 4391 3378 4454 αὐτοὺς
3420 4393 3502 4455 είς
3542 4394 3704 4461 αἱρέ-

2135 4500 2249 4546 σεις
2278 4483 2373 4536 καὶ
2407 4480 2727 4546 κακοδοξίας
2756 4484 2852 4535 καὶ
2884 4480 3158 4551 σχίσματα
3210 4482 3305 4535 καὶ
3334 4484 3708 4551 καινοφωνίας

2136 4580 2250 4638 καὶ,
2280 4575 2486 4639 πλάνας
2546 4562 2805 4639 παντοίας
2860 4576 2952 4629 ἐπὶ
2998 4575 3075 4646 τῷ
3110 4574 3414 4645 ἀποστῆσαι
3464 4574 3561 4628 τοῦ
3610 4592 3709 4627 πε-

2138 4668 2425 4739 ποιηκότος
2474 4667 2632 4722 Θεοῦ.
2689 4667 2839 4719 Ἐπεὶ
2883 4666 3013 4735 γοῦν
3057 4663 3198 4719 είδεν
3248 4670 3275 4719 6
3326 4667 3708 4735 ἀντικείμενος

2137 4761 2236 4823 τάς
2274 4760 2521 4830 μηχανὰς
2550 4758 2714 4811 αὑτοῦ
2742 4760 2836 4812 καὶ
2881 4760 3221 4830 κακουργίας
3249 4758 3466 4821 ἐκείνας
3499 4776 3709 4827 καταρ-

2134 4852 2397 4923 γηθείσας
2424 4855 2489 4923 τῇ
2522 4851 2680 4923 θεῖκῇ
2720 4851 2972 4921 δυνάμει.
2997 4850 3090 4904 νῦν
3120 4852 3259 4921 πρὸς
3302 4851 3365 4904 τὸ
3389 4850 3705 4903 τελευταῖον

2134 4946 2230 4998 καὶ
2251 4944 2435 5015 μεῖζον
2464 4943 2651 5009 κακὸν,
2668 4942 2765 5007 τάς
2786 4943 3042 5013 γοητείας
3064 4942 3309 5015 δηλονότι
3338 4930 3435 4997 καὶ
3461 4943 3706 5009 μαγείας

2134 5039 2231 5091 καὶ
2275 5038 2507 5108 ἐπῳδάς,
2538 5036 2603 5089 τὸ
2656 5036 3005 5107 ταλαίπωρον
3051 5038 3207 5104 γένος
3247 5036 3357 5090 τῶν
3396 5035 3705 5107 ἀνθρώπων

2135 5127 2380 5182 ἐκκλῖναι
2428 5128 2827 5198 ἀντιτεχνᾶται,
2856 5128 2949 5180 καὶ
2989 5127 3085 5195 τῆς
3114 5128 3272 5181 νόσου
3306 5125 3512 5195 ταύτης
3540 5141 3706 5194 μετα-

2135 5216 2323 5270 δίδωσι
2378 5219 2491 5279 τοῖς
2542 5218 2951 5288 ἀκεραιοτέροις
3004 5217 3099 5270 καὶ
3132 5217 3561 5285 ’ἁπλουστέροις
3616 5217 3711 5269 καὶ

461 5315 527 5369 ἐκ
562 5314 656 5367 τοῦ
693 5315 769 5384 μὴ
810 5314 962 5377 δντος
994 5316 1090 5377 είςσ
1120 5313 1183 5366 τὸ
1210 5307 1351 5365 εἶναι
1404 5308 1769 5379 παραγαγὼν,
1800 5310 1867 5379 τῇ
1923 5309 2032 5384 ίδίᾳ
2064 5371 2106 5384 __
2141 5308 2465 5377 ἀφυλάκτως
2518 5307 2579 5373 ἐξ
2625 5308 2955 5379 ἀπροσεξίας
3006 5308 3207 5379 βιοῦσι,
3252 5308 3434 5372 καθὼς
3488 5310 3708 5372 πάντως

457 5407 626 5460 εἰκόνι
659 5371 816 5460 τοῦτο
845 5371 1093 5477 ἐτίμησε,
1124 5404 1339 5475 καὶτῆς
1382 5371 1867 5471 τοῦ-παραδείσου*
1899 5371 2028 5470 τρυὶ
2062 5371 2112 5430 D
2138 5371 2491 5470 ἐγνωρίσατε,
2545 5371 2603 5455 ἐν
2665 5371 2863 5473 ἐξυρίῷ
2902 5371 3068 5456 τέκνα
3121 5371 3225 5470 μου
3270 5401 3556 5473 ἀγαπητά,
3615 5371 3709 5454 καί

461 5500 569 5565 φῆς
598 5499 689 5552 καὶ
720 5496 1075 5560 ἀπολαύσεως
1103 5495 1464 5565 κατηξίωσεν·
1495 5495 1523 5547 ό
1560 5492 1617 5546 δέ
1646 5491 2029 5561 ἀντικείμενος
2137 5492 2285 5554 ὅπως
2318 5491 2589 5545 ὑπέϐαλεν
2634 5494 2663 5546 6
2708 5492 2902 5563 ἐχθρὸς
2952 5496 3047 5555 καὶ
3077 5493 3302 5564 ταυτηνὶ
3344 5492 3445 5564 τήν
3472 5495 3711 5560 γυναῖκα

462 5591 553 5640 καὶ
576 5589 752 5651 κοινὸς
780 5588 971 5659 ἐχθρὸς
997 5588 1092 5641 καὶ
1120 5586 1403 5655 πολέμιος,
1440 5582 1716 5654 φθονήσας
1748 5582 1899 5653 αὐτῷ
1930 5583 2030 5651 τῆς
2137 5581 2235 5650 τὴν
2272 5581 2672 5659 ’Δμαραντίναν
2704 5583 2959 5652 μαγείαις
2996 5584 3265 5654 πρότερον
3299 5585 3712 5655 προσκειμένην

464 5679 739 5747 μακαρίας
769 5679 863 5731 καὶ
889 5678 1058 5750 καλῆς
1083 5678 1296 5748 ἐκείνης
1332 5674 1610 5745 διαγωγῆς
1648 5691 1706 5727 τε
1742 5676 1835 5729 καὶ
1863 5690 2031 5729 κατα·
2143 5674 2236 5727 καὶ
2291 5672 2397 5725 ἀπὸ
2448 5674 2650 5738 κοιλίας
2706 5676 2973 5744 μαντικὰς
3019 5676 3292 5747 φλυαρίας
3326 5677 3714 5747 φθεγγομένην
