  <div class='ocr_page' id='page_1' title='image "/cluster/home/n/w/nwhite01/storage/ocr_20150623/152/hvd.32044073502635/664.png"; bbox 0 0 4078 6202; ppageno 0'>
   <div class='ocr_carea' id='block_1_1' title="bbox 412 236 551 302">
    <p class='ocr_par' dir='ltr' id='par_1_1' title="bbox 412 236 551 302">
     <span class='ocr_line' id='line_1_1' title="bbox 412 236 551 302; baseline -0.022 0"><span class='ocrx_word' id='word_1_1' title='bbox 412 236 551 302; x_wconf 78' lang='lat'>1305</span> 
     </span>
    </p>
   </div>
   <div class='ocr_carea' id='block_1_2' title="bbox 411 355 1520 437">
    <p class='ocr_par' dir='ltr' id='par_1_2' title="bbox 411 355 1520 437">
     <span class='ocr_line' id='line_1_2' title="bbox 411 355 1520 437; baseline 0.019 -32"><span class='ocrx_word' id='word_1_2' title='bbox 411 355 508 408; x_wconf 81' lang='grc' dir='ltr'>καὶ</span> <span class='ocrx_word' id='word_1_3' title='bbox 535 355 848 425; x_wconf 83' lang='grc' dir='ltr'>διαϐολικάς</span> <span class='ocrx_word' id='word_1_4' title='bbox 896 364 991 417; x_wconf 77' lang='grc' dir='ltr'>καὶ</span> <span class='ocrx_word' id='word_1_5' title='bbox 1041 366 1221 437; x_wconf 86' lang='grc' dir='ltr'>πάσης</span> <span class='ocrx_word' id='word_1_6' title='bbox 1264 370 1520 436; x_wconf 85' lang='grc' dir='ltr'>ἀσεϐείας</span> 
     </span>
    </p>
   </div>
   <div class='ocr_carea' id='block_1_3' title="bbox 407 445 1971 537">
    <p class='ocr_par' dir='ltr' id='par_1_3' title="bbox 407 445 1971 537">
     <span class='ocr_line' id='line_1_3' title="bbox 407 445 1971 537; baseline 0.017 -39"><span class='ocrx_word' id='word_1_7' title='bbox 407 445 667 518; x_wconf 77' lang='grc' dir='ltr'>ἀθέτησιν</span> <span class='ocrx_word' id='word_1_8' title='bbox 699 451 797 520; x_wconf 87' lang='grc' dir='ltr'>τῆς</span> <span class='ocrx_word' id='word_1_9' title='bbox 838 453 1122 523; x_wconf 78' lang='grc' dir='ltr'>ὀρθοδόξου</span> <span class='ocrx_word' id='word_1_10' title='bbox 1154 460 1251 513; x_wconf 85' lang='grc' dir='ltr'>καὶ</span> <span class='ocrx_word' id='word_1_11' title='bbox 1279 462 1539 527; x_wconf 86' lang='grc' dir='ltr'>εὑσεϐοῦς</span> <span class='ocrx_word' id='word_1_12' title='bbox 1574 466 1682 520; x_wconf 89' lang='grc' dir='ltr'>τῶν</span> <span class='ocrx_word' id='word_1_13' title='bbox 1711 469 1971 537; x_wconf 87' lang='grc' dir='ltr'>Χριστια-</span> 
     </span>
    </p>
   </div>
   <div class='ocr_carea' id='block_1_4' title="bbox 405 539 1970 633">
    <p class='ocr_par' dir='ltr' id='par_1_4' title="bbox 405 539 1970 633">
     <span class='ocr_line' id='line_1_4' title="bbox 405 539 1970 633; baseline 0.015 -40"><span class='ocrx_word' id='word_1_14' title='bbox 405 539 515 595; x_wconf 85' lang='grc' dir='ltr'>νῶν</span> <span class='ocrx_word' id='word_1_15' title='bbox 544 542 779 607; x_wconf 89' lang='grc' dir='ltr'>πίστεως</span> <span class='ocrx_word' id='word_1_16' title='bbox 801 546 895 599; x_wconf 85' lang='grc' dir='ltr'>καὶ</span> <span class='ocrx_word' id='word_1_17' title='bbox 933 548 1013 610; x_wconf 90' lang='grc' dir='ltr'>είς</span> <span class='ocrx_word' id='word_1_18' title='bbox 1044 550 1262 622; x_wconf 80' lang='grc' dir='ltr'>ἀπάτην</span> <span class='ocrx_word' id='word_1_19' title='bbox 1292 554 1387 606; x_wconf 89' lang='grc' dir='ltr'>καὶ</span> <span class='ocrx_word' id='word_1_20' title='bbox 1437 558 1644 628; x_wconf 76' lang='grc' dir='ltr'>πλάνην</span> <span class='ocrx_word' id='word_1_21' title='bbox 1680 560 1775 614; x_wconf 81' lang='grc' dir='ltr'>καὶ</span> <span class='ocrx_word' id='word_1_22' title='bbox 1806 561 1970 633; x_wconf 74' lang='grc' dir='ltr'>ψυχι-</span> 
     </span>
    </p>
   </div>
   <div class='ocr_carea' id='block_1_5' title="bbox 403 632 1971 729">
    <p class='ocr_par' dir='ltr' id='par_1_5' title="bbox 403 632 1971 729">
     <span class='ocr_line' id='line_1_5' title="bbox 403 632 1971 729; baseline 0.014 -41"><span class='ocrx_word' id='word_1_23' title='bbox 403 632 498 688; x_wconf 81' lang='grc' dir='ltr'>κδν</span> <span class='ocrx_word' id='word_1_24' title='bbox 543 636 721 689; x_wconf 86' lang='grc' dir='ltr'>αὑτῶν</span> <span class='ocrx_word' id='word_1_25' title='bbox 771 638 1015 710; x_wconf 74' lang='grc' dir='ltr'>δλεθρον,</span> <span class='ocrx_word' id='word_1_26' title='bbox 1059 643 1155 696; x_wconf 78' lang='grc' dir='ltr'>καὶ</span> <span class='ocrx_word' id='word_1_27' title='bbox 1206 646 1353 710; x_wconf 82' lang='grc' dir='ltr'>ὅπως</span> <span class='ocrx_word' id='word_1_28' title='bbox 1405 649 1514 703; x_wconf 77' lang='grc' dir='ltr'>ἀπὸ</span> <span class='ocrx_word' id='word_1_29' title='bbox 1564 652 1664 722; x_wconf 90' lang='grc' dir='ltr'>τῆς</span> <span class='ocrx_word' id='word_1_30' title='bbox 1712 656 1971 729; x_wconf 80' lang='grc' dir='ltr'>τοιαύτης</span> 
     </span>
    </p>
   </div>
   <div class='ocr_carea' id='block_1_6' title="bbox 402 725 1961 818">
    <p class='ocr_par' dir='ltr' id='par_1_6' title="bbox 402 725 1961 818">
     <span class='ocr_line' id='line_1_6' title="bbox 402 725 1961 818; baseline 0.015 -41"><span class='ocrx_word' id='word_1_31' title='bbox 402 725 612 818; x_wconf 79' lang='grc' dir='ltr'>πλάνης</span> <span class='ocrx_word' id='word_1_32' title='bbox 656 731 1065 799; x_wconf 87' lang='grc' dir='ltr'>παρεσύρησαν,</span> <span class='ocrx_word' id='word_1_33' title='bbox 1099 735 1297 802; x_wconf 76' lang='grc' dir='ltr'>οἵτινες</span> <span class='ocrx_word' id='word_1_34' title='bbox 1320 738 1385 810; x_wconf 79' lang='grc' dir='ltr'>δὴ</span> <span class='ocrx_word' id='word_1_35' title='bbox 1415 743 1508 795; x_wconf 78' lang='grc' dir='ltr'>καὶ</span> <span class='ocrx_word' id='word_1_36' title='bbox 1548 725 1961 818; x_wconf 82' lang='grc' dir='ltr'>παρεσύρησαν,</span> 
     </span>
    </p>
   </div>
   <div class='ocr_carea' id='block_1_7' title="bbox 397 816 1975 914">
    <p class='ocr_par' dir='ltr' id='par_1_7' title="bbox 397 816 1975 914">
     <span class='ocr_line' id='line_1_7' title="bbox 397 816 1975 914; baseline 0.017 -46"><span class='ocrx_word' id='word_1_37' title='bbox 397 816 479 881; x_wconf 84' lang='grc' dir='ltr'>είς</span> <span class='ocrx_word' id='word_1_38' title='bbox 532 819 633 914; x_wconf 69' lang='grc' dir='ltr'>τὴν</span> <span class='ocrx_word' id='word_1_39' title='bbox 683 820 997 891; x_wconf 86' lang='grc' dir='ltr'>διαϐολικὴν</span> <span class='ocrx_word' id='word_1_40' title='bbox 1054 827 1259 899; x_wconf 87' lang='grc' dir='ltr'>ταύτην</span> <span class='ocrx_word' id='word_1_41' title='bbox 1326 833 1565 905; x_wconf 86' lang='grc' dir='ltr'>ἀπάτην.</span> <span class='ocrx_word' id='word_1_42' title='bbox 1619 831 1729 890; x_wconf 86' lang='grc' dir='ltr'>Ἦν</span> <span class='ocrx_word' id='word_1_43' title='bbox 1770 816 1874 894; x_wconf 11' lang='grc' dir='ltr'>θοῦν</span> <span class='ocrx_word' id='word_1_44' title='bbox 1933 844 1975 914; x_wconf 25' lang='grc' dir='ltr'>ή(</span> 
     </span>
    </p>
   </div>
   <div class='ocr_carea' id='block_1_8' title="bbox 396 907 1965 1003">
    <p class='ocr_par' dir='ltr' id='par_1_8' title="bbox 396 907 1965 1003">
     <span class='ocr_line' id='line_1_8' title="bbox 396 907 1965 1003; baseline 0.019 -43"><span class='ocrx_word' id='word_1_45' title='bbox 396 907 619 1003; x_wconf 77' lang='grc' dir='ltr'>τοιαύτη</span> <span class='ocrx_word' id='word_1_46' title='bbox 648 911 879 1003; x_wconf 79' lang='grc' dir='ltr'>ἀσέϐεια</span> <span class='ocrx_word' id='word_1_47' title='bbox 908 917 999 969; x_wconf 84' lang='grc' dir='ltr'>ἐπὶ</span> <span class='ocrx_word' id='word_1_48' title='bbox 1024 920 1240 988; x_wconf 84' lang='grc' dir='ltr'>χρόνοις</span> <span class='ocrx_word' id='word_1_49' title='bbox 1292 923 1497 989; x_wconf 75' lang='grc' dir='ltr'>ἱκανοῖς</span> <span class='ocrx_word' id='word_1_50' title='bbox 1523 933 1876 1003; x_wconf 81' lang='grc' dir='ltr'>κρυπτομένη</span> <span class='ocrx_word' id='word_1_51' title='bbox 1904 907 1965 990; x_wconf 70' lang='grc' dir='ltr'>τέ</span> 
     </span>
    </p>
   </div>
   <div class='ocr_carea' id='block_1_9' title="bbox 394 999 1965 1095">
    <p class='ocr_par' dir='ltr' id='par_1_9' title="bbox 394 999 1965 1095">
     <span class='ocr_line' id='line_1_9' title="bbox 394 999 1965 1095; baseline 0.018 -45"><span class='ocrx_word' id='word_1_52' title='bbox 394 999 507 1095; x_wconf 58' lang='grc' dir='ltr'>καὶ-</span> <span class='ocrx_word' id='word_1_53' title='bbox 538 999 901 1095; x_wconf 58' lang='grc' dir='ltr'>λανθάνουσα,</span> <span class='ocrx_word' id='word_1_54' title='bbox 932 1009 1434 1084; x_wconf 83' lang='grc' dir='ltr'>προμηθευσαμένη</span> <span class='ocrx_word' id='word_1_55' title='bbox 1476 1016 1536 1070; x_wconf 77' lang='grc' dir='ltr'>δέ</span> <span class='ocrx_word' id='word_1_56' title='bbox 1584 1019 1618 1089; x_wconf 80' lang='grc' dir='ltr'><strong>ἠ</strong></span> <span class='ocrx_word' id='word_1_57' title='bbox 1670 999 1965 1095; x_wconf 77' lang='grc' dir='ltr'>μετριότης</span> 
     </span>
    </p>
   </div>
   <div class='ocr_carea' id='block_1_10' title="bbox 392 1090 1964 1184">
    <p class='ocr_par' dir='ltr' id='par_1_10' title="bbox 392 1090 1964 1184">
     <span class='ocr_line' id='line_1_10' title="bbox 392 1090 1964 1184; baseline 0.02 -45"><span class='ocrx_word' id='word_1_58' title='bbox 392 1090 570 1184; x_wconf 69' lang='grc' dir='ltr'>ἡμῶν,</span> <span class='ocrx_word' id='word_1_59' title='bbox 597 1092 835 1162; x_wconf 80' lang='grc' dir='ltr'>Χριστοῦ</span> <span class='ocrx_word' id='word_1_60' title='bbox 868 1098 1072 1168; x_wconf 86' lang='grc' dir='ltr'>χάριτι,</span> <span class='ocrx_word' id='word_1_61' title='bbox 1100 1105 1240 1157; x_wconf 89' lang='grc' dir='ltr'>κατά</span> <span class='ocrx_word' id='word_1_62' title='bbox 1284 1105 1345 1159; x_wconf 84' lang='grc' dir='ltr'>τδ</span> <span class='ocrx_word' id='word_1_63' title='bbox 1390 1109 1659 1175; x_wconf 48' lang='lat' dir='ltr'>abdicata!</span> <span class='ocrx_word' id='word_1_64' title='bbox 1684 1090 1964 1184; x_wconf 32' lang='grc' dir='ltr'>διά-φρον-</span> 
     </span>
    </p>
   </div>
   <div class='ocr_carea' id='block_1_11' title="bbox 389 1180 1963 1279">
    <p class='ocr_par' dir='ltr' id='par_1_11' title="bbox 389 1180 1963 1279">
     <span class='ocr_line' id='line_1_11' title="bbox 389 1180 1963 1279; baseline 0.022 -48"><span class='ocrx_word' id='word_1_65' title='bbox 389 1180 531 1279; x_wconf 80' lang='grc' dir='ltr'>τίδος</span> <span class='ocrx_word' id='word_1_66' title='bbox 561 1189 963 1279; x_wconf 68' lang='grc' dir='ltr'>⁸ποιησαμένη,</span> <span class='ocrx_word' id='word_1_67' title='bbox 1022 1191 1164 1248; x_wconf 85' lang='grc' dir='ltr'>ὥστε</span> <span class='ocrx_word' id='word_1_68' title='bbox 1223 1201 1507 1271; x_wconf 79' lang='grc' dir='ltr'>καταφανῆ</span> <span class='ocrx_word' id='word_1_69' title='bbox 1566 1204 1662 1258; x_wconf 83' lang='grc' dir='ltr'>καὶ</span> <span class='ocrx_word' id='word_1_70' title='bbox 1718 1180 1963 1279; x_wconf 74' lang='grc' dir='ltr'>φανεράν</span> 
     </span>
    </p>
   </div>
   <div class='ocr_carea' id='block_1_12' title="bbox 389 1274 1955 1371">
    <p class='ocr_par' dir='ltr' id='par_1_12' title="bbox 389 1274 1955 1371">
     <span class='ocr_line' id='line_1_12' title="bbox 389 1274 1955 1371; baseline 0.021 -49"><span class='ocrx_word' id='word_1_71' title='bbox 389 1274 641 1371; x_wconf 70' lang='grc' dir='ltr'>γενέσθαι</span> <span class='ocrx_word' id='word_1_72' title='bbox 693 1278 792 1349; x_wconf 82' lang='grc' dir='ltr'>τὴν</span> <span class='ocrx_word' id='word_1_73' title='bbox 848 1283 1107 1356; x_wconf 83' lang='grc' dir='ltr'>τοιαύτην</span> <span class='ocrx_word' id='word_1_74' title='bbox 1152 1290 1685 1366; x_wconf 76' lang='grc' dir='ltr'>συγκεκαλυμμένην</span> <span class='ocrx_word' id='word_1_75' title='bbox 1726 1274 1955 1371; x_wconf 69' lang='grc' dir='ltr'>πλάνην,</span> 
     </span>
    </p>
   </div>
   <div class='ocr_carea' id='block_1_13' title="bbox 394 1363 1963 1461">
    <p class='ocr_par' dir='ltr' id='par_1_13' title="bbox 394 1363 1963 1461">
     <span class='ocr_line' id='line_1_13' title="bbox 394 1363 1963 1461; baseline 0.02 -47"><span class='ocrx_word' id='word_1_76' title='bbox 394 1363 535 1428; x_wconf 78' lang='grc' dir='ltr'>μετὰ</span> <span class='ocrx_word' id='word_1_77' title='bbox 563 1365 661 1435; x_wconf 77' lang='grc' dir='ltr'>τῆς</span> <span class='ocrx_word' id='word_1_78' title='bbox 678 1372 1078 1461; x_wconf 68' lang='grc' dir='ltr'>προσηκούσης</span> <span class='ocrx_word' id='word_1_79' title='bbox 1125 1378 1394 1452; x_wconf 86' lang='grc' dir='ltr'>πρότερον</span> <span class='ocrx_word' id='word_1_80' title='bbox 1432 1363 1963 1461; x_wconf 49' lang='grc' dir='ltr'>παρᾳινέσεωςέέήλ</span> 
     </span>
    </p>
   </div>
   <div class='ocr_carea' id='block_1_14' title="bbox 391 1456 1958 1547">
    <p class='ocr_par' dir='ltr' id='par_1_14' title="bbox 391 1456 1958 1547">
     <span class='ocr_line' id='line_1_14' title="bbox 391 1456 1958 1547; baseline 0.02 -43"><span class='ocrx_word' id='word_1_81' title='bbox 391 1468 553 1547; x_wconf 71' lang='grc' dir='ltr'>νεγκε</span> <span class='ocrx_word' id='word_1_82' title='bbox 604 1456 698 1512; x_wconf 82' lang='grc' dir='ltr'>καὶ</span> <span class='ocrx_word' id='word_1_83' title='bbox 732 1458 900 1531; x_wconf 90' lang='grc' dir='ltr'>βάρος</span> <span class='ocrx_word' id='word_1_84' title='bbox 951 1466 1406 1538; x_wconf 89' lang='grc' dir='ltr'>ἐκκλησιαστικοῦ</span> <span class='ocrx_word' id='word_1_85' title='bbox 1446 1475 1752 1547; x_wconf 81' lang='grc' dir='ltr'>ἐπιτιμίου,</span> <span class='ocrx_word' id='word_1_86' title='bbox 1793 1482 1888 1534; x_wconf 87' lang='grc' dir='ltr'>καὶ</span> <span class='ocrx_word' id='word_1_87' title='bbox 1921 1456 1958 1534; x_wconf 73' lang='grc' dir='ltr'>ό</span> 
     </span>
    </p>
   </div>
   <div class='ocr_carea' id='block_1_15' title="bbox 392 1542 1960 1641">
    <p class='ocr_par' dir='ltr' id='par_1_15' title="bbox 392 1542 1960 1641">
     <span class='ocr_line' id='line_1_15' title="bbox 392 1542 1960 1641; baseline 0.02 -46"><span class='ocrx_word' id='word_1_88' title='bbox 392 1542 489 1641; x_wconf 76' lang='grc' dir='ltr'>τήν</span> <span class='ocrx_word' id='word_1_89' title='bbox 545 1551 818 1641; x_wconf 84' lang='grc' dir='ltr'>σωτηρίαν</span> <span class='ocrx_word' id='word_1_90' title='bbox 863 1554 1120 1612; x_wconf 87' lang='grc' dir='ltr'>ἀπάντων</span> <span class='ocrx_word' id='word_1_91' title='bbox 1176 1542 1705 1636; x_wconf 76' lang='grc' dir='ltr'>πραγματευόμενος</span> <span class='ocrx_word' id='word_1_92' title='bbox 1737 1542 1960 1641; x_wconf 23' lang='grc' dir='ltr'>νΚύριος</span> 
     </span>
    </p>
   </div>
   <div class='ocr_carea' id='block_1_16' title="bbox 390 1636 1957 1730">
    <p class='ocr_par' dir='ltr' id='par_1_16' title="bbox 390 1636 1957 1730">
     <span class='ocr_line' id='line_1_16' title="bbox 390 1636 1957 1730; baseline 0.019 -43"><span class='ocrx_word' id='word_1_93' title='bbox 390 1636 485 1730; x_wconf 86' lang='grc' dir='ltr'>καὶ</span> <span class='ocrx_word' id='word_1_94' title='bbox 539 1639 609 1692; x_wconf 76' lang='grc' dir='ltr'>τά</span> <span class='ocrx_word' id='word_1_95' title='bbox 668 1643 886 1699; x_wconf 77' lang='grc' dir='ltr'>ἐναντία</span> <span class='ocrx_word' id='word_1_96' title='bbox 926 1647 1017 1703; x_wconf 84' lang='grc' dir='ltr'>διά</span> <span class='ocrx_word' id='word_1_97' title='bbox 1063 1649 1172 1705; x_wconf 87' lang='grc' dir='ltr'>τῶν</span> <span class='ocrx_word' id='word_1_98' title='bbox 1216 1653 1472 1709; x_wconf 84' lang='grc' dir='ltr'>ἐναντίων</span> <span class='ocrx_word' id='word_1_99' title='bbox 1514 1658 1815 1730; x_wconf 76' lang='grc' dir='ltr'>οἰκονομῶν</span> <span class='ocrx_word' id='word_1_100' title='bbox 1844 1636 1957 1716; x_wconf 43' lang='grc' dir='ltr'>ὀὑκ</span> 
     </span>
    </p>
   </div>
   <div class='ocr_carea' id='block_1_17' title="bbox 1234 232 2834 334">
    <p class='ocr_par' dir='ltr' id='par_1_17' title="bbox 1234 232 2834 334">
     <span class='ocr_line' id='line_1_17' title="bbox 1234 232 2834 334; baseline 0.015 -24"><span class='ocrx_word' id='word_1_101' title='bbox 1234 249 1575 314; x_wconf 83' lang='lat' dir='ltr'>CALLISTI</span> <span class='ocrx_word' id='word_1_102' title='bbox 1618 256 1716 315; x_wconf 84' lang='lat' dir='ltr'>ET</span> <span class='ocrx_word' id='word_1_103' title='bbox 1750 232 2173 323; x_wconf 77' lang='lat' dir='ltr'><strong>PIIILOTIIEI</strong></span> <span class='ocrx_word' id='word_1_104' title='bbox 2215 264 2329 325; x_wconf 80' lang='lat' dir='ltr'>cp.</span> <span class='ocrx_word' id='word_1_105' title='bbox 2368 265 2834 334; x_wconf 77' lang='lat' dir='ltr'>PATRIARCH.</span> 
     </span>
    </p>
   </div>
   <div class='ocr_carea' id='block_1_18' title="bbox 2054 475 3648 563">
    <p class='ocr_par' dir='ltr' id='par_1_18' title="bbox 2054 475 3648 563">
     <span class='ocr_line' id='line_1_18' title="bbox 2054 475 3648 563; baseline 0.016 -37"><span class='ocrx_word' id='word_1_106' title='bbox 2054 475 2169 527; x_wconf 80' lang='grc' dir='ltr'>¹καὶ</span> <span class='ocrx_word' id='word_1_107' title='bbox 2212 477 2312 547; x_wconf 80' lang='grc' dir='ltr'>τὴν</span> <span class='ocrx_word' id='word_1_108' title='bbox 2345 480 2463 549; x_wconf 83' lang='grc' dir='ltr'>μετ’</span> <span class='ocrx_word' id='word_1_109' title='bbox 2497 483 2743 553; x_wconf 88' lang='grc' dir='ltr'>ἀλλήλων</span> <span class='ocrx_word' id='word_1_110' title='bbox 2792 487 3083 559; x_wconf 84' lang='grc' dir='ltr'>ἐπαινετὴν</span> <span class='ocrx_word' id='word_1_111' title='bbox 3133 492 3359 561; x_wconf 77' lang='grc' dir='ltr'>εἰρήνην</span> <span class='ocrx_word' id='word_1_112' title='bbox 3389 496 3481 548; x_wconf 87' lang='grc' dir='ltr'>καὶ</span> <span class='ocrx_word' id='word_1_113' title='bbox 3516 500 3648 563; x_wconf 86' lang='grc' dir='ltr'>ἀγά-</span> 
     </span>
    </p>
   </div>
   <div class='ocr_carea' id='block_1_19' title="bbox 2074 573 3644 647">
    <p class='ocr_par' dir='ltr' id='par_1_19' title="bbox 2074 573 3644 647">
     <span class='ocr_line' id='line_1_19' title="bbox 2074 573 3644 647; baseline 0.015 -29"><span class='ocrx_word' id='word_1_114' title='bbox 2074 582 2205 635; x_wconf 90' lang='grc' dir='ltr'>πην,</span> <span class='ocrx_word' id='word_1_115' title='bbox 2246 573 2587 642; x_wconf 81' lang='grc' dir='ltr'>μεμνημένοι</span> <span class='ocrx_word' id='word_1_116' title='bbox 2640 576 2732 628; x_wconf 87' lang='grc' dir='ltr'>τοῦ</span> <span class='ocrx_word' id='word_1_117' title='bbox 2788 578 3024 647; x_wconf 80' lang='grc' dir='ltr'>μεγάλου</span> <span class='ocrx_word' id='word_1_118' title='bbox 3082 580 3385 637; x_wconf 79' lang='grc' dir='ltr'>ἀποστόλου</span> <span class='ocrx_word' id='word_1_119' title='bbox 3432 586 3644 640; x_wconf 83' lang='grc' dir='ltr'>Παύλου</span> 
     </span>
    </p>
   </div>
   <div class='ocr_carea' id='block_1_20' title="bbox 2072 656 3644 743">
    <p class='ocr_par' dir='ltr' id='par_1_20' title="bbox 2072 656 3644 743">
     <span class='ocr_line' id='line_1_20' title="bbox 2072 656 3644 743; baseline 0.013 -35"><span class='ocrx_word' id='word_1_120' title='bbox 2072 656 2442 724; x_wconf 74' lang='grc' dir='ltr'>διδάσκοντος·</span> <span class='ocrx_word' id='word_1_121' title='bbox 2516 664 2822 734; x_wconf 64' lang='grc' dir='ltr'>Ἀδελφοί,</span> <span class='ocrx_word' id='word_1_122' title='bbox 2877 670 3129 737; x_wconf 71' lang='grc' dir='ltr'>εἰρήνην</span> <span class='ocrx_word' id='word_1_123' title='bbox 3202 672 3443 727; x_wconf 80' lang='grc' dir='ltr'>διώκετε</span> <span class='ocrx_word' id='word_1_124' title='bbox 3494 678 3644 743; x_wconf 81' lang='grc' dir='ltr'>μετὰ</span> 
     </span>
    </p>
   </div>
   <div class='ocr_carea' id='block_1_21' title="bbox 2071 748 3646 833">
    <p class='ocr_par' dir='ltr' id='par_1_21' title="bbox 2071 748 3646 833">
     <span class='ocr_line' id='line_1_21' title="bbox 2071 748 3646 833; baseline 0.011 -31"><span class='ocrx_word' id='word_1_125' title='bbox 2071 748 2315 804; x_wconf 77' lang='grc' dir='ltr'>πάντων</span> <span class='ocrx_word' id='word_1_126' title='bbox 2369 755 2464 807; x_wconf 79' lang='grc' dir='ltr'>καί</span> <span class='ocrx_word' id='word_1_127' title='bbox 2525 756 2633 809; x_wconf 84' lang='grc' dir='ltr'>τὸν</span> <span class='ocrx_word' id='word_1_128' title='bbox 2692 759 3015 827; x_wconf 75' lang='grc' dir='ltr'>ἁγιασμόν,</span> <span class='ocrx_word' id='word_1_129' title='bbox 3080 756 3154 818; x_wconf 84' lang='grc' dir='ltr'>οὗ</span> <span class='ocrx_word' id='word_1_130' title='bbox 3211 765 3391 833; x_wconf 81' lang='grc' dir='ltr'>χωρίς</span> <span class='ocrx_word' id='word_1_131' title='bbox 3445 767 3646 831; x_wconf 68' lang='grc' dir='ltr'>οὐδεὶς</span> 
     </span>
    </p>
   </div>
   <div class='ocr_carea' id='block_1_22' title="bbox 2070 840 3642 926">
    <p class='ocr_par' dir='ltr' id='par_1_22' title="bbox 2070 840 3642 926">
     <span class='ocr_line' id='line_1_22' title="bbox 2070 840 3642 926; baseline 0.01 -33"><span class='ocrx_word' id='word_1_132' title='bbox 2070 840 2250 909; x_wconf 75' lang='grc' dir='ltr'>ὀψε-τε</span> <span class='ocrx_word' id='word_1_133' title='bbox 2304 843 2414 897; x_wconf 80' lang='grc' dir='ltr'>τὸν</span> <span class='ocrx_word' id='word_1_134' title='bbox 2463 847 2701 913; x_wconf 78' lang='grc' dir='ltr'>Κύριον.</span> <span class='ocrx_word' id='word_1_135' title='bbox 2736 850 2845 903; x_wconf 83' lang='grc' dir='ltr'>Καὶ</span> <span class='ocrx_word' id='word_1_136' title='bbox 2908 852 3050 905; x_wconf 86' lang='grc' dir='ltr'>κατά</span> <span class='ocrx_word' id='word_1_137' title='bbox 3098 853 3192 907; x_wconf 70' lang='grc' dir='ltr'>τὸν</span> <span class='ocrx_word' id='word_1_138' title='bbox 3250 845 3411 909; x_wconf 76' lang='grc' dir='ltr'>αὑτὸν</span> <span class='ocrx_word' id='word_1_139' title='bbox 3467 859 3642 926; x_wconf 82' lang='grc' dir='ltr'>μέγαν</span> 
     </span>
    </p>
   </div>
   <div class='ocr_carea' id='block_1_23' title="bbox 2082 934 3636 1016">
    <p class='ocr_par' dir='ltr' id='par_1_23' title="bbox 2082 934 3636 1016">
     <span class='ocr_line' id='line_1_23' title="bbox 2082 934 3636 1016; baseline 0.01 -29"><span class='ocrx_word' id='word_1_140' title='bbox 2082 934 2409 991; x_wconf 83' lang='grc' dir='ltr'>Ἀπόστολον</span> <span class='ocrx_word' id='word_1_141' title='bbox 2448 941 2841 1012; x_wconf 84' lang='grc' dir='ltr'>ἐπεκτείνησθε</span> <span class='ocrx_word' id='word_1_142' title='bbox 2905 948 3018 1008; x_wconf 84' lang='grc' dir='ltr'>τοῖς</span> <span class='ocrx_word' id='word_1_143' title='bbox 3078 946 3390 1016; x_wconf 77' lang='grc' dir='ltr'>ἔμπροσθεν</span> <span class='ocrx_word' id='word_1_144' title='bbox 3446 949 3636 1011; x_wconf 78' lang='grc' dir='ltr'>καλοῖς</span> 
     </span>
    </p>
   </div>
   <div class='ocr_carea' id='block_1_24' title="bbox 2068 1025 3641 1110">
    <p class='ocr_par' dir='ltr' id='par_1_24' title="bbox 2068 1025 3641 1110">
     <span class='ocr_line' id='line_1_24' title="bbox 2068 1025 3641 1110; baseline -0.001 -18"><span class='ocrx_word' id='word_1_145' title='bbox 2068 1025 2250 1096; x_wconf 75' lang='grc' dir='ltr'>ἔργοις</span> <span class='ocrx_word' id='word_1_146' title='bbox 2284 1030 2380 1082; x_wconf 75' lang='grc' dir='ltr'>καὶ</span> <span class='ocrx_word' id='word_1_147' title='bbox 2415 1030 2832 1101; x_wconf 82' lang='grc' dir='ltr'>κατορθώμασι,</span> <span class='ocrx_word' id='word_1_148' title='bbox 2861 1035 2955 1088; x_wconf 86' lang='grc' dir='ltr'>καὶ</span> <span class='ocrx_word' id='word_1_149' title='bbox 3005 1036 3312 1108; x_wconf 82' lang='grc' dir='ltr'>ἐνθυμῆσθε</span> <span class='ocrx_word' id='word_1_150' title='bbox 3352 1038 3412 1091; x_wconf 83' lang='grc' dir='ltr'>τὸ</span> <span class='ocrx_word' id='word_1_151' title='bbox 3443 1028 3641 1110; x_wconf 71' lang='grc' dir='ltr'>ἐπίκη-</span> 
     </span>
    </p>
   </div>
   <div class='ocr_carea' id='block_1_25' title="bbox 2070 1119 3639 1199">
    <p class='ocr_par' dir='ltr' id='par_1_25' title="bbox 2070 1119 3639 1199">
     <span class='ocr_line' id='line_1_25' title="bbox 2070 1119 3639 1199; baseline 0.009 -29"><span class='ocrx_word' id='word_1_152' title='bbox 2070 1134 2162 1186; x_wconf 89' lang='grc' dir='ltr'>ρον</span> <span class='ocrx_word' id='word_1_153' title='bbox 2195 1121 2287 1171; x_wconf 87' lang='grc' dir='ltr'>καὶ</span> <span class='ocrx_word' id='word_1_154' title='bbox 2322 1119 2498 1190; x_wconf 81' lang='grc' dir='ltr'>βραχὺ</span> <span class='ocrx_word' id='word_1_155' title='bbox 2557 1122 2659 1191; x_wconf 86' lang='grc' dir='ltr'>τῆς</span> <span class='ocrx_word' id='word_1_156' title='bbox 2723 1126 3005 1196; x_wconf 84' lang='grc' dir='ltr'>παρούσης</span> <span class='ocrx_word' id='word_1_157' title='bbox 3056 1128 3222 1196; x_wconf 80' lang='grc' dir='ltr'>ζωῆς,</span> <span class='ocrx_word' id='word_1_158' title='bbox 3254 1130 3352 1189; x_wconf 87' lang='grc' dir='ltr'>τάς</span> <span class='ocrx_word' id='word_1_159' title='bbox 3403 1147 3462 1181; x_wconf 89' lang='grc' dir='ltr'>τε</span> <span class='ocrx_word' id='word_1_160' title='bbox 3514 1133 3639 1199; x_wconf 52' lang='grc' dir='ltr'>με),-</span> 
     </span>
    </p>
   </div>
   <div class='ocr_carea' id='block_1_26' title="bbox 2066 1209 3639 1289">
    <p class='ocr_par' dir='ltr' id='par_1_26' title="bbox 2066 1209 3639 1289">
     <span class='ocr_line' id='line_1_26' title="bbox 2066 1209 3639 1289; baseline 0.008 -27"><span class='ocrx_word' id='word_1_161' title='bbox 2066 1209 2267 1272; x_wconf 88' lang='grc' dir='ltr'>λούσας</span> <span class='ocrx_word' id='word_1_162' title='bbox 2312 1213 2571 1278; x_wconf 76' lang='grc' dir='ltr'>αἰωνίους</span> <span class='ocrx_word' id='word_1_163' title='bbox 2622 1216 2732 1268; x_wconf 89' lang='grc' dir='ltr'>τῶν</span> <span class='ocrx_word' id='word_1_164' title='bbox 2767 1217 2989 1283; x_wconf 83' lang='grc' dir='ltr'>ἀγαθῶν</span> <span class='ocrx_word' id='word_1_165' title='bbox 3022 1220 3354 1289; x_wconf 72' lang='grc' dir='ltr'>κληρουχίας</span> <span class='ocrx_word' id='word_1_166' title='bbox 3404 1223 3509 1275; x_wconf 84' lang='grc' dir='ltr'>τῶν</span> <span class='ocrx_word' id='word_1_167' title='bbox 3540 1240 3639 1275; x_wconf 91' lang='grc' dir='ltr'>κα-</span> 
     </span>
    </p>
   </div>
   <div class='ocr_carea' id='block_1_27' title="bbox 2063 1300 3638 1383">
    <p class='ocr_par' dir='ltr' id='par_1_27' title="bbox 2063 1300 3638 1383">
     <span class='ocr_line' id='line_1_27' title="bbox 2063 1300 3638 1383; baseline 0.008 -29"><span class='ocrx_word' id='word_1_168' title='bbox 2063 1300 2173 1365; x_wconf 90' lang='grc' dir='ltr'>λῶς</span> <span class='ocrx_word' id='word_1_169' title='bbox 2202 1305 2297 1356; x_wconf 91' lang='grc' dir='ltr'>καὶ</span> <span class='ocrx_word' id='word_1_170' title='bbox 2356 1304 2668 1383; x_wconf 82' lang='grc' dir='ltr'>θεαρέστως</span> <span class='ocrx_word' id='word_1_171' title='bbox 2719 1309 2958 1362; x_wconf 89' lang='grc' dir='ltr'>ἐνταῦθα</span> <span class='ocrx_word' id='word_1_172' title='bbox 3001 1310 3347 1380; x_wconf 87' lang='grc' dir='ltr'>βεϐιωκότων</span> <span class='ocrx_word' id='word_1_173' title='bbox 3388 1315 3484 1367; x_wconf 87' lang='grc' dir='ltr'>καὶ</span> <span class='ocrx_word' id='word_1_174' title='bbox 3538 1316 3638 1375; x_wconf 78' lang='grc' dir='ltr'>τὰς</span> 
     </span>
    </p>
   </div>
   <div class='ocr_carea' id='block_1_28' title="bbox 2063 1391 3637 1472">
    <p class='ocr_par' dir='ltr' id='par_1_28' title="bbox 2063 1391 3637 1472">
     <span class='ocr_line' id='line_1_28' title="bbox 2063 1391 3637 1472; baseline 0.009 -29"><span class='ocrx_word' id='word_1_175' title='bbox 2063 1391 2455 1461; x_wconf 83' lang='grc' dir='ltr'>ἀτελευτήτους</span> <span class='ocrx_word' id='word_1_176' title='bbox 2492 1394 2746 1460; x_wconf 74' lang='grc' dir='ltr'>κολάσεις</span> <span class='ocrx_word' id='word_1_177' title='bbox 2792 1398 2899 1451; x_wconf 90' lang='grc' dir='ltr'>τῶν</span> <span class='ocrx_word' id='word_1_178' title='bbox 2949 1400 3338 1472; x_wconf 84' lang='grc' dir='ltr'>ἀμετανοήτως</span> <span class='ocrx_word' id='word_1_179' title='bbox 3382 1403 3637 1472; x_wconf 83' lang='grc' dir='ltr'>ἁμαρτα-</span> 
     </span>
    </p>
   </div>
   <div class='ocr_carea' id='block_1_29' title="bbox 2062 1470 3637 1562">
    <p class='ocr_par' dir='ltr' id='par_1_29' title="bbox 2062 1470 3637 1562">
     <span class='ocr_line' id='line_1_29' title="bbox 2062 1470 3637 1562; baseline 0.009 -29"><span class='ocrx_word' id='word_1_180' title='bbox 2062 1481 2284 1547; x_wconf 83' lang='grc' dir='ltr'>νόντων,</span> <span class='ocrx_word' id='word_1_181' title='bbox 2318 1483 2406 1537; x_wconf 83' lang='grc' dir='ltr'>ἵνα</span> <span class='ocrx_word' id='word_1_182' title='bbox 2459 1484 2550 1538; x_wconf 75' lang='grc' dir='ltr'>διὰ</span> <span class='ocrx_word' id='word_1_183' title='bbox 2595 1486 2697 1555; x_wconf 89' lang='grc' dir='ltr'>τῆς</span> <span class='ocrx_word' id='word_1_184' title='bbox 2729 1488 2901 1559; x_wconf 90' lang='grc' dir='ltr'>καλῆς</span> <span class='ocrx_word' id='word_1_185' title='bbox 2932 1470 3117 1559; x_wconf 47' lang='grc' dir='ltr'>’ὑμῶν</span> <span class='ocrx_word' id='word_1_186' title='bbox 3165 1470 3512 1562; x_wconf 75' lang='grc' dir='ltr'>ἀναστροφῆς</span> <span class='ocrx_word' id='word_1_187' title='bbox 3544 1495 3637 1547; x_wconf 79' lang='grc' dir='ltr'>καὶ</span> 
     </span>
    </p>
   </div>
   <div class='ocr_carea' id='block_1_30' title="bbox 2061 1572 3635 1649">
    <p class='ocr_par' dir='ltr' id='par_1_30' title="bbox 2061 1572 3635 1649">
     <span class='ocr_line' id='line_1_30' title="bbox 2061 1572 3635 1649; baseline 0.006 -23"><span class='ocrx_word' id='word_1_188' title='bbox 2061 1572 2343 1638; x_wconf 79' lang='grc' dir='ltr'>πολιτείας</span> <span class='ocrx_word' id='word_1_189' title='bbox 2400 1576 2494 1629; x_wconf 83' lang='grc' dir='ltr'>καὶ</span> <span class='ocrx_word' id='word_1_190' title='bbox 2550 1577 2953 1649; x_wconf 85' lang='grc' dir='ltr'>ἐκπληρώσεως</span> <span class='ocrx_word' id='word_1_191' title='bbox 3021 1580 3132 1633; x_wconf 88' lang='grc' dir='ltr'>τῶν</span> <span class='ocrx_word' id='word_1_192' title='bbox 3186 1581 3346 1634; x_wconf 87' lang='grc' dir='ltr'>θείων</span> <span class='ocrx_word' id='word_1_193' title='bbox 3404 1582 3635 1635; x_wconf 80' lang='grc' dir='ltr'>ἐντολῶν</span> 
     </span>
    </p>
   </div>
   <div class='ocr_carea' id='block_1_31' title="bbox 2061 1663 3626 1741">
    <p class='ocr_par' dir='ltr' id='par_1_31' title="bbox 2061 1663 3626 1741">
     <span class='ocr_line' id='line_1_31' title="bbox 2061 1663 3626 1741; baseline 0.005 -25"><span class='ocrx_word' id='word_1_194' title='bbox 2061 1663 2353 1733; x_wconf 75' lang='grc' dir='ltr'>δοξάζηται</span> <span class='ocrx_word' id='word_1_195' title='bbox 2381 1666 2443 1719; x_wconf 75' lang='grc' dir='ltr'>τὸ</span> <span class='ocrx_word' id='word_1_196' title='bbox 2471 1667 2738 1735; x_wconf 88' lang='grc' dir='ltr'>πανάγιον</span> <span class='ocrx_word' id='word_1_197' title='bbox 2777 1668 2947 1736; x_wconf 78' lang='grc' dir='ltr'>ὑνομα</span> <span class='ocrx_word' id='word_1_198' title='bbox 2986 1670 3083 1723; x_wconf 91' lang='grc' dir='ltr'>τοῦ</span> <span class='ocrx_word' id='word_1_199' title='bbox 3112 1670 3273 1733; x_wconf 88' lang='grc' dir='ltr'>Θεοῦ,</span> <span class='ocrx_word' id='word_1_200' title='bbox 3305 1673 3626 1741; x_wconf 74' lang='grc' dir='ltr'>ἐδιδάχθητε</span> 
     </span>
    </p>
   </div>
   <div class='ocr_carea' id='block_1_32' title="bbox 387 1722 3634 1834">
    <p class='ocr_par' dir='ltr' id='par_1_32' title="bbox 387 1722 3634 1834">
     <span class='ocr_line' id='line_1_32' title="bbox 387 1722 3634 1834; baseline 0.01 -52"><span class='ocrx_word' id='word_1_201' title='bbox 387 1729 841 1834; x_wconf 35' lang='grc' dir='ltr'>ἠνέσχετο-οὑδὲ-</span> <span class='ocrx_word' id='word_1_202' title='bbox 858 1740 1250 1815; x_wconf 84' lang='grc' dir='ltr'>παρεχώρησεν</span> <span class='ocrx_word' id='word_1_203' title='bbox 1279 1747 1371 1802; x_wconf 78' lang='grc' dir='ltr'>ἐπὶ</span> <span class='ocrx_word' id='word_1_204' title='bbox 1416 1748 1579 1803; x_wconf 82' lang='grc' dir='ltr'>πλέον</span> <span class='ocrx_word' id='word_1_205' title='bbox 1607 1722 1954 1823; x_wconf 82' lang='grc' dir='ltr'>συγκρύπτε-</span> <span class='ocrx_word' id='word_1_206' title='bbox 1986 1722 2033 1784; x_wconf 76' lang='grc' dir='ltr'><strong>Β</strong></span> <span class='ocrx_word' id='word_1_207' title='bbox 2064 1722 2150 1808; x_wconf 65' lang='grc' dir='ltr'>δὲ⁷</span> <span class='ocrx_word' id='word_1_208' title='bbox 2174 1722 2271 1809; x_wconf 71' lang='grc' dir='ltr'>καὶ</span> <span class='ocrx_word' id='word_1_209' title='bbox 2290 1774 2303 1779; x_wconf 85' lang='grc'>·</span> <span class='ocrx_word' id='word_1_210' title='bbox 2325 1757 2383 1809; x_wconf 88' lang='grc' dir='ltr'>ἐν</span> <span class='ocrx_word' id='word_1_211' title='bbox 2409 1760 2475 1828; x_wconf 76' lang='grc' dir='ltr'>τῇ</span> <span class='ocrx_word' id='word_1_212' title='bbox 2504 1758 2596 1812; x_wconf 87' lang='grc' dir='ltr'>τοῦ</span> <span class='ocrx_word' id='word_1_213' title='bbox 2630 1722 2805 1827; x_wconf 50' lang='grc' dir='ltr'>’ἀγίου</span> <span class='ocrx_word' id='word_1_214' title='bbox 2840 1722 3634 1834; x_wconf 16' lang='grc' dir='ltr'>βαπτίσματοςψάποταγιῆτῶν</span> 
     </span>
    </p>
   </div>
   <div class='ocr_carea' id='block_1_33' title="bbox 390 1819 1956 1916">
    <p class='ocr_par' dir='ltr' id='par_1_33' title="bbox 390 1819 1956 1916">
     <span class='ocr_line' id='line_1_33' title="bbox 390 1819 1956 1916; baseline 0.024 -43"><span class='ocrx_word' id='word_1_215' title='bbox 390 1819 513 1916; x_wconf 85' lang='grc' dir='ltr'>σθαι</span> <span class='ocrx_word' id='word_1_216' title='bbox 541 1826 636 1880; x_wconf 89' lang='grc' dir='ltr'>καὶ</span> <span class='ocrx_word' id='word_1_217' title='bbox 678 1825 961 1885; x_wconf 84' lang='grc' dir='ltr'>λανθάνειν</span> <span class='ocrx_word' id='word_1_218' title='bbox 1005 1834 1073 1888; x_wconf 86' lang='grc' dir='ltr'>τά</span> <span class='ocrx_word' id='word_1_219' title='bbox 1115 1837 1382 1908; x_wconf 74' lang='grc' dir='ltr'>εἰρημένα</span> <span class='ocrx_word' id='word_1_220' title='bbox 1412 1840 1513 1911; x_wconf 90' lang='grc' dir='ltr'>τῆς</span> <span class='ocrx_word' id='word_1_221' title='bbox 1552 1819 1956 1916; x_wconf 81' lang='grc' dir='ltr'>’Δμαραντίνης</span> 
     </span>
    </p>
   </div>
   <div class='ocr_carea' id='block_1_34' title="bbox 388 1914 1954 2005">
    <p class='ocr_par' dir='ltr' id='par_1_34' title="bbox 388 1914 1954 2005">
     <span class='ocr_line' id='line_1_34' title="bbox 388 1914 1954 2005; baseline 0.018 -42"><span class='ocrx_word' id='word_1_222' title='bbox 388 1914 848 1986; x_wconf 76' lang='grc' dir='ltr'>κακουργήματα,</span> <span class='ocrx_word' id='word_1_223' title='bbox 899 1922 1035 1978; x_wconf 88' lang='grc' dir='ltr'>ἀλλά</span> <span class='ocrx_word' id='word_1_224' title='bbox 1082 1929 1203 1990; x_wconf 78' lang='grc' dir='ltr'>ταῖς</span> <span class='ocrx_word' id='word_1_225' title='bbox 1251 1931 1410 1999; x_wconf 84' lang='grc' dir='ltr'>ήμῶν</span> <span class='ocrx_word' id='word_1_226' title='bbox 1458 1932 1579 1987; x_wconf 88' lang='grc' dir='ltr'>τῶν</span> <span class='ocrx_word' id='word_1_227' title='bbox 1612 1914 1954 2005; x_wconf 75' lang='grc' dir='ltr'>ἁμαρτωλῶν</span> 
     </span>
    </p>
   </div>
   <div class='ocr_carea' id='block_1_35' title="bbox 386 2005 1955 2099">
    <p class='ocr_par' dir='ltr' id='par_1_35' title="bbox 386 2005 1955 2099">
     <span class='ocr_line' id='line_1_35' title="bbox 386 2005 1955 2099; baseline 0.018 -44"><span class='ocrx_word' id='word_1_228' title='bbox 386 2005 483 2099; x_wconf 82' lang='grc' dir='ltr'>καὶ</span> <span class='ocrx_word' id='word_1_229' title='bbox 531 2008 768 2072; x_wconf 80' lang='grc' dir='ltr'>ἀναξίων</span> <span class='ocrx_word' id='word_1_230' title='bbox 826 2012 1029 2068; x_wconf 89' lang='grc' dir='ltr'>δούλων</span> <span class='ocrx_word' id='word_1_231' title='bbox 1080 2018 1244 2073; x_wconf 83' lang='grc' dir='ltr'>αὑτοῦ</span> <span class='ocrx_word' id='word_1_232' title='bbox 1296 2023 1487 2093; x_wconf 79' lang='grc' dir='ltr'>εὐχαῖς</span> <span class='ocrx_word' id='word_1_233' title='bbox 1552 2026 1648 2079; x_wconf 80' lang='grc' dir='ltr'>καὶ</span> <span class='ocrx_word' id='word_1_234' title='bbox 1702 2026 1955 2099; x_wconf 87' lang='grc' dir='ltr'>δεήσεσιν</span> 
     </span>
    </p>
   </div>
   <div class='ocr_carea' id='block_1_36' title="bbox 298 2096 1956 2190">
    <p class='ocr_par' dir='ltr' id='par_1_36' title="bbox 298 2096 1956 2190">
     <span class='ocr_line' id='line_1_36' title="bbox 298 2096 1956 2190; baseline 0.018 -45"><span class='ocrx_word' id='word_1_235' title='bbox 298 2174 303 2180; x_wconf 18' lang='grc' dir='ltr'><strong>ν</strong></span> <span class='ocrx_word' id='word_1_236' title='bbox 387 2096 780 2170; x_wconf 80' lang='grc' dir='ltr'>ἐπικαμφθεὶς,</span> <span class='ocrx_word' id='word_1_237' title='bbox 812 2104 886 2168; x_wconf 82' lang='grc' dir='ltr'>ὡς</span> <span class='ocrx_word' id='word_1_238' title='bbox 925 2106 1262 2179; x_wconf 83' lang='grc' dir='ltr'>εὑσπλαχνος</span> <span class='ocrx_word' id='word_1_239' title='bbox 1300 2113 1461 2182; x_wconf 89' lang='grc' dir='ltr'>φύσει</span> <span class='ocrx_word' id='word_1_240' title='bbox 1512 2117 1605 2169; x_wconf 85' lang='grc' dir='ltr'>καὶ</span> <span class='ocrx_word' id='word_1_241' title='bbox 1651 2096 1956 2190; x_wconf 76' lang='grc' dir='ltr'>φιλοικτίρο</span> 
     </span>
    </p>
   </div>
   <div class='ocr_carea' id='block_1_37' title="bbox 391 2192 1954 2281">
    <p class='ocr_par' dir='ltr' id='par_1_37' title="bbox 391 2192 1954 2281">
     <span class='ocr_line' id='line_1_37' title="bbox 391 2192 1954 2281; baseline 0.017 -43"><span class='ocrx_word' id='word_1_242' title='bbox 391 2204 530 2281; x_wconf 81' lang='grc' dir='ltr'>μων,</span> <span class='ocrx_word' id='word_1_243' title='bbox 566 2192 647 2253; x_wconf 87' lang='grc' dir='ltr'>είς</span> <span class='ocrx_word' id='word_1_244' title='bbox 678 2194 844 2263; x_wconf 85' lang='grc' dir='ltr'>μέσον</span> <span class='ocrx_word' id='word_1_245' title='bbox 885 2202 1265 2269; x_wconf 80' lang='grc' dir='ltr'>παρεσκεύασε</span> <span class='ocrx_word' id='word_1_246' title='bbox 1310 2205 1485 2259; x_wconf 89' lang='grc' dir='ltr'>ταῦτα</span> <span class='ocrx_word' id='word_1_247' title='bbox 1525 2207 1954 2281; x_wconf 88' lang='grc' dir='ltr'>θριαμϐευθῆναι</span> 
     </span>
    </p>
   </div>
   <div class='ocr_carea' id='block_1_38' title="bbox 390 2278 1954 2370">
    <p class='ocr_par' dir='ltr' id='par_1_38' title="bbox 390 2278 1954 2370">
     <span class='ocr_line' id='line_1_38' title="bbox 390 2278 1954 2370; baseline 0.017 -42"><span class='ocrx_word' id='word_1_248' title='bbox 390 2278 487 2370; x_wconf 80' lang='grc' dir='ltr'>καὶ</span> <span class='ocrx_word' id='word_1_249' title='bbox 538 2282 940 2357; x_wconf 85' lang='grc' dir='ltr'>ἀπελεγχθῆναι</span> <span class='ocrx_word' id='word_1_250' title='bbox 978 2291 1069 2344; x_wconf 76' lang='grc' dir='ltr'>καὶ</span> <span class='ocrx_word' id='word_1_251' title='bbox 1095 2291 1184 2346; x_wconf 88' lang='grc' dir='ltr'>διά</span> <span class='ocrx_word' id='word_1_252' title='bbox 1226 2293 1387 2364; x_wconf 82' lang='grc' dir='ltr'>τῆσδε</span> <span class='ocrx_word' id='word_1_253' title='bbox 1416 2296 1517 2367; x_wconf 91' lang='grc' dir='ltr'>τῆς</span> <span class='ocrx_word' id='word_1_254' title='bbox 1551 2278 1954 2370; x_wconf 81' lang='grc' dir='ltr'>Ἀμαραντίνης</span> 
     </span>
    </p>
   </div>
   <div class='ocr_carea' id='block_1_39' title="bbox 388 2369 1955 2463">
    <p class='ocr_par' dir='ltr' id='par_1_39' title="bbox 388 2369 1955 2463">
     <span class='ocr_line' id='line_1_39' title="bbox 388 2369 1955 2463; baseline 0.019 -43"><span class='ocrx_word' id='word_1_255' title='bbox 388 2369 496 2463; x_wconf 78' lang='grc' dir='ltr'>ἀπὸ</span> <span class='ocrx_word' id='word_1_256' title='bbox 546 2372 813 2442; x_wconf 82' lang='grc' dir='ltr'>στόματος</span> <span class='ocrx_word' id='word_1_257' title='bbox 859 2378 1343 2454; x_wconf 87' lang='grc' dir='ltr'>ἀνομολογησάσης</span> <span class='ocrx_word' id='word_1_258' title='bbox 1377 2387 1468 2440; x_wconf 88' lang='grc' dir='ltr'>ἐπὶ</span> <span class='ocrx_word' id='word_1_259' title='bbox 1507 2388 1606 2459; x_wconf 87' lang='grc' dir='ltr'>τῆς</span> <span class='ocrx_word' id='word_1_260' title='bbox 1652 2369 1776 2446; x_wconf 80' lang='grc' dir='ltr'>καθ’</span> <span class='ocrx_word' id='word_1_261' title='bbox 1806 2369 1955 2463; x_wconf 64' lang='grc' dir='ltr'>ἡμᾶς</span> 
     </span>
    </p>
   </div>
   <div class='ocr_carea' id='block_1_40' title="bbox 386 2460 1953 2552">
    <p class='ocr_par' dir='ltr' id='par_1_40' title="bbox 386 2460 1953 2552">
     <span class='ocr_line' id='line_1_40' title="bbox 386 2460 1953 2552; baseline 0.013 -33"><span class='ocrx_word' id='word_1_262' title='bbox 386 2460 540 2528; x_wconf 79' lang='grc' dir='ltr'>θείας</span> <span class='ocrx_word' id='word_1_263' title='bbox 595 2470 691 2522; x_wconf 84' lang='grc' dir='ltr'>καὶ</span> <span class='ocrx_word' id='word_1_264' title='bbox 745 2471 896 2542; x_wconf 78' lang='grc' dir='ltr'>ίερᾶς</span> <span class='ocrx_word' id='word_1_265' title='bbox 948 2476 1166 2529; x_wconf 85' lang='grc' dir='ltr'>συνόδου</span> <span class='ocrx_word' id='word_1_266' title='bbox 1216 2479 1311 2533; x_wconf 81' lang='grc' dir='ltr'>καὶ</span> <span class='ocrx_word' id='word_1_267' title='bbox 1363 2480 1431 2535; x_wconf 81' lang='grc' dir='ltr'>δι’</span> <span class='ocrx_word' id='word_1_268' title='bbox 1488 2483 1692 2552; x_wconf 83' lang='grc' dir='ltr'>ἐτέρων</span> <span class='ocrx_word' id='word_1_269' title='bbox 1742 2460 1953 2541; x_wconf 84' lang='grc' dir='ltr'>πολλῶν</span> 
     </span>
    </p>
   </div>
   <div class='ocr_carea' id='block_1_41' title="bbox 391 2557 1956 2643">
    <p class='ocr_par' dir='ltr' id='par_1_41' title="bbox 391 2557 1956 2643">
     <span class='ocr_line' id='line_1_41' title="bbox 391 2557 1956 2643; baseline 0.016 -37"><span class='ocrx_word' id='word_1_270' title='bbox 391 2557 856 2628; x_wconf 79' lang='grc' dir='ltr'>προσδραμόντων</span> <span class='ocrx_word' id='word_1_271' title='bbox 896 2566 961 2635; x_wconf 76' lang='grc' dir='ltr'>τῇ</span> <span class='ocrx_word' id='word_1_272' title='bbox 1014 2570 1165 2638; x_wconf 82' lang='grc' dir='ltr'>κοινῇ</span> <span class='ocrx_word' id='word_1_273' title='bbox 1218 2571 1390 2641; x_wconf 80' lang='grc' dir='ltr'>μητρὶ</span> <span class='ocrx_word' id='word_1_274' title='bbox 1434 2574 1499 2643; x_wconf 79' lang='grc' dir='ltr'>τῇ</span> <span class='ocrx_word' id='word_1_275' title='bbox 1529 2573 1625 2626; x_wconf 91' lang='grc' dir='ltr'>τοῦ</span> <span class='ocrx_word' id='word_1_276' title='bbox 1655 2574 1789 2629; x_wconf 89' lang='grc' dir='ltr'>Θεοῦ</span> <span class='ocrx_word' id='word_1_277' title='bbox 1831 2576 1956 2630; x_wconf 86' lang='grc' dir='ltr'>Ἐκ-</span> 
     </span>
    </p>
   </div>
   <div class='ocr_carea' id='block_1_42' title="bbox 390 2646 1953 2735">
    <p class='ocr_par' dir='ltr' id='par_1_42' title="bbox 390 2646 1953 2735">
     <span class='ocr_line' id='line_1_42' title="bbox 390 2646 1953 2735; baseline 0.014 -36"><span class='ocrx_word' id='word_1_278' title='bbox 390 2646 607 2720; x_wconf 81' lang='grc' dir='ltr'>κλησίᾳ,</span> <span class='ocrx_word' id='word_1_279' title='bbox 633 2650 711 2721; x_wconf 86' lang='grc' dir='ltr'>τῷ</span> <span class='ocrx_word' id='word_1_280' title='bbox 740 2654 908 2725; x_wconf 87' lang='grc' dir='ltr'>κοινῷ</span> <span class='ocrx_word' id='word_1_281' title='bbox 954 2656 1063 2710; x_wconf 86' lang='grc' dir='ltr'>τῶν</span> <span class='ocrx_word' id='word_1_282' title='bbox 1101 2658 1290 2729; x_wconf 83' lang='grc' dir='ltr'>ψυχῶν</span> <span class='ocrx_word' id='word_1_283' title='bbox 1341 2664 1582 2734; x_wconf 87' lang='grc' dir='ltr'>ίατρείῳ,</span> <span class='ocrx_word' id='word_1_284' title='bbox 1614 2665 1708 2720; x_wconf 83' lang='grc' dir='ltr'>καὶ</span> <span class='ocrx_word' id='word_1_285' title='bbox 1762 2666 1953 2735; x_wconf 64' lang='grc' dir='ltr'>ἐξομοη</span> 
     </span>
    </p>
   </div>
   <div class='ocr_carea' id='block_1_43' title="bbox 392 2739 1952 2828">
    <p class='ocr_par' dir='ltr' id='par_1_43' title="bbox 392 2739 1952 2828">
     <span class='ocr_line' id='line_1_43' title="bbox 392 2739 1952 2828; baseline 0.015 -37"><span class='ocrx_word' id='word_1_286' title='bbox 392 2739 619 2811; x_wconf 86' lang='grc' dir='ltr'>λόγησιν</span> <span class='ocrx_word' id='word_1_287' title='bbox 644 2743 891 2816; x_wconf 79' lang='grc' dir='ltr'>καθαρὰν</span> <span class='ocrx_word' id='word_1_288' title='bbox 938 2753 1325 2821; x_wconf 81' lang='grc' dir='ltr'>ποιησαμένων</span> <span class='ocrx_word' id='word_1_289' title='bbox 1354 2756 1449 2809; x_wconf 85' lang='grc' dir='ltr'>καὶ</span> <span class='ocrx_word' id='word_1_290' title='bbox 1490 2758 1629 2823; x_wconf 80' lang='grc' dir='ltr'>πρὸς</span> <span class='ocrx_word' id='word_1_291' title='bbox 1656 2758 1952 2828; x_wconf 75' lang='grc' dir='ltr'>θεραπείαν</span> 
     </span>
    </p>
   </div>
   <div class='ocr_carea' id='block_1_44' title="bbox 392 2830 1951 2922">
    <p class='ocr_par' dir='ltr' id='par_1_44' title="bbox 392 2830 1951 2922">
     <span class='ocr_line' id='line_1_44' title="bbox 392 2830 1951 2922; baseline 0.014 -37"><span class='ocrx_word' id='word_1_292' title='bbox 392 2830 488 2885; x_wconf 83' lang='grc' dir='ltr'>καὶ</span> <span class='ocrx_word' id='word_1_293' title='bbox 540 2833 829 2904; x_wconf 75' lang='grc' dir='ltr'>ἐξιλασμὺν</span> <span class='ocrx_word' id='word_1_294' title='bbox 879 2842 1229 2913; x_wconf 86' lang='grc' dir='ltr'>προσήκοντα</span> <span class='ocrx_word' id='word_1_295' title='bbox 1256 2847 1526 2901; x_wconf 90' lang='grc' dir='ltr'>λαϐόντων</span> <span class='ocrx_word' id='word_1_296' title='bbox 1578 2852 1675 2903; x_wconf 83' lang='grc' dir='ltr'>καὶ</span> <span class='ocrx_word' id='word_1_297' title='bbox 1706 2851 1776 2904; x_wconf 87' lang='grc' dir='ltr'>τά</span> <span class='ocrx_word' id='word_1_298' title='bbox 1808 2853 1951 2922; x_wconf 85' lang='grc' dir='ltr'>φάρ-</span> 
     </span>
    </p>
   </div>
   <div class='ocr_carea' id='block_1_45' title="bbox 397 2925 1952 3013">
    <p class='ocr_par' dir='ltr' id='par_1_45' title="bbox 397 2925 1952 3013">
     <span class='ocr_line' id='line_1_45' title="bbox 397 2925 1952 3013; baseline 0.015 -39"><span class='ocrx_word' id='word_1_299' title='bbox 397 2939 568 2992; x_wconf 82' lang='grc' dir='ltr'>μακα.</span> <span class='ocrx_word' id='word_1_300' title='bbox 600 2925 770 2981; x_wconf 87' lang='grc' dir='ltr'>Τοῦτο</span> <span class='ocrx_word' id='word_1_301' title='bbox 807 2930 862 2983; x_wconf 81' lang='grc' dir='ltr'>δὲ</span> <span class='ocrx_word' id='word_1_302' title='bbox 908 2932 1132 2999; x_wconf 85' lang='grc' dir='ltr'>γέγονεν</span> <span class='ocrx_word' id='word_1_303' title='bbox 1181 2936 1399 3009; x_wconf 72' lang='grc' dir='ltr'>εὐδοκία</span> <span class='ocrx_word' id='word_1_304' title='bbox 1448 2939 1611 3004; x_wconf 88' lang='grc' dir='ltr'>Θεοῦ,</span> <span class='ocrx_word' id='word_1_305' title='bbox 1647 2941 1724 3005; x_wconf 83' lang='grc' dir='ltr'>ὡς</span> <span class='ocrx_word' id='word_1_306' title='bbox 1771 2944 1838 2996; x_wconf 80' lang='grc' dir='ltr'>ἂν</span> <span class='ocrx_word' id='word_1_307' title='bbox 1875 2943 1952 3013; x_wconf 83' lang='grc' dir='ltr'>μὴ</span> 
     </span>
    </p>
   </div>
   <div class='ocr_carea' id='block_1_46' title="bbox 393 3013 1954 3104">
    <p class='ocr_par' dir='ltr' id='par_1_46' title="bbox 393 3013 1954 3104">
     <span class='ocr_line' id='line_1_46' title="bbox 393 3013 1954 3104; baseline 0.015 -39"><span class='ocrx_word' id='word_1_308' title='bbox 393 3013 621 3069; x_wconf 81' lang='grc' dir='ltr'>καθόλου</span> <span class='ocrx_word' id='word_1_309' title='bbox 651 3019 712 3071; x_wconf 81' lang='grc' dir='ltr'>τὸ</span> <span class='ocrx_word' id='word_1_310' title='bbox 743 3018 853 3071; x_wconf 88' lang='grc' dir='ltr'>τῶν</span> <span class='ocrx_word' id='word_1_311' title='bbox 898 3022 1242 3093; x_wconf 83' lang='grc' dir='ltr'>Χριστιανῶν</span> <span class='ocrx_word' id='word_1_312' title='bbox 1291 3028 1561 3099; x_wconf 86' lang='grc' dir='ltr'>ἀπόληται</span> <span class='ocrx_word' id='word_1_313' title='bbox 1591 3031 1768 3099; x_wconf 83' lang='grc' dir='ltr'>γένος,</span> <span class='ocrx_word' id='word_1_314' title='bbox 1798 3035 1954 3104; x_wconf 85' lang='grc' dir='ltr'>ἐνερ-</span> 
     </span>
    </p>
   </div>
   <div class='ocr_carea' id='block_1_47' title="bbox 393 3107 1959 3191">
    <p class='ocr_par' dir='ltr' id='par_1_47' title="bbox 393 3107 1959 3191">
     <span class='ocr_line' id='line_1_47' title="bbox 393 3107 1959 3191; baseline 0.013 -35"><span class='ocrx_word' id='word_1_315' title='bbox 393 3107 677 3175; x_wconf 86' lang='grc' dir='ltr'>γουμένων</span> <span class='ocrx_word' id='word_1_316' title='bbox 704 3109 799 3162; x_wconf 84' lang='grc' dir='ltr'>καὶ</span> <span class='ocrx_word' id='word_1_317' title='bbox 826 3110 903 3163; x_wconf 77' lang='grc' dir='ltr'>ἔτι</span> <span class='ocrx_word' id='word_1_318' title='bbox 937 3111 1048 3165; x_wconf 91' lang='grc' dir='ltr'>τῶν</span> <span class='ocrx_word' id='word_1_319' title='bbox 1079 3116 1336 3168; x_wconf 89' lang='grc' dir='ltr'>τοιούτων</span> <span class='ocrx_word' id='word_1_320' title='bbox 1368 3117 1641 3187; x_wconf 88' lang='grc' dir='ltr'>θεομισῶν</span> <span class='ocrx_word' id='word_1_321' title='bbox 1672 3121 1959 3191; x_wconf 87' lang='grc' dir='ltr'>ἀσεϐημά-</span> 
     </span>
    </p>
   </div>
   <div class='ocr_carea' id='block_1_48' title="bbox 392 3197 1961 3281">
    <p class='ocr_par' dir='ltr' id='par_1_48' title="bbox 392 3197 1961 3281">
     <span class='ocr_line' id='line_1_48' title="bbox 392 3197 1961 3281; baseline 0.013 -33"><span class='ocrx_word' id='word_1_322' title='bbox 392 3197 501 3250; x_wconf 84' lang='grc' dir='ltr'>τῶν</span> <span class='ocrx_word' id='word_1_323' title='bbox 554 3200 649 3251; x_wconf 88' lang='grc' dir='ltr'>καὶ</span> <span class='ocrx_word' id='word_1_324' title='bbox 699 3204 1024 3269; x_wconf 79' lang='grc' dir='ltr'>μιασμάτων</span> <span class='ocrx_word' id='word_1_325' title='bbox 1049 3222 1063 3236; x_wconf 94' lang='grc'><strong>·</strong></span> <span class='ocrx_word' id='word_1_326' title='bbox 1096 3207 1184 3260; x_wconf 79' lang='grc' dir='ltr'>διὰ</span> <span class='ocrx_word' id='word_1_327' title='bbox 1229 3209 1402 3263; x_wconf 89' lang='grc' dir='ltr'>ταῦτα</span> <span class='ocrx_word' id='word_1_328' title='bbox 1435 3212 1543 3281; x_wconf 86' lang='grc' dir='ltr'>γὰρ</span> <span class='ocrx_word' id='word_1_329' title='bbox 1573 3212 1812 3281; x_wconf 86' lang='grc' dir='ltr'>ἐπῆλθον</span> <span class='ocrx_word' id='word_1_330' title='bbox 1854 3217 1961 3268; x_wconf 82' lang='grc' dir='ltr'>ἀπὸ</span> 
     </span>
    </p>
   </div>
   <div class='ocr_carea' id='block_1_49' title="bbox 392 3286 2010 3372">
    <p class='ocr_par' dir='ltr' id='par_1_49' title="bbox 392 3286 2010 3372">
     <span class='ocr_line' id='line_1_49' title="bbox 392 3286 2010 3372; baseline 0.012 -35"><span class='ocrx_word' id='word_1_331' title='bbox 392 3286 493 3355; x_wconf 88' lang='grc' dir='ltr'>τῆς</span> <span class='ocrx_word' id='word_1_332' title='bbox 549 3287 809 3353; x_wconf 85' lang='grc' dir='ltr'>θεηλάτου</span> <span class='ocrx_word' id='word_1_333' title='bbox 841 3296 932 3346; x_wconf 77' lang='grc' dir='ltr'>καὶ</span> <span class='ocrx_word' id='word_1_334' title='bbox 962 3295 1175 3359; x_wconf 87' lang='grc' dir='ltr'>δικαίας</span> <span class='ocrx_word' id='word_1_335' title='bbox 1219 3298 1388 3368; x_wconf 85' lang='grc' dir='ltr'>ὀργῆς</span> <span class='ocrx_word' id='word_1_336' title='bbox 1433 3298 1493 3363; x_wconf 77' lang='grc' dir='ltr'>ἐξ</span> <span class='ocrx_word' id='word_1_337' title='bbox 1534 3301 1961 3372; x_wconf 81' lang='grc' dir='ltr'>ἀγανακτήσεως</span> <span class='ocrx_word' id='word_1_338' title='bbox 2000 3327 2010 3337; x_wconf 91' lang='grc'><strong>·</strong></span> 
     </span>
    </p>
   </div>
   <div class='ocr_carea' id='block_1_50' title="bbox 394 3377 1960 3461">
    <p class='ocr_par' dir='ltr' id='par_1_50' title="bbox 394 3377 1960 3461">
     <span class='ocr_line' id='line_1_50' title="bbox 394 3377 1960 3461; baseline 0.011 -33"><span class='ocrx_word' id='word_1_339' title='bbox 394 3377 450 3429; x_wconf 74' lang='grc' dir='ltr'>οἵ</span> <span class='ocrx_word' id='word_1_340' title='bbox 472 3395 530 3430; x_wconf 89' lang='grc' dir='ltr'>τε</span> <span class='ocrx_word' id='word_1_341' title='bbox 566 3378 714 3449; x_wconf 84' lang='grc' dir='ltr'>λιμοὶ</span> <span class='ocrx_word' id='word_1_342' title='bbox 744 3384 839 3438; x_wconf 85' lang='grc' dir='ltr'>καὶ</span> <span class='ocrx_word' id='word_1_343' title='bbox 867 3384 1046 3455; x_wconf 92' lang='grc' dir='ltr'>λοιμοὶ</span> <span class='ocrx_word' id='word_1_344' title='bbox 1090 3389 1285 3441; x_wconf 87' lang='grc' dir='ltr'>ἐκεῖνοι</span> <span class='ocrx_word' id='word_1_345' title='bbox 1326 3388 1419 3443; x_wconf 81' lang='grc' dir='ltr'>καὶ</span> <span class='ocrx_word' id='word_1_346' title='bbox 1451 3390 1500 3442; x_wconf 84' lang='grc' dir='ltr'>οί</span> <span class='ocrx_word' id='word_1_347' title='bbox 1536 3391 1632 3458; x_wconf 91' lang='grc' dir='ltr'>τῆς</span> <span class='ocrx_word' id='word_1_348' title='bbox 1678 3390 1781 3461; x_wconf 92' lang='grc' dir='ltr'>γῆς</span> <span class='ocrx_word' id='word_1_349' title='bbox 1827 3393 1960 3445; x_wconf 81' lang='grc' dir='ltr'>ἀνα-</span> 
     </span>
    </p>
   </div>
   <div class='ocr_carea' id='block_1_51' title="bbox 393 3474 1962 3552">
    <p class='ocr_par' dir='ltr' id='par_1_51' title="bbox 393 3474 1962 3552">
     <span class='ocr_line' id='line_1_51' title="bbox 393 3474 1962 3552; baseline 0.009 -29"><span class='ocrx_word' id='word_1_350' title='bbox 393 3474 646 3542; x_wconf 76' lang='grc' dir='ltr'>τιναγμοὶ</span> <span class='ocrx_word' id='word_1_351' title='bbox 676 3475 769 3527; x_wconf 82' lang='grc' dir='ltr'>καὶ</span> <span class='ocrx_word' id='word_1_352' title='bbox 799 3482 1037 3547; x_wconf 86' lang='grc' dir='ltr'>σεισμοὶ,</span> <span class='ocrx_word' id='word_1_353' title='bbox 1072 3482 1136 3532; x_wconf 86' lang='grc' dir='ltr'>ἐκ</span> <span class='ocrx_word' id='word_1_354' title='bbox 1166 3480 1434 3547; x_wconf 85' lang='grc' dir='ltr'>θεμελίων</span> <span class='ocrx_word' id='word_1_355' title='bbox 1463 3483 1668 3552; x_wconf 87' lang='grc' dir='ltr'>ταύτην</span> <span class='ocrx_word' id='word_1_356' title='bbox 1702 3484 1962 3537; x_wconf 84' lang='grc' dir='ltr'>σαλεύον-</span> 
     </span>
    </p>
   </div>
   <div class='ocr_carea' id='block_1_52' title="bbox 393 3568 1963 3645">
    <p class='ocr_par' dir='ltr' id='par_1_52' title="bbox 393 3568 1963 3645">
     <span class='ocr_line' id='line_1_52' title="bbox 393 3568 1963 3645; baseline 0.009 -30"><span class='ocrx_word' id='word_1_357' title='bbox 393 3580 504 3631; x_wconf 86' lang='grc' dir='ltr'>τες,</span> <span class='ocrx_word' id='word_1_358' title='bbox 540 3568 633 3619; x_wconf 81' lang='grc' dir='ltr'>καὶ</span> <span class='ocrx_word' id='word_1_359' title='bbox 686 3569 741 3620; x_wconf 90' lang='grc' dir='ltr'>αί</span> <span class='ocrx_word' id='word_1_360' title='bbox 799 3569 899 3637; x_wconf 88' lang='grc' dir='ltr'>τῆς</span> <span class='ocrx_word' id='word_1_361' title='bbox 947 3570 1221 3641; x_wconf 84' lang='grc' dir='ltr'>θαλάσσης</span> <span class='ocrx_word' id='word_1_362' title='bbox 1270 3574 1499 3642; x_wconf 87' lang='grc' dir='ltr'>φοϐεραὶ</span> <span class='ocrx_word' id='word_1_363' title='bbox 1550 3574 1811 3645; x_wconf 81' lang='grc' dir='ltr'>ἐκδρομαὶ</span> <span class='ocrx_word' id='word_1_364' title='bbox 1866 3576 1963 3629; x_wconf 83' lang='grc' dir='ltr'>καὶ</span> 
     </span>
    </p>
   </div>
   <div class='ocr_carea' id='block_1_53' title="bbox 395 3660 1963 3738">
    <p class='ocr_par' dir='ltr' id='par_1_53' title="bbox 395 3660 1963 3738">
     <span class='ocr_line' id='line_1_53' title="bbox 395 3660 1963 3738; baseline 0.01 -29"><span class='ocrx_word' id='word_1_365' title='bbox 395 3660 726 3726; x_wconf 66' lang='grc' dir='ltr'>ἐπικλύσεις,</span> <span class='ocrx_word' id='word_1_366' title='bbox 780 3661 1135 3734; x_wconf 83' lang='grc' dir='ltr'>βρυχωμένης</span> <span class='ocrx_word' id='word_1_367' title='bbox 1179 3664 1366 3737; x_wconf 86' lang='grc' dir='ltr'>ῶσπερ</span> <span class='ocrx_word' id='word_1_368' title='bbox 1396 3668 1453 3720; x_wconf 84' lang='grc' dir='ltr'>ἐν</span> <span class='ocrx_word' id='word_1_369' title='bbox 1487 3666 1643 3738; x_wconf 87' lang='grc' dir='ltr'>θυμῷ</span> <span class='ocrx_word' id='word_1_370' title='bbox 1688 3670 1781 3721; x_wconf 70' lang='grc' dir='ltr'>καὶ</span> <span class='ocrx_word' id='word_1_371' title='bbox 1819 3686 1963 3738; x_wconf 64' lang='grc' dir='ltr'>παρα</span> 
     </span>
    </p>
   </div>
   <div class='ocr_carea' id='block_1_54' title="bbox 396 3750 1961 3829">
    <p class='ocr_par' dir='ltr' id='par_1_54' title="bbox 396 3750 1961 3829">
     <span class='ocr_line' id='line_1_54' title="bbox 396 3750 1961 3829; baseline 0.008 -29"><span class='ocrx_word' id='word_1_372' title='bbox 396 3750 696 3821; x_wconf 84' lang='grc' dir='ltr'>ερχομένης</span> <span class='ocrx_word' id='word_1_373' title='bbox 744 3753 812 3825; x_wconf 76' lang='grc' dir='ltr'>τά</span> <span class='ocrx_word' id='word_1_374' title='bbox 857 3755 1055 3826; x_wconf 79' lang='grc' dir='ltr'>ἑαυτῆς</span> <span class='ocrx_word' id='word_1_375' title='bbox 1103 3758 1248 3828; x_wconf 84' lang='grc' dir='ltr'>ὅρια,</span> <span class='ocrx_word' id='word_1_376' title='bbox 1336 3759 1428 3811; x_wconf 88' lang='grc' dir='ltr'>καὶ</span> <span class='ocrx_word' id='word_1_377' title='bbox 1479 3759 1529 3811; x_wconf 85' lang='grc' dir='ltr'>οί</span> <span class='ocrx_word' id='word_1_378' title='bbox 1583 3758 1961 3829; x_wconf 76' lang='grc' dir='ltr'>κατακλυσμοὶ</span> 
     </span>
    </p>
   </div>
   <div class='ocr_carea' id='block_1_55' title="bbox 397 3844 1960 3919">
    <p class='ocr_par' dir='ltr' id='par_1_55' title="bbox 397 3844 1960 3919">
     <span class='ocr_line' id='line_1_55' title="bbox 397 3844 1960 3919; baseline 0.005 -25"><span class='ocrx_word' id='word_1_379' title='bbox 397 3844 491 3895; x_wconf 82' lang='grc' dir='ltr'>καὶ</span> <span class='ocrx_word' id='word_1_380' title='bbox 549 3845 599 3896; x_wconf 87' lang='grc' dir='ltr'>οί</span> <span class='ocrx_word' id='word_1_381' title='bbox 662 3844 1031 3916; x_wconf 78' lang='grc' dir='ltr'>ἐνσκήψαντες</span> <span class='ocrx_word' id='word_1_382' title='bbox 1094 3850 1436 3919; x_wconf 83' lang='grc' dir='ltr'>ἐμπρησμοὶ,</span> <span class='ocrx_word' id='word_1_383' title='bbox 1471 3850 1561 3902; x_wconf 82' lang='grc' dir='ltr'>καὶ</span> <span class='ocrx_word' id='word_1_384' title='bbox 1611 3850 1661 3902; x_wconf 86' lang='grc' dir='ltr'>οί</span> <span class='ocrx_word' id='word_1_385' title='bbox 1714 3848 1960 3902; x_wconf 89' lang='grc' dir='ltr'>τοσοῦτοι</span> 
     </span>
    </p>
   </div>
   <div class='ocr_carea' id='block_1_56' title="bbox 398 3936 1960 4011">
    <p class='ocr_par' dir='ltr' id='par_1_56' title="bbox 398 3936 1960 4011">
     <span class='ocr_line' id='line_1_56' title="bbox 398 3936 1960 4011; baseline 0.004 -25"><span class='ocrx_word' id='word_1_386' title='bbox 398 3936 652 4006; x_wconf 84' lang='grc' dir='ltr'>ἐμφύλιοι</span> <span class='ocrx_word' id='word_1_387' title='bbox 679 3939 928 4011; x_wconf 87' lang='grc' dir='ltr'>πόλεμοι,</span> <span class='ocrx_word' id='word_1_388' title='bbox 972 3940 1065 3992; x_wconf 85' lang='grc' dir='ltr'>καὶ</span> <span class='ocrx_word' id='word_1_389' title='bbox 1096 3941 1128 4010; x_wconf 81' lang='grc' dir='ltr'>ἠ</span> <span class='ocrx_word' id='word_1_390' title='bbox 1157 3941 1559 4011; x_wconf 82' lang='grc' dir='ltr'>ἀπροσδόκητος</span> <span class='ocrx_word' id='word_1_391' title='bbox 1591 3940 1833 4011; x_wconf 77' lang='grc' dir='ltr'>ῥομφαία</span> <span class='ocrx_word' id='word_1_392' title='bbox 1866 3939 1960 3993; x_wconf 90' lang='grc' dir='ltr'>τοῦ</span> 
     </span>
    </p>
   </div>
   <div class='ocr_carea' id='block_1_57' title="bbox 399 4029 1962 4105">
    <p class='ocr_par' dir='ltr' id='par_1_57' title="bbox 399 4029 1962 4105">
     <span class='ocr_line' id='line_1_57' title="bbox 399 4029 1962 4105; baseline 0.003 -25"><span class='ocrx_word' id='word_1_393' title='bbox 399 4029 713 4097; x_wconf 83' lang='grc' dir='ltr'>θανατικοῦ,</span> <span class='ocrx_word' id='word_1_394' title='bbox 753 4035 847 4087; x_wconf 90' lang='grc' dir='ltr'>καὶ</span> <span class='ocrx_word' id='word_1_395' title='bbox 895 4035 922 4085; x_wconf 91' lang='lat'>0</span> <span class='ocrx_word' id='word_1_396' title='bbox 949 4034 1108 4103; x_wconf 86' lang='grc' dir='ltr'>φόνος</span> <span class='ocrx_word' id='word_1_397' title='bbox 1156 4034 1264 4087; x_wconf 88' lang='grc' dir='ltr'>τῶν</span> <span class='ocrx_word' id='word_1_398' title='bbox 1294 4034 1579 4102; x_wconf 82' lang='grc' dir='ltr'>ὁμοφύλων</span> <span class='ocrx_word' id='word_1_399' title='bbox 1619 4033 1962 4105; x_wconf 82' lang='grc' dir='ltr'>Χριστιανῶν</span> 
     </span>
    </p>
   </div>
   <div class='ocr_carea' id='block_1_58' title="bbox 398 4125 1959 4196">
    <p class='ocr_par' dir='ltr' id='par_1_58' title="bbox 398 4125 1959 4196">
     <span class='ocr_line' id='line_1_58' title="bbox 398 4125 1959 4196; baseline 0.003 -22"><span class='ocrx_word' id='word_1_400' title='bbox 398 4125 643 4191; x_wconf 85' lang='grc' dir='ltr'>ἀδελφῶν</span> <span class='ocrx_word' id='word_1_401' title='bbox 677 4126 772 4181; x_wconf 80' lang='grc' dir='ltr'>καὶ</span> <span class='ocrx_word' id='word_1_402' title='bbox 804 4127 1047 4196; x_wconf 88' lang='grc' dir='ltr'>γνησίων</span> <span class='ocrx_word' id='word_1_403' title='bbox 1079 4126 1359 4195; x_wconf 83' lang='grc' dir='ltr'>συγγενῶν</span> <span class='ocrx_word' id='word_1_404' title='bbox 1402 4125 1492 4178; x_wconf 87' lang='grc' dir='ltr'>ὑπ’</span> <span class='ocrx_word' id='word_1_405' title='bbox 1524 4125 1788 4196; x_wconf 84' lang='grc' dir='ltr'>ἀλλήλων,</span> <span class='ocrx_word' id='word_1_406' title='bbox 1825 4127 1959 4195; x_wconf 85' lang='grc' dir='ltr'>φεῦί</span> 
     </span>
    </p>
   </div>
   <div class='ocr_carea' id='block_1_59' title="bbox 398 4220 1965 4291">
    <p class='ocr_par' dir='ltr' id='par_1_59' title="bbox 398 4220 1965 4291">
     <span class='ocr_line' id='line_1_59' title="bbox 398 4220 1965 4291; baseline -0.001 -18"><span class='ocrx_word' id='word_1_407' title='bbox 398 4220 524 4274; x_wconf 77' lang='grc' dir='ltr'>καθ’</span> <span class='ocrx_word' id='word_1_408' title='bbox 551 4221 790 4289; x_wconf 79' lang='grc' dir='ltr'>ἑκάστην</span> <span class='ocrx_word' id='word_1_409' title='bbox 819 4220 1216 4291; x_wconf 86' lang='grc' dir='ltr'>φονευομένων,</span> <span class='ocrx_word' id='word_1_410' title='bbox 1237 4221 1620 4290; x_wconf 83' lang='grc' dir='ltr'>ἀγνοησάντων</span> <span class='ocrx_word' id='word_1_411' title='bbox 1650 4221 1777 4281; x_wconf 81' lang='grc' dir='ltr'>τοὺς</span> <span class='ocrx_word' id='word_1_412' title='bbox 1806 4220 1965 4289; x_wconf 86' lang='grc' dir='ltr'>ὅρους</span> 
     </span>
    </p>
   </div>
   <div class='ocr_carea' id='block_1_60' title="bbox 398 4311 1966 4383">
    <p class='ocr_par' dir='ltr' id='par_1_60' title="bbox 398 4311 1966 4383">
     <span class='ocr_line' id='line_1_60' title="bbox 398 4311 1966 4383; baseline -0.001 -18"><span class='ocrx_word' id='word_1_413' title='bbox 398 4313 495 4383; x_wconf 73' lang='grc' dir='ltr'>τῆς</span> <span class='ocrx_word' id='word_1_414' title='bbox 529 4316 763 4380; x_wconf 87' lang='grc' dir='ltr'>φύσεως,</span> <span class='ocrx_word' id='word_1_415' title='bbox 800 4313 907 4366; x_wconf 79' lang='grc' dir='ltr'>ὑπὸ</span> <span class='ocrx_word' id='word_1_416' title='bbox 948 4312 1049 4380; x_wconf 83' lang='grc' dir='ltr'>τῆς</span> <span class='ocrx_word' id='word_1_417' title='bbox 1093 4311 1187 4365; x_wconf 88' lang='grc' dir='ltr'>τοῦ</span> <span class='ocrx_word' id='word_1_418' title='bbox 1235 4311 1482 4365; x_wconf 88' lang='grc' dir='ltr'>διαϐόλου</span> <span class='ocrx_word' id='word_1_419' title='bbox 1541 4311 1966 4380; x_wconf 85' lang='grc' dir='ltr'>φρενοϐλαϐείας</span> 
     </span>
    </p>
   </div>
   <div class='ocr_carea' id='block_1_61' title="bbox 2070 1847 3635 1925">
    <p class='ocr_par' dir='ltr' id='par_1_61' title="bbox 2070 1847 3635 1925">
     <span class='ocr_line' id='line_1_61' title="bbox 2070 1847 3635 1925; baseline 0.004 -25"><span class='ocrx_word' id='word_1_420' title='bbox 2070 1847 2379 1901; x_wconf 85' lang='grc' dir='ltr'>σατανικῶν</span> <span class='ocrx_word' id='word_1_421' title='bbox 2417 1847 2597 1918; x_wconf 79' lang='grc' dir='ltr'>ἔργων</span> <span class='ocrx_word' id='word_1_422' title='bbox 2628 1852 2724 1903; x_wconf 87' lang='grc' dir='ltr'>καὶ</span> <span class='ocrx_word' id='word_1_423' title='bbox 2769 1854 2834 1921; x_wconf 81' lang='grc' dir='ltr'>τῇ</span> <span class='ocrx_word' id='word_1_424' title='bbox 2865 1851 2961 1904; x_wconf 90' lang='grc' dir='ltr'>τοῦ</span> <span class='ocrx_word' id='word_1_425' title='bbox 2993 1852 3234 1919; x_wconf 87' lang='grc' dir='ltr'>Χριστοῦ</span> <span class='ocrx_word' id='word_1_426' title='bbox 3284 1858 3525 1925; x_wconf 81' lang='grc' dir='ltr'>συνταγῇ</span> <span class='ocrx_word' id='word_1_427' title='bbox 3568 1857 3635 1907; x_wconf 77' lang='grc' dir='ltr'>τὰ</span> 
     </span>
    </p>
   </div>
   <div class='ocr_carea' id='block_1_62' title="bbox 2067 1937 3636 2016">
    <p class='ocr_par' dir='ltr' id='par_1_62' title="bbox 2067 1937 3636 2016">
     <span class='ocr_line' id='line_1_62' title="bbox 2067 1937 3636 2016; baseline 0.004 -25"><span class='ocrx_word' id='word_1_428' title='bbox 2067 1937 2372 2007; x_wconf 77' lang='grc' dir='ltr'>ἀρέσκοντα</span> <span class='ocrx_word' id='word_1_429' title='bbox 2427 1940 2505 2011; x_wconf 89' lang='grc' dir='ltr'>τῷ</span> <span class='ocrx_word' id='word_1_430' title='bbox 2551 1941 2669 2009; x_wconf 86' lang='grc' dir='ltr'>Θεῷ</span> <span class='ocrx_word' id='word_1_431' title='bbox 2696 1944 2790 1995; x_wconf 84' lang='grc' dir='ltr'>καὶ</span> <span class='ocrx_word' id='word_1_432' title='bbox 2828 1943 2926 2011; x_wconf 74' lang='grc' dir='ltr'>τὴν</span> <span class='ocrx_word' id='word_1_433' title='bbox 2974 1945 3083 1995; x_wconf 80' lang='grc' dir='ltr'>τῶν</span> <span class='ocrx_word' id='word_1_434' title='bbox 3132 1945 3318 1997; x_wconf 85' lang='grc' dir='ltr'>κακῶν</span> <span class='ocrx_word' id='word_1_435' title='bbox 3345 1947 3636 2016; x_wconf 84' lang='grc' dir='ltr'>ἀποφυγὴν</span> 
     </span>
    </p>
   </div>
   <div class='ocr_carea' id='block_1_63' title="bbox 2067 2027 3631 2107">
    <p class='ocr_par' dir='ltr' id='par_1_63' title="bbox 2067 2027 3631 2107">
     <span class='ocr_line' id='line_1_63' title="bbox 2067 2027 3631 2107; baseline 0.005 -26"><span class='ocrx_word' id='word_1_436' title='bbox 2067 2029 2163 2081; x_wconf 88' lang='grc' dir='ltr'>καὶ</span> <span class='ocrx_word' id='word_1_437' title='bbox 2210 2027 2582 2100; x_wconf 84' lang='grc' dir='ltr'>ἀλλοτρίωσιν.</span> <span class='ocrx_word' id='word_1_438' title='bbox 2642 2032 2982 2107; x_wconf 57' lang='grc' dir='ltr'>φοϐηθῶμεν</span> <span class='ocrx_word' id='word_1_439' title='bbox 3041 2034 3254 2099; x_wconf 79' lang='grc' dir='ltr'>τοίνυν,</span> <span class='ocrx_word' id='word_1_440' title='bbox 3312 2036 3631 2104; x_wconf 87' lang='grc' dir='ltr'>ἀγαπητοὶ,</span> 
     </span>
    </p>
   </div>
   <div class='ocr_carea' id='block_1_64' title="bbox 2066 2120 3634 2198">
    <p class='ocr_par' dir='ltr' id='par_1_64' title="bbox 2066 2120 3634 2198">
     <span class='ocr_line' id='line_1_64' title="bbox 2066 2120 3634 2198; baseline 0.005 -25"><span class='ocrx_word' id='word_1_441' title='bbox 2066 2120 2164 2174; x_wconf 88' lang='grc' dir='ltr'>καὶ</span> <span class='ocrx_word' id='word_1_442' title='bbox 2194 2123 2486 2193; x_wconf 84' lang='grc' dir='ltr'>ἀποστήτω</span> <span class='ocrx_word' id='word_1_443' title='bbox 2534 2124 2763 2187; x_wconf 78' lang='grc' dir='ltr'>ἕκαστος</span> <span class='ocrx_word' id='word_1_444' title='bbox 2813 2127 2923 2179; x_wconf 79' lang='grc' dir='ltr'>ἀπὸ</span> <span class='ocrx_word' id='word_1_445' title='bbox 2971 2127 3080 2179; x_wconf 85' lang='grc' dir='ltr'>τῶν</span> <span class='ocrx_word' id='word_1_446' title='bbox 3146 2128 3403 2197; x_wconf 88' lang='grc' dir='ltr'>πονηρῶν</span> <span class='ocrx_word' id='word_1_447' title='bbox 3458 2129 3634 2198; x_wconf 57' lang='grc' dir='ltr'>ὑμῶν,</span> 
     </span>
    </p>
   </div>
   <div class='ocr_carea' id='block_1_65' title="bbox 2066 2213 3635 2296">
    <p class='ocr_par' dir='ltr' id='par_1_65' title="bbox 2066 2213 3635 2296">
     <span class='ocr_line' id='line_1_65' title="bbox 2066 2213 3635 2296; baseline 0.005 -30"><span class='ocrx_word' id='word_1_448' title='bbox 2066 2213 2163 2266; x_wconf 83' lang='grc' dir='ltr'>καὶ</span> <span class='ocrx_word' id='word_1_449' title='bbox 2213 2214 2287 2283; x_wconf 85' lang='grc' dir='ltr'>μὴ</span> <span class='ocrx_word' id='word_1_450' title='bbox 2323 2216 2703 2296; x_wconf 74' lang='grc' dir='ltr'>καταδεχέσθω</span> <span class='ocrx_word' id='word_1_451' title='bbox 2739 2218 3158 2286; x_wconf 81' lang='grc' dir='ltr'>συναπάγεσθαι</span> <span class='ocrx_word' id='word_1_452' title='bbox 3208 2222 3323 2283; x_wconf 83' lang='grc' dir='ltr'>τοῖς</span> <span class='ocrx_word' id='word_1_453' title='bbox 3373 2220 3469 2273; x_wconf 88' lang='grc' dir='ltr'>τοῦ</span> <span class='ocrx_word' id='word_1_454' title='bbox 3516 2221 3635 2274; x_wconf 83' lang='grc' dir='ltr'>δια-</span> 
     </span>
    </p>
   </div>
   <div class='ocr_carea' id='block_1_66' title="bbox 2065 2304 3635 2380">
    <p class='ocr_par' dir='ltr' id='par_1_66' title="bbox 2065 2304 3635 2380">
     <span class='ocr_line' id='line_1_66' title="bbox 2065 2304 3635 2380; baseline 0.004 -23"><span class='ocrx_word' id='word_1_455' title='bbox 2065 2304 2222 2357; x_wconf 86' lang='grc' dir='ltr'>ϐόλου</span> <span class='ocrx_word' id='word_1_456' title='bbox 2274 2306 2658 2373; x_wconf 78' lang='grc' dir='ltr'>θεραπευταῖς,</span> <span class='ocrx_word' id='word_1_457' title='bbox 2691 2308 2828 2362; x_wconf 82' lang='grc' dir='ltr'>ἀλλά</span> <span class='ocrx_word' id='word_1_458' title='bbox 2895 2306 3245 2375; x_wconf 79' lang='grc' dir='ltr'>σπουδαζέτω</span> <span class='ocrx_word' id='word_1_459' title='bbox 3288 2310 3386 2380; x_wconf 83' lang='grc' dir='ltr'>τὴν</span> <span class='ocrx_word' id='word_1_460' title='bbox 3438 2310 3635 2364; x_wconf 87' lang='grc' dir='ltr'>ἐαυτοῦ</span> 
     </span>
    </p>
   </div>
   <div class='ocr_carea' id='block_1_67' title="bbox 2062 2395 3630 2471">
    <p class='ocr_par' dir='ltr' id='par_1_67' title="bbox 2062 2395 3630 2471">
     <span class='ocr_line' id='line_1_67' title="bbox 2062 2395 3630 2471; baseline 0.005 -25"><span class='ocrx_word' id='word_1_461' title='bbox 2062 2395 2243 2466; x_wconf 81' lang='grc' dir='ltr'>ψυχὴν</span> <span class='ocrx_word' id='word_1_462' title='bbox 2298 2397 2397 2466; x_wconf 89' lang='grc' dir='ltr'>τῆς</span> <span class='ocrx_word' id='word_1_463' title='bbox 2447 2399 2671 2451; x_wconf 89' lang='grc' dir='ltr'>αἰωνίου</span> <span class='ocrx_word' id='word_1_464' title='bbox 2733 2403 3121 2470; x_wconf 83' lang='grc' dir='ltr'>κατακρίσεως</span> <span class='ocrx_word' id='word_1_465' title='bbox 3182 2401 3630 2471; x_wconf 79' lang='grc' dir='ltr'>περισώσασθαι’</span> 
     </span>
    </p>
   </div>
   <div class='ocr_carea' id='block_1_68' title="bbox 2064 2487 3636 2563">
    <p class='ocr_par' dir='ltr' id='par_1_68' title="bbox 2064 2487 3636 2563">
     <span class='ocr_line' id='line_1_68' title="bbox 2064 2487 3636 2563; baseline 0.004 -25"><span class='ocrx_word' id='word_1_466' title='bbox 2064 2487 2373 2554; x_wconf 84' lang='grc' dir='ltr'>γέγραπται</span> <span class='ocrx_word' id='word_1_467' title='bbox 2427 2492 2575 2561; x_wconf 78' lang='grc' dir='ltr'>γάρ,</span> <span class='ocrx_word' id='word_1_468' title='bbox 2631 2491 2716 2543; x_wconf 82' lang='grc' dir='ltr'>ὅτι</span> <span class='ocrx_word' id='word_1_469' title='bbox 2781 2493 2983 2555; x_wconf 82' lang='grc' dir='ltr'>πάντες</span> <span class='ocrx_word' id='word_1_470' title='bbox 3036 2492 3506 2563; x_wconf 88' lang='grc' dir='ltr'>παραστησόμεθα</span> <span class='ocrx_word' id='word_1_471' title='bbox 3556 2491 3636 2561; x_wconf 84' lang='grc' dir='ltr'>τῷ</span> 
     </span>
    </p>
   </div>
   <div class='ocr_carea' id='block_1_69' title="bbox 2068 2577 3635 2656">
    <p class='ocr_par' dir='ltr' id='par_1_69' title="bbox 2068 2577 3635 2656">
     <span class='ocr_line' id='line_1_69' title="bbox 2068 2577 3635 2656; baseline 0.01 -27"><span class='ocrx_word' id='word_1_472' title='bbox 2068 2577 2274 2647; x_wconf 87' lang='grc' dir='ltr'>βήματι</span> <span class='ocrx_word' id='word_1_473' title='bbox 2313 2580 2408 2633; x_wconf 89' lang='grc' dir='ltr'>τοῦ</span> <span class='ocrx_word' id='word_1_474' title='bbox 2443 2583 2703 2653; x_wconf 81' lang='grc' dir='ltr'>Χριστοῦ,</span> <span class='ocrx_word' id='word_1_475' title='bbox 2751 2585 2837 2639; x_wconf 79' lang='grc' dir='ltr'>ἴνα</span> <span class='ocrx_word' id='word_1_476' title='bbox 2870 2586 3162 2656; x_wconf 87' lang='grc' dir='ltr'>κομίσηται</span> <span class='ocrx_word' id='word_1_477' title='bbox 3215 2586 3449 2648; x_wconf 73' lang='grc' dir='ltr'>ἕκαστος</span> <span class='ocrx_word' id='word_1_478' title='bbox 3498 2585 3635 2655; x_wconf 67' lang='grc' dir='ltr'>πρὸς</span> 
     </span>
    </p>
   </div>
   <div class='ocr_carea' id='block_1_70' title="bbox 2062 2667 3634 2745">
    <p class='ocr_par' dir='ltr' id='par_1_70' title="bbox 2062 2667 3634 2745">
     <span class='ocr_line' id='line_1_70' title="bbox 2062 2667 3634 2745; baseline 0.003 -25"><span class='ocrx_word' id='word_1_479' title='bbox 2062 2667 2092 2720; x_wconf 83' lang='grc' dir='ltr'>δ</span> <span class='ocrx_word' id='word_1_480' title='bbox 2121 2667 2376 2737; x_wconf 70' lang='grc' dir='ltr'>ἔπραξεν,</span> <span class='ocrx_word' id='word_1_481' title='bbox 2403 2670 2514 2724; x_wconf 74' lang='grc' dir='ltr'>εἴτε</span> <span class='ocrx_word' id='word_1_482' title='bbox 2550 2672 2776 2740; x_wconf 76' lang='grc' dir='ltr'>ἀγαθὸν,</span> <span class='ocrx_word' id='word_1_483' title='bbox 2804 2675 2916 2728; x_wconf 74' lang='grc' dir='ltr'>εἴτε</span> <span class='ocrx_word' id='word_1_484' title='bbox 2963 2676 3224 2745; x_wconf 82' lang='grc' dir='ltr'>πονηρὸν,</span> <span class='ocrx_word' id='word_1_485' title='bbox 3263 2675 3387 2727; x_wconf 85' lang='grc' dir='ltr'>ἐπεὶ</span> <span class='ocrx_word' id='word_1_486' title='bbox 3435 2673 3531 2727; x_wconf 80' lang='grc' dir='ltr'>καὶ</span> <span class='ocrx_word' id='word_1_487' title='bbox 3577 2674 3634 2725; x_wconf 89' lang='grc' dir='ltr'>αί</span> 
     </span>
    </p>
   </div>
   <div class='ocr_carea' id='block_1_71' title="bbox 2065 2759 3634 2835">
    <p class='ocr_par' dir='ltr' id='par_1_71' title="bbox 2065 2759 3634 2835">
     <span class='ocr_line' id='line_1_71' title="bbox 2065 2759 3634 2835; baseline 0.003 -23"><span class='ocrx_word' id='word_1_488' title='bbox 2065 2760 2209 2813; x_wconf 86' lang='grc' dir='ltr'>κατά</span> <span class='ocrx_word' id='word_1_489' title='bbox 2254 2759 2318 2814; x_wconf 80' lang='grc' dir='ltr'>τὸ</span> <span class='ocrx_word' id='word_1_490' title='bbox 2374 2760 2552 2827; x_wconf 81' lang='grc' dir='ltr'>θεῖον,</span> <span class='ocrx_word' id='word_1_491' title='bbox 2600 2763 2678 2825; x_wconf 85' lang='grc' dir='ltr'>ὠς</span> <span class='ocrx_word' id='word_1_492' title='bbox 2728 2764 2966 2835; x_wconf 73' lang='grc' dir='ltr'>εἴρηται,</span> <span class='ocrx_word' id='word_1_493' title='bbox 3029 2764 3317 2835; x_wconf 85' lang='grc' dir='ltr'>βάπτισμα</span> <span class='ocrx_word' id='word_1_494' title='bbox 3368 2764 3634 2833; x_wconf 83' lang='grc' dir='ltr'>συνθῆκαι</span> 
     </span>
    </p>
   </div>
   <div class='ocr_carea' id='block_1_72' title="bbox 2064 2848 3634 2925">
    <p class='ocr_par' dir='ltr' id='par_1_72' title="bbox 2064 2848 3634 2925">
     <span class='ocr_line' id='line_1_72' title="bbox 2064 2848 3634 2925; baseline 0.003 -24"><span class='ocrx_word' id='word_1_495' title='bbox 2064 2848 2161 2901; x_wconf 73' lang='grc' dir='ltr'>καὶ⁵</span> <span class='ocrx_word' id='word_1_496' title='bbox 2217 2852 2477 2916; x_wconf 80' lang='grc' dir='ltr'>συνταγαὶ</span> <span class='ocrx_word' id='word_1_497' title='bbox 2547 2851 2778 2922; x_wconf 85' lang='grc' dir='ltr'>μεγάλαι</span> <span class='ocrx_word' id='word_1_498' title='bbox 2853 2854 2949 2909; x_wconf 87' lang='grc' dir='ltr'>καὶ</span> <span class='ocrx_word' id='word_1_499' title='bbox 3003 2856 3052 2908; x_wconf 83' lang='grc' dir='ltr'>οί</span> <span class='ocrx_word' id='word_1_500' title='bbox 3108 2856 3386 2925; x_wconf 85' lang='grc' dir='ltr'>μάρτυρες</span> <span class='ocrx_word' id='word_1_501' title='bbox 3449 2854 3634 2917; x_wconf 84' lang='grc' dir='ltr'>αἰδοῦς</span> 
     </span>
    </p>
   </div>
   <div class='ocr_carea' id='block_1_73' title="bbox 2064 2936 3634 3015">
    <p class='ocr_par' dir='ltr' id='par_1_73' title="bbox 2064 2936 3634 3015">
     <span class='ocr_line' id='line_1_73' title="bbox 2064 2936 3634 3015; baseline 0.004 -26"><span class='ocrx_word' id='word_1_502' title='bbox 2064 2936 2246 2991; x_wconf 87' lang='grc' dir='ltr'>ίκανοὶ</span> <span class='ocrx_word' id='word_1_503' title='bbox 2296 2940 2516 3008; x_wconf 78' lang='grc' dir='ltr'>ἄγγελοι</span> <span class='ocrx_word' id='word_1_504' title='bbox 2543 2957 2558 2972; x_wconf 88' lang='grc'><strong>·</strong></span> <span class='ocrx_word' id='word_1_505' title='bbox 2586 2943 2682 2996; x_wconf 85' lang='grc' dir='ltr'>καὶ</span> <span class='ocrx_word' id='word_1_506' title='bbox 2727 2943 2836 3013; x_wconf 88' lang='grc' dir='ltr'>γάρ</span> <span class='ocrx_word' id='word_1_507' title='bbox 2864 2944 3008 2997; x_wconf 87' lang='grc' dir='ltr'>κατά</span> <span class='ocrx_word' id='word_1_508' title='bbox 3057 2945 3149 2998; x_wconf 88' lang='grc' dir='ltr'>τὸν</span> <span class='ocrx_word' id='word_1_509' title='bbox 3180 2944 3371 3015; x_wconf 81' lang='grc' dir='ltr'>καιρὸν</span> <span class='ocrx_word' id='word_1_510' title='bbox 3420 2946 3634 2998; x_wconf 79' lang='grc' dir='ltr'>ἐκεῖνον</span> 
     </span>
    </p>
   </div>
   <div class='ocr_carea' id='block_1_74' title="bbox 2060 3029 3634 3106">
    <p class='ocr_par' dir='ltr' id='par_1_74' title="bbox 2060 3029 3634 3106">
     <span class='ocr_line' id='line_1_74' title="bbox 2060 3029 3634 3106; baseline 0.006 -26"><span class='ocrx_word' id='word_1_511' title='bbox 2060 3029 2162 3097; x_wconf 79' lang='grc' dir='ltr'>τὴν</span> <span class='ocrx_word' id='word_1_512' title='bbox 2220 3031 2508 3099; x_wconf 83' lang='grc' dir='ltr'>ὁμολογίαν</span> <span class='ocrx_word' id='word_1_513' title='bbox 2557 3034 2950 3102; x_wconf 69' lang='grc' dir='ltr'>ἐγγράφουσιν,</span> <span class='ocrx_word' id='word_1_514' title='bbox 2980 3035 3048 3105; x_wconf 77' lang='grc' dir='ltr'>ἣν</span> <span class='ocrx_word' id='word_1_515' title='bbox 3086 3037 3185 3089; x_wconf 89' lang='grc' dir='ltr'>καὶ</span> <span class='ocrx_word' id='word_1_516' title='bbox 3235 3036 3634 3106; x_wconf 78' lang='grc' dir='ltr'>ἀπαραιτήτως</span> 
     </span>
    </p>
   </div>
   <div class='ocr_carea' id='block_1_75' title="bbox 2063 3120 3634 3196">
    <p class='ocr_par' dir='ltr' id='par_1_75' title="bbox 2063 3120 3634 3196">
     <span class='ocr_line' id='line_1_75' title="bbox 2063 3120 3634 3196; baseline 0.003 -23"><span class='ocrx_word' id='word_1_517' title='bbox 2063 3120 2554 3191; x_wconf 86' lang='grc' dir='ltr'>ἀπαιτηθησόμεθα</span> <span class='ocrx_word' id='word_1_518' title='bbox 2601 3125 2659 3176; x_wconf 88' lang='grc' dir='ltr'>ἐν</span> <span class='ocrx_word' id='word_1_519' title='bbox 2692 3125 2759 3193; x_wconf 78' lang='grc' dir='ltr'>τῇ</span> <span class='ocrx_word' id='word_1_520' title='bbox 2811 3124 3020 3195; x_wconf 80' lang='grc' dir='ltr'>φοϐερᾷ</span> <span class='ocrx_word' id='word_1_521' title='bbox 3074 3129 3353 3196; x_wconf 83' lang='grc' dir='ltr'>παρουσίᾳ</span> <span class='ocrx_word' id='word_1_522' title='bbox 3394 3126 3487 3179; x_wconf 90' lang='grc' dir='ltr'>τοῦ</span> <span class='ocrx_word' id='word_1_523' title='bbox 3528 3126 3634 3179; x_wconf 84' lang='grc' dir='ltr'>Κυ-</span> 
     </span>
    </p>
   </div>
   <div class='ocr_carea' id='block_1_76' title="bbox 2066 3211 3628 3291">
    <p class='ocr_par' dir='ltr' id='par_1_76' title="bbox 2066 3211 3628 3291">
     <span class='ocr_line' id='line_1_76' title="bbox 2066 3211 3628 3291; baseline 0.002 -29"><span class='ocrx_word' id='word_1_524' title='bbox 2066 3211 2184 3278; x_wconf 89' lang='grc' dir='ltr'>ρίου</span> <span class='ocrx_word' id='word_1_525' title='bbox 2214 3212 2310 3264; x_wconf 77' lang='grc' dir='ltr'>καὶ</span> <span class='ocrx_word' id='word_1_526' title='bbox 2338 3212 2476 3266; x_wconf 87' lang='grc' dir='ltr'>Θεοῦ</span> <span class='ocrx_word' id='word_1_527' title='bbox 2541 3213 2636 3266; x_wconf 83' lang='grc' dir='ltr'>καὶ</span> <span class='ocrx_word' id='word_1_528' title='bbox 2672 3214 2927 3285; x_wconf 86' lang='grc' dir='ltr'>Σωτῆρος</span> <span class='ocrx_word' id='word_1_529' title='bbox 2958 3216 3117 3283; x_wconf 82' lang='grc' dir='ltr'>ἡμῶν</span> <span class='ocrx_word' id='word_1_530' title='bbox 3164 3215 3340 3291; x_wconf 80' lang='grc' dir='ltr'>Ἰησοῦ</span> <span class='ocrx_word' id='word_1_531' title='bbox 3389 3216 3628 3284; x_wconf 81' lang='grc' dir='ltr'>Χριστοῦ</span> 
     </span>
    </p>
   </div>
   <div class='ocr_carea' id='block_1_77' title="bbox 2062 3300 3629 3374">
    <p class='ocr_par' dir='ltr' id='par_1_77' title="bbox 2062 3300 3629 3374">
     <span class='ocr_line' id='line_1_77' title="bbox 2062 3300 3629 3374; baseline 0.004 -23"><span class='ocrx_word' id='word_1_532' title='bbox 2062 3300 2119 3351; x_wconf 87' lang='grc' dir='ltr'>ἐν</span> <span class='ocrx_word' id='word_1_533' title='bbox 2147 3302 2213 3369; x_wconf 83' lang='grc' dir='ltr'>τῇ</span> <span class='ocrx_word' id='word_1_534' title='bbox 2240 3301 2423 3372; x_wconf 84' lang='grc' dir='ltr'>ήμέρᾳ</span> <span class='ocrx_word' id='word_1_535' title='bbox 2450 3302 2547 3371; x_wconf 91' lang='grc' dir='ltr'>τῆς</span> <span class='ocrx_word' id='word_1_536' title='bbox 2586 3302 2888 3374; x_wconf 81' lang='grc' dir='ltr'>μελλούσης</span> <span class='ocrx_word' id='word_1_537' title='bbox 2930 3306 3368 3371; x_wconf 80' lang='grc' dir='ltr'>ἀνταποδόσεως.</span> <span class='ocrx_word' id='word_1_538' title='bbox 3411 3306 3506 3369; x_wconf 87' lang='grc' dir='ltr'>Τίς</span> <span class='ocrx_word' id='word_1_539' title='bbox 3536 3305 3629 3358; x_wconf 80' lang='grc' dir='ltr'>οὖν</span> 
     </span>
    </p>
   </div>
   <div class='ocr_carea' id='block_1_78' title="bbox 2062 3393 3633 3466">
    <p class='ocr_par' dir='ltr' id='par_1_78' title="bbox 2062 3393 3633 3466">
     <span class='ocr_line' id='line_1_78' title="bbox 2062 3393 3633 3466; baseline 0.004 -21"><span class='ocrx_word' id='word_1_540' title='bbox 2062 3393 2123 3445; x_wconf 88' lang='grc' dir='ltr'>οὑ</span> <span class='ocrx_word' id='word_1_541' title='bbox 2166 3393 2356 3464; x_wconf 86' lang='grc' dir='ltr'>τρέμει</span> <span class='ocrx_word' id='word_1_542' title='bbox 2398 3394 2459 3447; x_wconf 89' lang='grc' dir='ltr'>τὺ</span> <span class='ocrx_word' id='word_1_543' title='bbox 2499 3395 2813 3462; x_wconf 88' lang='grc' dir='ltr'>λογοθέσιον</span> <span class='ocrx_word' id='word_1_544' title='bbox 2858 3398 3036 3449; x_wconf 82' lang='grc' dir='ltr'>ἐκεῖνο</span> <span class='ocrx_word' id='word_1_545' title='bbox 3088 3397 3149 3449; x_wconf 83' lang='grc' dir='ltr'>τὸ</span> <span class='ocrx_word' id='word_1_546' title='bbox 3183 3399 3326 3466; x_wconf 84' lang='grc' dir='ltr'>μέγα</span> <span class='ocrx_word' id='word_1_547' title='bbox 3373 3400 3468 3453; x_wconf 77' lang='grc' dir='ltr'>καὶ</span> <span class='ocrx_word' id='word_1_548' title='bbox 3513 3400 3633 3452; x_wconf 84' lang='grc' dir='ltr'>ἀδέ-</span> 
     </span>
    </p>
   </div>
   <div class='ocr_carea' id='block_1_79' title="bbox 2064 3482 3633 3561">
    <p class='ocr_par' dir='ltr' id='par_1_79' title="bbox 2064 3482 3633 3561">
     <span class='ocr_line' id='line_1_79' title="bbox 2064 3482 3633 3561; baseline 0.003 -22"><span class='ocrx_word' id='word_1_549' title='bbox 2064 3482 2291 3551; x_wconf 80' lang='grc' dir='ltr'>καστον,</span> <span class='ocrx_word' id='word_1_550' title='bbox 2312 3488 2401 3539; x_wconf 86' lang='grc' dir='ltr'>ὅτε</span> <span class='ocrx_word' id='word_1_551' title='bbox 2451 3487 2921 3557; x_wconf 84' lang='grc' dir='ltr'>παραστησόμεθα</span> <span class='ocrx_word' id='word_1_552' title='bbox 2969 3488 3168 3557; x_wconf 82' lang='grc' dir='ltr'>γυμνοὶ</span> <span class='ocrx_word' id='word_1_553' title='bbox 3221 3490 3315 3542; x_wconf 85' lang='grc' dir='ltr'>καὶ</span> <span class='ocrx_word' id='word_1_554' title='bbox 3364 3506 3633 3561; x_wconf 87' lang='grc' dir='ltr'>τετραχη-</span> 
     </span>
    </p>
   </div>
   <div class='ocr_carea' id='block_1_80' title="bbox 2064 3578 3633 3650">
    <p class='ocr_par' dir='ltr' id='par_1_80' title="bbox 2064 3578 3633 3650">
     <span class='ocr_line' id='line_1_80' title="bbox 2064 3578 3633 3650; baseline 0.003 -18"><span class='ocrx_word' id='word_1_555' title='bbox 2064 3579 2310 3649; x_wconf 87' lang='grc' dir='ltr'>λισμένοι</span> <span class='ocrx_word' id='word_1_556' title='bbox 2340 3580 2434 3631; x_wconf 83' lang='grc' dir='ltr'>ἐπὶ</span> <span class='ocrx_word' id='word_1_557' title='bbox 2473 3579 2568 3633; x_wconf 89' lang='grc' dir='ltr'>τοῦ</span> <span class='ocrx_word' id='word_1_558' title='bbox 2601 3578 2834 3648; x_wconf 86' lang='grc' dir='ltr'>φοϐεροῦ</span> <span class='ocrx_word' id='word_1_559' title='bbox 2868 3580 2965 3633; x_wconf 87' lang='grc' dir='ltr'>καὶ</span> <span class='ocrx_word' id='word_1_560' title='bbox 3010 3580 3452 3650; x_wconf 85' lang='grc' dir='ltr'>ἀπαραλογίστου</span> <span class='ocrx_word' id='word_1_561' title='bbox 3511 3600 3633 3649; x_wconf 88' lang='grc' dir='ltr'>κρι-</span> 
     </span>
    </p>
   </div>
   <div class='ocr_carea' id='block_1_81' title="bbox 2063 3670 3633 3742">
    <p class='ocr_par' dir='ltr' id='par_1_81' title="bbox 2063 3670 3633 3742">
     <span class='ocr_line' id='line_1_81' title="bbox 2063 3670 3633 3742; baseline 0.001 -19"><span class='ocrx_word' id='word_1_562' title='bbox 2063 3671 2257 3741; x_wconf 90' lang='grc' dir='ltr'>τηρίου</span> <span class='ocrx_word' id='word_1_563' title='bbox 2292 3671 2521 3736; x_wconf 87' lang='grc' dir='ltr'>ἐκείνου,</span> <span class='ocrx_word' id='word_1_564' title='bbox 2542 3671 2696 3740; x_wconf 89' lang='grc' dir='ltr'>λόγον</span> <span class='ocrx_word' id='word_1_565' title='bbox 2723 3670 3121 3740; x_wconf 86' lang='grc' dir='ltr'>ἀπαιτούμενοι</span> <span class='ocrx_word' id='word_1_566' title='bbox 3163 3671 3273 3723; x_wconf 88' lang='grc' dir='ltr'>τῶν</span> <span class='ocrx_word' id='word_1_567' title='bbox 3306 3674 3633 3742; x_wconf 84' lang='grc' dir='ltr'>πεπραγμέ-</span> 
     </span>
    </p>
   </div>
   <div class='ocr_carea' id='block_1_82' title="bbox 2064 3762 3633 3833">
    <p class='ocr_par' dir='ltr' id='par_1_82' title="bbox 2064 3762 3633 3833">
     <span class='ocr_line' id='line_1_82' title="bbox 2064 3762 3633 3833; baseline -0.001 -17"><span class='ocrx_word' id='word_1_568' title='bbox 2064 3780 2205 3830; x_wconf 77' lang='grc' dir='ltr'>νωνς</span> <span class='ocrx_word' id='word_1_569' title='bbox 2262 3763 2327 3817; x_wconf 81' lang='grc' dir='ltr'>Τί</span> <span class='ocrx_word' id='word_1_570' title='bbox 2396 3762 2611 3833; x_wconf 85' lang='grc' dir='ltr'>λέγεις,</span> <span class='ocrx_word' id='word_1_571' title='bbox 2677 3762 2964 3831; x_wconf 82' lang='grc' dir='ltr'>ἀνθρωπε;</span> <span class='ocrx_word' id='word_1_572' title='bbox 3026 3763 3168 3825; x_wconf 82' lang='grc' dir='ltr'>Χθές</span> <span class='ocrx_word' id='word_1_573' title='bbox 3231 3764 3492 3827; x_wconf 80' lang='grc' dir='ltr'>ἀπετάξω</span> <span class='ocrx_word' id='word_1_574' title='bbox 3555 3765 3633 3833; x_wconf 82' lang='grc' dir='ltr'>τῷ</span> 
     </span>
    </p>
   </div>
   <div class='ocr_carea' id='block_1_83' title="bbox 2066 3853 3635 3926">
    <p class='ocr_par' dir='ltr' id='par_1_83' title="bbox 2066 3853 3635 3926">
     <span class='ocr_line' id='line_1_83' title="bbox 2066 3853 3635 3926; baseline 0.001 -19"><span class='ocrx_word' id='word_1_575' title='bbox 2066 3857 2278 3926; x_wconf 81' lang='grc' dir='ltr'>Σατανᾷ</span> <span class='ocrx_word' id='word_1_576' title='bbox 2310 3857 2405 3909; x_wconf 88' lang='grc' dir='ltr'>καὶ</span> <span class='ocrx_word' id='word_1_577' title='bbox 2445 3857 2576 3909; x_wconf 81' lang='grc' dir='ltr'>πᾶσι</span> <span class='ocrx_word' id='word_1_578' title='bbox 2615 3857 2727 3919; x_wconf 80' lang='grc' dir='ltr'>τοῖς</span> <span class='ocrx_word' id='word_1_579' title='bbox 2756 3855 2941 3923; x_wconf 73' lang='grc' dir='ltr'>ἔργοις</span> <span class='ocrx_word' id='word_1_580' title='bbox 2968 3853 3157 3922; x_wconf 86' lang='grc' dir='ltr'>αὑτοῦ,</span> <span class='ocrx_word' id='word_1_581' title='bbox 3190 3856 3285 3909; x_wconf 88' lang='grc' dir='ltr'>καὶ</span> <span class='ocrx_word' id='word_1_582' title='bbox 3314 3855 3390 3925; x_wconf 83' lang='grc' dir='ltr'>τῷ</span> <span class='ocrx_word' id='word_1_583' title='bbox 3413 3856 3635 3926; x_wconf 82' lang='grc' dir='ltr'>Χριστῷ</span> 
     </span>
    </p>
   </div>
   <div class='ocr_carea' id='block_1_84' title="bbox 2069 3947 3628 4018">
    <p class='ocr_par' dir='ltr' id='par_1_84' title="bbox 2069 3947 3628 4018">
     <span class='ocr_line' id='line_1_84' title="bbox 2069 3947 3628 4018; baseline 0.002 -17"><span class='ocrx_word' id='word_1_584' title='bbox 2069 3948 2366 4015; x_wconf 76' lang='grc' dir='ltr'>συνετάξω,</span> <span class='ocrx_word' id='word_1_585' title='bbox 2396 3947 2492 4002; x_wconf 93' lang='grc' dir='ltr'>νῦν</span> <span class='ocrx_word' id='word_1_586' title='bbox 2521 3948 2577 4001; x_wconf 78' lang='grc' dir='ltr'>δὲ</span> <span class='ocrx_word' id='word_1_587' title='bbox 2609 3948 2951 4018; x_wconf 84' lang='grc' dir='ltr'>θεραπευτὴς</span> <span class='ocrx_word' id='word_1_588' title='bbox 2980 3948 3167 4018; x_wconf 78' lang='grc' dir='ltr'>ἐγένου</span> <span class='ocrx_word' id='word_1_589' title='bbox 3211 3949 3309 4003; x_wconf 80' lang='grc' dir='ltr'>τοῦ</span> <span class='ocrx_word' id='word_1_590' title='bbox 3356 3949 3628 4004; x_wconf 83' lang='grc' dir='ltr'>διαϐόλου.</span> 
     </span>
    </p>
   </div>
   <div class='ocr_carea' id='block_1_85' title="bbox 2066 4039 3635 4111">
    <p class='ocr_par' dir='ltr' id='par_1_85' title="bbox 2066 4039 3635 4111">
     <span class='ocr_line' id='line_1_85' title="bbox 2066 4039 3635 4111; baseline 0.001 -19"><span class='ocrx_word' id='word_1_591' title='bbox 2066 4041 2141 4093; x_wconf 85' lang='grc' dir='ltr'>οὑ</span> <span class='ocrx_word' id='word_1_592' title='bbox 2176 4039 2351 4107; x_wconf 87' lang='grc' dir='ltr'>φοϐεῖ,</span> <span class='ocrx_word' id='word_1_593' title='bbox 2383 4039 2505 4092; x_wconf 79' lang='grc' dir='ltr'>οὑδὲ</span> <span class='ocrx_word' id='word_1_594' title='bbox 2547 4042 2811 4110; x_wconf 83' lang='grc' dir='ltr'>τρέμεις;</span> <span class='ocrx_word' id='word_1_595' title='bbox 2862 4041 3005 4111; x_wconf 80' lang='grc' dir='ltr'>Πρὸς</span> <span class='ocrx_word' id='word_1_596' title='bbox 3053 4042 3177 4095; x_wconf 86' lang='grc' dir='ltr'>τίνα</span> <span class='ocrx_word' id='word_1_597' title='bbox 3211 4041 3312 4103; x_wconf 84' lang='grc' dir='ltr'>τὰς</span> <span class='ocrx_word' id='word_1_598' title='bbox 3361 4041 3635 4111; x_wconf 85' lang='grc' dir='ltr'>συνθήκας</span> 
     </span>
    </p>
   </div>
   <div class='ocr_carea' id='block_1_86' title="bbox 2067 4132 3637 4203">
    <p class='ocr_par' dir='ltr' id='par_1_86' title="bbox 2067 4132 3637 4203">
     <span class='ocr_line' id='line_1_86' title="bbox 2067 4132 3637 4203; baseline -0.001 -17"><span class='ocrx_word' id='word_1_599' title='bbox 2067 4134 2367 4203; x_wconf 85' lang='grc' dir='ltr'>ἐποίησας;</span> <span class='ocrx_word' id='word_1_600' title='bbox 2398 4133 2512 4185; x_wconf 90' lang='grc' dir='ltr'>Οὑκ</span> <span class='ocrx_word' id='word_1_601' title='bbox 2544 4132 2784 4203; x_wconf 79' lang='grc' dir='ltr'>ῆκουσας</span> <span class='ocrx_word' id='word_1_602' title='bbox 2835 4132 2934 4202; x_wconf 79' lang='grc' dir='ltr'>τὴν</span> <span class='ocrx_word' id='word_1_603' title='bbox 2972 4133 3246 4202; x_wconf 82' lang='grc' dir='ltr'>ἀπόφασιν</span> <span class='ocrx_word' id='word_1_604' title='bbox 3274 4133 3374 4203; x_wconf 88' lang='grc' dir='ltr'>τήν</span> <span class='ocrx_word' id='word_1_605' title='bbox 3398 4149 3413 4164; x_wconf 75' lang='grc' dir='ltr'><strong><em>ο</em></strong></span> <span class='ocrx_word' id='word_1_606' title='bbox 3462 4133 3637 4185; x_wconf 82' lang='grc' dir='ltr'>Ἀπο-</span> 
     </span>
    </p>
   </div>
   <div class='ocr_carea' id='block_1_87' title="bbox 2066 4225 3637 4299">
    <p class='ocr_par' dir='ltr' id='par_1_87' title="bbox 2066 4225 3637 4299">
     <span class='ocr_line' id='line_1_87' title="bbox 2066 4225 3637 4299; baseline -0.001 -19"><span class='ocrx_word' id='word_1_607' title='bbox 2066 4226 2308 4295; x_wconf 80' lang='grc' dir='ltr'>χωρεῖτε</span> <span class='ocrx_word' id='word_1_608' title='bbox 2344 4225 2446 4280; x_wconf 79' lang='grc' dir='ltr'>ἀπ’</span> <span class='ocrx_word' id='word_1_609' title='bbox 2493 4226 2663 4296; x_wconf 81' lang='grc' dir='ltr'>ἐμοῦ,</span> <span class='ocrx_word' id='word_1_610' title='bbox 2698 4228 2920 4294; x_wconf 81' lang='grc' dir='ltr'>πάντες</span> <span class='ocrx_word' id='word_1_611' title='bbox 2977 4230 3037 4282; x_wconf 84' lang='grc' dir='ltr'>οί</span> <span class='ocrx_word' id='word_1_612' title='bbox 3065 4227 3302 4299; x_wconf 73' lang='grc' dir='ltr'>ἐργάται</span> <span class='ocrx_word' id='word_1_613' title='bbox 3350 4227 3459 4296; x_wconf 85' lang='grc' dir='ltr'>τῆς</span> <span class='ocrx_word' id='word_1_614' title='bbox 3495 4228 3637 4282; x_wconf 84' lang='grc' dir='ltr'>ἀνο-</span> 
     </span>
    </p>
   </div>
   <div class='ocr_carea' id='block_1_88' title="bbox 2063 4319 3637 4392">
    <p class='ocr_par' dir='ltr' id='par_1_88' title="bbox 2063 4319 3637 4392">
     <span class='ocr_line' id='line_1_88' title="bbox 2063 4319 3637 4392; baseline 0.002 -21"><span class='ocrx_word' id='word_1_615' title='bbox 2063 4319 2227 4388; x_wconf 83' lang='grc' dir='ltr'>μίας,</span> <span class='ocrx_word' id='word_1_616' title='bbox 2260 4321 2355 4373; x_wconf 81' lang='grc' dir='ltr'>κσὶ</span> <span class='ocrx_word' id='word_1_617' title='bbox 2388 4321 2469 4374; x_wconf 80' lang='grc' dir='ltr'>ὅτι</span> <span class='ocrx_word' id='word_1_618' title='bbox 2518 4322 2547 4373; x_wconf 98' lang='lat'>0</span> <span class='ocrx_word' id='word_1_619' title='bbox 2582 4320 2799 4392; x_wconf 81' lang='grc' dir='ltr'>σκώληξ</span> <span class='ocrx_word' id='word_1_620' title='bbox 2832 4322 3013 4375; x_wconf 80' lang='grc' dir='ltr'>αὐτῶν</span> <span class='ocrx_word' id='word_1_621' title='bbox 3047 4324 3107 4375; x_wconf 90' lang='grc' dir='ltr'>οὑ</span> <span class='ocrx_word' id='word_1_622' title='bbox 3155 4324 3403 4389; x_wconf 75' lang='grc' dir='ltr'>τελευτᾷ,</span> <span class='ocrx_word' id='word_1_623' title='bbox 3436 4324 3530 4375; x_wconf 85' lang='grc' dir='ltr'>καὶ</span> <span class='ocrx_word' id='word_1_624' title='bbox 3574 4322 3637 4375; x_wconf 75' lang='grc' dir='ltr'>τὸ</span> 
     </span>
    </p>
   </div>
   <div class='ocr_carea' id='block_1_89' title="bbox 400 4402 3636 4486">
    <p class='ocr_par' dir='ltr' id='par_1_89' title="bbox 400 4402 3636 4486">
     <span class='ocr_line' id='line_1_89' title="bbox 400 4402 3636 4486; baseline 0.002 -28"><span class='ocrx_word' id='word_1_625' title='bbox 400 4406 496 4457; x_wconf 81' lang='grc' dir='ltr'>καὶ</span> <span class='ocrx_word' id='word_1_626' title='bbox 528 4406 561 4475; x_wconf 80' lang='grc' dir='ltr'>ή</span> <span class='ocrx_word' id='word_1_627' title='bbox 594 4405 745 4474; x_wconf 88' lang='grc' dir='ltr'>παρά</span> <span class='ocrx_word' id='word_1_628' title='bbox 776 4404 884 4457; x_wconf 87' lang='grc' dir='ltr'>τῶν</span> <span class='ocrx_word' id='word_1_629' title='bbox 937 4403 1228 4474; x_wconf 69' lang='grc' dir='ltr'>βαρϐάρων</span> <span class='ocrx_word' id='word_1_630' title='bbox 1259 4405 1354 4456; x_wconf 70' lang='grc' dir='ltr'>καὶ</span> <span class='ocrx_word' id='word_1_631' title='bbox 1389 4402 1601 4477; x_wconf 56' lang='grc' dir='ltr'>ἁσεῦὦν</span> <span class='ocrx_word' id='word_1_632' title='bbox 1628 4402 1838 4471; x_wconf 78' lang='grc' dir='ltr'>ἐχθρῶν</span> <span class='ocrx_word' id='word_1_633' title='bbox 1871 4404 1965 4455; x_wconf 78' lang='grc' dir='ltr'>καὶ</span> <span class='ocrx_word' id='word_1_634' title='bbox 1997 4429 2041 4486; x_wconf 80' lang='grc' dir='ltr'>ι)</span> <span class='ocrx_word' id='word_1_635' title='bbox 2068 4410 2179 4481; x_wconf 86' lang='grc' dir='ltr'>πῦρ</span> <span class='ocrx_word' id='word_1_636' title='bbox 2243 4412 2424 4465; x_wconf 88' lang='grc' dir='ltr'>αὑτῶν</span> <span class='ocrx_word' id='word_1_637' title='bbox 2495 4411 2556 4464; x_wconf 91' lang='grc' dir='ltr'>οὑ</span> <span class='ocrx_word' id='word_1_638' title='bbox 2618 4413 2922 4477; x_wconf 88' lang='grc' dir='ltr'>σϐέννυται,</span> <span class='ocrx_word' id='word_1_639' title='bbox 2983 4415 3097 4475; x_wconf 85' lang='grc' dir='ltr'>καὶ,</span> <span class='ocrx_word' id='word_1_640' title='bbox 3150 4414 3385 4482; x_wconf 80' lang='grc' dir='ltr'>Δήσατε</span> <span class='ocrx_word' id='word_1_641' title='bbox 3446 4413 3636 4467; x_wconf 81' lang='grc' dir='ltr'>αὐτοῦ</span> 
     </span>
    </p>
   </div>
   <div class='ocr_carea' id='block_1_90' title="bbox 400 4486 1965 4566">
    <p class='ocr_par' dir='ltr' id='par_1_90' title="bbox 400 4486 1965 4566">
     <span class='ocr_line' id='line_1_90' title="bbox 400 4486 1965 4566; baseline -0.002 -17"><span class='ocrx_word' id='word_1_642' title='bbox 400 4496 576 4550; x_wconf 85' lang='grc' dir='ltr'>ἀθέων</span> <span class='ocrx_word' id='word_1_643' title='bbox 603 4495 907 4550; x_wconf 70' lang='grc' dir='ltr'>ἐπελθοῦσα</span> <span class='ocrx_word' id='word_1_644' title='bbox 956 4496 1165 4566; x_wconf 80' lang='grc' dir='ltr'>χαλεπὴ</span> <span class='ocrx_word' id='word_1_645' title='bbox 1214 4497 1308 4549; x_wconf 86' lang='grc' dir='ltr'>καὶ</span> <span class='ocrx_word' id='word_1_646' title='bbox 1354 4494 1565 4565; x_wconf 80' lang='grc' dir='ltr'>μεγάλη</span> <span class='ocrx_word' id='word_1_647' title='bbox 1616 4486 1965 4564; x_wconf 73' lang='grc' dir='ltr'>αἰχμαλωσία</span> 
     </span>
    </p>
   </div>
   <div class='ocr_carea' id='block_1_91' title="bbox 399 4574 1967 4658">
    <p class='ocr_par' dir='ltr' id='par_1_91' title="bbox 399 4574 1967 4658">
     <span class='ocr_line' id='line_1_91' title="bbox 399 4574 1967 4658; baseline -0.006 -15"><span class='ocrx_word' id='word_1_648' title='bbox 399 4590 494 4643; x_wconf 88' lang='grc' dir='ltr'>καὶ</span> <span class='ocrx_word' id='word_1_649' title='bbox 528 4590 556 4640; x_wconf 90' lang='lat'>0</span> <span class='ocrx_word' id='word_1_650' title='bbox 586 4588 894 4658; x_wconf 80' lang='grc' dir='ltr'>ἀφανισμδς</span> <span class='ocrx_word' id='word_1_651' title='bbox 934 4585 1029 4640; x_wconf 82' lang='grc' dir='ltr'>καὶ</span> <span class='ocrx_word' id='word_1_652' title='bbox 1082 4588 1115 4656; x_wconf 88' lang='grc' dir='ltr'>ή</span> <span class='ocrx_word' id='word_1_653' title='bbox 1156 4586 1335 4656; x_wconf 68' lang='grc' dir='ltr'>’φθορά</span> <span class='ocrx_word' id='word_1_654' title='bbox 1364 4589 1459 4640; x_wconf 81' lang='grc' dir='ltr'>καὶ</span> <span class='ocrx_word' id='word_1_655' title='bbox 1502 4574 1869 4654; x_wconf 63' lang='grc' dir='ltr'>η’διασπορά,</span> <span class='ocrx_word' id='word_1_656' title='bbox 1899 4583 1967 4653; x_wconf 74' lang='grc' dir='ltr'>ἢν</span> 
     </span>
    </p>
   </div>
   <div class='ocr_carea' id='block_1_92' title="bbox 403 4679 1966 4751">
    <p class='ocr_par' dir='ltr' id='par_1_92' title="bbox 403 4679 1966 4751">
     <span class='ocr_line' id='line_1_92' title="bbox 403 4679 1966 4751; baseline -0.003 -16"><span class='ocrx_word' id='word_1_657' title='bbox 403 4683 616 4751; x_wconf 81' lang='grc' dir='ltr'>ὑπέστη</span> <span class='ocrx_word' id='word_1_658' title='bbox 659 4683 755 4737; x_wconf 76' lang='grc' dir='ltr'>καὶ</span> <span class='ocrx_word' id='word_1_659' title='bbox 811 4682 1103 4751; x_wconf 82' lang='grc' dir='ltr'>ὑφίσταται</span> <span class='ocrx_word' id='word_1_660' title='bbox 1137 4680 1338 4744; x_wconf 88' lang='grc' dir='ltr'>ἀθλίως</span> <span class='ocrx_word' id='word_1_661' title='bbox 1382 4681 1441 4733; x_wconf 83' lang='grc' dir='ltr'>τὸ</span> <span class='ocrx_word' id='word_1_662' title='bbox 1483 4681 1594 4734; x_wconf 88' lang='grc' dir='ltr'>τῶν</span> <span class='ocrx_word' id='word_1_663' title='bbox 1623 4679 1966 4749; x_wconf 88' lang='grc' dir='ltr'>Χριστιανῶν</span> 
     </span>
    </p>
   </div>
   <div class='ocr_carea' id='block_1_93' title="bbox 400 4769 1963 4846">
    <p class='ocr_par' dir='ltr' id='par_1_93' title="bbox 400 4769 1963 4846">
     <span class='ocr_line' id='line_1_93' title="bbox 400 4769 1963 4846; baseline -0.003 -18"><span class='ocrx_word' id='word_1_664' title='bbox 400 4776 579 4842; x_wconf 87' lang='grc' dir='ltr'>γένος,</span> <span class='ocrx_word' id='word_1_665' title='bbox 611 4776 741 4846; x_wconf 85' lang='grc' dir='ltr'>περὶ</span> <span class='ocrx_word' id='word_1_666' title='bbox 789 4769 864 4829; x_wconf 83' lang='grc' dir='ltr'>ῶν</span> <span class='ocrx_word' id='word_1_667' title='bbox 896 4771 1020 4827; x_wconf 77' lang='grc' dir='ltr'>οὔτε</span> <span class='ocrx_word' id='word_1_668' title='bbox 1064 4773 1283 4827; x_wconf 85' lang='grc' dir='ltr'>ἀκούειν</span> <span class='ocrx_word' id='word_1_669' title='bbox 1324 4770 1572 4839; x_wconf 80' lang='grc' dir='ltr'>δυνατὸν,</span> <span class='ocrx_word' id='word_1_670' title='bbox 1611 4770 1735 4825; x_wconf 77' lang='grc' dir='ltr'>οὗτε</span> <span class='ocrx_word' id='word_1_671' title='bbox 1783 4771 1963 4839; x_wconf 84' lang='grc' dir='ltr'>λέγειν</span> 
     </span>
    </p>
   </div>
   <div class='ocr_carea' id='block_1_94' title="bbox 399 4862 1966 4937">
    <p class='ocr_par' dir='ltr' id='par_1_94' title="bbox 399 4862 1966 4937">
     <span class='ocr_line' id='line_1_94' title="bbox 399 4862 1966 4937; baseline -0.006 -15"><span class='ocrx_word' id='word_1_672' title='bbox 399 4867 688 4937; x_wconf 89' lang='grc' dir='ltr'>ἀδακρυτί.</span> <span class='ocrx_word' id='word_1_673' title='bbox 719 4870 817 4921; x_wconf 85' lang='grc' dir='ltr'>Διά</span> <span class='ocrx_word' id='word_1_674' title='bbox 845 4867 1018 4921; x_wconf 91' lang='grc' dir='ltr'>ταῦτα</span> <span class='ocrx_word' id='word_1_675' title='bbox 1054 4865 1355 4936; x_wconf 85' lang='grc' dir='ltr'>παρακαλῶ</span> <span class='ocrx_word' id='word_1_676' title='bbox 1381 4865 1527 4934; x_wconf 82' lang='grc' dir='ltr'>ὑμᾶς</span> <span class='ocrx_word' id='word_1_677' title='bbox 1552 4864 1648 4916; x_wconf 86' lang='grc' dir='ltr'>καὶ</span> <span class='ocrx_word' id='word_1_678' title='bbox 1698 4866 1761 4916; x_wconf 85' lang='grc' dir='ltr'>ἐκ</span> <span class='ocrx_word' id='word_1_679' title='bbox 1794 4862 1966 4932; x_wconf 85' lang='grc' dir='ltr'>μέσης</span> 
     </span>
    </p>
   </div>
   <div class='ocr_carea' id='block_1_95' title="bbox 346 4940 1963 5031">
    <p class='ocr_par' dir='ltr' id='par_1_95' title="bbox 346 4940 1963 5031">
     <span class='ocr_line' id='line_1_95' title="bbox 346 4940 1963 5031; baseline -0.005 -18"><span class='ocrx_word' id='word_1_680' title='bbox 346 4940 371 4945; x_wconf 50' lang='grc'><strong>’</strong></span> <span class='ocrx_word' id='word_1_681' title='bbox 401 4959 503 5029; x_wconf 85' lang='grc' dir='ltr'>τῆς</span> <span class='ocrx_word' id='word_1_682' title='bbox 540 4960 717 5031; x_wconf 84' lang='grc' dir='ltr'>ψυχῆς</span> <span class='ocrx_word' id='word_1_683' title='bbox 766 4958 1092 5030; x_wconf 87' lang='grc' dir='ltr'>παρακαλῶ,</span> <span class='ocrx_word' id='word_1_684' title='bbox 1118 4957 1284 5011; x_wconf 80' lang='grc' dir='ltr'>τέκνα</span> <span class='ocrx_word' id='word_1_685' title='bbox 1316 4973 1417 5025; x_wconf 90' lang='grc' dir='ltr'>μου</span> <span class='ocrx_word' id='word_1_686' title='bbox 1460 4957 1527 5008; x_wconf 79' lang='grc' dir='ltr'>ἐν</span> <span class='ocrx_word' id='word_1_687' title='bbox 1575 4953 1794 5025; x_wconf 82' lang='grc' dir='ltr'>Χριστῷ</span> <span class='ocrx_word' id='word_1_688' title='bbox 1823 4956 1963 5020; x_wconf 80' lang='grc' dir='ltr'>ἀγα-</span> 
     </span>
    </p>
   </div>
   <div class='ocr_carea' id='block_1_96' title="bbox 405 5044 1983 5122">
    <p class='ocr_par' dir='ltr' id='par_1_96' title="bbox 405 5044 1983 5122">
     <span class='ocr_line' id='line_1_96' title="bbox 405 5044 1983 5122; baseline -0.006 -16"><span class='ocrx_word' id='word_1_689' title='bbox 405 5054 577 5122; x_wconf 88' lang='grc' dir='ltr'>πητά,</span> <span class='ocrx_word' id='word_1_690' title='bbox 612 5053 698 5104; x_wconf 84' lang='grc' dir='ltr'>ἶνα</span> <span class='ocrx_word' id='word_1_691' title='bbox 729 5051 1094 5121; x_wconf 82' lang='grc' dir='ltr'>ἐπιστρέψητε</span> <span class='ocrx_word' id='word_1_692' title='bbox 1129 5050 1355 5111; x_wconf 72' lang='grc' dir='ltr'>ἕκαστος</span> <span class='ocrx_word' id='word_1_693' title='bbox 1389 5048 1556 5115; x_wconf 80' lang='grc' dir='ltr'>ὑγιῶς</span> <span class='ocrx_word' id='word_1_694' title='bbox 1606 5047 1701 5099; x_wconf 83' lang='grc' dir='ltr'>καὶ</span> <span class='ocrx_word' id='word_1_695' title='bbox 1730 5044 1983 5114; x_wconf 76' lang='grc' dir='ltr'>γνησίως</span> 
     </span>
    </p>
   </div>
   <div class='ocr_carea' id='block_1_97' title="bbox 402 5136 1969 5215">
    <p class='ocr_par' dir='ltr' id='par_1_97' title="bbox 402 5136 1969 5215">
     <span class='ocr_line' id='line_1_97' title="bbox 402 5136 1969 5215; baseline -0.007 -16"><span class='ocrx_word' id='word_1_696' title='bbox 402 5146 500 5199; x_wconf 86' lang='grc' dir='ltr'>καὶ</span> <span class='ocrx_word' id='word_1_697' title='bbox 537 5144 595 5209; x_wconf 81' lang='grc' dir='ltr'>ἐξ</span> <span class='ocrx_word' id='word_1_698' title='bbox 621 5144 747 5215; x_wconf 85' lang='grc' dir='ltr'>ὅλης</span> <span class='ocrx_word' id='word_1_699' title='bbox 774 5143 952 5214; x_wconf 82' lang='grc' dir='ltr'>ψυχῆς</span> <span class='ocrx_word' id='word_1_700' title='bbox 981 5146 1073 5196; x_wconf 73' lang='grc' dir='ltr'>καὶ</span> <span class='ocrx_word' id='word_1_701' title='bbox 1103 5140 1340 5203; x_wconf 85' lang='grc' dir='ltr'>διανοίας</span> <span class='ocrx_word' id='word_1_702' title='bbox 1367 5139 1500 5210; x_wconf 79' lang='grc' dir='ltr'>πρὸς</span> <span class='ocrx_word' id='word_1_703' title='bbox 1525 5137 1660 5192; x_wconf 77' lang='grc' dir='ltr'>Θεὸν</span> <span class='ocrx_word' id='word_1_704' title='bbox 1689 5136 1777 5189; x_wconf 80' lang='grc' dir='ltr'>τὸν</span> <span class='ocrx_word' id='word_1_705' title='bbox 1808 5136 1969 5205; x_wconf 88' lang='grc' dir='ltr'>μόνον</span> 
     </span>
    </p>
   </div>
   <div class='ocr_carea' id='block_1_98' title="bbox 405 5228 1969 5304">
    <p class='ocr_par' dir='ltr' id='par_1_98' title="bbox 405 5228 1969 5304">
     <span class='ocr_line' id='line_1_98' title="bbox 405 5228 1969 5304; baseline -0.006 -16"><span class='ocrx_word' id='word_1_706' title='bbox 405 5235 604 5298; x_wconf 76' lang='grc' dir='ltr'>σώζειν</span> <span class='ocrx_word' id='word_1_707' title='bbox 654 5234 977 5304; x_wconf 89' lang='grc' dir='ltr'>δυνάμενον,</span> <span class='ocrx_word' id='word_1_708' title='bbox 1030 5235 1128 5286; x_wconf 81' lang='grc' dir='ltr'>καὶ</span> <span class='ocrx_word' id='word_1_709' title='bbox 1170 5232 1332 5302; x_wconf 71' lang='grc' dir='ltr'>ἔχητε</span> <span class='ocrx_word' id='word_1_710' title='bbox 1386 5231 1492 5301; x_wconf 80' lang='grc' dir='ltr'>πρὸ</span> <span class='ocrx_word' id='word_1_711' title='bbox 1542 5228 1837 5298; x_wconf 85' lang='grc' dir='ltr'>ὀφθαλμῶν</span> <span class='ocrx_word' id='word_1_712' title='bbox 1877 5228 1969 5280; x_wconf 78' lang='grc' dir='ltr'>τὸν</span> 
     </span>
    </p>
   </div>
   <div class='ocr_carea' id='block_1_99' title="bbox 402 5321 1969 5397">
    <p class='ocr_par' dir='ltr' id='par_1_99' title="bbox 402 5321 1969 5397">
     <span class='ocr_line' id='line_1_99' title="bbox 402 5321 1969 5397; baseline -0.006 -16"><span class='ocrx_word' id='word_1_713' title='bbox 402 5327 569 5395; x_wconf 81' lang='grc' dir='ltr'>φόϐον</span> <span class='ocrx_word' id='word_1_714' title='bbox 600 5327 787 5395; x_wconf 87' lang='grc' dir='ltr'>αὑτοῦ,</span> <span class='ocrx_word' id='word_1_715' title='bbox 831 5331 927 5382; x_wconf 81' lang='grc' dir='ltr'>καὶ</span> <span class='ocrx_word' id='word_1_716' title='bbox 955 5327 1282 5397; x_wconf 86' lang='grc' dir='ltr'>προσέχητε,</span> <span class='ocrx_word' id='word_1_717' title='bbox 1320 5324 1436 5386; x_wconf 90' lang='grc' dir='ltr'>πῶς</span> <span class='ocrx_word' id='word_1_718' title='bbox 1481 5322 1837 5394; x_wconf 83' lang='grc' dir='ltr'>περιπατεῖτε</span> <span class='ocrx_word' id='word_1_719' title='bbox 1875 5321 1969 5373; x_wconf 86' lang='grc' dir='ltr'>καὶ</span> 
     </span>
    </p>
   </div>
   <div class='ocr_carea' id='block_1_100' title="bbox 406 5414 1971 5490">
    <p class='ocr_par' dir='ltr' id='par_1_100' title="bbox 406 5414 1971 5490">
     <span class='ocr_line' id='line_1_100' title="bbox 406 5414 1971 5490; baseline -0.006 -17"><span class='ocrx_word' id='word_1_720' title='bbox 406 5423 731 5490; x_wconf 87' lang='grc' dir='ltr'>συντηρεῖτε</span> <span class='ocrx_word' id='word_1_721' title='bbox 783 5421 876 5473; x_wconf 82' lang='grc' dir='ltr'>καὶ</span> <span class='ocrx_word' id='word_1_722' title='bbox 917 5419 1221 5489; x_wconf 84' lang='grc' dir='ltr'>φυλάσσετε</span> <span class='ocrx_word' id='word_1_723' title='bbox 1270 5417 1501 5478; x_wconf 78' lang='grc' dir='ltr'>ἐαυτοὺς</span> <span class='ocrx_word' id='word_1_724' title='bbox 1533 5414 1859 5484; x_wconf 85' lang='grc' dir='ltr'>ἀκλονήτους</span> <span class='ocrx_word' id='word_1_725' title='bbox 1889 5414 1971 5476; x_wconf 88' lang='grc' dir='ltr'>είς</span> 
     </span>
    </p>
   </div>
   <div class='ocr_carea' id='block_1_101' title="bbox 400 5507 1969 5585">
    <p class='ocr_par' dir='ltr' id='par_1_101' title="bbox 400 5507 1969 5585">
     <span class='ocr_line' id='line_1_101' title="bbox 400 5507 1969 5585; baseline -0.008 -16"><span class='ocrx_word' id='word_1_726' title='bbox 400 5515 503 5585; x_wconf 82' lang='grc' dir='ltr'>τὴν</span> <span class='ocrx_word' id='word_1_727' title='bbox 535 5514 1018 5585; x_wconf 84' lang='grc' dir='ltr'>πατροπαράδοτον</span> <span class='ocrx_word' id='word_1_728' title='bbox 1062 5510 1308 5579; x_wconf 89' lang='grc' dir='ltr'>καθαράν</span> <span class='ocrx_word' id='word_1_729' title='bbox 1360 5510 1452 5562; x_wconf 88' lang='grc' dir='ltr'>καὶ</span> <span class='ocrx_word' id='word_1_730' title='bbox 1498 5508 1778 5579; x_wconf 81' lang='grc' dir='ltr'>όρθόδοξον</span> <span class='ocrx_word' id='word_1_731' title='bbox 1810 5507 1969 5559; x_wconf 79' lang='grc' dir='ltr'>εὑσέ-</span> 
     </span>
    </p>
   </div>
   <div class='ocr_carea' id='block_1_102' title="bbox 401 5598 1969 5675">
    <p class='ocr_par' dir='ltr' id='par_1_102' title="bbox 401 5598 1969 5675">
     <span class='ocr_line' id='line_1_102' title="bbox 401 5598 1969 5675; baseline -0.007 -14"><span class='ocrx_word' id='word_1_732' title='bbox 401 5608 560 5661; x_wconf 84' lang='grc' dir='ltr'>ϐειαν</span> <span class='ocrx_word' id='word_1_733' title='bbox 593 5610 688 5661; x_wconf 72' lang='grc' dir='ltr'>καὶ</span> <span class='ocrx_word' id='word_1_734' title='bbox 727 5607 909 5661; x_wconf 87' lang='grc' dir='ltr'>πίστιν</span> <span class='ocrx_word' id='word_1_735' title='bbox 941 5605 1117 5675; x_wconf 89' lang='grc' dir='ltr'>ὑμῶν,</span> <span class='ocrx_word' id='word_1_736' title='bbox 1150 5604 1247 5657; x_wconf 84' lang='grc' dir='ltr'>καὶ</span> <span class='ocrx_word' id='word_1_737' title='bbox 1282 5602 1461 5671; x_wconf 83' lang='grc' dir='ltr'>ἀπέχη</span> <span class='ocrx_word' id='word_1_738' title='bbox 1474 5599 1562 5671; x_wconf 82' lang='grc' dir='ltr'>σθε</span> <span class='ocrx_word' id='word_1_739' title='bbox 1600 5598 1830 5652; x_wconf 84' lang='grc' dir='ltr'>καθόλου</span> <span class='ocrx_word' id='word_1_740' title='bbox 1861 5598 1969 5650; x_wconf 77' lang='grc' dir='ltr'>ἀπὸ</span> 
     </span>
    </p>
   </div>
   <div class='ocr_carea' id='block_1_103' title="bbox 404 5691 1966 5771">
    <p class='ocr_par' dir='ltr' id='par_1_103' title="bbox 404 5691 1966 5771">
     <span class='ocr_line' id='line_1_103' title="bbox 404 5691 1966 5771; baseline -0.007 -18"><span class='ocrx_word' id='word_1_741' title='bbox 404 5700 507 5770; x_wconf 78' lang='grc' dir='ltr'>τῆς</span> <span class='ocrx_word' id='word_1_742' title='bbox 536 5699 819 5771; x_wconf 74' lang='grc' dir='ltr'>ἐπιμιξίας</span> <span class='ocrx_word' id='word_1_743' title='bbox 850 5700 944 5752; x_wconf 86' lang='grc' dir='ltr'>καὶ</span> <span class='ocrx_word' id='word_1_744' title='bbox 971 5695 1387 5768; x_wconf 83' lang='grc' dir='ltr'>συμφιλιώσεως</span> <span class='ocrx_word' id='word_1_745' title='bbox 1420 5694 1512 5746; x_wconf 87' lang='grc' dir='ltr'>καὶ</span> <span class='ocrx_word' id='word_1_746' title='bbox 1540 5692 1823 5755; x_wconf 84' lang='grc' dir='ltr'>κοινωνίας</span> <span class='ocrx_word' id='word_1_747' title='bbox 1860 5691 1966 5743; x_wconf 84' lang='grc' dir='ltr'>τῶν</span> 
     </span>
    </p>
   </div>
   <div class='ocr_carea' id='block_1_104' title="bbox 2071 4501 3633 4572">
    <p class='ocr_par' dir='ltr' id='par_1_104' title="bbox 2071 4501 3633 4572">
     <span class='ocr_line' id='line_1_104' title="bbox 2071 4501 3633 4572; baseline -0.002 -16"><span class='ocrx_word' id='word_1_748' title='bbox 2071 4502 2274 4572; x_wconf 77' lang='grc' dir='ltr'>χεῖρας</span> <span class='ocrx_word' id='word_1_749' title='bbox 2303 4502 2398 4553; x_wconf 78' lang='grc' dir='ltr'>καί</span> <span class='ocrx_word' id='word_1_750' title='bbox 2430 4501 2644 4567; x_wconf 79' lang='grc' dir='ltr'>πόδας,</span> <span class='ocrx_word' id='word_1_751' title='bbox 2686 4502 2785 4555; x_wconf 82' lang='grc' dir='ltr'>καί</span> <span class='ocrx_word' id='word_1_752' title='bbox 2818 4504 3039 4569; x_wconf 68' lang='grc' dir='ltr'>ῥίψατε</span> <span class='ocrx_word' id='word_1_753' title='bbox 3067 4504 3155 4566; x_wconf 86' lang='grc' dir='ltr'>είς</span> <span class='ocrx_word' id='word_1_754' title='bbox 3195 4503 3262 4553; x_wconf 88' lang='grc' dir='ltr'>τὸ</span> <span class='ocrx_word' id='word_1_755' title='bbox 3310 4504 3531 4566; x_wconf 80' lang='grc' dir='ltr'>σκότος</span> <span class='ocrx_word' id='word_1_756' title='bbox 3564 4503 3633 4553; x_wconf 76' lang='grc' dir='ltr'>τὸ</span> 
     </span>
    </p>
   </div>
   <div class='ocr_carea' id='block_1_105' title="bbox 2067 4590 3639 4662">
    <p class='ocr_par' dir='ltr' id='par_1_105' title="bbox 2067 4590 3639 4662">
     <span class='ocr_line' id='line_1_105' title="bbox 2067 4590 3639 4662; baseline -0.001 -16"><span class='ocrx_word' id='word_1_757' title='bbox 2067 4593 2391 4658; x_wconf 71' lang='grc' dir='ltr'>ἐξώτερονς</span> <span class='ocrx_word' id='word_1_758' title='bbox 2436 4592 2500 4643; x_wconf 82' lang='grc' dir='ltr'>Τί</span> <span class='ocrx_word' id='word_1_759' title='bbox 2532 4591 2707 4645; x_wconf 87' lang='grc' dir='ltr'>ταῦτα</span> <span class='ocrx_word' id='word_1_760' title='bbox 2730 4591 3170 4662; x_wconf 79' lang='grc' dir='ltr'>περιφρονοῦμεν</span> <span class='ocrx_word' id='word_1_761' title='bbox 3202 4591 3277 4653; x_wconf 85' lang='grc' dir='ltr'>ὡς</span> <span class='ocrx_word' id='word_1_762' title='bbox 3308 4590 3381 4661; x_wconf 80' lang='grc' dir='ltr'>μὴ</span> <span class='ocrx_word' id='word_1_763' title='bbox 3410 4590 3639 4645; x_wconf 57' lang='grc' dir='ltr'>ἀκούον-</span> 
     </span>
    </p>
   </div>
   <div class='ocr_carea' id='block_1_106' title="bbox 2067 4681 3628 4752">
    <p class='ocr_par' dir='ltr' id='par_1_106' title="bbox 2067 4681 3628 4752">
     <span class='ocr_line' id='line_1_106' title="bbox 2067 4681 3628 4752; baseline -0.001 -17"><span class='ocrx_word' id='word_1_764' title='bbox 2067 4698 2197 4748; x_wconf 83' lang='grc' dir='ltr'>τες;</span> <span class='ocrx_word' id='word_1_765' title='bbox 2237 4684 2301 4735; x_wconf 88' lang='grc' dir='ltr'>Τί</span> <span class='ocrx_word' id='word_1_766' title='bbox 2348 4682 2439 4735; x_wconf 73' lang='grc' dir='ltr'>τὸν</span> <span class='ocrx_word' id='word_1_767' title='bbox 2470 4683 2663 4752; x_wconf 80' lang='grc' dir='ltr'>καιρὸν</span> <span class='ocrx_word' id='word_1_768' title='bbox 2705 4681 2803 4751; x_wconf 88' lang='grc' dir='ltr'>τῆς</span> <span class='ocrx_word' id='word_1_769' title='bbox 2842 4682 3146 4751; x_wconf 76' lang='grc' dir='ltr'>μετανοίας</span> <span class='ocrx_word' id='word_1_770' title='bbox 3178 4681 3628 4752; x_wconf 73' lang='grc' dir='ltr'>ἀναϐαλλόμεθα;</span> 
     </span>
    </p>
   </div>
   <div class='ocr_carea' id='block_1_107' title="bbox 2071 4772 3634 4845">
    <p class='ocr_par' dir='ltr' id='par_1_107' title="bbox 2071 4772 3634 4845">
     <span class='ocr_line' id='line_1_107' title="bbox 2071 4772 3634 4845; baseline -0.001 -18"><span class='ocrx_word' id='word_1_771' title='bbox 2071 4774 2187 4827; x_wconf 82' lang='grc' dir='ltr'>Ἵνα</span> <span class='ocrx_word' id='word_1_772' title='bbox 2224 4774 2275 4827; x_wconf 88' lang='grc' dir='ltr'>τί</span> <span class='ocrx_word' id='word_1_773' title='bbox 2321 4773 2381 4827; x_wconf 88' lang='grc' dir='ltr'>οὑ</span> <span class='ocrx_word' id='word_1_774' title='bbox 2435 4774 2797 4845; x_wconf 82' lang='grc' dir='ltr'>φροντίζομεν</span> <span class='ocrx_word' id='word_1_775' title='bbox 2854 4772 2953 4843; x_wconf 87' lang='grc' dir='ltr'>τῆς</span> <span class='ocrx_word' id='word_1_776' title='bbox 3010 4773 3168 4843; x_wconf 84' lang='grc' dir='ltr'>ἡμῶν</span> <span class='ocrx_word' id='word_1_777' title='bbox 3202 4773 3496 4843; x_wconf 85' lang='grc' dir='ltr'>σωτηρίας,</span> <span class='ocrx_word' id='word_1_778' title='bbox 3524 4773 3634 4831; x_wconf 76' lang='grc' dir='ltr'>ἕως</span> 
     </span>
    </p>
   </div>
   <div class='ocr_carea' id='block_1_108' title="bbox 2068 4864 3636 4935">
    <p class='ocr_par' dir='ltr' id='par_1_108' title="bbox 2068 4864 3636 4935">
     <span class='ocr_line' id='line_1_108' title="bbox 2068 4864 3636 4935; baseline 0 -17"><span class='ocrx_word' id='word_1_779' title='bbox 2068 4864 2298 4935; x_wconf 84' lang='grc' dir='ltr'>καιρός;</span> <span class='ocrx_word' id='word_1_780' title='bbox 2332 4864 2529 4935; x_wconf 79' lang='grc' dir='ltr'>Δὺριον</span> <span class='ocrx_word' id='word_1_781' title='bbox 2562 4865 2682 4935; x_wconf 76' lang='grc' dir='ltr'>ἥξει</span> <span class='ocrx_word' id='word_1_782' title='bbox 2732 4864 2840 4919; x_wconf 80' lang='grc' dir='ltr'>ἀπὸ</span> <span class='ocrx_word' id='word_1_783' title='bbox 2871 4864 2967 4918; x_wconf 88' lang='grc' dir='ltr'>τοῦ</span> <span class='ocrx_word' id='word_1_784' title='bbox 3022 4864 3253 4919; x_wconf 80' lang='grc' dir='ltr'>θανάτου</span> <span class='ocrx_word' id='word_1_785' title='bbox 3308 4866 3480 4928; x_wconf 80' lang='grc' dir='ltr'>τέλος,</span> <span class='ocrx_word' id='word_1_786' title='bbox 3536 4867 3636 4929; x_wconf 82' lang='grc' dir='ltr'>καὶ</span> 
     </span>
    </p>
   </div>
   <div class='ocr_carea' id='block_1_109' title="bbox 2068 4955 3631 5031">
    <p class='ocr_par' dir='ltr' id='par_1_109' title="bbox 2068 4955 3631 5031">
     <span class='ocr_line' id='line_1_109' title="bbox 2068 4955 3631 5031; baseline -0.001 -21"><span class='ocrx_word' id='word_1_787' title='bbox 2068 4958 2169 5012; x_wconf 89' lang='grc' dir='ltr'>οὑκ</span> <span class='ocrx_word' id='word_1_788' title='bbox 2207 4959 2355 5012; x_wconf 76' lang='grc' dir='ltr'>ἔστιν</span> <span class='ocrx_word' id='word_1_789' title='bbox 2388 4960 2444 5011; x_wconf 88' lang='grc' dir='ltr'>ἐν</span> <span class='ocrx_word' id='word_1_790' title='bbox 2469 4957 2548 5027; x_wconf 85' lang='grc' dir='ltr'>τῷ</span> <span class='ocrx_word' id='word_1_791' title='bbox 2574 4956 2677 5031; x_wconf 76' lang='grc' dir='ltr'>ᾄδῃ</span> <span class='ocrx_word' id='word_1_792' title='bbox 2710 4958 2987 5027; x_wconf 86' lang='grc' dir='ltr'>μετάνοια,</span> <span class='ocrx_word' id='word_1_793' title='bbox 3023 4957 3143 5010; x_wconf 86' lang='grc' dir='ltr'>οὑδέ</span> <span class='ocrx_word' id='word_1_794' title='bbox 3191 4955 3495 5028; x_wconf 81' lang='grc' dir='ltr'>ἐπιστροφὴ</span> <span class='ocrx_word' id='word_1_795' title='bbox 3533 4957 3631 5008; x_wconf 86' lang='grc' dir='ltr'>καὶ</span> 
     </span>
    </p>
   </div>
   <div class='ocr_carea' id='block_1_110' title="bbox 2068 5047 3635 5123">
    <p class='ocr_par' dir='ltr' id='par_1_110' title="bbox 2068 5047 3635 5123">
     <span class='ocr_line' id='line_1_110' title="bbox 2068 5047 3635 5123; baseline -0.004 -17"><span class='ocrx_word' id='word_1_796' title='bbox 2068 5051 2477 5123; x_wconf 80' lang='grc' dir='ltr'>ἐξομολόγησις,</span> <span class='ocrx_word' id='word_1_797' title='bbox 2506 5050 2643 5107; x_wconf 84' lang='grc' dir='ltr'>ἀλλὰ</span> <span class='ocrx_word' id='word_1_798' title='bbox 2668 5050 2945 5122; x_wconf 81' lang='grc' dir='ltr'>κάθειρξις</span> <span class='ocrx_word' id='word_1_799' title='bbox 2974 5049 3229 5121; x_wconf 78' lang='grc' dir='ltr'>διηνεκὴς</span> <span class='ocrx_word' id='word_1_800' title='bbox 3271 5049 3366 5103; x_wconf 81' lang='grc' dir='ltr'>καὶ</span> <span class='ocrx_word' id='word_1_801' title='bbox 3395 5047 3635 5101; x_wconf 80' lang='grc' dir='ltr'>ἀνταπό-</span> 
     </span>
    </p>
   </div>
   <div class='ocr_carea' id='block_1_111' title="bbox 2071 5139 3637 5213">
    <p class='ocr_par' dir='ltr' id='par_1_111' title="bbox 2071 5139 3637 5213">
     <span class='ocr_line' id='line_1_111' title="bbox 2071 5139 3637 5213; baseline -0.003 -16"><span class='ocrx_word' id='word_1_802' title='bbox 2071 5143 2218 5207; x_wconf 88' lang='grc' dir='ltr'>δοσις</span> <span class='ocrx_word' id='word_1_803' title='bbox 2287 5144 2394 5195; x_wconf 89' lang='grc' dir='ltr'>τῶν</span> <span class='ocrx_word' id='word_1_804' title='bbox 2457 5143 2688 5196; x_wconf 80' lang='grc' dir='ltr'>ἑκάστου</span> <span class='ocrx_word' id='word_1_805' title='bbox 2741 5142 3231 5213; x_wconf 85' lang='grc' dir='ltr'>πλημμελημάτων</span> <span class='ocrx_word' id='word_1_806' title='bbox 3257 5157 3272 5173; x_wconf 80' lang='grc'><em>’</em></span> <span class='ocrx_word' id='word_1_807' title='bbox 3324 5143 3374 5194; x_wconf 88' lang='grc' dir='ltr'>εί</span> <span class='ocrx_word' id='word_1_808' title='bbox 3429 5158 3481 5194; x_wconf 89' lang='grc' dir='ltr'>τι</span> <span class='ocrx_word' id='word_1_809' title='bbox 3541 5139 3637 5194; x_wconf 69' lang='grc' dir='ltr'>οὖν</span> 
     </span>
    </p>
   </div>
   <div class='ocr_carea' id='block_1_112' title="bbox 2070 5224 3637 5304">
    <p class='ocr_par' dir='ltr' id='par_1_112' title="bbox 2070 5224 3637 5304">
     <span class='ocr_line' id='line_1_112' title="bbox 2070 5224 3637 5304; baseline -0.002 -17"><span class='ocrx_word' id='word_1_810' title='bbox 2070 5236 2195 5304; x_wconf 83' lang='grc' dir='ltr'>ἐμοὶ</span> <span class='ocrx_word' id='word_1_811' title='bbox 2238 5234 2535 5299; x_wconf 88' lang='grc' dir='ltr'>πείθοισθε,</span> <span class='ocrx_word' id='word_1_812' title='bbox 2568 5236 2735 5287; x_wconf 86' lang='grc' dir='ltr'>τέκνα</span> <span class='ocrx_word' id='word_1_813' title='bbox 2786 5251 2888 5303; x_wconf 87' lang='grc' dir='ltr'>μου</span> <span class='ocrx_word' id='word_1_814' title='bbox 2943 5234 3205 5303; x_wconf 82' lang='grc' dir='ltr'>ἀγαπητά</span> <span class='ocrx_word' id='word_1_815' title='bbox 3236 5232 3329 5285; x_wconf 84' lang='grc' dir='ltr'>καὶ</span> <span class='ocrx_word' id='word_1_816' title='bbox 3365 5224 3509 5300; x_wconf 84' lang='grc' dir='ltr'>φίλοι</span> <span class='ocrx_word' id='word_1_817' title='bbox 3540 5233 3637 5285; x_wconf 79' lang='grc' dir='ltr'>καὶ</span> 
     </span>
    </p>
   </div>
   <div class='ocr_carea' id='block_1_113' title="bbox 2072 5324 3642 5396">
    <p class='ocr_par' dir='ltr' id='par_1_113' title="bbox 2072 5324 3642 5396">
     <span class='ocr_line' id='line_1_113' title="bbox 2072 5324 3642 5396; baseline -0.001 -16"><span class='ocrx_word' id='word_1_818' title='bbox 2072 5326 2312 5395; x_wconf 81' lang='grc' dir='ltr'>ἀδελφοὶ,</span> <span class='ocrx_word' id='word_1_819' title='bbox 2335 5327 2700 5396; x_wconf 77' lang='grc' dir='ltr'>ἐπιστρέψατε</span> <span class='ocrx_word' id='word_1_820' title='bbox 2756 5328 2850 5381; x_wconf 69' lang='grc' dir='ltr'>καὶ</span> <span class='ocrx_word' id='word_1_821' title='bbox 2894 5326 3163 5395; x_wconf 82' lang='grc' dir='ltr'>ἐπίγνωτε</span> <span class='ocrx_word' id='word_1_822' title='bbox 3205 5324 3294 5379; x_wconf 88' lang='grc' dir='ltr'>διά</span> <span class='ocrx_word' id='word_1_823' title='bbox 3338 5325 3435 5395; x_wconf 86' lang='grc' dir='ltr'>τῆς</span> <span class='ocrx_word' id='word_1_824' title='bbox 3472 5343 3642 5395; x_wconf 82' lang='grc' dir='ltr'>μετα-</span> 
     </span>
    </p>
   </div>
   <div class='ocr_carea' id='block_1_114' title="bbox 2073 5413 3635 5486">
    <p class='ocr_par' dir='ltr' id='par_1_114' title="bbox 2073 5413 3635 5486">
     <span class='ocr_line' id='line_1_114' title="bbox 2073 5413 3635 5486; baseline 0 -18"><span class='ocrx_word' id='word_1_825' title='bbox 2073 5415 2222 5479; x_wconf 88' lang='grc' dir='ltr'>νοίας</span> <span class='ocrx_word' id='word_1_826' title='bbox 2251 5418 2345 5469; x_wconf 89' lang='grc' dir='ltr'>καὶ</span> <span class='ocrx_word' id='word_1_827' title='bbox 2371 5416 2609 5486; x_wconf 80' lang='grc' dir='ltr'>ψυχικῆς</span> <span class='ocrx_word' id='word_1_828' title='bbox 2641 5415 2991 5482; x_wconf 83' lang='grc' dir='ltr'>κατανύξεως</span> <span class='ocrx_word' id='word_1_829' title='bbox 3019 5416 3083 5467; x_wconf 85' lang='grc' dir='ltr'>ἐν</span> <span class='ocrx_word' id='word_1_830' title='bbox 3111 5413 3372 5485; x_wconf 81' lang='grc' dir='ltr'>συντριϐῇ</span> <span class='ocrx_word' id='word_1_831' title='bbox 3404 5415 3635 5485; x_wconf 88' lang='grc' dir='ltr'>καρδίας</span> 
     </span>
    </p>
   </div>
   <div class='ocr_carea' id='block_1_115' title="bbox 2071 5504 3639 5574">
    <p class='ocr_par' dir='ltr' id='par_1_115' title="bbox 2071 5504 3639 5574">
     <span class='ocr_line' id='line_1_115' title="bbox 2071 5504 3639 5574; baseline -0.003 -14"><span class='ocrx_word' id='word_1_832' title='bbox 2071 5509 2165 5560; x_wconf 77' lang='grc' dir='ltr'>καὶ</span> <span class='ocrx_word' id='word_1_833' title='bbox 2217 5504 2491 5574; x_wconf 84' lang='grc' dir='ltr'>πνεύματι</span> <span class='ocrx_word' id='word_1_834' title='bbox 2538 5506 2924 5568; x_wconf 87' lang='grc' dir='ltr'>ταπεινώσεως</span> <span class='ocrx_word' id='word_1_835' title='bbox 2977 5506 3071 5558; x_wconf 82' lang='grc' dir='ltr'>τὸν</span> <span class='ocrx_word' id='word_1_836' title='bbox 3114 5505 3337 5574; x_wconf 82' lang='grc' dir='ltr'>Κύριον,</span> <span class='ocrx_word' id='word_1_837' title='bbox 3373 5504 3439 5557; x_wconf 78' lang='grc' dir='ltr'>ἶν’</span> <span class='ocrx_word' id='word_1_838' title='bbox 3496 5504 3639 5557; x_wconf 76' lang='grc' dir='ltr'>οὕτω</span> 
     </span>
    </p>
   </div>
   <div class='ocr_carea' id='block_1_116' title="bbox 2071 5596 3637 5667">
    <p class='ocr_par' dir='ltr' id='par_1_116' title="bbox 2071 5596 3637 5667">
     <span class='ocr_line' id='line_1_116' title="bbox 2071 5596 3637 5667; baseline -0.003 -15"><span class='ocrx_word' id='word_1_839' title='bbox 2071 5598 2166 5652; x_wconf 83' lang='grc' dir='ltr'>καὶ</span> <span class='ocrx_word' id='word_1_840' title='bbox 2196 5598 2306 5651; x_wconf 82' lang='grc' dir='ltr'>τῶν</span> <span class='ocrx_word' id='word_1_841' title='bbox 2337 5597 2763 5667; x_wconf 87' lang='grc' dir='ltr'>ἐπηγγελμένων</span> <span class='ocrx_word' id='word_1_842' title='bbox 2812 5597 3036 5664; x_wconf 87' lang='grc' dir='ltr'>ἀγαθῶν</span> <span class='ocrx_word' id='word_1_843' title='bbox 3089 5596 3415 5667; x_wconf 82' lang='grc' dir='ltr'>κληρονόμοι</span> <span class='ocrx_word' id='word_1_844' title='bbox 3461 5597 3637 5663; x_wconf 81' lang='grc' dir='ltr'>γένοι-</span> 
     </span>
    </p>
   </div>
   <div class='ocr_carea' id='block_1_117' title="bbox 2074 5688 3638 5761">
    <p class='ocr_par' dir='ltr' id='par_1_117' title="bbox 2074 5688 3638 5761">
     <span class='ocr_line' id='line_1_117' title="bbox 2074 5688 3638 5761; baseline -0.002 -20"><span class='ocrx_word' id='word_1_845' title='bbox 2074 5689 2189 5754; x_wconf 87' lang='grc' dir='ltr'>σθε,</span> <span class='ocrx_word' id='word_1_846' title='bbox 2221 5688 2258 5742; x_wconf 74' lang='grc' dir='ltr'>ἀ</span> <span class='ocrx_word' id='word_1_847' title='bbox 2285 5690 2581 5761; x_wconf 79' lang='grc' dir='ltr'>ἡτοίμασεν</span> <span class='ocrx_word' id='word_1_848' title='bbox 2620 5693 2647 5745; x_wconf 91' lang='lat'>0</span> <span class='ocrx_word' id='word_1_849' title='bbox 2679 5690 2810 5753; x_wconf 81' lang='grc' dir='ltr'>Θεὸς</span> <span class='ocrx_word' id='word_1_850' title='bbox 2854 5691 2970 5753; x_wconf 88' lang='grc' dir='ltr'>τοῖς</span> <span class='ocrx_word' id='word_1_851' title='bbox 2998 5689 3350 5759; x_wconf 85' lang='grc' dir='ltr'>ἀγαπήσασιν</span> <span class='ocrx_word' id='word_1_852' title='bbox 3378 5688 3545 5740; x_wconf 74' lang='grc' dir='ltr'>αὑτὸν</span> <span class='ocrx_word' id='word_1_853' title='bbox 3576 5690 3638 5738; x_wconf 80' lang='grc' dir='ltr'>ἐκ</span> 
     </span>
    </p>
   </div>
   <div class='ocr_carea' id='block_1_118' title="bbox 3516 257 3761 353">
    <p class='ocr_par' dir='ltr' id='par_1_118' title="bbox 3516 257 3761 353">
     <span class='ocr_line' id='line_1_118' title="bbox 3516 257 3761 353; baseline 0.016 -3"><span class='ocrx_word' id='word_1_854' title='bbox 3516 257 3651 353; x_wconf 79' lang='lat'>1306</span> <span class='ocrx_word' id='word_1_855' title='bbox 3758 294 3761 297; x_wconf 91' lang='grc'><strong>·</strong></span> 
     </span>
    </p>
   </div>
   <div class='ocr_carea' id='block_1_119' title="bbox 1569 376 3648 475">
    <p class='ocr_par' dir='ltr' id='par_1_119' title="bbox 1569 376 3648 475">
     <span class='ocr_line' id='line_1_119' title="bbox 1569 376 3648 475; baseline 0.016 -49"><span class='ocrx_word' id='word_1_856' title='bbox 1569 376 1777 475; x_wconf 46' lang='grc' dir='ltr'>μεστά-ς</span> <span class='ocrx_word' id='word_1_857' title='bbox 1809 378 1889 441; x_wconf 76' lang='grc' dir='ltr'>είς</span> <span class='ocrx_word' id='word_1_858' title='bbox 1918 396 1975 432; x_wconf 89' lang='grc' dir='ltr'>τε</span> <span class='ocrx_word' id='word_1_859' title='bbox 2006 386 2048 441; x_wconf 77' lang='grc' dir='ltr'>Α</span> <span class='ocrx_word' id='word_1_860' title='bbox 2080 383 2340 439; x_wconf 81' lang='grc' dir='ltr'>τοιούτων</span> <span class='ocrx_word' id='word_1_861' title='bbox 2392 388 2753 461; x_wconf 78' lang='grc' dir='ltr'>ψυχοφθόρων</span> <span class='ocrx_word' id='word_1_862' title='bbox 2794 395 2889 447; x_wconf 83' lang='grc' dir='ltr'>καὶ</span> <span class='ocrx_word' id='word_1_863' title='bbox 2947 394 3270 466; x_wconf 83' lang='grc' dir='ltr'>λυμεώνων,</span> <span class='ocrx_word' id='word_1_864' title='bbox 3334 402 3429 455; x_wconf 83' lang='grc' dir='ltr'>καὶ</span> <span class='ocrx_word' id='word_1_865' title='bbox 3488 404 3648 475; x_wconf 70' lang='grc' dir='ltr'>ἔχητε</span> 
     </span>
    </p>
   </div>
  </div>
