4078 6202
428 322 564 389 ι’ςιτι

1262 336 1608 398 CALLISTI
1653 337 1753 398 ET
1795 339 2223 402 PHILOTHEI
2254 341 2365 404 CP.
2397 345 2857 410 PATRIARCII.

3448 333 3452 338 ’
3543 341 3682 408 13M

426 443 536 501 κῶς
561 441 655 492 καὶ
679 439 841 533 θείως
869 445 962 499 καὶ¹
981 447 1324 517 ἡγνισμένως
1350 451 1443 504 καὶ
1470 453 1611 520 μετὰ
1634 435 2025 526 καθαρότητος
2037 478 2079 530 Α
2111 461 2205 514 καὶ
2249 459 2468 528 μακράν
2509 461 2978 533 ἀπορῤιφὴσεται,
3021 460 3098 522 ὥς
3139 459 3357 525 ἀνάξιος
3398 459 3543 511 κατά
3579 457 3681 528 τὴν

426 532 924 624 προσαρμρξούσης
955 539 1067 601 τοῖς
1097 538 1174 607 τῷ
1207 538 1328 610 Θεῷ
1360 541 1618 611 ἱερᾶσθαι
1648 545 1875 615 λαχοῦσι
1905 547 2002 600 κα)⁸
2106 549 2404 622 κανονικὴν
2435 532 2825 624 παρατήρησίν
2855 569 2915 606 τε
2948 553 3044 606 καὶ
3073 550 3503 620 παρακέλευσιν.

403 625 612 694 ,δοχεῖα
649 623 804 679 οὖσιν
844 628 1031 684 αὐτοῦ.
1064 630 1255 684 Ἔνθεν
1293 650 1371 686 τοι
1415 636 1508 688 καὶ
1549 638 1649 704 τῆς
1693 639 2001 709 κρείττονος

427 715 682 784 τυχόντες
723 716 772 768 οἱ
815 719 979 787 ἱερεῖς
1021 720 1225 785 τάξεως
1269 723 1473 778 καθ’ὃν
1512 727 1728 798 εἴρηται
1772 730 1998 800 τρόπον,

428 807 737 872 ὀφείλουσιν
780 809 998 873 πάντως
1046 813 1274 882 κοσμεῖν
1320 817 1550 882 ἑαυτοὺς
1600 821 1697 874 καὶ
1738 823 1852 885 τοῖς
1894 823 2004 876 τῶν

427 896 642 963 ἀρετῶν
674 896 858 967 ἔργοις
890 901 1214 956 ἀπευθύνειν
1244 908 1324 969 είς
1359 908 1590 980 μίμησιν
1618 912 1761 965 κατά
1789 913 1852 966 τὸ
1886 916 2006 984 ἐφι-

429 984 556 1037 κτὸν
587 985 681 1038 τοῦ
716 989 933 1057 πρώτου
966 992 1062 1044 καὶ
1095 995 1334 1062 μεγάλου
1369 998 1674 1069 ἀρχιερέως
1709 1002 1805 1055 καὶ
1835 1002 2004 1056 καλοῦ

429 1077 708 1146 ποιμένος,
741 1080 949 1149 Κυρίου
979 1084 1137 1153 ἡμῶν
1172 1088 1348 1157 Ἰησοῦ
1380 1083 1642 1160 Χριστοῦ,
1673 1094 1769 1148 τοῦ
1801 1097 1867 1149 τά
1900 1096 2006 1150 ῖδια

430 1167 680 1236 πρόϐατα
719 1170 1018 1236 καλοῦντος
1058 1178 1178 1230 κατ’
1203 1179 1373 1248 ὄνομα
1414 1182 1524 1236 ἀπὸ
1559 1185 1656 1254 τῆς
1696 1185 1842 1255 ζωῆς
1876 1187 2007 1240 ταύ-

429 1275 528 1327 της
561 1259 656 1352 ἐπὶ
690 1261 788 1330 τὴν
823 1263 1124 1331 μέλλουσαν
1155 1272 1251 1322 καὶ
1281 1274 1394 1335 τοῖς
1426 1274 1660 1342 δικαίοις
1695 1280 2006 1352 ἀποκεκλη-

432 1351 688 1422 ρωμένην
714 1355 806 1406 καὶ
838 1355 1154 1412 ἀκολουθεῖν
1181 1363 1302 1414 κατ’
1328 1363 1472 1434 ἴχνος
1501 1368 1613 1430 τοῖς
1643 1368 1810 1433 θείοις
1839 1351 2004 1426 αὐτοῦ

431 1441 724 1513 διδάγμασι
767 1447 861 1499 καὶ
895 1451 1012 1513 ταῖς
1052 1452 1319 1518 ἐντολαῖς,
1357 1456 1496 1509 ἀλλά
1539 1461 1614 1529 μὴ
1647 1463 1766 1524 ταῖς
1805 1464 1866 1515 οὔ
1911 1480 2010 1517 κα-

430 1536 553 1602 λαῖς
586 1537 869 1606 βιωτικαῖς
903 1544 1262 1613 περιστάσεσι
1297 1549 1388 1600 καὶ
1415 1551 1530 1614 τοῖς
1556 1554 1766 1621 γηίνοις
1796 1556 2008 1621 τούτοις

435 1627 534 1681 καὶ
566 1631 930 1701 προσκαίροις
962 1639 1398 1706 προστετηκότες
1430 1644 1752 1711 χραίνεσοαι
1773 1687 1790 1711 ,
1822 1648 2007 1700 ἐντεῦυ

433 1719 524 1773 θεν
569 1722 665 1774 καὶ
713 1722 803 1774 τὸν
855 1723 960 1790 τῆς
1008 1725 1189 1795 ψυχῆς
1239 1729 1521 1800 ὀφθαλμὸν
1569 1736 1866 1804 ἀμϐλύνειν
1913 1740 2008 1792 καὶ

2515 683 2544 756 ι-
2577 683 2902 756 Ὑπόσχεσις
2934 685 3042 738 τῶν
3077 685 3280 740 αὐτῶν.

2176 821 2246 874 ιι.
2277 821 2320 893 -ι-
2356 822 2508 876 Ἐπεὶ
2537 823 2564 876 ὁ
2591 821 3014 890 παναγιὼτατος
3041 823 3072 891 ὴ
3083 821 3204 890 μῶν
3229 820 3526 890 δεσπότης,
3556 821 3584 873 ὁ
3609 820 3687 872 ol-

2107 914 2434 983 κουμενικδς
2461 915 2830 985 πατριάρχης,
2859 916 2957 985 τῆς
2983 914 3093 967 τῶν
3119 914 3378 968 ἀπάντων
3409 914 3686 980 σωτηρίας

2107 1005 2200 1058 καὶ
2227 1004 2481 1071 εὐταξίας
2508 1007 2808 1076 κηδόμενος
2825 1049 2839 1071 ,
2864 1007 2939 1070 ὡς
2966 1007 3075 1060 ἀπὸ
3102 1005 3238 1059 Θεοῦ
3265 1006 3687 1074 καταπεμφθεὶς

2106 1097 2188 1158 εἱς
2237 1097 2416 1148 κοινὸν
2462 1097 2742 1166 φωτισμὸν
2791 1099 2886 1150 καὶ⁹
2933 1099 3230 1166 ἁγιασμόν,
3280 1097 3378 1159 τάς
3428 1096 3688 1163 ἀνωτέρω

2107 1187 2250 1238 κατά
2287 1186 2452 1255 μέρος
2484 1189 2784 1258 εἰρημένας
2819 1188 3174 1258 παραινέσεις
3208 1188 3300 1241 καὶ
3333 1187 3687 1248 διδασκαλίας

2109 1281 2572 1349 παρηγγυήσατο,
2599 1280 2704 1333 ὑπὸ
2729 1279 2824 1334 τοῦ
2856 1279 3128 1346 παναγίου
3157 1279 3475 1347 Πνεύματος
3501 1277 3654 1330 κινού
3673 1307 3688 1316 -

2112 1370 2270 1439 μενός
2300 1387 2360 1423 τε
2392 1371 2487 1423 καὶ
2519 1371 2918 1442 ὀδηγούμενος,
2951 1369 3016 1432 ἀς
3047 1371 3142 1424 καὶ
3168 1369 3240 1432 ὡς
3272 1371 3370 1423 ἀπ’
3394 1368 3562 1423 αὐτοῦ
3592 1357 3684 1421 τοῦ

2108 1447 2590 1530 Θεοῦέδεξάμεθα
2629 1461 2942 1531 όλοψύχως,
2989 1459 3409 1530 ὑπισχνούμεθα
3449 1460 3550 1529 ἤδη
3595 1461 3686 1522 ἐγ-

2109 1554 2372 1620 γράφως,
2422 1555 2509 1606 ἴνα
2559 1555 2922 1623 φυλάττωμεν
2970 1554 3066 1617 τάς
3114 1553 3373 1614 τοιαύτας
3419 1551 3690 1616 διατάξεις

2064 1693 2076 1702 ,
2111 1645 2206 1696 καὶ
2231 1646 2610 1708 ὑποτυπώσεις
2639 1646 3092 1716 ἀπαραποιήτους
3116 1662 3175 1697 τε
3206 1645 3304 1696 καὶ
3329 1641 3690 1712 ἀπαραθραύ-

2113 1752 2292 1799 στους,
2324 1738 2420 1790 καὶ
2451 1735 2850 1807 συντηρώμεθα
2878 1742 3021 1790 κατά
3053 1737 3230 1789 πάντα
3263 1735 3357 1787 ἐπὶ⁵
3387 1737 3452 1804 τῇ
3487 1733 3692 1785 τούτων

431 1809 572 1862 οὕτω
604 1810 720 1879 βίον
751 1810 1027 1881 αἱρεῖσθαι
1057 1815 1338 1884 ἀπᾴδοντα
1368 1822 1465 1874 καὶ
1497 1822 1572 1891 μὴ
1607 1825 2005 1893 συμφωνοῦντα
2042 1826 2082 1879 Β
2109 1827 2383 1898 ἀσφαλείᾳ
2425 1827 2519 1879 καὶ
2561 1826 2929 1896 ἐκπληρώσει.
2973 1827 3099 1878 Ἐὰν
3142 1827 3222 1890 δὲ,
3263 1825 3403 1891 ὅπερ
3451 1825 3692 1891 ἀπευχό-

431 1900 510 1971 τῷ
552 1901 816 1971 ἱερατικῷ
859 1904 1124 1974 σχήματι,
1159 1908 1233 1970 ὡς
1267 1913 1333 1980 τῇ
1378 1912 1527 1983 αἱτίᾳ
1561 1916 1732 1986 ταύτῃ
1773 1917 2008 1986 συμϐαί·

431 2007 564 2055 νειν,
612 1990 711 2062 τὴν
759 1994 858 2062 μὲν
903 1995 1157 2062 γλῶσσαν
1202 1999 1476 2072 ἐπιρρεπῆ
1526 2004 1662 2074 πρὸς
1708 2006 1769 2058 τὸ
1816 2006 2010 2076 ψεῦδος

431 2083 578 2150 ἔχειν
607 2083 830 2149 αὐτοὺς,
865 2087 1240 2162 φιλαργύρους
1267 2093 1326 2145 δὲ
1357 2094 1646 2162 φαίνεσθαι
1679 2099 1774 2152 καὶ
1801 2100 2010 2153 οἰνοπό-

432 2191 550 2241 τας,
590 2175 926 2242 πλεονεξίαις
956 2184 1247 2251 χαίροντας
1277 2186 1370 2238 καὶ
1400 2186 1740 2258 φιλοκερδεῖς
1767 2191 2010 2262 ἀσχημό-

435 2283 538 2328 νως
578 2269 670 2321 καὶ
705 2268 767 2323 τὸ
804 2271 950 2340 μέγα
983 2273 1082 2343 τῆς
1117 2274 1418 2346 ἱερωσύνης
1453 2276 1588 2348 ὕψος
1609 2319 1623 2344 ,
1661 2281 1762 2348 φεῦ
1791 2283 1805 2337 ί
1843 2299 2011 2336 κατα-

437 2357 692 2422 σπῶντας
737 2361 817 2424 είς
866 2362 1139 2433 ἐμπορίαν
1187 2366 1468 2437 προδήλως
1519 2373 2006 2444 κατεγνωσμένην,

431 2446 588 2515 ὀλίγα
612 2449 706 2502 τοῦ
734 2451 872 2505 κατά
899 2450 1076 2525 ψυχὴν
1104 2456 1254 2520 ἐντὸς
1285 2457 1574 2528 ἀνθρώπου
1604 2463 2009 2532 φροντίζοντας,

430 2539 523 2593 τὸν
554 2538 599 2592 δ’
623 2539 730 2605 ἔξω
765 2543 862 2597 καὶ
897 2548 1216 2615 σωματικὸν
1247 2549 1575 2619 θεραπεύειν
1610 2554 1773 2622 μόνον
1807 2559 2012 2627 προθυ-

437 2634 764 2702 μουμένους,
788 2635 864 2700 ὡς
888 2636 1135 2706 γίνεσθαι
1163 2640 1256 2694 τὸν
1285 2641 1432 2713 ἱερέα
1455 2642 1531 2708 ὡς
1555 2636 1646 2697 τὸν
1667 2645 1794 2699 λαόν
1813 2663 1828 2678 ο
1858 2649 2012 2717 μόλις

433 2726 540 2796 γάρ
579 2727 644 2781 ἀν
676 2728 754 2799 τῷ
789 2732 1034 2798 περιόντι
1069 2733 1180 2787 τῶν
1215 2735 1397 2789 καλῶν
1431 2735 1611 2808 ἔργων
1645 2738 1925 2809 δυνηθεῖεν
1961 2743 2011 2794 οἱ

435 2819 599 2890 ἱερεῖς
639 2819 822 2878 ἕλκειν
861 2827 941 2887 είς
983 2825 1216 2896 μίμησιν
1257 2829 1384 2893 τοὺς
1424 2831 1506 2892 εἱς
1544 2830 1741 2893 αὐτοὺς
1785 2831 2013 2898 βλέπον·

433 2927 531 2974 τας
558 2928 574 2944 ο
607 2912 699 2966 ἐὰν
732 2913 788 2966 δὲ
825 2914 1029 2984 φαῦλον
1061 2918 1373 2988 ἀρχέτυπον
1408 2921 1741 2989 φαίνωνται,
1780 2939 2012 2992 καταγι-

434 3005 795 3073 νωςκόμενοι,
836 3009 1013 3080 πόσης
1049 3011 1122 3065 ἀν
1162 3011 1247 3081 εῖη
1293 3010 1449 3065 τοῦτο
1489 3012 1590 3083 τῆς
1634 3015 2013 3085 κατακρίσεως

432 3095 621 3165 ἄξιονς
656 3101 756 3153 Διά
789 3100 964 3156 ταῦτα
997 3101 1416 3175 διασκεψαμένη
1451 3105 1820 3178 ἡμετριότης
1857 3109 2012 3179 ἡμῶν

435 3188 738 3258 ἀσφάλειαν
781 3194 876 3264 τὴν
919 3195 1238 3266 πρέπουσαν
1284 3199 1582 3268 ἐποιήσατο
1628 3201 1722 3252 καὶ
1762 3201 1864 3269 τῆς
1906 3201 2014 3254 τῶν

440 3278 635 3350 ἱερέων
668 3281 1040 3363 διορθῶσεως,
1075 3285 1573 3356 Χριστοῦεχάριτι,
1607 3289 1700 3339 καὶ
1734 3285 2016 3352 ἐξελέξατο

440 3371 548 3424 ἀπὸ
573 3373 679 3426 τῶν
701 3375 758 3428 ἐν
781 3378 847 3446 τῇ
876 3375 1210 3448 θεοδοξάστῳ
1239 3377 1816 3431 Κωνσταντινουπόλει
1845 3379 2019 3432 τοιού-

439 3481 549 3516 των
572 3466 763 3535 ἱερέων
784 3468 905 3530 τοὺς
934 3485 1262 3540 μεμαρτυρη
1272 3471 1468 3540 μένους
1493 3471 1890 3525 ἀντιποιεῖσθαι
1919 3471 2020 3541 μά-

440 3556 599 3610 λιστα
633 3557 752 3627 βίου
784 3559 1065 3628 θεοφιλοῦς
1097 3562 1191 3615 καὶ
1223 3563 1545 3631 κρείττονας
1577 3564 1670 3634 καὶ
1700 3563 2020 3616 εὐλαϐεστέ-

447 3667 606 3717 ρους,
657 3654 751 3705 καὶ
803 3656 1108 3727 κατέστησε
1161 3655 1289 3709 καθ’
1321 3655 1560 3727 ἐκάστην
1613 3655 1888 3723 γειτονίαν
1937 3657 2019 3718 είς

443 3740 712 3813 ἐξάρχους
743 3744 853 3798 τῶν
881 3726 1082 3799 λοιπῶν
1117 3747 1305 3816 ἱερέων
1337 3746 1433 3807 ἐπὶ
1464 3726 1542 3816 τιξὶ
1578 3745 1723 3800 κατὰ
1753 3745 1851 3817 τὴν
1880 3746 2018 3815 πρὸς

444 3835 640 3899 αὐτοὺς
684 3837 942 3890 ἀνάθεσιν
979 3832 1120 3909 μετά
1159 3842 1342 3910 πάσης
1379 3839 1658 3910 προσοχῆς
1697 3840 1789 3892 καὶ
1823 3856 2021 3908 συντη·
2048 3876 2059 3882 ε

447 3926 658 3996 ρήσεως
689 3928 1009 3983 ἐπιϐλέπειν
1035 3931 1232 3992 αὐτοὺς
1262 3932 1358 3984 καὶ
1389 3930 1663 3983 διδάσκειν
1692 3930 1788 3984 καὶ¹
1817 3947 2019 4000 παραι-

443 4025 588 4086 νεῖν,
619 4023 719 4076 δσα
752 4024 832 4085 είς
868 4022 1130 4076 σύστασιν
1161 4022 1258 4090 καὶ
1289 4022 1496 4092 κόσμον
1530 4021 1810 4091 ἀφορῶσιν
1840 4020 2021 4076 αὐτῶν

444 4113 537 4165 καὶ
590 4113 894 4182 ἀσφάλειαν
939 4113 1045 4184 τῆς
1094 4106 1562 4184 ἐκκλησιαστικῆς
1611 4110 2018 4176 καταστάσεως,

443 4203 517 4263 ὡς
557 4202 623 4257 ἀν
657 4203 910 4259 ἐντεῦθεν
940 4204 1002 4259 τὸ
1035 4206 1219 4275 τίμιον
1255 4205 1351 4258 καὶ
1383 4203 1663 4272 αἰδέσιμον
1697 4201 1914 4273 ἔχοντες
1946 4201 2022 4254 οῖ-

444 4297 605 4350 κοθεν
635 4298 738 4368 τῆς
772 4297 1104 4368 πρεπούσης.
1124 4297 1387 4363 ἁξιῶνται
1420 4295 1708 4359 εὐλαϐείας
1732 4295 1836 4348 καὶ
1867 4294 2022 4363 παρά

442 4389 540 4443 τοῦ
579 4387 766 4444 κοινοῦ
806 4389 1088 4460 δημώδους
1127 4387 1290 4456 λαοῦ,
1330 4388 1424 4442 καὶ
1464 4387 1660 4457 ἔχωσιν
1694 4383 1843 4442 οῦτοι
1885 4385 2021 4455 πρὸς

2115 1915 2273 1985 μεθα,
2324 1915 2756 1984 ἀπελεγχθῶμεν
2799 1915 2892 1968 ἐπὶ
2937 1915 3249 1983 παραϐάσει
3293 1914 3391 1966 καὶ
3437 1913 3696 1980 ἀθετήσει

2111 2006 2290 2060 αὐτῶν
2313 2047 2328 2070 ,
2365 2005 2862 2080 καταδικαζώμεθα
2899 2007 2991 2069 καὶ
3026 2006 3392 2074 ἐκπίπτωμεν
3429 2007 3689 2073 ἀσυμπα-

2113 2099 2220 2161 θῶς
2256 2099 2352 2152 καὶ
2384 2099 2484 2168 τῆς
2524 2099 2827 2168 ἱερωσύνης
2860 2099 3018 2170 ἡμῶν
3040 2137 3055 2162 ,
3092 2097 3188 2150 καὶ
3223 2094 3582 2164 εύθυνώμεθα
3616 2094 3692 2156 ὼς

2112 2192 2212 2253 τάς
2263 2190 2734 2260 ὲκκλησιαστικάς
2790 2191 2885 2244 καὶ
2939 2188 3306 2256 ἀποστολικάς
3359 2186 3690 2256 παραδόσεις

2112 2283 2586 2351 περιφρονοῦντες.
2611 2281 2770 2352 Μηνὶ
2798 2284 3129 2352 Δεκεμϐρίῳ
3160 2271 3274 2336 ινδ.
3303 2277 3373 2334 δ’.

2181 2373 2222 2444 -ι-
2256 2375 2391 2442 Περὶ
2428 2373 2546 2429 τῶν
2579 2376 2952 2445 ἐκλεγέντων
2987 2371 3411 2440 πνευματικῶν
3443 2370 3544 2426 διὰ
3576 2387 3694 2424 τοι-

2110 2465 2307 2520 ούτων
2339 2465 2718 2521 δεσποτικῶν
2748 2467 2956 2536 τιμίων
2989 2464 3419 2532 ἐγτιιλτηρίωνι

2184 2648 2280 2701 111.
2316 2645 2358 2718 ἰ-
2393 2647 2458 2701 Ἡ
2485 2646 2578 2700 τοῦ
2613 2646 2916 2715 φιλαγάθου
2948 2645 3085 2699 Θεοῦ
3114 2607 3275 2717 ἡμῶν
3308 2646 3439 2715 περὶ
3465 2647 3528 2699 τὸ
3563 2647 3698 2716 ἠμέ-

2111 2755 2274 2806 τερον
2304 2739 2460 2806 γένος
2491 2737 2790 2808 κηδεμονία
2815 2737 2994 2806 σοφῶς
3023 2738 3090 2792 τά
3122 2739 3299 2791 πάντα
3329 2737 3698 2807 διοικονομουο

2077 2904 2081 2910 _
2116 2831 2252 2900 μένη
2282 2831 2379 2884 καὶ
2408 2830 2764 2884 διευθύνουσα
2791 2831 2893 2899 τὴν
2922 2831 3025 2900 τῆς
3059 2829 3447 2897 πνευματικῆς
3477 2829 3700 2899 χάριτ⁷ς

2115 2923 2429 2990 ἐπιστήμην
2463 2922 2702 2991 ἀρχῆθεν
2741 2923 2850 2986 τοῖς
2886 2919 2985 2992 τὴν
3019 2921 3391 2992 ποιμαντικὴν
3426 2924 3523 2976 καὶ
3555 2921 3700 2974 διδα-

2116 3015 2380 3085 σκαλικὴν
2417 3014 2576 3080 ἀξίαν
2616 3012 2874 3082 λαχοῦσιν
2917 3014 3204 3083 ἱεράρχαις
3247 3012 3582 3082 ἐπέτρεψεν,
3620 3015 3700 3072 εἰς

2113 3107 2321 3177 δοχεῖον
2355 3105 2450 3160 τοῦ
2488 3106 2646 3174 ἀγίου
2682 3107 3006 3175 Πνεύματος
3039 3104 3531 3174 παρασκευάσασιν
3568 3104 3700 3154 ἑαυο

2119 3198 2268 3261 τούς·
2316 3197 2432 3250 ἀλλ’
2461 3199 2495 3266 ἠ
2549 3198 2790 3266 μέριμνα
2833 3195 2926 3249 καὶ
2970 3194 3195 3262 φροντὶς
3237 3191 3347 3247 τῶν
3391 3191 3700 3261 ἐκκληῶὼν

2119 3290 2214 3344 καὶ¹
2253 3289 2286 3358 ἡ
2333 3286 2474 3354 μετά
2516 3287 2751 3354 σπουδῆς
2795 3285 3149 3354 ὲπεκδίκησις
3181 3284 3292 3338 τῶν
3325 3285 3700 3354 ἀδικουμένων

2120 3380 2212 3432 καὶ
2241 3380 2296 3432 αἱ.
2325 3379 2436 3432 τῶν
2467 3377 2651 3449 χηρῶν
2681 3377 2776 3431 καὶ
2805 3377 3060 3448 ὀρφανῶν
3091 3376 3517 3445 ἐποφειλόμεναι
3549 3377 3701 3430 ἀντι-

2118 3471 2313 3540 λήψεις
2335 3469 2432 3522 καὶ
2457 3468 2820 3539 προστασίαι,
2849 3467 3076 3537 προσέτι
3102 3484 3166 3537 γε
3199 3468 3306 3537 μὴν
3334 3467 3427 3520 καὶ
3451 3467 3520 3521 τά
3549 3469 3700 3528 παρά

2119 3564 2212 3618 τοῦ
2256 3563 2435 3618 κοινοῦ
2476 3562 2675 3632 ἐχθροῦ
2715 3561 2793 3630 τῷ
2841 3561 3171 3630 ἀνθρωπίνῳ
3209 3561 3354 3628 γένει
3397 3560 3510 3614 τῶν
3550 3562 3703 3632 αἱρέ-

2121 3672 2260 3708 σεων
2297 3653 2521 3722 κύματα
2557 3651 2839 3719 θαλάσσης
2873 3651 3030 3722 δίκην
3066 3649 3158 3702 ὑπ’
3183 3649 3402 3719 ἀνέμων
3434 3667 3701 3721 τραχυνο-

2123 3746 2292 3816 μένης
2336 3743 2478 3797 κατὰ
2518 3743 2617 3811 τῆς
2657 3741 2943 3812 όρθοδόξου
2985 3740 3229 3803 πίστεως
3272 3740 3599 3810 ἐγειρόμενά
3640 3759 3698 3792 τε

2121 3839 2219 3892 καὶ
2266 3836 2627 3899 ἐπικλύζοντα
2681 3833 3020 3886 στασιαστῶν
3068 3831 3164 3886 καὶ
3209 3833 3560 3901 χαιρεκάκων
3612 3835 3705 3885 ἀν-

2123 3929 2362 3999 θρώπων
2397 3928 2502 3980 ὑπὸ
2535 3925 2630 3978 τοῦ
2673 3925 2911 3996 πονηροῦ
2956 3923 3368 3994 ἐνεργουμένων
3404 3925 3546 3976 κατὰ
3587 3923 3702 3976 δια-

2124 4020 2325 4090 φόρους
2353 4017 2582 4088 καιρούς
2605 4034 2664 4070 τε
2690 4018 3034 4086 καὶ.χρόνους
3059 4014 3510 4084 ἐπανισταμένων
3533 4001 3702 4084 ἀφρό-

2121 4131 2228 4177 νως
2273 4113 2373 4168 οὐκ
2418 4111 2592 4182 ἐφῆκε
2637 4109 2852 4172 τούτοις
2900 4107 3118 4179 βοηθεῖν
3165 4107 3311 4161 κατά
3358 4107 3565 4160 σκοπὸν
3610 4109 3705 4160 καὶ

2126 4203 2458 4276 θεραπεύειν
2491 4199 2935 4273 ἐπιστημονικῶς
2966 4188 3092 4261 τοὺς
3125 4198 3266 4267 βέλει
3297 4198 3397 4268 τῆς
3429 4198 3706 4269 ἁμαρτίας

2125 4297 2572 4370 πεπληγμένους,
2623 4294 2918 4350 κάντεῦθεν
2965 4292 3234 4355 ποικίλοις
3283 4291 3381 4345 καὶ
3423 4291 3702 4360 διαφόροις

2124 4391 2403 4463 τραύμασι
2447 4389 2851 4454 καταστίκτους
2896 4385 3302 4454 γεγενημένους
3345 4385 3440 4437 καὶ
3490 4383 3705 4436 πολλῶν

445 4480 643 4544 αὐτοὺς
675 4479 737 4533 τὸ
779 4478 943 4542 σέϐας
985 4478 1423 4548 προσερχόμενοι
1465 4477 1564 4529 καὶ
1593 4472 1898 4542 ’ζητοῦντες
1929 4475 2022 4528 τὸν
2052 4499 2098 4555 ι)
2126 4485 2237 4538 τῶν
2265 4481 2575 4551 φαρμάκων
2603 4480 2699 4533 καὶ
2723 4478 2834 4530 τῶν
2865 4477 3064 4530 ἱάσεων
3087 4475 3397 4541 δεομένους.
3425 4474 3524 4525 Διά
3549 4472 3710 4525 τοῦτο

445 4571 726 4640 ἀγιασμὸν
753 4569 887 4642 παρ’
912 4569 1092 4624 αὐτῶν
1121 4567 1241 4638 μετ’
1263 4567 1445 4631 αἰδοῦς
1470 4585 1528 4621 τε
1558 4568 1650 4620 καὶ
1681 4565 2018 4631 εὐπειθείας,

447 4664 543 4715 καὶ
573 4663 724 4735 οὐδὲν
755 4662 1158 4734 καθυϐρίζηται
1189 4661 1249 4714 τὸ
1283 4662 1429 4732 μέγα
1458 4661 1620 4714 τοῦτο
1646 4659 1748 4729 τῆς
1782 4659 2018 4728 Ἐκκλη-

449 4753 574 4815 σίας
609 4754 903 4821 κεφάλαιον
937 4755 1023 4808 διά
1058 4753 1336 4815 πολιτείας
1372 4753 1618 4824 φαύλης,
1653 4751 1728 4814 ὡς
1763 4753 1978 4822 εἴρηται
2001 4765 2015 4779 ·

445 4845 868 4911 γινωσκέτωσαν
921 4846 1029 4916 γάρ
1086 4849 1166 4911 είς
1221 4844 1448 4917 βεϐαίαν
1503 4844 1596 4897 καὶ
1645 4842 2020 4913 ἀναμφίϐολον

447 4937 847 5009 πληροφορίαν,
875 4940 979 5004 ὅτι,
1005 4938 1064 5001 ὃς
1094 4938 1161 4992 ἂν
1191 4938 1299 4990 ἀπὸ
1329 4937 1422 4990 τοῦ
1455 4935 1550 4989 νῦν
1577 4935 1776 5005 εὑρεθῇ
1805 4934 1913 4986 τῶν
1946 4933 2022 4986 ls-

450 5031 686 5100 ρατικῶς
717 5031 1194 5102 ὲξυπηρετούντων
1223 5027 1344 5097 Θεῷ
1373 5027 1850 5098 ἀναστρεφόμενος
1883 5025 2022 5097 μετά

448 5124 652 5177 λαῖκῶν
695 5127 754 5198 ἐν
796 5123 1124 5193 συμποσίοις
1164 5119 1198 5184 ἢ
1239 5119 1515 5183 ἀσυνέτως
1556 5118 1654 5170 καὶ
1692 5117 2024 5186 ἀφυλάκτως

451 5197 770 5286 περιπατῶν
803 5215 832 5284 ἢ
869 5217 1072 5286 μάχαις
1102 5197 1200 5266 καὶ
1227 5213 1494 5283 ταραχαῖς
1523 5214 1619 5265 καὶ
1653 5210 1876 5263 στάσεσι
1907 5207 2027 5278 χαί-

452 5324 563 5378 ρων
615 5308 648 5377 ῆ
706 5306 982 5377 ἐμπορίαν
1037 5305 1362 5374 ποιούμενος
1418 5302 1876 5372 κατεγνωσμένην
1931 5300 2024 5354 καὶ

449 5399 828 5467 ἀπείργουσαν
871 5398 933 5452 τὸ
981 5397 1256 5468 ἱερατικὸν
1299 5395 1547 5465 ἀξίωμα,
1592 5393 1626 5463 ἢ
1670 5392 2026 5462 ὁπωσδήποτε

452 5496 822 5568 ἀπελεγχθείη
856 5496 1058 5564 διάγων
1098 5492 1248 5562 παρά
1280 5488 1914 5562 τὴνιπροσαρμόξουσαν
1953 5488 2028 5540 ἱεο

457 5589 687 5658 ρατικὴν
721 5589 1060 5643 κατάστασιν
1092 5587 1186 5640 καὶ
1219 5585 1545 5654 ἀκρίϐειαν,
1583 5584 1898 5636 ἐκπεσεῖται
1930 5582 2030 5633 αύ-

454 5680 577 5734 τίκσ
611 5681 709 5750 τῆς
741 5680 899 5746 ἀξίας
929 5681 1022 5733 καὶ
1051 5679 1209 5748 δόξης
1237 5677 1333 5730 τοῦ
1368 5674 1726 5744 σεμνώματος
1753 5673 1850 5727 τοῦ
1882 5675 2032 5742 ἱερα-

458 5773 636 5840 τικοῦ,
679 5775 775 5828 καὶ
815 5773 908 5826 τοῦ
956 5771 1115 5843 χοροῦ
1159 5770 1266 5827 τῶν
1315 5768 1507 5840 ἱερέων
1552 5766 2030 5839 ἀποτμηθήσεται,

2127 4575 2190 4628 τδ
2221 4575 2323 4638 τῆς
2365 4571 2744 4639 πνευματικῆς
2779 4567 2984 4636 ταύτης
3021 4564 3299 4626 διακονίας
3335 4563 3711 4632 λειτούργημα

2131 4663 2196 4715 τὸ
2225 4661 2344 4715 κατ’
2367 4661 2576 4714 ἐκείνου
2609 4656 2806 4728 καιροῦ
2833 4657 2943 4719 τοῖς
2976 4653 3269 4725 ἱερατικῶς
3297 4653 3414 4719 Θεῷ
3446 4652 3714 4728 ἐξυπηρεο

2133 4756 2420 4826 τουμένοις
2442 4791 2458 4818 ,
2489 4747 2931 4818 κεκαθαρμένοις
2962 4746 3083 4800 οῦσι
3111 4746 3209 4799 καὶ
3240 4743 3440 4815 ἀρετῆς
3470 4743 3566 4797 καὶ
3597 4743 3713 4811 βίου

2137 4846 2422 4918 θεοφιλοῦς
2455 4843 2930 4912 ἀντιποιουμένοις
2962 4840 3061 4893 καὶ
3095 4833 3154 4891 εὖ
3193 4837 3337 4906 μάλα
3375 4837 3714 4905 πεπειραμέ-

2137 4958 2249 5004 νοις
2271 4939 2470 5011 ψυχῶν
2485 4933 2849 5008 προΐστασθαι
2874 4933 2970 4985 καὶ
2993 4929 3356 5000 χειραγωγεῖν
3380 4926 3551 4987 αὑτὰς
3577 4926 3713 4992 πρὶς

2135 5035 2237 5103 τὴν
2283 5029 2562 5098 σωτηρίαν
2603 5025 2756 5096 παρά
2795 5024 2904 5078 τῶν
2951 5021 3210 5075 τοιούτων
3255 5017 3577 5110 προστατῶν
3619 5016 3715 5066 καὶ

2137 5122 2611 5191 πνευματοφόρων
2648 5109 2914 5182 Πατέρων
2943 5114 3038 5170 καὶ
3077 5109 3418 5164 διδασκάλων
3451 5106 3676 5165 ἀνετέθη
3697 5146 3712 5169 ,

2139 5217 2214 5278 ὼς
2249 5214 2395 5274 εἰκὸς
2416 5250 2432 5274 ,
2471 5209 2611 5263 κατά
2647 5206 2933 5278 μετάδοσιν
2967 5203 3267 5271 θειοτέραν.
3295 5195 3404 5252 Ἦν
3439 5193 3533 5250 οὖν
3567 5195 3715 5248 τοῦθ’

2138 5308 2282 5362 οὓτω
2320 5303 2502 5367 καλῶς
2535 5303 2630 5355 καὶ
2663 5299 2975 5368 θεαρέστως
3009 5293 3310 5365 προϐαῖνόν
3343 5307 3404 5343 τε
3441 5289 3537 5343 καὶ
3571 5288 3718 5356 γινό-

2145 5393 2307 5466 μενον
2330 5411 2344 5427 ’
2383 5394 2508 5445 ἐπεὶ
2544 5390 2602 5443 δὲ
2634 5391 2753 5450 ταῖς
2786 5386 2928 5440 κατά
2965 5384 3165 5454 μικρὸν,
3193 5381 3482 5449 ἐπηρείαις
3516 5380 3585 5431 τά
3617 5379 3716 5444 τῆς

2142 5483 2424 5553 θεοφιλοῦς
2451 5481 2656 5550 ταύτης
2686 5477 2977 5532 ἐσϐέννυτο
3006 5472 3417 5538 καταστάσεως,
3447 5470 3542 5523 καὶ
3567 5469 3596 5521 ὁ
3620 5467 3716 5520 τοῦ

2143 5581 2351 5644 κόσμου
2391 5577 2598 5647 ἅρχων,
2639 5572 2734 5625 ἅτε
2772 5570 2834 5638 δὴ
2873 5567 2983 5621 τῶν
3027 5565 3283 5631 ζιζανίων
3324 5563 3582 5632 σπορεὺς,
3619 5562 3720 5614 οὐκ

2145 5671 2384 5726 ἐπαύετο
2413 5666 2700 5738 χρώμενος
2729 5664 2848 5724 ταῖς
2882 5659 3190 5721 κακίσταις.
3213 5655 3380 5710 αὐτοῦ
3418 5653 3718 5724 μεθοδείαις

2150 5763 2248 5819 καὶ
2295 5760 2564 5833 μηχαναῖς
2611 5757 2690 5820 εἱς
2736 5751 3015 5821 ἐξαπάτην
3057 5751 3154 5803 καὶ
3199 5743 3580 5816 ἐξουθενισμδν
3627 5742 3719 5793 καὶ
