4078 6202
503 339 646 408 ιιιο

1564 335 1963 399 SYNODIC/E
2002 323 2692 397 CONSTITUTIONES.

3613 327 3749 393 ιιεο

498 452 645 508 κατά
670 452 768 521 τὴν
807 451 913 503 τῶν
953 449 1115 520 ιερῶν
1147 448 1392 503 κανόνων
1424 449 1831 519 παρακέλευσιν
1856 450 1937 510 είς
1974 449 2074 514 τὴν
2110 453 2149 506 Α
2179 440 2436 510 ἐφορείας
2487 437 2804 500 ιθέσπισεν,
2848 436 2911 490 οὐ
2966 436 3075 508 μὴν
3109 435 3233 509 τὴν,
3263 440 3456 493 τούτου
3491 442 3753 514 ὲκτριϐὴν

497 546 659 615 ἡμῶν
712 542 1047 611 μετριότητα
1070 559 1083 573 ο
1115 541 1241 594 ὃθεν
1272 540 1366 594 καὶ
1407 541 1711 612 διεμηνύθη
1735 541 1879 594 κατά
1912 540 1972 592 τὸ
1998 539 2074 591 εί-

497 635 597 696 κὸς
630 636 661 704 ἡ
704 632 930 702 ρηθεῖσα
959 633 1329 702 περιπόθητος
1360 631 1629 702 ὲξαδέλφη
1651 630 1746 684 τοῦ
1769 630 2072 698 κρατίστου

498 727 595 777 καὶ
646 724 803 790 ἁγίου
860 739 963 791 μου
1018 723 1425 792 αὐτοκράτορος
1454 723 1487 792 ή
1517 719 1954 792 Φιλανθρωπηνὴ
1983 717 2077 771 διὰ

498 814 593 867 τοῦ
618 813 966 889 ἐντιμοτάτου
992 812 1439 883 ραιφερενδαρίου
1461 813 1559 881 τῆς
1579 811 1705 865 καθ’
1726 803 1876 879 ἡμᾶς
1906 810 2078 879 ἀγιω-

497 908 667 975 τάτης
717 905 810 959 τοῦ
845 905 981 959 Θεοῦ
1033 905 1295 974 Μεγάλης
1329 904 1675 975 Ἑκκλησίας,
1695 900 1801 972 κῦρ
1820 899 2076 971 Μανουὴλ

498 998 593 1052 τοῦ
617 997 965 1069 Σιλϐέστρου,
987 992 1054 1071 ἦς
1081 998 1144 1068 δὴ
1165 997 1259 1050 καὶ
1294 996 1463 1067 μηδὲν
1506 996 1793 1063 εἰπούσης,
1813 993 1950 1063 μηδέ
1971 993 2097 1055 δει-,

500 1091 670 1160 ξάσης
699 1091 843 1144 κατά
861 1091 919 1144 τὸ
943 1091 1182 1162 πρῶτον,
1206 1090 1301 1142 καὶ
1325 1088 1563 1157 δευτέρῳ
1603 1085 1880 1159 μηνύματι
1910 1084 2078 1154 ἐχρη-

504 1182 718 1252 σάμεθα
744 1180 835 1235 διά
863 1180 961 1234 τοῦ
988 1180 1323 1250 τιμιωτάτου
1382 1177 1623 1248 μεγάλου
1657 1174 2076 1247 χαρτρφύλακος

500 1277 597 1328 καὶ
621 1276 828 1327 ὑπάτου
852 1273 962 1327 τῶν
995 1274 1326 1342 φιλοσόφων,
1352 1272 1654 1341 ἀγαπητῶν
1680 1270 1823 1323 κατά
1850 1271 2077 1339 Πνεῦμα

502 1368 637 1420 υίῶν
669 1370 769 1436 τῆς
815 1366 972 1435 ἡμῶν
1012 1365 1391 1434 μετριότητος,
1424 1362 1720 1417 κάντεῦθεν
1748 1363 1870 1416 ἀντὶ
1895 1364 2077 1431 πάσης

506 1454 805 1522 ἀπολογίας
848 1454 1199 1518 ἐξαπέστειλε
1247 1454 1387 1524 πρὶς
1419 1452 1516 1524 τὴν
1552 1452 1712 1522 ἡμῶν
1745 1451 2077 1523 μετριότητα

503 1549 567 1601 τὸ
596 1546 836 1601 τοιοῦτον
880 1548 1074 1600 σεπτὸν
1096 1544 1517 1615 χρυσόϐουλλον,
1537 1545 1674 1614 ὅπερ
1706 1544 1802 1598 καλ⁸
1831 1545 2080 1611 ἀναγνω-

507 1638 633 1690 σθὲν
661 1639 755 1689 καὶ
789 1630 1031 1700 ἐξετάσει
1059 1636 1211 1689 δοθὲν
1240 1634 1474 1704 εὓρηται
1503 1634 1605 1704 οὐχ
1636 1634 1711 1696 ὼς
1744 1633 1954 1705 προέϐη
1978 1632 2080 1704 τὴν

505 1728 705 1799 ἀρχὴν,
739 1727 852 1779 ἀλλ’
894 1728 1014 1796 οὐχ,
1059 1727 1135 1788 ὡς
1173 1726 1304 1791 ἔδει,
1329 1725 1698 1794 μεταποιηθδν
1733 1726 1830 1779 καὶ
1864 1725 1939 1796 μὴ
1976 1725 2080 1796 τῆς

502 1818 765 1890 ἀληθείας
788 1820 1069 1888 ἐχόμενον,
1094 1820 1149 1870 ἐν
1173 1812 1255 1881 οἷς
1281 1818 1383 1888 τὴν
1410 1816 1527 1885 τοῦδ
1554 1818 1926 1888 μοναστηρίου
1975 1835 2079 1874 παξ

509 1912 810 1981 ραπομπὴν
838 1913 935 1962 καὶ
961 1909 1371 1964 καταδούλωσιν
1403 1910 1639 1962 ἐποιεῖτο
1668 1909 1764 1963 καὶ
1794 1909 1933 1979 πρὸς
1952 1909 2081 1973 τοὺς

509 2003 707 2066 παῖδας
733 2001 829 2054 τοῦ
864 2001 1123 2072 ῥηθέντος
1152 2002 1681 2069 πανυπερσεϐάστου
1722 2000 1818 2054 καὶ
1843 2000 2081 2071 καθεξῆς

499 2096 767 2160 ὡσαύτως
820 2095 956 2164 πρὸς
1002 2096 1128 2158 τοὺς
1177 2095 1237 2161 ἐξ
1275 2094 1501 2149 ἐκείνων
1552 2094 1747 2159 παῖδας
1775 2095 1874 2146 καὶ
1900 2093 2081 2148 διαδό-

500 2205 653 2258 Χους-
686 2188 799 2257 Τῆς
832 2186 962 2256 γοῦν
996 2187 1309 2251 ὑποθέσεως
1354 2187 1498 2240 οὕτω
1552 2187 2078 2258 παρακολουθούσης

484 2275 597 2328 »καὶ
622 2274 718 2328 τοῦ
751 2276 999 2328 τοιούτου
1048 2274 1252 2329 σεπτοῦ
1286 2274 1685 2345 χρυσοϐούλλου
1723 2278 1864 2347 μετά
1890 2277 2075 2341 ἑξετά·

504 2386 639 2431 σεως
662 2366 923 2440 ἀκριϐοῦς
940 2367 1303 2436 ἀναφανέντος
1339 2384 1680 2438 μεταπεποιη
1690 2368 1853 2438 μένου
1879 2372 1959 2433 είς
1981 2370 2081 2439 τὴν

507 2456 773 2530 ῥηθεῖσαν
805 2455 1192 2527 παραπομπὴν
1239 2458 1332 2509 καὶ
1377 2455 1781 2510 καταδούλωσιν
1812 2458 1909 2511 καὶ
1941 2458 2081 2528 πρὸς

505 2550 637 2611 τοὺς
696 2549 891 2610 παῖδας
925 2546 1118 2600 τούτου
1172 2545 1237 2617 δὴ
1284 2547 1382 2599 τοῦ
1431 2532 1957 2619 πανυπερσεϐάστου
1987 2550 2081 2603 καὶ

508 2640 647 2709 πρὸς
667 2637 800 2703 τοὺς
827 2640 886 2706 ἐξ
928 2640 1153 2693 έκείνων
1183 2640 1387 2709 ὁμοίως
1432 2639 1633 2709 ἐφεξῆς
1662 2641 1807 2694 κατὰ
1830 2641 1923 2695 τὸν
1950 2642 2084 2695 ἀνα-

506 2731 896 2801 γεγραμμένον
928 2731 1156 2800 τρόπον,
1200 2730 1297 2784 καὶ
1329 2730 1422 2784 τοῦ
1468 2732 1836 2799 παλαιγενοῦς
1868 2749 2082 2803 πρατη-

508 2825 627 2893 ρίου
676 2823 1008 2891 γράμματος
1040 2820 1214 2891 ἀληθῆ
1250 2821 1628 2891 παριστῶντος
1657 2823 1757 2894 τὴν
1801 2824 1953 2892 παρά
1982 2826 2081 2894 τῆς

444 2980 455 2989 _
503 2913 846 2986 δηλωθείσης
878 2912 1222 2982 ύψηλοτάτης
1267 2912 1560 2982 δεσποίνης
1584 2914 2081 2983 τῶνΜουγουλίων

506 3008 796 3078 γεγονυῖαν
853 3005 1093 3075 ἀρχῆθεν
1150 3003 1416 3074 ἐεώνησιν
1468 3004 1564 3056 καὶ
1616 3004 1757 3071 μετά
1807 3003 2079 3057 πλείστων

506 3095 881 3164 ἀναλωμάτων
912 3092 1127 3161 ἐκείνης
1157 3092 1252 3145 τοῦ
1293 3092 1659 3162 μοναστηρίου
1687 3092 1964 3162 ἀνίδρυσιν
1984 3091 2082 3147 καὶ

510 3186 725 3259 προσκύ
736 3201 904 3256 ρωσιν
925 3184 1036 3237 τῶν
1066 3184 1466 3254 ἀφιερωμένων
1489 3183 1583 3237 καὶ
1613 3185 2081 3256 προσκεκυρωμέ-

509 3298 616 3335 νων
650 3277 819 3347 αὐτῷ,
843 3276 919 3341 ὡς
966 3275 1284 3346 δεδήλωται,
1317 3275 1779 3347 ἀποδεδειγμένης
1819 3294 1879 3329 τε
1912 3275 2081 3349 ούσης

509 3376 602 3428 καὶ
633 3375 730 3443 τῆς
774 3369 1041 3442 τοσαύτης
1072 3369 1426 3439 καινοτομίας
1458 3370 1555 3423 καὶ
1583 3368 1764 3439 λύμης
1788 3370 1886 3422 καὶ
1912 3386 2081 3423 κατα-

506 3468 704 3537 τριϐῆς
751 3464 845 3517 τοῦ
895 3460 1262 3533 μοναστηρίου
1290 3465 1354 3514 ὲκ
1390 3462 1489 3532 τῆς
1521 3461 1665 3515 κατὰ
1695 3461 1861 3533 μέρος
1893 3461 2081 3533 ῥηθείη⁵

506 3575 606 3626 σης
637 3555 728 3609 τοῦ
760 3553 1281 3625 πανυπερσεϐάστου
1312 3553 1514 3617 αίτίας,
1536 3555 1569 3623 ἠ
1600 3557 1894 3625 μετριότης
1924 3553 2079 3623 ήμῶν

507 3648 628 3715 ἅμα
680 3645 779 3715 μὲν
817 3646 913 3699 καὶ
973 3643 1068 3697 τοῦ
1119 3643 1352 3714 ψυχικοῦ
1407 3644 1844 3715 κατακρίματοςο
1872 3645 2079 3698 ἐκεῖνον

445 3762 464 3776 ι
510 3740 947 3804 άπαλλάττουσα,
989 3737 1106 3806 ἅμα
1142 3736 1200 3789 δέ
1243 3736 1342 3790 καὶ
1387 3735 1480 3788 τοῦ
1506 3734 1952 3789 ἀκαταδουλώτου
1986 3737 2078 3789 καὶ

508 3826 782 3890 ἀϐλαϐοῦς
813 3826 921 3879 ἀπὸ
949 3826 1058 3879 τῶν
1089 3823 1373 3893 κοσμικῶν
1404 3822 1665 3888 καθάπαξ
1690 3823 1784 3877 τοῦ
1810 3840 2082 3894 μοναστη-

509 3922 628 3991 ρίου
667 3918 1046 3989 φροντίζουσα,
1089 3915 1344 3985 καθάπερ
1392 3916 1760 3985 όφειλομένως
1811 3915 1946 3985 ἔχει,
1984 3917 2079 3969 καὶ

506 4013 605 4083 τῆς
652 4010 843 4079 λοιπῆς
878 4009 1217 4072 λυσιτελείας
1254 4008 1396 4062 κατά
1439 4007 1616 4079 ψυχὴν
1667 4009 1763 4061 καὶ
1807 4006 2079 4078 ὠφελείας

507 4104 649 4157 κατά
681 4101 776 4172 τὴν
811 4100 1116 4171 μοναχικὴν
1147 4099 1302 4166 τάξιν
1332 4116 1392 4152 τε
1441 4101 1534 4153 καὶ
1573 4100 1934 4167 κατάστασιν,
1964 4093 2079 4169 εἶχε

511 4196 613 4264 μὲν
647 4192 785 4246 κατά
808 4192 900 4243 τὸν
925 4190 1017 4243 τοῦ
1046 4191 1254 4243 δικαίου
1273 4189 1432 4258 λόγον
1459 4191 1801 4260 ἀναζητῆσαι
1823 4194 1920 4245 καὶ
1945 4198 2078 4248 ἐπα-

507 4280 857 4337 νασώσασθαι
877 4280 1010 4351 τῷδε
1033 4279 1110 4350 τῷ
1143 4281 1493 4351 μοναστηρίῳ
1517 4281 1616 4351 τὴν
1645 4281 1715 4347 ἢν
1745 4282 1978 4354 ὑπέστη,
2001 4285 2078 4350 ὡς

509 4377 746 4448 εἴρηται,
779 4374 959 4444 λύμην
1003 4373 1099 4427 καὶ
1146 4372 1496 4444 καινοτομίαν
1542 4374 1621 4437 είς
1657 4375 1727 4428 τά
1760 4391 2070 4446 προσκεκυο

2108 1778 2157 1839 Β

2179 534 2273 588 καὶ
2312 534 2394 595 είς
2426 531 2490 585 τὸ
2516 529 2709 601 μηκέτ’
2735 525 2875 584 εἶναι
2906 529 3161 583 ἐντεῦθεν
3188 530 3489 585 κατάλυσιν
3507 546 3523 563 ⁸
3542 534 3755 603 ἀνεπη.

2178 624 2412 695 ρεάστου
2443 622 2552 694 γάρ
2584 623 2738 686 ὄντος
2761 620 2926 676 αὐτοῦ
2959 621 3053 677 καὶ
3083 621 3424 693 κατατριϐῆς
3446 624 3751 695 ἀνωτέρου,

2180 713 2435 783 μέλλουσι
2466 714 2684 776 πάντως
2709 713 2807 768 καὶ
2831 713 2887 766 at
2919 712 3153 783 μοναχαὶ
3176 712 3431 778 ἀϐλαϐῶς
3455 715 3549 767 καὶ
3582 717 3752 786 ἀνεμ-

2177 805 2448 869 ποδίστως
2496 804 2590 859 τὸν
2639 804 2783 858 κατὰ
2832 804 2967 858 Θεὸν
2992 804 3195 875 δρόμον
3225 807 3404 859 αὐτῶν
3443 806 3633 860 ἀνύειν
3663 809 3758 860 καὶ

2175 898 2277 970 τὴν
2305 896 2547 968 ψυχικὴν
2593 898 2872 967 σωτηρίαν
2915 898 3163 962 ἑαυταῖς,
3207 898 3284 962 ὡς
3328 901 3757 969 ἐπηγγείλαντο,

2179 989 2695 1061 πραγματεύεσθαι.
2730 989 2813 1042 Τά
2842 992 3029 1059 μέντοι
3053 989 3381 1059 διαφέροντα
3414 992 3477 1044 ἐκ
3517 992 3757 1045 παλαιοῦ

2176 1081 2255 1151 τῷ
2311 1082 2663 1152 μοναστηρίῳ
2716 1082 2956 1153 όσπήτια
2998 1082 3063 1135 ού
3114 1081 3299 1143 καλῶς
3346 1082 3641 1137 ἐκδοθέντα
3669 1086 3760 1151 έγ-

2179 1175 2405 1243 γράφως
2450 1174 2604 1243 παρά
2653 1171 2749 1226 τοῦ
2779 1172 3025 1226 τοιούτου
3056 1174 3586 1245 πανυπερσεϐάστου
3621 1178 3760 1243 προς

2178 1266 2270 1317 τὸν
2290 1263 2599 1334 δηλωθέντα
2620 1264 2991 1336 περιπόθητον
3025 1265 3314 1334 ἑξάδελφον
3336 1266 3430 1320 τοῦ
3455 1269 3759 1337 κρατίστου

2180 1358 2273 1410 καὶ
2306 1356 2463 1423 ἁγίου
2514 1371 2619 1424 μου
2672 1356 3110 1427 αὐτοκράτορος,
3162 1358 3338 1424 μέγαν
3394 1363 3763 1429 πριμικηριον

2181 1444 2544 1511 Παλαιολόγον
2572 1443 2666 1497 τὸν
2700 1443 2954 1515 Ἀσάνην,
2976 1445 3079 1514 κῦρ
3126 1445 3480 1517 Ἀνδρόνικον,
3505 1449 3596 1501 τὸν
3618 1449 3767 1502 ὲκεί-

2180 1550 2273 1587 νου
2309 1534 2449 1601 υίδν,
2485 1533 2693 1605 ὀφείλει
2752 1536 3172 1605 ἑπανασωθῆναι
3214 1539 3310 1591 καὶ
3354 1542 3661 1608 προσεῖναι,
3686 1540 3765 1605 ('0;

2181 1626 2241 1678 τὸ
2294 1627 2585 1697 πρότερον,
2621 1625 2701 1696 τῷ
2752 1628 3105 1699 μοναστηρίῳ
3151 1629 3519 1700 ἀνενοχλήτως
3555 1634 3766 1686 παντά-

2182 1734 2317 1771 πασι
2348 1718 2446 1774 καὶ
2494 1718 2961 1782 ἀδιασείστως,οὐ
2996 1720 3157 1789 μόνον
3186 1720 3243 1773 δὲ
3273 1721 3466 1788 ταῦτα,
3496 1722 3634 1775 ἀλλά
3669 1728 3767 1776 καὶ

2185 1808 2239 1863 εί
2271 1827 2353 1873 τις
2377 1809 2590 1881 ἔτερος,
2616 1810 2721 1865 κᾶν
2750 1810 2897 1869 ὅστις
2924 1810 3035 1878 ἄρα
3057 1813 3149 1866 καὶ
3176 1809 3233 1884 ᾖ,
3258 1812 3459 1882 ἔφθασε
3487 1820 3581 1867 καὶ
3608 1817 3766 1883 dque!-

2183 1900 2306 1954 λετο
2326 1901 2681 1973 δπωσδήποτέ
2706 1919 2758 1955 τι
2782 1902 2891 1954 τῶν
2917 1903 3291 1971 ὑποκειμένων
3326 1905 3420 1957 καλ⁵
3448 1907 3765 1975 ἀνηκόντων

2181 1992 2353 2062 αὐτῷ,
2380 1994 2547 2063 χωρὶς
2567 1993 2703 2061 δῆτα
2727 1996 2827 2065 τῆς
2844 1995 3148 2056 οίκοθεσίας
3179 1996 3425 2048 Ἰωάννου
3446 1997 3542 2050 τοῦ
3564 1997 3761 2067 Θωμᾶ,

2182 2082 2388 2161 ὀφείλει
2442 2084 2693 2146 κάκεῖνος
2719 2084 2994 2139 ἀπολῦσαι
3050 2086 3227 2140 τοῦτο.
3260 2088 3340 2139 Τά
3371 2088 3486 2159 γάρ
3516 2089 3761 2159 ἀφιερω⁹
3836 2081 3847 2087 ’

2186 2172 2325 2242 μένα
2347 2172 2467 2243 Θεῷ
2490 2173 2830 2244 ἀναφαίρετα
2853 2175 2947 2228 καὶ
2981 2176 3377 2231 ἀναπόσπαστα
3406 2178 3499 2233 τὸν
3518 2180 3607 2232 ἀεὶ
3631 2181 3761 2249 χρό-

2182 2281 2271 2317 νον
2314 2266 2609 2334 τυγχάνειν
2652 2267 2884 2336 όφείλει,
2914 2261 2996 2330 οἷς
3037 2269 3359 2340 ἀφιέρωται,
3386 2271 3482 2324 καὶ
3533 2272 3563 2325 ό
3602 2276 3762 2342 χείρ]⁵

2183 2354 2514 2425 πλεονέκτην
2542 2358 2636 2410 κα)⁵
2691 2360 2918 2429 ἅρπαγα
2949 2360 3163 2425 τούτοις
3209 2362 3525 2417 ἐπιϐάλλειν
3552 2365 3760 2434 ἐπιχειο

2185 2445 2295 2517 ρῶν
2322 2446 2394 2510 ὡς
2432 2447 2710 2517 ἱερόσυλος
2735 2449 2996 2522 ἄντικρυς
3022 2454 3269 2521 κρίνεται
3295 2455 3447 2524 παρά
3469 2456 3579 2508 τῶν
3601 2456 3764 2510 θείων

2183 2540 2277 2592 καὶ
2310 2538 2475 2610 ίερῶν
2506 2542 2772 2595 κανόνων.
2833 2542 2988 2596 Ἐπεὶ
3037 2544 3095 2597 δὲ
3142 2546 3439 2617 ἀνηνέχθη,
3466 2548 3542 2612 ὡς
3568 2551 3635 2603 τὸ
3665 2551 3763 2619 τῆς

2193 2632 2499 2705 ἰατραίνης
2530 2633 2747 2704 ἐκείνης
2793 2635 3056 2702 όσπήτιον
3090 2641 3627 2709 προσκελυρωμένον
3670 2644 3764 2695 καὶ

2184 2725 2606 2795 ἀνατεθειμένον
2656 2724 2717 2780 δν
2750 2728 2815 2797 τῇ
2860 2730 2993 2795 μονῇ
3030 2727 3233 2796 ἔφθασε
3286 2731 3380 2782 καὶ
3429 2731 3761 2803 ἀπεσπάσθη

2184 2818 2462 2874 καὶτοῦτο
2495 2819 2650 2891 παρά
2681 2819 2775 2874 τοῦ
2826 2823 3030 2893 μέρους
3072 2823 3166 2876 τοῦ
3202 2823 3365 2877 αὑτοῦ
3412 2842 3765 2898 πανυπερσε-

2183 2911 2407 2975 ϐἀστου,
2451 2912 2660 2982 ὀφείλει
2704 2914 2799 2966 καὶ
2833 2913 2987 2967 τοῦτο
3021 2916 3443 2987 ἐπανασωθῆναι
3466 2918 3562 2971 καὶ
3596 2935 3764 2988 προσ-

2185 3002 2325 3057 εῖναι
2394 3003 2563 3074 αὐτῷ,
2583 3002 2728 3058 καθά
2747 3007 2842 3057 καὶ
2864 3005 2922 3057 τὸ
2953 3005 3220 3076 πρότερον
3244 3025 3256 3038 ·
3276 3009 3400 3061 ἐπεὶ
3428 3011 3554 3074 τοὺς
3584 3029 3764 3081 παρα·

2187 3092 2477 3157 ϐαίνοντας
2498 3094 2625 3158 τοὺς
2660 3095 2933 3160 τοιούτους
2956 3097 3137 3162 θείους
3164 3100 3263 3154 καὶ
3292 3101 3759 3171 ἱεροὺςκκανόνας,

2185 3184 2325 3255 ὅπερ
2373 3184 2500 3239 κατ’
2543 3185 2723 3239 αὐτῶν
2759 3187 3034 3258 ἐπιτίμιον
3081 3191 3419 3259 ἐκφωνοῦσιν
3458 3192 3623 3258 οὗτοι,
3659 3198 3762 3250 καὶ

2187 3280 2349 3348 ἡμεῖς
2380 3277 2693 3343 ἀκολούθως
2722 3279 2783 3332 τὸ
2814 3281 2944 3333 αὐτὸ
2973 3280 3138 3352 βάρος
3165 3283 3499 3354 ἐπιτίθεμεν.
3522 3287 3617 3348 Είς
3651 3288 3762 3357 γὰρ

2184 3369 2288 3440 τὴν
2320 3369 2450 3439 περὶ
2484 3371 2675 3423 τούτου
2711 3371 3012 3442 ἀσφάλειαν
3065 3373 3159 3426 καὶ
3197 3375 3257 3427 τὸ
3302 3378 3480 3445 παρὸν
3523 3380 3763 3449 γράμμα

2185 3459 2283 3529 τῆς
2309 3460 2465 3530 ἡμῶν
2498 3463 2851 3533 μετριότητος
2877 3465 3203 3519 ἀπολέλυται
3233 3468 3327 3522 ἐπὶ
3354 3469 3431 3538 τῷ
3464 3452 3757 3541 προσεῖναι

2186 3553 2252 3621 τῇ
2301 3552 2659 3625 διαληφθείσῃ
2712 3556 2986 3627 σεϐασμίᾳ
3052 3561 3189 3629 μονῇ
3241 3560 3322 3622 είς
3367 3563 3762 3632 ἀνενοχλησίαν

2186 3639 2411 3709 διηνεκῆ
2450 3659 2509 3694 τε
2559 3643 2653 3697 καὶ
2712 3645 2943 3714 μόνιμον
2994 3648 3146 3701 κατὰ
3190 3646 3362 3717 μῆνα
3406 3649 3767 3721 Ὀκτώόριον

2185 3731 2297 3801 τῆς
2324 3732 2367 3786 ε’
2394 3734 2507 3791 ινδ.
2566 3736 2673 3790 τοῦ
2704 3737 2861 3809 ,ςωξν
2888 3738 3081 3804 ἔτους.

2254 3824 2295 3894 ἰ-
2323 3822 2464 3895 Εϊχε
2493 3828 2579 3881 τό·
2600 3830 2959 3896 Κάλλιστος,
2984 3830 3135 3897 ἐλέῳ
3183 3832 3328 3887 Θεοῦ
3376 3834 3770 3903 ἀρχιεπίσκοο

2186 3933 2300 3985 πος
2354 3917 3083 3989 Κωνσταντινουπόλεως,
3147 3925 3301 3991 Νέας
3359 3927 3611 3997 Ῥώμης,
3665 3931 3770 3983 καὶ

2185 4012 2597 4080 οἱκουμενικὸς
2648 4014 3047 4083 πατριάρχης,
3097 4015 3197 4069 διὰ
3255 4015 3366 4084 τῆς
3426 4020 3624 4086 τιμίας
3668 4022 3771 4075 καὶ

2186 4099 2350 4167 θείας
2377 4100 2748 4172 δεσποτικῆς
2783 4105 3221 4173 πατριαρχικῆς
3250 4109 3471 4175 χειρός.

2194 4258 2284 4315 Vl.
2310 4257 2565 4315 Callistus
2592 4260 2875 4328 conﬁrmat
2911 4263 3245 4331 prabeudam
3268 4265 3641 4319 Amm-ammte
3663 4269 3771 4320 da-

2702 4339 2810 4383 tam
2836 4333 2901 4385 ab
2932 4334 3269 4402 imperatore.

512 4468 729 4540 ρωμένα
757 4464 928 4535 αὐτῷ,
966 4465 1187 4535 παρῆκε
1232 4465 1287 4520 δὲ
1318 4466 1462 4537 λόγῳ
1494 4468 1951 4536 συγκαταϐάσεως
1985 4472 2079 4526 καὶ
2111 4480 2156 4536 Ι)
2251 4465 2292 4536 -ι-
2334 4466 2488 4521 Ἐπεὶ
2517 4467 2550 4534 ή
2579 4468 3047 4538 ἐπονομαζομένη
3080 4468 3450 4539 ’Δμαραντίνα
3482 4472 3681 4539 ἔφθασε
3709 4477 3771 4540 ἐξ

513 4560 752 4631 μάλιστα
779 4559 855 4622 ῶς
905 4559 1003 4629 τῆς
1060 4559 1155 4611 τοῦ
1211 4558 1505 4629 εἰρημένου
1549 4561 2079 4632 πανυπερσεϐάστου

510 4652 768 4720 τελευτῆς
794 4650 1359 4722 προκαταλαϐούσηςέ
1396 4651 1457 4705 τὸ
1502 4653 1677 4721 παρὸν
1722 4656 1911 4723 μέντοι
1946 4656 2082 4709 ἀπο-

510 4743 715 4797 λύουσα
740 4742 974 4814 γράμμα
1006 4744 1063 4795 ἐν
1090 4741 1229 4814 ἁγίῳ
1268 4743 1708 4815 παρακελεύεται
1741 4745 2022 4817 Πνεύματι
2042 4747 2077 4817 ἠ

516 4832 805 4909 μετριότης
833 4836 1010 4908 ἡμῶν,
1033 4835 1107 4900 ὡς
1141 4837 1209 4890 ἂν
1238 4837 1567 4907 εὑρίσκηται
1602 4839 1663 4890 τὸ
1694 4838 1801 4890 ἀπὸ
1830 4838 1987 4892 τοῦδε
2019 4838 2082 4891 τὸ

507 4929 799 4998 διαληφθὲν
826 4928 1186 4999 μοναστήριον
1214 4928 1312 4998 τῆς
1336 4930 1755 4999 πανυπεράγνου
1781 4928 2084 4997 Δεσποίνης

512 5022 608 5074 καὶ
637 5021 977 5089 Θεομήτορος
1008 5018 1108 5087 τῆς
1149 5018 1603 5088 Παναγιωτίσσης
1634 5016 2081 5072 ἀκαιταδούλωτον

513 5114 611 5165 καὶ
656 5110 939 5178 ἐλεύθερον
976 5108 1253 5171 παντελῶς
1301 5109 1401 5178 τῆς
1454 5109 1705 5178 ἐφορείας
1737 5109 1937 5171 παντὸς
1988 5108 2084 5163 τοῦ

514 5207 717 5272 μέρους
750 5204 960 5256 ἐκείνου
996 5202 1061 5271 δὴ
1093 5201 1187 5254 τοῦ
1227 5201 1775 5272 πανυπερσεϐάστου,
1809 5202 2085 5270 μηδεμίαν

515 5294 779 5364 μηδαμῶς
809 5292 1096 5348 δικαίωσιν
1133 5282 1347 5363 ἔχοντος
1377 5293 1487 5345 ἀπὸ
1529 5295 1623 5344 τοῦ
1656 5292 1859 5345 σεπτοῦ
1890 5309 2085 5361 χρυσο-

513 5385 737 5437 ϐούλλου
766 5386 1132 5453 ἀναφανέντος
1154 5400 1494 5453 μεταπεποιη
1505 5383 1671 5450 μένου
1696 5385 1753 5435 ὲν
1783 5384 1937 5452 μέρει
1966 5382 2088 5452 τρό-

513 5494 612 5527 πον
635 5475 693 5527 ὃν
726 5477 961 5545 εἴρηται,
991 5476 1166 5539 ἄλλως
1196 5475 1243 5529 θ’
1286 5477 1367 5529 ὅτι
1398 5477 1492 5529 καὶ
1525 5478 1551 5528 ὀ
1579 5475 1823 5545 ἀοίδιμος
1859 5478 1952 5529 καὶ
1985 5492 2086 5544 μα-

515 5570 744 5635 καρίτης
778 5569 1032 5636 βασιλεὺς
1072 5568 1171 5637 τὴν
1216 5568 1478 5622 σύστασιν
1508 5568 1604 5620 καὶ
1633 5568 1732 5635 τὴν
1757 5567 1852 5618 ἐπὶ
1880 5567 1939 5617 τὸ
1968 5565 2087 5634 βέλυ

514 5675 627 5711 τιον
659 5661 882 5729 πρόοδον
938 5663 1031 5713 καὶ
1075 5659 1368 5729 ψυχωφελῆ
1406 5660 1741 5729 συντήρησιν
1788 5656 1882 5710 τοῦ
1917 5673 2085 5725 μονάς

517 5750 739 5819 στηρίου
792 5752 899 5803 ἀπὸ
936 5751 1032 5819 τῆς
1080 5750 1173 5801 τοῦ
1222 5751 1515 5820 εἰρημένου
1562 5728 2084 5823 πάνυπερσεϐάστου

2182 4559 2451 4629 ὑποϐολῆς
2478 4562 2573 4614 καὶ
2602 4560 2902 4630 βασκανίας
2918 4561 3011 4614 τοῦ
3033 4565 3213 4614 κοινοῦ
3243 4565 3437 4634 ἐχθροῦ
3466 4568 3562 4617 καὶ
3592 4583 3773 4634 προσ-

2181 4650 2360 4703 έκειτο
2418 4652 2687 4721 πρότερον
2717 4653 2892 4724 ἀτοπή
2905 4672 3035 4722 μασι
3084 4657 3178 4707 καὶ
3208 4655 3393 4724 ἔργοις
3426 4656 3773 4726 ψυχοϐλοϐἐ-

2183 4759 2288 4806 σιν,
2320 4741 2547 4812 ὕστερον
2586 4744 2642 4796 δὲ
2677 4745 2899 4816 εὐδοκία
2932 4744 3070 4799 Θεοῦ
3109 4748 3218 4799 ἀπὸ
3254 4754 3636 4817 παραινέσεως
3665 4752 3769 4817 τῆς

2183 4836 2344 4902 ἁγίας
2375 4835 2469 4889 τοῦ
2521 4836 2658 4889 Θεοῦ
2704 4837 3052 4907 Ἐκκλησίας,
3094 4839 3187 4891 τοῦ
3218 4840 3398 4892 κοινοῦ
3441 4840 3548 4893 τῶν
3575 4842 3768 4911 ψυχῶν

2189 4927 2449 4995 ἰατρείου,
2477 4927 2538 4979 ού
2575 4928 2736 4995 μόνον
2781 4929 3102 4993 ἐϐδελύξατο
3143 4934 3235 4982 καὶ
3270 4933 3483 5000 ἀπέστη
3528 4934 3765 4986 καθόλου

2183 5018 2290 5071 ἀπὸ
2318 5018 2428 5071 τῶν
2451 5018 2709 5072 τοιούτων
2743 5006 3312 5090 όλεθρίωίπράξεων,
3342 5023 3476 5074 ἀλλά
3510 5025 3603 5074 καὶ
3635 5023 3767 5090 θερ-

2189 5112 2296 5181 μὴν
2336 5113 2398 5164 ὲκ
2442 5111 2551 5165 τῶν
2582 5110 2761 5181 ἔργων
2807 5111 3107 5175 ἐνεδείξατο
3160 5117 3258 5182 τὴν
3318 5113 3611 5181 μετάνοιαν
3668 5110 3767 5163 καὶ

2185 5204 2482 5269 κατάνυξιν
2508 5207 2601 5256 καὶ
2629 5204 2907 5273 ὀλοψύχως
2962 5206 3100 5274 πρὸς
3136 5207 3195 5257 τι
3232 5208 3478 5275 κρεῖττον
3512 5207 3770 5272 ἐπιστρο-

2186 5292 2312 5361 φὴν,
2341 5294 2415 5356 ὡς
2449 5295 2544 5347 καὶ
2572 5294 2632 5346 τὸ
2658 5295 2952 5363 μοναχικδν
2982 5296 3234 5363 ἀσμένως
3270 5295 3767 5364 μεταμφιάσασθαι

2188 5385 2375 5453 σχῆμα
2400 5387 2493 5436 καὶ
2524 5385 2813 5455 ἀγαπῆσαι
2856 5387 2947 5437 τὸν
2983 5389 3195 5456 μονήρη
3236 5386 3370 5456 βίον,
3405 5385 3766 5439 εἰσελθοῦσαν

2186 5476 2243 5526 έν
2265 5477 2343 5543 τῇ·
2366 5460 2638 5543 σεϐασμίᾳ
2670 5478 2808 5544 μονῇ
2835 5475 2930 5526 τοῦ
2965 5476 3169 5544 Περτζέ
3192 5476 3291 5535 καὶ
3316 5475 3768 5544 ἐπιμελουμένην

2185 5564 2284 5633 τῆς
2314 5564 2550 5634 ψυχικῆς
2574 5566 2745 5633 αὐτῆς
2768 5565 3063 5633 σωτηρίας.
3104 5566 3414 5635 ’Δνενεχθέν
3444 5566 3502 5617 δὲ
3528 5566 3605 5635 τῷ
3634 5583 3771 5636 κρα-

2186 5655 2353 5724 τίστῳ
2393 5658 2487 5707 καὶ
2546 5655 2687 5725 ἁγίῳ
2748 5672 2853 5726 μου
2892 5658 3256 5728 αὐτοκράτορι
3289 5659 3438 5727 παρὰ
3477 5659 3574 5726 τῆς
3608 5658 3771 5726 ἡμῶν

2192 5749 2542 5821 μετριότητος
2575 5750 2737 5805 ’ἑνεκα
2779 5751 3121 5822 προμηθείας
3158 5753 3257 5822 τῆς
3290 5753 3553 5825 ῥηθείσης
3588 5752 3770 5821 Ἀμα-
