4078 6202
335 314 473 384 1349

1173 311 1512 375 CALLISTI
1553 313 1647 373 ET
1693 310 2117 373 PHILOTHEI
2153 310 2264 372 ΟΡ.
2307 310 2775 371 PATRIABCII.

3460 311 3600 376 1350

331 450 449 495 πως
482 430 783 502 λεγομένην
810 428 1168 483 Καυκασίαν·
1206 428 1508 494 ἐξετάσεως
1562 429 1695 498 γὰρ,
1740 427 1913 481 καθά·
1943 440 1986 496 Α
2014 443 2186 496 τεροι,
2221 427 2274 479 οἱ
2302 424 2588 487 Ταναῗται,
2627 427 2727 479 οὐκ
2781 420 2923 494 ἦσαν
2967 425 3364 495 ἐπιδημοῦντες
3406 426 3601 480 ἐνταῦ··

335 538 444 591 περ
473 519 666 590 ἐχρῆν,
702 517 966 590 ἀκριόοῦς
994 519 1295 588 γενομένης
1329 520 1425 571 καὶ
1459 521 1571 573 τῶν
1601 520 1911 573 κανονικῶν

338 614 537 685 βίϐλων
571 611 1014 682 προτεθειμένων
1045 612 1126 672 είς
1158 611 1325 679 μέσον
1345 613 1443 663 καὶ
1467 613 1567 679 τῆς
1590 613 1909 682 ἀπαριθμή-

337 721 476 767 σεως
525 700 817 770 γεγονυίας
881 700 1286 770 λελογισμένως
1328 701 1438 753 τῶν
1486 719 1545 755 τε
1598 702 1910 772 ἑκασταχοῦ

343 794 731 863 μητροπόλεων
764 791 859 844 καὶ
888 792 998 844 τῶν
1026 792 1405 860 ὑποκειμένων
1441 792 1663 856 ταύταις
1693 796 1915 846 ἐπισκο-

334 885 456 937 πῶν
489 884 632 937 κατὰ
662 883 763 953 τὴν
788 885 857 935 ἐκ
889 882 1122 936 παλαιοῦ
1149 886 1609 955 ἐπικρατήσασαν
1628 886 1787 952 τάξιν
1815 889 1915 941 καὶ

334 975 690 1031 ὑποτύπωσιν
725 976 806 1039 είς
834 975 936 1045 τὴν
963 977 1064 1046 τῆς
1118 977 1377 1046 ἀληθείας
1406 979 1721 1048 ἀνεύρεσιν,
1765 981 1915 1033 οὐδε-

338 1068 438 1137 μία
488 1083 576 1128 τις
623 1066 856 1136 εὓρηται
888 1068 1165 1134 ἐπισκοπὴ
1218 1068 1584 1139 εὑρισκομένη
1652 1071 1759 1125 ὑπδ
1813 1073 1914 1135 τὴν

347 1160 599 1221 ⁹Δλιιινίας
637 1160 670 1227 ἡ
704 1159 996 1212 Καυκασία
1050 1159 1343 1229 λεγομένη,
1374 1160 1451 1225 ὡς
1500 1163 1662 1226 αὐτὸς
1700 1182 1914 1234 προφα-

336 1251 620 1318 σιζόμενος
656 1250 861 1317 ἔλεγεν,
916 1251 1052 1305 ἀλλά
1114 1253 1277 1321 μόνον
1317 1252 1551 1325 εὓρηται
1599 1258 1720 1319 ταῖς
1778 1258 1912 1327 ἀλη-

339 1342 512 1405 θείαις
564 1343 903 1413 μητρόπολις
960 1345 1120 1414 ἡμῶν
1157 1348 1496 1400 Καυκασίων
1536 1348 1744 1402 ἀνωθεν
1792 1353 1914 1414 ταῖς

341 1433 648 1497 συνοδικαῖς
695 1435 1056 1505 μητροπόλεσι
1089 1438 1568 1511 ξσυνηριθμημένη
1620 1442 1765 1495 κατά
1819 1443 1913 1497 τὸν

337 1528 829 1598 ἀναγεγραμμένον
851 1530 1073 1599 τρόπον.
1102 1530 1381 1594 Ὡσαύτως
1402 1532 1629 1605 ἐκινήθη
1652 1538 1744 1587 καὶ
1770 1535 1916 1602 ἀπη-

337 1619 543 1689 λέγχθη
575 1619 851 1690 ἀριδήλως
901 1621 998 1674 καὶ
1027 1621 1177 1684 ὅπως
1236 1624 1327 1677 τὸν
1374 1625 1697 1692 ἐπίσκοπον,
1728 1626 1913 1680 ὅντινα

337 1709 511 1781 δήπου
557 1710 895 1779 παρανόμως
944 1712 1040 1765 καλ⁸
1077 1713 1449 1777 ἀκανονίστως
1503 1717 1914 1787 ἐχειροτόνησεν

2016 519 2105 571 θα.
2136 518 2379 585 Ἕφθασε
2431 517 2487 569 δὲ
2537 519 2633 569 καὶ
2669 519 2697 568 ὁ
2758 514 2989 585 ἀδελφὸς
3048 517 3237 581 αὐτοῦ,
3295 517 3450 585 παρά
3498 518 3599 589 τὴν

2011 612 2204 664 τούτου
2269 610 2451 662 αἱτίαν
2526 610 2654 671 τοὺς
2708 611 2875 679 ἱερεῖς
2941 608 3281 674 ἀδικοῦντος,
3342 610 3599 677 καθάπερ

2015 699 2405 770 ἁνωμολογήθη
2440 701 2593 767 παρά
2613 700 2723 752 τῶν
2742 700 3000 767 ἀνωτέρω
3022 704 3142 769 είρη
3153 701 3331 768 μένων
3366 700 3601 754 πολιτῶν

2014 792 2107 843 καὶ
2184 790 2650 860 πραγματευτῶν,
2709 792 3113 860 προσχωρήσας
3174 795 3289 851 τοῖς
3364 793 3601 859 Πέρσαις

2012 883 2102 936 διὰ
2127 884 2190 936 τὸ
2215 884 2290 952 μὴ
2318 882 2610 951 βούλεσθαι
2644 882 2961 946 ἀποδοῦναι,
2994 884 3128 952 ὅσην
3160 883 3217 935 οἱ³
3245 886 3412 953 ἱερεῖς
3467 901 3599 937 κατα

2017 975 2274 1028 εδὰλοντο
2305 975 2506 1041 ἔξοδον,
2565 975 2896 1037 ἀπελθόντες
2945 977 3002 1040 ἐξ
3060 976 3241 1038 αίτίας
3304 976 3470 1028 αὑτοῦ
3520 978 3600 1037 εἱς

2014 1069 2107 1121 τὸν
2164 1068 2374 1135 Χάνην,
2440 1068 2536 1120 καὶ
2581 1068 2910 1136 συνθέμενος
2965 1071 3031 1138 τῇ
3085 1070 3293 1122 τούτων
3353 1070 3600 1139 ἀσεϐείᾳ,

2019 1159 2518 1228 μουσουλμανίσας,
2583 1160 2814 1213 πλεῖστα
2879 1160 3240 1213 καθικέτευσε
3303 1161 3602 1223 συνοδικῶς

2018 1252 2117 1319 τὴν
2142 1251 2303 1319 ἡμῶν
2337 1252 2671 1321 μετριότητα
2706 1252 2799 1304 καὶ
2846 1255 3030 1305 πᾶσαν
3082 1252 3181 1322 τὴν
3210 1296 3215 1303 .
3244 1252 3372 1321 περὶ
3429 1252 3601 1319 αὐτὴν

2020 1343 2170 1407 ίεράν
2200 1344 2562 1414 ἀδελφότητα.
2584 1343 2662 1407 ὡς
2692 1343 2760 1397 ἂν
2785 1344 3024 1408 μάλιστα
3052 1345 3138 1397 διὰ
3182 1345 3245 1397 τὸ
3274 1343 3600 1413 ἐπιστρέψαι

2015 1434 2124 1487 ἀπὺ
2161 1435 2260 1503 τῆς
2286 1435 2500 1502 πλάνης
2558 1435 2654 1489 καὶ
2715 1436 2971 1497 ἀσεϐείας
3015 1437 3165 1489 τόνδε
3217 1436 3312 1488 τὸν
3373 1436 3602 1504 ἀδελφὸν

2015 1525 2180 1579 αὑτοῦ
2211 1527 2353 1598 λάεῃ
2383 1528 2479 1581 ἐπί
2510 1545 2635 1582 τινα
2670 1528 2930 1599 καιρικὴν
2986 1528 3334 1597 προθεσμίαν
3391 1527 3453 1579 τὸ
3515 1529 3601 1579 ἐν-

2014 1615 2258 1686 δόσιμον,
2296 1618 2393 1672 καὶ
2419 1619 2634 1690 ἀπέλθῃ
2657 1621 2752 1671 ἐπὶ
2788 1619 2962 1686 τούτῳ
2988 1619 3191 1683 ἐκεῖσε,
3253 1617 3602 1685 καθυποσχό-

2020 1725 2183 1782 μενος
2219 1709 2290 1762 δι’
2321 1710 2679 1781 οἱκειοχείρου
2735 1711 3064 1782 γράμματος
3132 1711 3299 1763 αὐτοῦ
3360 1712 3455 1763 καὶ
3494 1710 3602 1781 ἰδίᾳ

339 1803 420 1865 εἱς
443 1803 548 1872 τὴν
581 1802 896 1871 ἀγιωτάτην
933 1806 1276 1875 μητρόπολιν
1311 1808 1669 1887 ἱςαυκασίων,
1706 1812 1913 1864 συνοδι-
1945 1812 1984 1867 Β
2015 1801 2305 1871 ὑπογραφῇ
2345 1803 2787 1871 πεπιστωμένου,
2812 1803 3100 1866 ἐπιστῆναι
3137 1804 3601 1875 ἀλογοπραγήτως

338 1897 443 1967 κὴν
473 1896 659 1962 οὖσαν,
712 1901 1172 1971 χειροτονήσαντα
1227 1901 1322 1956 τδν
1371 1904 1618 1958 τοιοῦτον
1657 1911 1751 1960 καὶ
1782 1924 1915 1977 προ-

338 1987 640 2043 σιὸάσαντα
703 1991 784 2052 είς
845 1990 993 2060 ἱερέα
1042 1994 1164 2046 τινά
1222 1994 1501 2064 ἀθέσμως,
1554 1996 1652 2050 ἀτε
1692 1997 1758 2068 δὴ
1791 1992 1914 2051 συν-

338 2079 581 2149 αφθέντα
635 2083 892 2149 γυναικὶ,
962 2081 1022 2147 ἐξ
1079 2085 1265 2154 ἐτέρου
1320 2085 1457 2158 οὔσῃ
1553 2088 1748 2157 ἀνδρὸς
1817 2090 1914 2142 καὶ

336 2171 669 2242 χηρευούσῃ,
719 2174 814 2225 καὶ
858 2174 939 2237 εἱς
980 2175 1295 2244 τούμφανὲς
1343 2180 1423 2242 είς
1480 2180 1641 2233 τοῦτο
1688 2180 1914 2250 ἐξελεγι

338 2260 561 2329 χθέντα,
616 2261 706 2315 διά
755 2260 933 2315 ταῦτα
981 2263 1198 2316 καθεῖλε
1249 2265 1397 2318 τόνδε
1442 2266 1535 2318 τὸν
1586 2267 1911 2330 ἐπίσκοπον,

338 2350 434 2403 καὶ
463 2350 556 2404 τὸν
585 2350 749 2406 αὐτὸν
775 2353 939 2405 πάλιν
961 2352 1360 2424 δεξιωσάμενον
1407 2355 1625 2422 ἔπειτα,
1675 2358 1914 2412 ἀὐτονό-

339 2458 427 2511 μφ
453 2444 649 2514 γνώμῃ
680 2446 775 2499 καὶ
798 2445 951 2515 παρά
980 2446 1078 2515 τὴν
1093 2446 1201 2500 τῶν
1225 2446 1386 2501 θείων
1403 2451 1498 2503 καὶ
1538 2451 1702 2521 ἱερῶν
1753 2451 1915 2504 κανό-

336 2549 444 2586 νων
472 2535 888 2605 παρατήρησιν,
922 2536 985 2589 οὐ
1022 2537 1185 2607 μόνον
1213 2540 1625 2611 συγχωρήσεωςν
1654 2543 1913 2612 ἠξίωσεν,

337 2624 476 2678 ἀλλὰ
514 2625 609 2677 καὶ
667 2626 1189 2699 συνελειτούργησεν
1244 2628 1416 2698 αὐτῷ,
1460 2631 1550 2684 ὅτε
1593 2632 1655 2703 δὴ
1704 2625 1918 2702 φθάσας

339 2716 718 2787 ἐχειροτόνησε
741 2717 836 2772 τὸν
871 2720 1106 2788 Σαραῖου
1142 2723 1465 2786 ἐπίσκοπον,
1487 2725 1737 2790 δεδωκὼς
1772 2728 1914 2782 ἀδει-

338 2823 406 2860 αν
426 2807 718 2873 ἀκωλύτως
742 2811 1067 2880 ἱερουργεῖν,
1111 2812 1301 2884 ὥσπερ
1337 2815 1405 2868 ἂν
1429 2817 1479 2868 εί
1510 2817 1679 2887 μηδέν
1717 2835 1773 2871 τι
1812 2837 1914 2891 μη-

340 2898 530 2968 δαμῶς
561 2903 1028 2972 τροσκεκρουκὼς
1054 2907 1169 2966 τοῖς
1196 2906 1426 2960 κανόσιν
1483 2910 1682 2979 ἐφάνη,
1716 2909 1854 2979 πρὸς
1886 2910 1915 2963 δ

340 2993 406 3063 δὴ
435 2994 531 3046 καὶ
580 2995 690 3047 ἀπὸ
725 2998 992 3066 στόματος
1056 3000 1349 3066 συνοδικῶς
1398 3003 1764 3075 διωμολόγησε
1819 3006 1915 3060 καὶ

342 3086 627 3157 πρότερον,
657 3088 733 3159 μὴ
757 3089 1059 3160 δυνάμενος
1088 3093 1227 3164 πρὸς
1254 3095 1355 3165 τὴν
1383 3095 1646 3164 ἀλήθειαν
1693 3098 1914 3167 ἀπομά-

340 3176 555 3246 χεσθαι.
596 3179 797 3249 Ἤρκει
820 3179 931 3253 μέη
950 3182 1045 3237 οὖν
1065 3184 1137 3237 τὰ
1169 3188 1299 3253 περὶ
1327 3188 1543 3253 τούτου,
1593 3189 1689 3241 καὶ
1754 3190 1915 3258 μόνον

337 3264 512 3329 οὕτως
537 3267 985 3340 ἀποδεδειγμένα,
1014 3275 1336 3346 καθαιρέσει
1365 3278 1574 3330 ἐκεῖνον
1600 3277 1916 3332 ὑποθαλεῖνσ

326 3360 391 3411 -εί
430 3361 541 3429 γὰρ
587 3362 741 3433 ἀνδρὶ
792 3366 959 3430 παγίς
1023 3368 1222 3437 ἱσχυρά
1277 3368 1346 3421 τά
1399 3367 1507 3423 ίδια
1557 3371 1730 3441 χείλη,
1782 3373 1917 3440 φησὶ

340 3447 619 3517 Σολομὼν,
671 3452 766 3505 καὶ
817 3452 1000 3521 λόγοις
1057 3456 1261 3509 οἱκείου
1310 3460 1576 3527 στόματος
1632 3460 1916 3513 ἁλίσκεται

338 3540 592 3609 ἔκαστος,
627 3543 807 3614 πολλῷ
837 3560 903 3612 γε
940 3547 1142 3614 μᾶλλον
1170 3549 1200 3600 ό
1224 3550 1315 3602 ἐπὶ
1336 3548 1432 3602 τοῦ
1456 3550 1604 3620 ἱεροῦ
1637 3551 1912 3606 συνοδικοῦ

337 3631 690 3704 δικαστηρίου
749 3636 847 3690 καὶ
904 3639 1004 3707 τῆς
1067 3639 1392 3711 Ἐκκλησίας
1442 3641 1629 3710 σχεδὸν
1693 3643 1913 3712 ἀπάσης

340 3722 508 3788 αὐτὸς,
532 3724 626 3792 ἀφ’
652 3726 874 3793 ἐαυτοῦ,
936 3729 1012 3793 ὡς
1063 3731 1307 3802 εἴρηται,
1364 3733 1781 3804 διομολογήσας,
1830 3736 1913 3789 δτι

337 3814 488 3868 ούδι’
516 3816 702 3885 ἕτερόν
722 3835 777 3871 τι
831 3817 1054 3874 καθεῖλε
1105 3822 1201 3875 τὸν
1246 3825 1322 3887 ὡς
1371 3824 1534 3895 δῆθεν
1582 3826 1913 3880 Καυκασίων

338 3906 668 3978 παρανόμως
693 3914 1144 3983 χειροτονηθέντα
1174 3914 1253 3978 είς
1304 3916 1403 3987 τὴν
1449 3917 1733 3989 συνοδικὴν
1781 3920 1914 3973 ταύ-

338 4015 439 4068 την
472 4000 785 4074 ἀγιωτάτην
815 4004 1172 4074 μητρόπολιν,
1206 4008 1256 4060 εἱ
1284 4009 1359 4079 μὴ
1384 4009 1471 4064 διὰ
1501 4011 1563 4062 τὸ
1586 4010 1913 4079 ἀφυλάκτως

337 4090 439 4159 τὴν
467 4093 806 4161 χειροτονίαν
843 4097 1053 4149 ἐκεῖνον
1091 4098 1424 4167 ποιήσασθαι
1473 4099 1569 4153 τοῦ
1615 4101 1911 4171 πρεσὸυτέ-

339 4198 435 4253 ρον
467 4184 681 4239 ἐκείνου
717 4187 813 4238 τοῦ
838 4190 1061 4254 γυναικὶ
1095 4189 1405 4261 χηρευούσῃ
1474 4193 1908 4264 συνεζευγμένον

338 4273 435 4324 καὶ
463 4272 522 4338 ἐξ
550 4274 740 4346 ἐτέρου
770 4275 911 4350 οῦσῃ
938 4278 1153 4348 ἀνδρὸς,
1185 4281 1262 4342 ὡς
1314 4280 1630 4351 δεδήλωται,
1680 4285 1911 4340 ἐνταῦθα

334 4362 430 4415 τοῦ
459 4362 593 4418 Θεοῦ
615 4366 848 4436 μάλιστα
882 4369 1325 4435 συνελαύνοντος,
1369 4374 1446 4437 ὼς
1496 4374 1596 4444 τὴν
1652 4377 1911 4447 ἀλήθειαν

335 4453 655 4525 ἁπανταχοῦ
681 4460 1112 4525 ὲπευδοκοῦντος
1138 4467 1364 4533 κρατεῖν
1391 4465 1487 4519 καὶ
1532 4468 1907 4539 παρρησιάζε-
1940 4482 1983 4536 ῐ)

334 4541 485 4608 σθαι,
517 4547 614 4599 σὺν
642 4547 765 4619 δίκῃ
788 4550 1248 4621 ἐμπεδηθήσεται.
1280 4555 1355 4617 ὥς
1415 4574 1558 4611 τισιν
1598 4561 1909 4629 ἀρρήκτοις
1938 4588 1945 4597 ο

334 4631 528 4697 πέδαις
552 4640 1050 4709 περισφιγγόμενος
1092 4644 1204 4705 τοῖς
1246 4644 1447 4713 χείλεσι
1499 4648 1613 4710 τοῖς
1665 4649 1906 4711 οἰκείοις.

334 4723 557 4778 Τούτων
615 4727 673 4780 δέ
729 4728 872 4783 οὕτω
929 4737 1458 4805 προκεχωρηκότων,
1517 4739 1640 4791 ἐπεὶ
1692 4740 1911 4811 εὐδοκίᾳ

334 4812 475 4867 Θεοῦ
497 4815 750 4885 είσῆλθεν
777 4821 807 4873 ό
832 4822 1125 4891 κράτιστος
1149 4827 1243 4878 καὶ
1288 4825 1443 4893 ἅγιός
1494 4845 1595 4897 μου
1641 4830 1910 4901 αὐτοκρά-

332 4920 453 4974 τωρ
507 4907 826 4977 παραδόξως
857 4914 936 4975 είς
974 4914 1075 4983 τὴν
1130 4914 1494 4984 θεοδόξαστον,
1538 4920 1911 4988 θεοφύλακτον

337 4998 437 5050 καὶ
465 4996 902 5068 θεομεγάλυντον
932 5004 1135 5073 ταύτην
1191 5009 1787 5079 Κωνσταντινούπολιν,
1835 5014 1912 5067 δι-

336 5090 677 5154 καιώσαντος
707 5093 871 5147 αὐτὸν
898 5095 994 5147 τοῦ
1026 5096 1164 5149 Θεοῦ
1213 5102 1354 5153 κατά
1396 5100 1458 5154 τὸ
1512 5104 1712 5174 προσὸν
1759 5104 1911 5172 αὑτῷ

336 5183 637 5249 περιφανὲς
662 5183 870 5239 δίκαιον
904 5190 984 5252 εἰς
1012 5189 1113 5260 τὴν
1139 5194 1470 5264 προγονικὴν
1515 5198 1610 5249 καὶ
1635 5198 1910 5267 πατρικὴν

336 5270 505 5323 αὐτοῦ
528 5272 723 5343 ἀρχὴν,
758 5274 847 5328 διά
896 5276 957 5328 τδ
1015 5278 1281 5349 θεοφιλῶς
1342 5284 1645 5352 βασιλεύειν
1699 5289 1796 5341 καὶ
1852 5290 1911 5339 ἐν

337 5359 519 5412 ἅπασι
542 5361 654 5422 τοῖς
687 5363 998 5428 καλλίστοις
1038 5366 1390 5437 διαλάμπειν,
1453 5374 1552 5443 οὐχ
1615 5376 1816 5445 ἥκιστα
1853 5376 1911 5429 δέ

338 5450 723 5524 φιλανθρωπίᾳ
780 5472 841 5508 τε
896 5459 992 5511 καὶ
1056 5462 1385 5531 χρηστότητι
1444 5466 1536 5518 καὶ
1573 5466 1907 5539 δικαιοσύνῃ.

348 5542 658 5613 Ἐπανῆλθε
693 5546 774 5612 δὲ,
810 5548 972 5615 αὐτοῦ
1029 5552 1123 5604 τοῦ
1179 5552 1316 5606 Θεοῦ
1371 5558 1781 5623 συναιρομένου,
1846 5548 1917 5610 ἐκ

337 5632 438 5702 τῆς
468 5633 768 5706 ὑπερορίας
794 5640 1012 5710 ἐκείνης
1046 5644 1139 5694 καὶ
1183 5643 1215 5711 ἡ
1278 5649 1560 5715 μετριότης
1609 5647 1764 5716 ἡμῶν
1828 5651 1907 5709 εἰς

336 5723 438 5791 τὴν
472 5723 799 5795 Ἐκκλησίαν
823 5729 1011 5798 αὐτῆς.
1048 5729 1189 5782 Οἱδέ
1250 5747 1311 5797 γε
1375 5733 1632 5801 ῥηθέντες
1677 5734 1910 5802 πρεσόὰ-

2016 1893 2081 1961 τῇ
2107 1892 2235 1961 καθ’,
2255 1894 2405 1961 ἡμᾶς
2435 1895 2556 1965 ἱερᾷ
2581 1896 2672 1947 καὶ
2694 1896 2813 1966 θείᾳ
2840 1897 3043 1966 συνόδῳ
3095 1897 3192 1949 καὶ
3230 1895 3600 1964 ’ἀπολογήσα-

2019 1983 2144 2035 σθαι
2164 1984 2261 2036 καὶ
2285 1984 2379 2036 ἐπὶ
2415 1987 2525 2045 τοῖς
2556 1985 2769 2054 ἑτέροις
2797 1987 3158 2055 ἐγκλήμασιν,
3187 1987 3272 2054 ἐφ’
3323 1980 3406 2048 οἷς
3428 2004 3599 2059 κατη-

2018 2075 2260 2145 γορεῖτο,
2285 2075 2355 2128 δι’
2381 2075 2505 2129 ὅλου
2541 2076 2636 2130 τοῦ
2669 2078 3037 2149 παρελθόντος
3105 2079 3439 2149 Ὀκτωσρίου
3495 2097 3599 2150 μη-

2016 2166 2134 2230 νὸς,
2195 2166 2291 2221 ἆτε
2352 2167 2418 2237 δὴ
2484 2169 2580 2221 καὶ
2644 2170 2751 2225 τῶν
2817 2172 3354 2242 ἀντικαθισταμένων
3421 2172 3601 2241 τούτῳ

2020 2259 2471 2327 μετακληθέντων
2501 2262 2595 2314 καὶ
2625 2265 3090 2333 παραγενομένων
3121 2280 3136 2295 ο
3170 2266 3295 2317 ἐπεὶ
3324 2265 3385 2319 δέ
3434 2265 3598 2328 αὐτὸς

2020 2351 2120 2417 μὲν
2151 2351 2420 2418 ἐψεύσατο
2471 2353 2571 2421 τὴν
2624 2354 2939 2423 ὑπόσχεσιν,
2995 2358 3043 2408 οἱ
3099 2356 3157 2410 δέ
3209 2356 3597 2427 διαληφθέντες

2020 2439 2186 2506 ἱερεῖς
2213 2436 2356 2511 ἦσαν
2386 2445 2452 2512 τῇ
2488 2444 2757 2517 ἐκκλησίᾳ
2786 2448 3247 2521 προσεδρεύοντες
3294 2450 3392 2503 καὶ
3426 2465 3596 2518 προσ-

2016 2529 2523 2602 ταλαιπωρούμενοι
2572 2536 2804 2611 πλείστῃ
2851 2539 3201 2609 κακοπαθείᾳ
3233 2540 3331 2593 καὶ
3386 2540 3597 2593 ἑαυτῶν

2016 2636 2080 2688 γε
2100 2621 2209 2674 τῶν
2240 2624 2558 2692 ἀναγκαίων
2579 2630 3078 2698 κατατρυχόμενοι,
3117 2631 3371 2684 συνοδικά
3408 2630 3596 2700 νψηφί-

2017 2728 2201 2783 σματα
2261 2715 2527 2778 πολλάκις
2578 2717 2676 2772 καὶ
2728 2718 3002 2789 διαφόρως
3048 2721 3398 2791 ἀπελύθησαν
3457 2721 3597 2791 πρὸς

2016 2806 2181 2857 αὐτὸν
2244 2806 2338 2859 ἐπὶ
2396 2807 2478 2878 τῷ
2543 2809 2840 2877 ἀφικέσθαι
2897 2813 3325 2884 ἀπροφασίστως
3378 2817 3459 2878 εἰς
3497 2816 3597 2883 τὴν

2019 2894 2235 2948 σύνοδον
2259 2900 2372 2962 καὶ,
2397 2897 2452 2950 εί
2473 2913 2540 2966 γε
2565 2900 2805 2964 δύναιτο,
2831 2902 3280 2975 ἀπολογήσασθαι
3313 2908 3444 2976 περὶ
3485 2906 3595 2959 τῶν

2017 2987 2471 3059 ἐπενηνεγμένων
2521 2997 2649 3045 κατ’
2700 2993 2868 3047 αὑτοῦ
2915 2996 3174 3050 τοιούτων
3226 2999 3592 3066 αἰτιαμάτων,

2017 3079 2267 3150 δοθείσης
2295 3085 2392 3135 καὶ
2419 3084 2584 3138 πάλιν
2615 3085 2768 3155 αὐτῷ
2796 3086 2991 3157 ἐτέρας
3042 3088 3303 3157 καιρικῆς
3344 3090 3593 3157 διωρίας,

1941 3151 1989 3213 c
2021 3172 2213 3240 μέχρις
2239 3172 2337 3224 καὶ
2363 3173 2486 3226 ὅλου
2510 3172 2708 3246 δηλαδὴ
2736 3151 2832 3228 τοῦ
2857 3151 3220 3247 παρελθόντος
3255 3151 3593 3248 ίΑπριλλίου,

2017 3261 2184 3314 τῶνδε
2214 3264 2325 3314 τῶν
2350 3262 2546 3332 ἱερέων
2577 3266 2720 3319 κατὰ
2748 3266 2841 3329 τὸν
2868 3268 3053 3336 ὅμοιον
3105 3268 3309 3339 τρόπον
3357 3269 3592 3324 ἐνταῦθα

2018 3352 2504 3421 κατατριόομένων
2570 3358 2665 3410 καὶ
2720 3357 2823 3429 τὴν
2874 3359 3145 3431 τοσαύτην
3206 3359 3593 3431 ὑφισταμένων

2016 3446 2396 3516 ταλαιπωρίαν
2468 3447 2565 3502 καὶ
2636 3450 3012 3505 κακοπάθειαν
3087 3452 3182 3506 καὶ
3234 3453 3335 3523 τὴν
3383 3455 3591 3507 ἐκείνου

2015 3537 2201 3607 ἄφιξιν
2232 3540 2616 3607 ἀναμενόντων
2667 3542 2765 3595 καὶ
2818 3542 3258 3599 διαῦισασάντων
3312 3546 3375 3599 οὑ
3429 3547 3591 3615 μόνον

2013 3629 2116 3700 τὴν
2142 3629 2263 3682 τότε
2288 3630 2384 3683 τοῦ
2425 3632 2746 3701 μετοπώρου
2796 3632 2965 3703 ὥραν,
3015 3635 3152 3689 ἀλλά
3191 3639 3287 3690 καὶ
3350 3639 3451 3707 τὴν
3495 3637 3591 3689 τοῦ

2014 3720 2311 3789 χειμῶνος,
2350 3721 2449 3791 ήδη
2478 3722 2535 3775 δέ
2569 3723 2664 3776 καὶ
2694 3726 2925 3795 ταυτηνὶ
2953 3726 3141 3796 σχεδὸν
3187 3726 3286 3798 τὴν
3346 3728 3441 3780 τοῦ
3486 3729 3589 3780 ἐνι-

2018 3813 2285 3881 σταμένου
2312 3812 2526 3884 θέρους.
2572 3815 2784 3886 Προέὄη
2828 3818 3013 3884 μέντοι
3045 3820 3139 3872 καὶ
3187 3816 3349 3883 αὖθις
3384 3820 3589 3874 συνοδι-

2014 3903 2109 3955 κον
2138 3905 2400 3974 ψήφισμα
2433 3905 2573 3971 πρὸς
2602 3906 2767 3961 αὑτὸν
2821 3907 3103 3977 ἐμόριθῶς
3152 3912 3211 3963 ἐν
3269 3912 3466 3981 ἰσχυρᾷ
3507 3910 3589 3981 βε-

2015 3994 2243 4048 ϐαιώσει
2299 3999 2784 4065 ἐπιφωνούμενον,
2852 4000 2968 4065 ὡς,
3031 4000 3192 4070 εἴπερ
3253 4003 3350 4055 καὶ
3402 4003 3588 4069 πάλιν,

2013 4088 2494 4157 περιφρονητικῶς
2520 4088 2810 4154 διατεθεὶς,
2842 4090 2941 4144 οὐκ
2974 4092 3284 4162 ἀπαντήσει
3311 4093 3460 4155 ἐντὸς
3490 4095 3589 4164 τῆς

2012 4178 2416 4250 ἀποταχθείσης
2440 4179 2661 4250 διωρίας
2695 4182 2839 4234 κατὰ
2900 4183 3101 4254 πολλὴν
3155 4187 3586 4253 συγκατάθεσιν,

2014 4272 2190 4341 ἤγουν
2216 4271 2311 4323 τοῦ
2342 4270 2708 4341 παρελθόντος
2779 4273 3114 4343 Ἀπριλλίου,
3153 4277 3230 4339 ὡς
3270 4277 3588 4348 δεδήλωται,

2011 4362 2086 4425 ὡς
2118 4365 2472 4433 καταφρονῶν
2503 4364 2606 4434 μὲν
2634 4365 2732 4419 καὶ
2772 4367 2871 4436 τῆς
2910 4369 3022 4424 τῶν
3068 4369 3227 4422 θείων
3279 4374 3375 4426 καὶ
3426 4372 3588 4440 ἱερῶν

2012 4453 2254 4509 κανόνων
2283 4454 2741 4523 παρακελεύσεώς
2784 4471 2844 4508 τε
2872 4459 2967 4509 καὶ
3027 4456 3341 4523 διατάξεως,
3376 4461 3586 4516 ἀθετῶν

2012 4543 2183 4597 δὲκαὶ
2205 4543 2301 4614 τὴν
2334 4545 2469 4614 πρὸς
2508 4547 2606 4614 τὴν
2640 4546 2856 4599 σύνοδον
2913 4547 3059 4599 ίδίαν
3080 4547 3376 4618 ὑπόσχεσιν
3417 4550 3585 4603 αὐτοῦ

2010 4636 2478 4706 ὁμολογουμένως,
2544 4639 2867 4708 καθαιρέσει
2931 4639 3370 4715 ὑποϐληθήσεται
3423 4626 3585 4695 ἐνέκα

2012 4729 2122 4781 τῶν
2143 4728 2612 4797 ἀποδεδειγμένων
2638 4730 2763 4782 κατ’
2791 4729 2957 4784 αὐτοῦ
3008 4733 3268 4787 τοιούτων
3304 4734 3586 4804 ἐγκλημά-

2012 4834 2143 4881 των,
2170 4815 2240 4870 δι’
2268 4809 2342 4869 ὧν
2370 4819 2483 4880 τοῖς
2510 4819 2731 4871 κανόσιν
2771 4819 2943 4889 ἐφάνη
2998 4822 3461 4890 προσκεκρουκὼς
3490 4825 3585 4876 καὶ

2013 4908 2448 4980 ἐμπαροινήσας.
2485 4908 2722 4973 Ἐκεῖνος
2754 4912 2936 4979 μέντοι
3004 4927 3069 4979 γε
3119 4914 3217 4965 καὶ
3284 4914 3584 4985 διαρρήδην

2012 4998 2439 5068 διωμολόγησεν,
2495 4997 2577 5051 ἔτι
2628 4999 2910 5071 ἐπιδημῶν
2954 5002 3209 5066 ἐνταῦθα,
3261 5005 3585 5074 ὑπεραλγῶν

2012 5088 2173 5158 δῆθεν
2202 5091 2294 5142 ἐπὶ
2332 5094 2398 5160 τῇ
2467 5089 2674 5161 ψυχικῇ
2731 5092 2979 5165 ἀπωλείᾳ
3026 5094 3121 5147 τοῦ
3178 5094 3429 5163 ἀδελφοῦ,
3483 5096 3581 5160 ὡς,

2014 5181 2172 5251 εῐπερ
2204 5182 2463 5236 ἀπεδίδου
2496 5185 2595 5253 τὴν
2623 5185 3067 5255 καταδληθεῖσαν
3096 5190 3249 5257 παρὰ
3277 5188 3442 5240 τῶνδε
3473 5191 3583 5241 τὸον

2015 5273 2206 5341 ἱερέων
2238 5274 2437 5339 ἔξοδον,
2468 5276 2813 5329 ἀπελθόντων
2839 5277 2898 5342 ἐξ
2932 5279 3112 5341 αἰτίας
3152 5279 3319 5337 αὑτοῦ
3345 5281 3424 5341 είς
3486 5283 3578 5333 τὸν

2015 5362 2220 5434 Χάνην,
2272 5365 2525 5435 καθάπερ
2548 5369 2761 5437 εἴρηται
2790 5367 3070 5439 ἀνωτέρω,
3102 5370 3396 5424 κάντεῦθεν
3425 5388 3583 5425 κατε-

2014 5456 2249 5509 παύοντο
2276 5455 2369 5507 καὶ
2400 5458 2466 5509 τά
2493 5458 2791 5526 ἐπιφυέντα
2818 5459 3115 5526 σκάνδαλα,
3150 5465 3249 5514 οὐκ
3275 5463 3343 5516 ἂν
3370 5463 3397 5512 δ
3434 5463 3584 5516 ἀδελ-

2015 5548 2224 5615 φὸς,ὼ;
2263 5549 2339 5617 μὴ
2365 5546 2662 5618 ὤφελε,τῷ
2695 5551 3192 5623 μουσουλμανισμῷ
3224 5558 3580 5623 περιέπιπτε.

2014 5639 2450 5710 Μεμαρτύρηται
2470 5641 2526 5693 δὲ
2542 5642 2811 5711 ἀριδήλως
2827 5643 2897 5696 τὰ
2919 5644 3049 5715 περὶ
3074 5647 3263 5700 τούτου
3308 5648 3401 5700 καὶ
3432 5649 3585 5717 παρὰ

2013 5733 2121 5787 τῶν
2176 5734 2479 5801 ἱερωτάτων
2531 5735 2832 5807 ἀρχιερέων
2882 5738 2975 5791 καὶ
3032 5739 3369 5808 ὑπερτίμων,
3401 5738 3494 5794 τοῦ
3520 5754 3583 5792 τε
