4078 6202
349 306 493 374 1353

1191 310 1542 372 CALLISTI
1582 309 1680 370 ΕΤ
1710 307 2140 370 PHILOTHEI
2179 307 2289 369 ΟΡ.
2340 306 2804 390 ΡΑΤΒΙΑΒΟΗ.

3487 294 3622 362 1354

350 421 648 496 μετριότης
684 420 844 492 ήμῶν
896 419 1274 492 ἀναδεξαμένη
1323 424 1430 476 ἀπὸ
1463 420 1598 474 Θεοῦ
1631 419 1939 489 τὴνοίκου-
1972 426 2012 480 Α
2043 416 2142 486 φὸς
2177 419 2272 473 καὶ
2302 416 2721 485 συλλειτουργὸς
2747 414 2848 484 τῆς
2880 411 3041 498 ήμῶν
3069 411 3452 482 μετριότητος.
3483 411 3624 480 ἀνὴρ

353 517 586 592 μενικην
626 515 737 570 τῶν
768 514 958 586 ψυχῶν
987 514 1326 586 προστασίαν
1375 515 1484 568 τῶν
1524 513 1781 570 ἁπάντων
1804 513 1939 581 Χρι-

355 610 610 672 στιανῶν,
645 607 733 662 διά
765 607 1047 676 φροντίδος
1096 603 1210 678 εἶχε
1259 607 1354 660 καὶ
1386 608 1654 677 πρότερον
1698 609 1937 674 ἐγκατα-

356 703 554 771 στῆσαι
591 699 861 769 ἀρχιερέα
892 700 988 754 καὶ
1014 700 1110 752 ἐπὶ
1141 700 1206 768 τῇ
1245 697 1366 751 καθ’
1400 699 1546 767 ὑμᾶς
1572 698 1746 768 ταύτῃ
1773 700 1940 765 ἁγιω-

352 793 492 862 τάτῃ
520 790 854 859 μητροπόλει
879 805 894 820 ο
921 789 1044 842 ἐπεὶ
1069 789 1126 843 δέ
1155 789 1358 858 ἀρτίως
1387 787 1683 842 κατέλαϐεν
1705 787 1940 842 ἐνταῦθα

355 882 385 934 ὁ
417 880 622 950 ἀρτίως
646 878 944 948 ψηφισθείς
995 881 1090 933 καὶ
1136 879 1556 950 χειροτονηθεὶς
1584 880 1808 949 γνήσιος
1844 880 1942 950 ἀρ-

354 973 576 1043 χιερεὺς
611 972 705 1025 ἐπὶ⁵
727 975 856 1042 τῇδε
897 977 962 1044 τῇ
997 974 1278 1046 ἁγιωτάτῃ
1319 973 1612 1044 ἐκκλησίᾳ,
1641 973 1942 1044 ὑπέρτιμος

354 1068 448 1122 καὶ
476 1066 703 1137 ἔξαρχος
725 1066 835 1120 τῶν
865 1066 1168 1124 Κυκλάδων.
1212 1071 1417 1133 νήσων,
1470 1069 1756 1139 ἀγαπητὸς
1799 1067 1942 1123 κατά

356 1163 558 1233 Κύριον
616 1161 849 1230 ἀδελφὸς
903 1164 999 1216 καὶ
1053 1163 1472 1235 συλλειτουργὸς
1506 1164 1607 1235 τῆς
1650 1164 1808 1234 ήμῶν
1844 1181 1942 1234 με-

354 1256 664 1327 τριότητος,
714 1254 854 1326 ἀνὴρ
881 1256 1118 1327 εὐλαϐὴς
1150 1259 1245 1312 καὶ
1305 1260 1560 1330 ἐνάρετος
1612 1260 1706 1314 καὶ
1759 1259 1951 1324 ἱκανὸς

355 1346 542 1416 ψυχῶν
589 1345 951 1425 προΐστασθαι
1001 1349 1095 1401 καὶ
1153 1352 1524 1419 χειραγωγεῖν
1577 1350 1752 1413 αὑτὰς
1803 1351 1942 1420 πρὸς

357 1439 454 1507 τὴν
505 1438 780 1508 σωτηρίαν
808 1438 991 1507 λόγοις
1036 1440 1128 1494 καὶ
1178 1442 1544 1511 παραινέσεσι
1584 1443 1702 1504 ταῖς
1733 1459 1945 1512 προση-

360 1527 606 1592 κούσαις,
636 1529 730 1582 καὶ
763 1530 872 1584 ἰδοὺ
901 1531 999 1585 σὺν
1023 1531 1144 1602 Θεῷ
1170 1531 1390 1602 ἔρχεται
1426 1535 1562 1600 πρὸς
1589 1534 1734 1604 ὑμᾶς
1755 1551 1768 1566 ·
1802 1551 1945 1604 παρ-

359 1622 624 1688 εγγυᾶται
653 1623 819 1676 πᾶσιν
849 1622 982 1692 ὑμῖν
1012 1626 1044 1694 ὴ
1085 1625 1380 1694 μετριότης
1403 1627 1580 1697 ήμῶν,
1613 1628 1690 1691 ὼς
1723 1627 1789 1682 ἂν
1813 1627 1946 1681 ὐπο-

357 1706 819 1780 δέξησθε“τοῦτον
851 1713 990 1782 μετὰ
1019 1716 1400 1786 περιχαρείας,
1454 1717 1549 1770 καί⁵
1597 1717 1942 1786 εύφρανθῆτε

2041 508 2260 563 συνέσει
2286 507 2384 561 καὶ
2412 509 2754 577 πνευματικῇ
2781 504 3004 574 παιδείᾳ
3027 504 3120 556 καὶ
3145 503 3318 572 ἀρετῇ
3348 517 3628 571 κεκοσμη-

2045 599 2205 669 μένος
2235 600 2329 654 καὶ
2352 601 2535 662 ἰκανὸς
2557 599 2744 670 ψυχῶν
2769 599 2863 652 καὶ
2886 595 3234 666 πραγμάτων
3258 591 3624 662 προΐστασθαι

2041 695 2134 746 καὶ
2163 696 2528 769 χειραγωγεῖν
2559 692 2730 755 αὑτὰς
2775 690 2912 760 πρὸς
2936 690 3034 761 τὴν
3066 685 3346 758 σωτηρίαν
3372 685 3452 754 τῷ
3489 685 3621 737 ύπο-

2039 784 2297 854 δείγματι
2328 785 2421 840 τοῦ
2456 783 2741 853 θεοφιλοῦς
2775 784 2889 853 βίου
2937 781 3125 846 αὐτοῦ,
3151 781 3302 842 ὅστις
3329 772 3428 831 καὶ
3471 777 3624 845 ἔρχε-

2042 892 2135 928 ται
2167 876 2278 929 ἰδοὺ
2310 877 2410 930 σὺν
2451 876 2572 946 Θεῷ
2619 876 2755 945 πρὸς
2803 875 2982 944 ὑμᾶς·
3019 871 3402 942 παρεγγυᾶται
3444 869 3626 922 τοίνυν

2043 967 2330 1037 πατρικῶς
2381 970 2545 1023 πᾶσιν
2594 970 2724 1037 ὑμῖν
2768 969 2800 1037 ή
2855 967 3148 1037 μετριότης
3205 962 3385 1034 ημῶν,
3437 960 3512 1022 ὼς
3559 960 3627 1013 ἂν

2045 1059 2374 1129 ύποδέξησθε
2406 1059 2598 1113 τοῦτον
2627 1058 2746 1129 μετ’
2774 1057 3115 1128 εὐφροσύνης
3166 1057 3308 1110 κατά
3335 1053 3397 1107 τὸ
3439 1052 3623 1124 χρέος,

2042 1154 2179 1223 ὅπερ
2214 1153 2365 1222 ἔχετε
2410 1155 2519 1208 ἀπὸ
2561 1154 2668 1208 τῶν
2703 1152 2866 1224 ίερῶν
2896 1155 3137 1207 κανόνων
3166 1151 3264 1205 καὶ
3295 1150 3406 1204 τῶν
3437 1147 3626 1218 φιλευ-

2044 1243 2220 1299 σεϐῶν
2244 1245 2448 1316 νόμων,
2479 1246 2571 1298 καὶ
2602 1246 2916 1316 ἀπονέμητε
2948 1243 3122 1313 τούτῳ
3160 1243 3300 1298 κατὰ
3331 1242 3430 1310 τὴν
3464 1238 3621 1308 περι-

2043 1337 2305 1408 κειμένην
2355 1337 2504 1408 αύτῷ
2552 1338 2944 1410 ἀρχιερατικὴν
2983 1337 3145 1402 ἀξίαν
3197 1334 3459 1389 παντοίαν
3488 1331 3622 1384 αίδὼ

2045 1431 2141 1485 καὶ
2166 1432 2351 1502 τιμήν,
2373 1434 2464 1486 καὶ
2487 1433 2720 1503 δέχησθε
2755 1433 2851 1486 καὶ
2875 1431 3145 1506 σπεύδητε
3170 1425 3500 1499 ἐκπληροῦν,
3524 1425 3624 1477 ὅσα

2049 1527 2235 1595 μέλλει
2287 1527 2467 1596 λέγειν
2523 1531 2620 1583 καὶ
2675 1529 2947 1583 διδάσκειν
2999 1529 3164 1598 ὑμᾶς,
3206 1522 3499 1593 ἀφορῶντα
3542 1519 3625 1579 εἰς

2045 1618 2321 1688 ὠφέλειαν
2345 1621 2454 1674 τῶν
2481 1621 2764 1690 ὑμετέρων
2790 1621 3002 1690 ψυχῶν,
3029 1619 3120 1672 καὶ
3153 1619 3236 1687 ἐφ’
3257 1613 3338 1678 οἷς
3368 1615 3434 1668 ἂν
3457 1612 3625 1682 δεήσῃ

2048 1709 2367 1780 προϐαίνειν
2411 1713 2750 1781 χειροτονίας
2801 1714 3019 1782 ίερέων,
3069 1712 3355 1775 διακόνων,
3391 1707 3529 1761 ἀλλά
3561 1705 3626 1774 δὴ

357 1803 449 1856 ἐπὶ
496 1805 564 1873 τῇ
606 1805 888 1875 παρουσίᾳ
929 1801 1118 1868 αὑτοῦ,
1160 1810 1252 1862 καὶ
1286 1807 1517 1877 δέχησθε
1545 1809 1641 1860 καὶ
1671 1808 1940 1877 σπεύδητε
1977 1800 2015 1853 Β
2045 1804 2140 1854 καὶ
2170 1801 2534 1870 καθιερώσεις
2564 1803 2731 1866 ναῶν,
2759 1803 2948 1856 τοῦτον
2987 1803 3152 1872 μόνον
3193 1799 3423 1871 δέχησθε
3466 1799 3624 1850 ἐκτεο

360 1894 690 1965 ἐκπληροῦν,
735 1896 837 1949 ὅσα
881 1897 1065 1966 μέλλει
1114 1899 1295 1966 λέγειν
1348 1902 1446 1954 καὶ
1482 1901 1757 1955 διδάσκειν
1797 1902 1938 1972 ὑμᾶς

357 1985 652 2056 ψυχωφελῆ
693 1988 786 2040 καὶ
828 1989 1097 2058 σωτήρια,
1131 1990 1454 2056 ὑπείκοντες
1502 1993 1652 2062 αὐτῷ
1686 1997 1782 2048 καὶ
1821 2011 1941 2047 πει-

360 2075 710 2145 θαρχοῦντες,
735 2076 809 2138 ὡς
837 2078 1027 2149 οἰκείῳ
1056 2081 1280 2149 πιιμένι
1310 2083 1407 2136 καὶ
1455 2084 1626 2153 πατρὶ
1670 2086 1764 2140 καὶ
1793 2085 1946 2140 διδα-

361 2169 548 2238 σκάλῳ
591 2170 974 2240 πνευματικῷ,
1023 2173 1119 2226 καὶ
1149 2175 1326 2228 πάντα
1367 2177 1574 2246 τρόπον
1608 2178 1942 2243 ἐπαγωνιζό-

363 2277 516 2327 μενοι
545 2260 986 2330 ἀναστρέφεσθαι
1021 2264 1113 2315 καὶ
1145 2264 1544 2331 πολιτεύεσθαι,
1579 2266 1654 2329 ὡς
1707 2268 1943 2338 ἁρμόζει

361 2351 708 2420 Χριστιανοῖς
735 2353 1048 2424 ἀνθρώποις
1078 2354 1218 2408 κατά
1254 2357 1382 2420 τοὺς
1415 2355 1651 2428 θεσμοὺς
1686 2358 1786 2427 τῆς
1822 2359 1945 2413 Ἐκ-

364 2442 592 2513 κλησίας
646 2443 805 2510 Θεοῦ,
855 2449 950 2498 καὶ
981 2444 1164 2509 καθὼς
1201 2449 1250 2500 οἰ
1287 2435 1631 2515 φιλευσεϐεῖς
1674 2451 1784 2504 τῶν
1810 2453 1946 2522 Χρι-

367 2537 600 2591 στιανῶν
636 2537 933 2592 ἀπαιτοῦσι
963 2539 1143 2608 νόμοι,
1177 2540 1401 2611 ἀγάπην
1449 2541 1667 2612 ἔχοντες
1702 2545 1820 2614 μετ’
1852 2545 1945 2598 ἀλα

366 2629 543 2698 λήλων
569 2633 661 2685 καὶ
689 2631 940 2702 εἰρήνην,
967 2633 1337 2705 ἐλεημοσύνην
1370 2633 1467 2688 καὶ
1491 2637 1778 2704 μετάδοσιν
1809 2642 1947 2710 πρὸς

361 2722 487 2781 τοὺς
513 2721 748 2794 πένητας
769 2722 864 2777 καὶ
887 2724 1012 2788 τοὺς
1039 2724 1442 2796 αἰχμαλώτους,
1466 2728 1784 2799 ἐξαγορείαν
1811 2733 1946 2802 πρὸς

364 2814 491 2876 τοὺς
537 2816 945 2883 πνευματικοὺς
1005 2820 1272 2887 πατέρας,
1328 2819 1439 2872 τῶν
1471 2823 1948 2892 ἐκκλησιαστικῶν

369 2906 641 2970 συνάξεων
667 2909 897 2964 καὶτῶν
927 2911 1008 2972 εἰς
1033 2909 1168 2963 Θεὸν
1189 2911 1478 2982 ὐμνῳδιῶν
1514 2916 1785 2986 μηδαμῶς
1815 2920 1950 2971 ἀπο-

365 2999 759 3069 λιμπανόμενοι
816 3001 908 3053 ἐπὶ
948 3001 1216 3072 καθάρσει
1269 3003 1364 3056 καὶ
1414 3005 1678 3076 ἁγιασμῷ
1726 3008 1835 3062 τῶν
1867 3009 1946 3061 οξ-

367 3093 530 3146 κείων
555 3093 763 3163 ψυχῶν,
792 3093 890 3148 καὶ
916 3094 1104 3158 ἀπλῶς
1134 3097 1332 3164 εἰπεῖν,
1363 3097 1540 3167 πάσης
1576 3099 1675 3166 μέν
1703 3099 1950 3169 ἀκαθαρ-

367 3183 488 3247 σίας
521 3152 873 3254 ἀπεχόμενοι,
899 3152 1100 3254 πάσης⁷
1119 3187 1178 3239 δέ
1229 3152 1600 3258 ἀγάθοεργίας
1646 3152 1948 3257 ἀντεχόμε-
1977 3152 2018 3207 C

364 3293 470 3338 νοι,
502 3275 564 3340 ἐξ
585 3271 651 3346 ἧς
682 3276 812 3338 Θεὸς
841 3276 1210 3347 θεραπεύεται
1240 3279 1333 3331 καὶ
1359 3279 1650 3346 ἀμείϐεται
1677 3277 1950 3339 πλουσίως

365 3369 496 3431 τοὺς
528 3367 765 3433 οίκείους
800 3369 1134 3438 θεράποντας
1164 3371 1222 3424 ἐν
1244 3388 1304 3424 τε
1359 3370 1436 3442 τῷ
1459 3369 1556 3426 νῦν
1580 3371 1737 3425 αίῶνι
1768 3372 1862 3423 καὶ
1892 3372 1952 3423 ἐν

367 3460 447 3531 τῷ
477 3461 726 3531 μέλλοντι
753 3476 766 3490 ·
794 3461 1050 3534 τοιαύτην
1077 3463 1186 3533 γὰρ
1211 3463 1306 3517 καὶ
1331 3449 1548 3533 ἔχοντες
1567 3463 1668 3532 τὴν
1690 3463 1952 3532 ἀναστρο-

368 3553 475 3625 φὴν
520 3555 617 3607 καὶ
649 3552 769 3625 Θεῷ
799 3553 1250 3626 εύαρεσκοῦντες,
1282 3555 1614 3625 κληρονόμοι
1643 3555 1946 3625 γενήσεσθε

369 3647 464 3699 καὶ
494 3646 603 3701 τῶν
632 3646 869 3702 αἰωνίων
901 3646 1150 3716 ἀγαθῶν,
1177 3644 1214 3700 ἀ
1261 3646 1562 3718 ἡτοίμασεν
1611 3648 1638 3698 ό
1675 3646 1809 3710 Θεὸς
1838 3649 1952 3710 τοῖς

369 3737 464 3809 ὅλῃ
498 3738 755 3807 προθέσει
783 3739 960 3810 ψυχῆς
995 3739 1158 3794 αὐτὸν
1185 3739 1509 3808 ἀγαπήσασι
1535 3740 1629 3792 καὶ
1647 3739 1744 3802 τὰς
1774 3757 1954 3810 σωτη-

373 3831 524 3901 ρίους
562 3831 732 3886 αὑτοῦ
767 3832 1072 3902 φυλάξασιν
1103 3831 1347 3898 ἐντολὰς,
1388 3831 1448 3885 οὗ
1483 3832 1578 3886 καὶ
1611 3835 1642 3903 ἡ
1677 3834 1837 3904 χάρις
1864 3835 1951 3904 είη

375 3921 515 3990 μετά
545 3922 764 3976 πάντων
793 3923 971 3992 ὑμῶν.

439 4013 479 4085 -ι-
508 4014 650 4083 Εἶχε
692 4018 791 4069 τό·
850 4014 1009 4083 Μηνί
1044 4015 1360 4084 Ἀπριλλίῳ
1411 4016 1527 4069 ινδ.
1569 4021 1623 4081 ι’,
1689 4015 1788 4070 διὰ
1841 4015 1954 4083 τῆς

369 4107 569 4175 τιμίας
612 4105 985 4176 ὃεσποτικῆς
1016 4107 1116 4161 καί
1145 4108 1324 4177 ἁγίας
1364 4109 1805 4176 πατριαρχικῆς
1836 4123 1956 4176 χει-

368 4201 498 4266 ρόςο

441 4380 514 4436 Il.
548 4378 590 4451 1-
618 4379 685 4434 Oi
729 4380 810 4444 είς
841 4381 943 4450 τὴν
971 4381 1244 4452 ἐπαρχίαν
1294 4379 1386 4433 καὶ
1438 4380 1797 4450 ἐπικράτειαν
1846 4380 1957 4435 τῶν

2048 1895 2242 1948 λοῦντα
2272 1893 2448 1949 ταῦτα
2478 1896 2554 1955 ὡς
2577 1897 2802 1962 γνήσιον
2831 1894 3098 1965 ἀρχιερέα
3119 1895 3146 1945 ὑ
3157 1894 3272 1962 μῶν
3296 1892 3390 1950 κα)⁸
3412 1889 3628 1958 πατέρα

2050 1987 2419 2057 πνευματικὸν
2471 1989 2566 2040 καὶ
2623 1987 2967 2048 διδάσκαλον,
3002 1987 3189 2058 ἐπειδὴ
3229 1985 3324 2040 καὶ
3368 1977 3533 2037 αὗται
3569 1981 3627 2034 αί

2051 2074 2532 2149 Κυκλάδες’νῆσοι
2589 2081 2695 2133 ὑπὸ
2756 2080 2854 2150 τὴν
2911 2080 3079 2133 αὐτοῦ
3128 2079 3492 2148 ἐπικράτειαν
3535 2077 3625 2129 εύ-

2052 2174 2331 2244 ρίσκονται
2359 2172 2456 2226 καὶ
2485 2173 2762 2242 ἐφορείαν,
2793 2171 2922 2233 τοὺς
2947 2171 3001 2223 δέ
3027 2171 3222 2232 ἄλλους
3250 2170 3460 2232 πάντας
3481 2169 3633 2221 ἀπω-

2051 2265 2218 2334 θῆσθε
2277 2265 2374 2318 καὶ
2431 2265 2825 2334 ἀποπέμπητε,
2877 2263 2954 2327 ὡς
3017 2263 3294 2333 μηδεμίαν
3361 2261 3631 2332 μηδαμῶς

2052 2359 2273 2429 ἔχοντας
2308 2359 2396 2410 ἐπὶ
2429 2359 2640 2421 τούτοις
2669 2359 2882 2424 ἄδειαν,
2917 2359 3057 2412 κατὰ
3082 2356 3180 2428 τὴν
3211 2358 3318 2409 τῶν
3350 2355 3528 2409 αὐτῶν
3559 2355 3634 2408 ίε-

2057 2451 2164 2521 ρῶν
2198 2449 2294 2504 καὶ
2325 2449 2485 2504 θείων
2515 2452 2758 2505 κανόνων
2787 2449 3191 2522 παρακέλευσιν
3226 2449 3320 2503 καὶ
3347 2446 3592 2513 διάταξιν
3615 2462 3631 2477 ⁸

2052 2544 2112 2596 ού
2146 2545 2250 2614 μὴν
2280 2544 2418 2598 ἀλλά
2449 2547 2545 2598 καὶ
2576 2544 2735 2615 εἴπερ
2769 2546 3088 2614 πειραθεῖεν
3119 2543 3248 2606 ἴσως
3280 2540 3429 2604 τινὲς
3458 2540 3491 2611 ἢ
3524 2539 3634 2593 τῶν

2052 2637 2147 2691 τοῦ
2173 2639 2373 2706 μέρους
2403 2641 2502 2708 τῆς
2532 2641 2755 2710 Κρήτης
2779 2639 2809 2709 ἢ
2836 2639 3025 2708 ἕτερός
3053 2654 3138 2700 τις
3163 2636 3636 2705 παρεισέρχεσθαι

2054 2728 2241 2782 αὐτόοι
2273 2733 2516 2800 ἐνεργεῖν
2546 2749 2597 2784 τι
2629 2731 3023 2801 ἀρχιερατικὸν
3072 2730 3102 2798 ἢ
3133 2729 3262 2783 ἄλλο
3301 2747 3353 2782 τι
3384 2729 3494 2783 ἀπὸ
3527 2727 3637 2781 τῶν

2056 2818 2311 2886 ἀνωτέρω
2355 2821 2495 2871 κατά
2537 2820 2702 2889 μέρος
2748 2820 3083 2891 εἰρημένων,
3115 2819 3208 2872 ἐπὶ
3237 2820 3636 2890 περιφρονήσει

2054 2910 2208 2963 τοῦδε
2238 2907 2334 2962 τοῦ
2365 2910 2660 2978 ἰερωτάτου
2694 2911 2997 2982 ἀρχιερέως
3026 2911 3122 2965 καὶ
3151 2911 3480 2981 ὑπερτίμου,
3513 2913 3639 2966 ἐπεί⁵

2057 3000 2161 3054 ὑπὸ
2183 3002 2283 3071 τὴν
2316 3003 2608 3071 κανονικὴν
2631 3002 2864 3071 εὐθύνην
2917 3003 3012 3055 καὶ
3039 3002 3343 3071 αὐστηρίαν
3371 3007 3497 3067 εἰσὶ,
3538 3004 3637 3056 καὶ

2057 3097 2089 3164 ή
2135 3096 2429 3167 μετριότης
2480 3097 2638 3166 ήμῶν
2685 3097 2902 3165 σύναμα
2939 3099 3004 3167 τῇ
3045 3095 3168 3148 καθ’
3199 3098 3344 3164 ἡμᾶς
3380 3097 3505 3168 ἱερᾷ
3546 3097 3640 3150 καὶ

2055 3186 2175 3255 θείᾳ
2231 3188 2434 3257 συνόδῳ
2488 3187 2588 3240 καὶ
2640 3187 2747 3240 ὑπὸ
2805 3187 2971 3256 βάρος
3022 3189 3332 3258 ἀφορισμοῦ
3387 3189 3445 3240 ἐν
3497 3188 3639 3258 ἁγίῳ

2055 3278 2339 3348 Πνεύματι
2365 3281 2492 3341 τοὺς
2521 3277 2799 3342 τοιούτους
2831 3279 3163 3349 ποιούμεθα,
3196 3280 3330 3334 ἀλλά
3361 3282 3453 3335 καὶ
3479 3280 3640 3354 εἰπερ

2053 3371 2164 3425 ἀπὸ
2194 3371 2385 3440 ἐτέρας
2436 3369 2734 3440 ἐκκλησίας
2781 3372 3122 3442 χηρευούσης
3148 3374 3243 3425 καὶ
3294 3372 3369 3442 μὴ
3412 3372 3638 3426 ὑποκει-

2060 3464 2228 3534 μένης
2269 3463 2444 3533 ἐτέρῳ
2472 3465 2745 3533 ἀρχιερεῖ,
2782 3463 2915 3532 μηδέ
2958 3464 3290 3533 κατὰλόγον
3337 3465 3638 3529 ἐπιδόσεως

2056 3553 2302 3623 δοθείσης
2332 3553 2461 3616 τινὶ,
2501 3551 2779 3620 βούλοιντό
2823 3569 2976 3624 τινες,
3005 3553 3346 3622 χειροτονίας
3377 3551 3638 3617 δέξασθαι

2055 3644 2318 3698 διακόνων
2375 3647 2468 3697 καὶ
2502 3645 2718 3714 ἱερέων,
2749 3644 2830 3697 ἔτι
2869 3661 2928 3696 τε
2965 3647 3059 3700 καὶ
3090 3644 3466 3715 καθιερώσειςι
3495 3643 3641 3698 ναῶν

2055 3736 2348 3799 ποιεῖσθαι,
2376 3737 2632 3806 διδόαμεν
2679 3736 2869 3791 ἄδειαν
2915 3736 3017 3807 ήδη
3047 3738 3142 3791 καὶ
3175 3736 3532 3806 ἐγχωροῦμεν
3561 3736 3640 3806 τῷ

2055 3827 2203 3898 αὖτῷ
2251 3829 2530 3899 ίερωτάτῳ
2568 3827 2946 3900 μητροπολίτῃ
2990 3826 3172 3881 Ῥόδου
3223 3828 3318 3881 καὶ
3349 3827 3641 3898 ύπερτίμῳ

2057 3919 2298 3974 ἐκτελεῖν
2354 3919 2450 3973 καὶ
2518 3917 2692 3972 ταῦτα
2757 3918 2940 3972 πάντα
2996 3904 3488 3989 ἀπᾶκριματίστως
3544 3919 3640 3971 καὶ

2057 4011 2371 4074 ἀκωλύτως.
2417 4011 2570 4064 Ἐπεὶ
2599 4011 2730 4079 γοῦν
2785 4009 3116 4064 κατελάὸετε
3169 4009 3269 4080 τὴν
3319 4009 3410 4062 ἐπὶ
3449 4010 3641 4063 τούτου

2056 4104 2332 4174 ἡμετέραν
2362 4102 2458 4158 καὶ
2499 4103 2787 4173 συνοδικὴν
2818 4103 3255 4172 παρακέλευσιν,
3278 4103 3525 4174 ὀφείλετε
3555 4104 3644 4157 εί.-

2057 4198 2358 4266 γνωμονεῖν
2401 4195 2498 4249 καὶ
2549 4197 2612 4247 ἐκ
2673 4194 2767 4248 τοῦ
2805 4195 2901 4248 ἀπ’
2951 4194 3206 4249 ἐντεῦθεν
3260 4195 3641 4266 ἀποπληροῦν,

2060 4289 2312 4362 καθάπερ
2363 4290 2774 4360 παρεγγυῶμεν
2805 4289 2901 4343 καὶ
2931 4291 3375 4362 ἐπισκήπτομεν,
3403 4290 3473 4344 ἶν’
3503 4289 3648 4344 οὕτω

2061 4387 2152 4436 καὶ
2191 4385 2224 4452 ή
2251 4383 2342 4436 τοῦ
2374 4383 2510 4435 Θεοῦ
2539 4383 2700 4452 χάρις
2734 4382 3241 4452 διαφυλάξαιύμᾶς
3267 4383 3526 4444 ἀὸλασεῖς
3552 4383 3648 4434 καὶ

371 4471 675 4527 Κυκλάδων
697 4470 878 4544 νήσων
903 4472 1306 4542 εὑρισκόμενοι,
1341 4471 1650 4540 ίερωμὲνοι,
1672 4470 1955 4541 ἄρχοντες,
1988 4499 2033 4554 ι)
2060 4476 2206 4547 ψυχῇ
2237 4477 2330 4528 καὶ⁵
2362 4473 2576 4543 σώματι
2610 4476 2706 4527 καὶ
2734 4473 3010 4541 ἀνώτερον
3037 4473 3245 4535 παντὸς
3269 4473 3499 4542 ἀνιαροῦ
3523 4491 3650 4528 συν-

374 4566 603 4638 μοναχολ
638 4566 734 4618 καὶ
762 4563 966 4630 λαῖκοὶ,
998 4567 1057 4618 ἐν
1093 4563 1282 4634 Κυρίῳ
1331 4564 1592 4636 ἀγαπητά
1644 4565 1810 4618 τέκνα
1857 4565 1958 4633 τῆς

369 4656 531 4727 ήμῶν
567 4656 949 4727 μετριότητος,
997 4657 1157 4727 χάρις
1207 4657 1337 4727 ὑμῖν
1367 4659 1452 4727 εἴη
1493 4659 1585 4710 καὶ
1629 4658 1822 4729 εἰρήνη
1852 4659 1962 4712 ἀπὸ

369 4748 529 4802 Θεοῦ.
557 4748 751 4802 Οἴδατε
774 4747 848 4812 ὡς
880 4749 977 4818 τῆς
1002 4749 1316 4818 ἁγιωτάτης
1346 4749 1736 4819 μητροπόλεως
1773 4749 1955 4804 Ῥόδου

367 4839 601 4910 γνησίου
638 4839 977 4910 ἀμοιρούσης
1011 4839 1340 4909 ἀρχιερέως,
1369 4838 1574 4910 ἐρημίᾳ
1597 4839 1693 4892 τοῦ
1723 4825 1961 4895 κωλύον-

369 4948 485 4997 τος,
514 4930 924 5004 παρεισήρχετο
955 4931 1014 4983 τὸ
1049 4930 1216 5000 μέρος
1258 4930 1354 4983 τοῦ
1396 4932 1623 5001 Κρήτης
1656 4932 1688 5001 ἢ
1720 4934 1815 4986 καὶ
1845 4935 1964 4986 Ete-

374 5024 467 5094 ρός
492 5041 599 5089 τις,
635 5025 732 5076 καί⁵
781 5024 1005 5090 ἐνήργει
1061 5023 1404 5092 χειροτονίας
1452 5024 1719 5077 διακόνων
1761 5025 1857 5078 καὶ
1889 5027 1964 5079 ίε-

374 5115 539 5187 ρέων,
565 5115 644 5168 ἐτι
673 5115 731 5167 δέ
764 5115 862 5166 καὶ
898 5112 1259 5185 καθιερώσεις
1290 5115 1456 5179 ναῶν,
1489 5116 1642 5185 παρά
1666 5117 1766 5184 τὴν
1795 5135 1962 5172 κανο-

373 5207 534 5277 νικὴν
585 5207 977 5277 παρατήρησιν
1019 5205 1097 5270 ὼς
1150 5206 1281 5277 παρ’
1308 5206 1542 5277 ἐνορίαν,
1581 5210 1656 5278 μὴ
1705 5210 1965 5274 ἐνδόσεως

373 5298 544 5368 οὔσης
562 5300 654 5352 ἐπὶ
678 5299 892 5363 τούτοις
917 5299 1069 5368 παρὰ
1089 5299 1188 5369 τῆς
1214 5299 1506 5370 καθἰήμᾶς
1529 5303 1679 5373 ἱερᾶς
1699 5305 1791 5358 καὶ
1814 5303 1982 5368 θείας

378 5392 600 5445 συνόδου
625 5407 640 5422 ο
681 5394 888 5462 ἀρτίως
914 5393 970 5444 δέ
1003 5391 1300 5459 γινώσκειν
1331 5393 1480 5462 ὑμᾶς
1530 5395 1864 5466 βουλόμεθα,
1889 5397 1966 5458 ὡς

374 5487 446 5554 τῇ
478 5468 579 5535 τοῦ
606 5483 847 5552 Χριστοῦ
885 5487 1067 5553 χάριτι
1118 5483 1394 5555 ἐψηφίσθη
1448 5488 1542 5539 καὶ
1577 5487 1962 5558 ἐχειροτονήθή

377 5579 473 5630 ἐπί
521 5578 587 5644 τῇ
647 5575 876 5647 ῥηθείσῃ
918 5575 1198 5648 ἁγιωτάτῃ
1243 5579 1580 5651 μητροπόλει
1611 5583 1639 5634 ό
1669 5581 1965 5651 ἱερώτατος

378 5666 466 5720 ὅδε
499 5667 901 5738 μητροπολίτης
929 5667 1134 5732 Ῥόδου,
1163 5669 1467 5740 ὑπέρτιμος
1487 5669 1580 5724 καὶ
1603 5671 1827 5744 ἔξαρχος
1855 5673 1964 5726 τῶν

381 5759 682 5812 Κυκλάδων
713 5759 915 5828 νήσων,
938 5758 996 5810 ἐν
1019 5758 1166 5829 ἁγίῳ
1196 5761 1474 5833 [ινεὺματι
1498 5765 1784 5834 ἀγαπητὸς
1815 5767 1966 5820 ἀδελ-

672 5872 942 5935 ΡΑτιιοι.
971 5873 1085 5933 Gn.
1118 5868 1292 5929 CLII.

2063 4568 2398 4638 αντήματος.

2133 4659 2170 4729 ἰ·
2207 4660 2367 4726 Μηνὶ
2417 4658 2514 4712 καὶ
2561 4657 2678 4711 ινδ.
2725 4656 2848 4724 τοῖς
2885 4657 3118 4722 αὐτοῖς,
3158 4658 3257 4713 om
3291 4656 3402 4726 τῆς
3454 4657 3649 4727 αὐτῆς

2066 4755 2264 4822 τιμίας
2295 4751 2519 4821 χειρός.

2279 4874 2448 4943 XXX.
2484 4868 2750 4958 Ρνοίεεὲίο
2788 4888 2913 4956 ﬁdei
2961 4887 3171 4960 Georgii
3219 4887 3426 4943 Vacca.

2134 5027 2174 5096 ἰ-
2205 5026 2454 5081 Πιστεύω
2484 5027 2563 5088 εἰς
2594 5024 2693 5080 ἕνα
2723 5023 2884 5092 Θεὸν,
2922 5026 3142 5098 Πατέρα
3201 5029 3649 5096 παντοκράτορα,

2066 5122 2302 5192 ποιητὴν
2328 5117 2554 5189 οὐρανοῦ
2581 5119 2679 5170 καὶ
2706 5117 2835 5186 γῆς,
2867 5135 2922 5172 κ.
2951 5135 3002 5173 τ.
3045 5118 3119 5185 λ.,
3146 5119 3240 5173 καὶ
3263 5120 3509 5189 ὁμολογῶ
3543 5159 3559 5174 .
3592 5157 3606 5171 .
3635 5160 3650 5175 .

2068 5214 2446 5283 προσέρχομαι
2475 5214 2571 5266 καὶ
2603 5211 2861 5282 καθαρῶς
2886 5214 2954 5282 τῇ
2981 5213 3266 5286 ἁγιωτάτῃ
3296 5214 3526 5288 Μεγάλη
3557 5213 3652 5267 τοῦ

2067 5307 2204 5362 Θεοῦ
2257 5307 2578 5379 Ἐκκλησία,
2613 5306 2707 5360 καὶ
2737 5305 3128 5376 ἀποσάλλομαι
3161 5309 3350 5361 πᾶσαν
3390 5307 3652 5378 (αἵρεσιν)

2066 5398 2176 5450 τῶν
2216 5397 2486 5461 Λατίνων,
2521 5399 2622 5468 τὴν
2655 5398 2786 5466 περὶ
2822 5395 2924 5467 τῆς
2960 5397 3346 5468 ἐκπορεύσεως
3373 5399 3468 5452 τοῦ
3492 5399 3652 5468 ἀγίου

2070 5489 2390 5560 Πνεύματος
2426 5491 2521 5542 καὶ
2551 5490 2818 5559 λέγουσαν
2848 5505 2863 5523 ⁸
2899 5491 2995 5542 καὶ
3019 5491 3084 5542 ἐκ
3129 5492 3221 5545 τοῦ
3249 5491 3382 5545 Υἰοῦ
3420 5532 3434 5547 .
3476 5534 3490 5549 .
3528 5531 3543 5546 .
3580 5531 3597 5547 .
3636 5531 3652 5547 .

2067 5578 2313 5633 πιστεύω
2362 5580 2471 5651 γὰρ
2512 5581 2605 5634 καὶ
2635 5581 2886 5650 ὁμολογῶ
2939 5583 3080 5636 κατά
3113 5583 3214 5654 τὴν
3248 5585 3527 5655 ἀπόφασιν
3555 5589 3653 5642 τοῦ

2069 5672 2274 5755 Κυρίου
2303 5673 2461 5744 ήμῶν
2506 5673 2683 5744 Ἰησοῦ
2724 5674 2966 5744 Χριστοῦ
2995 5678 3091 5730 καὶ
3122 5677 3218 5730 τοῦ
3260 5677 3406 5734 θείου
3438 5681 3656 5754 Συμϐό-

2027 5824 2031 5828 α
2069 5766 2163 5818 λου
2194 5766 2256 5818 ἐκ
2285 5765 2380 5819 τοῦ
2418 5767 2630 5836 Πατρὸς
2669 5768 3072 5839 ἐκπορεύεσθαι
3119 5771 3285 5842 μόνου
3326 5776 3383 5829 τὸ
3426 5774 3655 5847 Πνεῦμα

3187 5888 3264 5947 43
