4078 6202
502 327 650 393 ⁸1359

1299 329 1642 390 LALLISTI
1680 329 1780 390 ΕΤ
1829 328 2257 390 PIIILOTHEI
2298 327 2408 388 CP.
2450 323 2915 388 PATRIARCH.

3621 291 3753 382 13m

509 448 608 518 λ’ὴν
641 446 735 500 τοῦ
765 445 1102 505 κωλύσοντος
1153 443 1409 514 ἐρημίαν,
1447 445 1481 498 ἃ
1520 445 1580 497 οὐ
1613 445 1774 512 Θέμις
1812 445 1888 515 μή
1918 444 2077 512 μόνον
2107 445 2152 503 Α
2182 443 2394 513 ἔχοντος
2422 443 2512 496 καὶ
2554 440 2662 493 τῶν
2679 439 2817 492 κατὰ
2837 437 2934 507 τήν
2955 415 3538 505 μοπιήν’τήνδιόρθωσιν
3560 433 3752 489 λαϐόν-

512 539 787 611 μοναχοῖς,
844 537 957 589 ἀλλ’
999 536 1118 588 ούδέ
1175 537 1387 598 λαῖκοῖς
1427 539 1520 588 καὶ
1553 537 1778 605 φαύλοις
1828 537 2074 606 ἀνδράσι,

509 631 608 699 τῆς
642 628 797 697 ήμῶν
843 627 1198 697 μετριότητος
1235 627 1310 699 μὴ
1354 627 1584 698 ἐχούσης
1619 629 1802 682 ἄδειαν
1850 629 2080 697 ἐρευνᾷν

509 722 607 775 καὶ
638 718 913 783 ἐξετάζειν
963 719 1030 770 τά
1061 717 1307 771 τοιαῦτα.
1336 720 1397 771 EI
1447 719 1492 772 δ’
1519 721 1547 771 6
1589 719 1688 789 τῆς
1735 720 2081 772 Κωνσταντι-

507 811 814 870 νουπόλεως
849 807 1247 878 πατριάρχικδς
1283 806 1495 877 θρόνος,
1543 806 1639 859 ἁτε
1667 806 1731 878 δὴ
1775 808 2080 876 οίκουμενι-

504 910 601 964 κὸς
623 903 722 965 ὢν,
750 902 1043 969 προνόμιον
1067 899 1303 952 ἔκπαλαι
1328 889 1590 968 κέκτηταὶ
1615 899 1764 969 παρὰ
1785 899 1892 951 τῶν
1920 898 2080 951 θείων

509 992 600 1044 καὶ
637 989 798 1058 ἱερῶν
829 989 1074 1042 κανόνων
1107 990 1186 1050 είς
1216 989 1314 1051 τὰς
1352 987 1655 1058 ἑκασταχοῦ
1683 989 1784 1056 τῆς
1825 989 2080 1056 οἰκουμέ-

507 1100 605 1147 νης
632 1082 950 1149 ἐκκλησίας,
983 1081 1048 1134 τὰ
1079 1081 1542 1152 παρεμπίπτοντα
1574 1083 1632 1134 ἐν
1658 1081 1852 1142 αὐταῖς
1882 1079 2074 1147 ἐκκληι

508 1174 767 1227 σιαστικὰ
815 1175 1085 1241 ἀναγκαῖα
1120 1173 1416 1242 ζητήματα
1450 1156 1734 1242 διερευνᾷν
1775 1173 1867 1224 καὶ
1896 1170 2084 1237 ἐξετά-

507 1267 642 1330 ζειν,
695 1265 876 1335 πολλῷ
937 1265 1138 1336 μᾶλλον
1183 1264 1418 1317 ἐνταῦθα
1466 1265 1524 1316 ἐν
1574 1266 1638 1333 τῇ
1674 1264 1854 1334 οἰκείᾳ
1909 1261 2080 1333 ταύτῃ

513 1359 901 1428 μεγαλοπόλει,
935 1359 991 1409 ἐν
1081 1357 1401 1425 ἐστήρικται
1425 1355 1604 1425 κρίσει
1631 1356 1766 1409 Θεοῦ
1801 1355 1895 1408 καὶ
1916 1355 2084 1426 ψήφῳ

510 1452 768 1520 βασιλικῇ
804 1451 830 1502 6
866 1448 1106 1511 τοιοῦτος
1160 1447 1562 1518 πατριαρχικὸς
1610 1446 1819 1514 θρόνος.
1862 1447 2003 1500 Ἀλλ’
2049 1450 2083 1518 ή

513 1543 804 1613 μετριότης
850 1541 1010 1610 ήμῶν
1044 1541 1137 1594 καὶ
1170 1539 1314 1593 οὕτω
1357 1536 1583 1602 δικαίως
1613 1538 1707 1591 τοῦ
1757 1539 2085 1608 πράγματος

510 1636 748 1706 ἔχοντος,
792 1634 879 1686 διὰ
922 1633 1019 1702 τὴν
1051 1631 1149 1696 τῆς
1186 1632 1285 1703 σῆς
1339 1631 1625 1700 ἁγιότητος
1664 1631 1887 1700 ἀγάπην
1925 1648 2084 1685 πνευ-

497 1769 500 1771 .
515 1727 752 1798 ματικὴν
777 1719 874 1778 καὶ
904 1723 1084 1793 φιλίαν
1113 1723 1271 1793 ἔμενε
1298 1722 1562 1775 σιωπῶσα
1595 1723 1685 1774 ἐπὶ
1711 1721 1964 1775 τοσοῦτον
1989 1723 2084 1775 καὶ

515 1780 786 1890 μηδεμίαν
827 1780 1055 1887 ἔρευναν
1088 1780 1433 1884 ποιησαμένη
1470 1813 1565 1866 ἐπὶ
1595 1814 1660 1882 τῇ
1693 1814 1919 1883 τοιαύτῃ
1949 1815 2083 1884 μονῇ
2115 1780 2162 1839 Β

514 1915 594 1974 εἰς
626 1912 952 1979 συντήρησιν
977 1907 1074 1960 καὶ
1103 1907 1401 1976 ἀσφάλειαν
1430 1905 1668 1975 ψυχικὴν
1695 1905 1803 1958 τῶν
1826 1907 2086 1957 ἐνασκου-

518 2003 696 2073 μένων
728 2002 863 2071 αὐτῇ
895 1999 1166 2070 μοναχῶν,
1201 1999 1377 2052 καίτοι
1402 2013 1465 2066 γε
1491 1996 1763 2067 προδήλου
1792 1997 1882 2050 τοῦ
1911 1998 2084 2068 πρὰγο

517 2109 686 2164 ματος
717 2094 888 2155 ὄντος,
919 2089 995 2154 ὡς
1051 2091 1112 2142 οὐ
1151 2089 1292 2143 κατὰ
1345 2091 1406 2142 τὸ
1442 2091 1729 2160 μοναχικδν
1766 2091 2086 2160 ἐπάγγελμα

517 2184 893 2238 πολιτεύονται
941 2183 992 2235 οί
1041 2181 1326 2245 δοκοῦντες
1361 2181 1615 2251 προέχειν
1650 2182 1756 2233 τῶν
1786 2181 1984 2248 ἀλλων,
2013 2181 2087 2244 ὡς

515 2276 680 2346 δῆθεν
722 2275 945 2344 μοναχοὶ
990 2271 1085 2325 καὶ
1116 2270 1415 2341 ἱερωσύνης
1454 2267 1696 2335 ’ἀναξίως
1744 2270 2089 2340 ἐπειλημμέο

517 2385 622 2432 νοι,
677 2369 774 2420 καὶ
824 2366 930 2435 πρό
959 2381 1022 2433 γε
1084 2365 1358 2418 πάντωννό
1405 2363 1654 2425 Ἀνανίας
1708 2365 1736 2417 6
1785 2362 1878 2416 τοῦ
1911 2362 2088 2432 Τύρου

513 2459 732 2529 ἀνεψιὸς
772 2459 867 2512 καὶ
895 2458 943 2511 οί
992 2456 1311 2526 συμμύσται
1345 2457 1441 2510 καὶ
1474 2457 1830 2525 μυσταγωγοὶ
1871 2456 2087 2525 τούτου,

515 2551 668 2613 ὅστις
720 2547 944 2602 καὶτοῦ
993 2547 1173 2618 Τύρου
1214 2547 1450 2600 ἐνταῦθα
1494 2547 1890 2615 ἐπιδημοῦντος
1922 2547 2092 2612 ἀδεῶς

513 2640 582 2713 ἦν
610 2644 864 2712 πράττων
907 2640 978 2694 τά
999 2641 1200 2708 ἁτοπα,
1223 2642 1316 2695 καὶ
1349 2641 1458 2694 τῶν
1482 2641 1640 2694 θείων
1664 2641 1969 2712 ἁπτόμενος
1995 2639 2093 2699 καὶ

517 2735 845 2804 ίερουργῶν,
877 2727 922 2786 ὦ
951 2734 1073 2803 δίκη
1105 2736 1198 2785 καὶ
1223 2733 1382 2800 νόμοι
1409 2733 1544 2786 Θεοῦ
1570 2735 1582 2786 !
1615 2733 2086 2803 ἀνερυθριάστως·

513 2827 590 2889 ὼς
628 2825 683 2876 δέ
732 2825 760 2876 6
795 2823 976 2895 Τύρου
1027 2823 1217 2876 αὐτόθι
1273 2825 1616 2894 ἐπιδημήσας
1665 2826 1803 2894 πρὸς
1835 2825 1932 2896 τὴν
1990 2823 2090 2898 σὴν

514 2917 802 2985 ἀγιότητα,
833 2916 1022 2969 ἔπεισε
1054 2914 1230 2988 ταύτῃ
1279 2915 1687 2985 ἐγχειρίσασθαι
1719 2915 1818 2987 τήν
1850 2909 2090 2985 ήγουμε-

511 3009 664 3061 νείαν
702 3007 798 3076 τῆς
831 3005 1094 3076 ρηθείσης
1137 3004 1439 3074 σεϐασμίας
1473 3007 1639 3075 μονῆς
1685 3004 1763 3074 τῷ
1795 3004 2090 3076 δηλωθέντι

2185 552 2314 598 των,
2349 533 2410 586 ὃν
2458 533 2777 602 ἐγράφομεν
2807 529 3008 600 τρόπον
3055 527 3151 579 καὶ
3184 523 3578 596 δηλοττοιοῦμεν
3627 528 3756 596 ὐμῐν

2183 627 2279 679 καὶ
2309 610 2488 687 αὖθις,
2520 625 2580 677 τὸ
2603 623 2703 691 τῆς
2730 620 3037 690 ἁγιωσύνης
3060 619 3268 672 δίκαιον
3297 603 3642 688 συνετηρήθη
3663 618 3757 671 καὶ

2185 717 2572 786 περισώζεται,
2600 715 2695 768 καὶ
2723 716 2754 783 ή
2784 714 2917 782 μονή
2946 713 3094 764 ἐστιν
3120 712 3224 764 ὑπὸ
3244 711 3344 779 τὴν
3369 711 3466 778 σήν
3494 710 3759 781 ἁγιότητα

2182 807 2258 870 ὡς
2288 801 2377 860 καὶ
2419 808 2684 876 πρότερον
2739 804 3196 874 ἀπαραποιήτως.
3241 804 3502 873 Ἔκρινεν
3549 803 3643 857 οῦν
3681 803 3758 856 δί-

2186 899 2408 969 καιονή
2462 898 2756 969 μετριότης
2810 897 2969 966 ήμῶν
2999 893 3391 966 παραδηλῶσαι
3438 894 3613 947 ταῦτα
3666 896 3758 947 καὶ

2186 993 2322 1060 πρὸς
2347 990 2442 1058 τὴν
2476 991 2573 1060 σὴν
2606 990 2890 1059 ἀγιότητα,
2917 988 2992 1051 ὡς
3029 987 3095 1041 ἂν
3127 986 3403 1057 γινώσκῃς
3436 986 3496 1039 :0
3527 988 3757 1055 πρᾶγμα

2183 1085 2261 1146 ὡς
2289 1087 2529 1152 ἐγένετο,
2567 1085 2780 1154 μήποτε
2829 1083 3004 1145 ἄλλως
3036 1081 3304 1135 ἀκουσθέν
3351 1080 3631 1150 θορυϐήσῃ
3661 1081 3761 1149 τὴν

2188 1177 2289 1246 σὴν
2311 1176 2577 1246 ἀγιότητα
2603 1192 2618 1207 ·
2641 1175 2734 1228 καὶ
2759 1156 2866 1245 γἏιρ
2888 1175 3023 1243 ὅπερ
3049 1173 3239 1244 ἔμελλε
3261 1173 3509 1242 ποιήσειν
3531 1174 3564 1242 ή
3597 1173 3762 1238 ἁγιω-

2187 1267 2318 1338 σύνη
2357 1285 2450 1320 σου
2477 1269 2657 1338 χάριτι
2688 1267 2824 1319 Θεοῦ
2857 1267 2948 1318 ἐπὶ
2979 1269 3238 1327 τοιούτοις
3273 1265 3532 1332 ἀθέσμοις
3585 1265 3761 1331 πράγ-

2189 1377 2322 1430 μασι
2346 1360 2668 1428 γνωσθεῖσιν
2715 1358 3093 1428 ἀριδηλότατα,
3125 1355 3252 1408 αὐτο
3303 1354 3459 1408 τοῦτο
3488 1355 3761 1422 πεποίηκε

2187 1451 2282 1504 καὶ
2328 1453 2361 1520 ή
2401 1451 2692 1519 μετριότης
2742 1451 2922 1521 ήμῶν,
2973 1450 3070 1501 καὶ
3125 1447 3300 1517 χρεών
3359 1449 3474 1500 ἐστι
3519 1446 3623 1514 τὴν
3663 1445 3764 1515 σὴν

2189 1543 2453 1613 ἀγιότητα
2514 1540 3023 1612 ύπεραποδέξασθαι
3061 1539 3219 1592 τοῦτο
3265 1538 3340 1601 ὡς
3381 1539 3628 1608 θεοφιλὲς
3662 1541 3764 1591 καὶ

2188 1633 2558 1706 πνευματικὸν
2605 1632 2784 1702 ἔργον.
2845 1631 3099 1702 Ἐρῤωσο
3130 1670 3144 1692 ,
3184 1630 3451 1698 ἁγιώτατε
3507 1631 3765 1695 δέσποτα,

2189 1722 2246 1774 ἐν
2303 1723 2492 1793 Κυρίῳ
2546 1723 2798 1796 ἀγαπητέ
2850 1723 3043 1793 ἀδελφέ
3086 1724 3180 1777 καὶ
3230 1721 3618 1792 συλλειτουργέ
3662 1723 3765 1792 τῆς

2191 1815 2222 1884 ὴ
2232 1815 2349 1884 μῶν
2380 1815 2755 1887 μετριότητος.

2190 1951 2431 2007 XXXIII.
2467 1951 2710 2020 Synodus
2740 1952 2995 2018 transfert
3027 1950 3420 2016 melrapolilam
3455 1950 3687 2004 Βίιεὶηρε
3715 1951 3771 2002 in

2263 2021 2594 2087 metrorolim
2650 2025 2805 2076 totius
2862 2022 3281 2088 Ungrovlaclziw,
3338 2023 3659 2076 constituens
3712 2029 3770 2072 αι

2265 2093 2501 2146 Ecclesia
2532 2093 2930 2159 Ungrovlachia:
2959 2093 3192 2162 subjecta
3223 2093 3291 2146 sit
3340 2091 3590 2148 Ecclesia:
3630 2089 3771 2146 Con-

2259 2162 2769 2234 slanlinopolilanaz.

2261 2274 2304 2332 1.
2346 2274 2390 2349 ἰ·
2438 2276 2497 2331 ’0
2531 2277 2919 2345 εὐγενέστατος
2954 2279 3128 2350 μέγας
3159 2277 3405 2349 βοῖϐόδας
3443 2278 3542 2331 καὶ
3569 2251 3765 2331 αὐθέν-

2190 2386 2291 2439 της
2324 2370 2504 2438 πάσης
2547 2369 3017 2439 Ούγγροὸλαχίας,
3055 2371 3114 2424 ἐν
3146 2368 3287 2440 ἁγίῳ
3325 2368 3609 2437 Πνεύματι
3638 2384 3773 2437 γνηο

2195 2461 2460 2521 σιώτατος
2489 2460 2604 2521 υίὸς
2629 2460 2729 2528 τῆς
2761 2460 2917 2528 ήμῶν
2955 2459 3328 2529 μετριότητος,
3370 2458 3478 2529 κῦρ
3521 2459 3775 2524 Ἀλέξαν-

2189 2549 2341 2620 δρος,
2376 2549 2480 2602 ὑπὸ
2511 2547 2757 2613 φιλοθέου
2795 2545 3018 2618 γνώμης
3052 2549 3414 2632 κεκινημένος
3442 2549 3537 2602 καὶ
3569 2547 3774 2618 πολλὴν

2192 2640 2602 2710 ἐνδεικνύμενος
2633 2640 2732 2711 τήν
2764 2639 3002 2711 στοργήν
3027 2641 3122 2695 καὶ
3149 2641 3431 2711 ὑποταγὴν
3461 2643 3557 2694 καὶ
3587 2641 3773 2694 εὐπεί-

2193 2729 2345 2784 θειαν
2373 2733 2452 2793 είς
2478 2731 2577 2801 τήν
2609 2733 2772 2798 ἁγίαν
2799 2732 2893 2784 τοῦ
2925 2730 3060 2784 Θεοῦ
3085 2732 3382 2802 καθολικὴν
3413 2735 3510 2787 καὶ
3539 2734 3773 2787 ἀποστο-

2191 2821 2347 2894 λικήν
2398 2823 2745 2894 Ἐκκλησίαν,
2783 2824 3058 2896 ,ἐζήτησεν
3107 2825 3170 2878 οὐ
3225 2825 3385 2894 μόνον
3431 2826 3602 2890 ἅπαξ,
3635 2827 3774 2877 ἀλλὰ

2191 2915 2288 2968 καὶ
2322 2915 2582 2978 πολλάκις
2624 2917 2713 2968 διὰ
2754 2917 3100 2986 γραμμάτων
3131 2916 3296 2969 αὐτοῦ
3324 2917 3417 2969 καὶ
3446 2917 3644 2989 ἐδεήθη
3673 2920 3771 2984 τῆς

2191 3007 2351 3077 ήμῶν
2397 3008 2748 3077 μετριότητος
2797 3009 2892 3062 καὶ
2936 3009 3033 3076 τῆς
3081 3009 3212 3078 περὶ
3258 3009 3426 3079 αὐτὴν
3471 3009 3622 3071 θείας
3673 3012 3772 3062 καὶ

524 3101 768 3170 Ἀνανία,
805 3100 901 3153 καὶ
947 3099 1106 3151 ἐλαόε
1139 3097 1343 3167 ταύτην
1373 3099 1468 3150 ἐπὶ
1504 3101 1858 3169 καταστροφῇ
1890 3097 1990 3168 τῆς
2015 3099 2090 3151 οί-
2117 3123 2159 3180 C
2195 3098 2353 3167 ἱεράς
2393 3098 2632 3163 συνόδου,
2661 3099 2738 3161 ὡς
2764 3099 2832 3152 ἀν
2918 3100 2978 3151 τδ
3001 3099 3111 3154 ἁπδ
3137 3100 3293 3153 τοῦδε
3325 3102 3413 3154 καὶ
3441 3103 3519 3162 είς
3546 3101 3607 3153 :0
3635 3099 3771 3170 ἑξῆς

510 3193 666 3253 κείας
693 3191 897 3262 ψυχῆς,
933 3189 1369 3260 ἀφροντιστήσας
1404 3189 1664 3254 καθάπαξ
1705 3190 1798 3242 καὶ
1831 3189 1967 3252 ὅλως
1989 3188 2082 3242 τοῦ

513 3286 687 3340 κακοῦ
719 3285 961 3354 γεγονὼς
995 3283 1090 3336 καὶ
1118 3284 1337 3338 ἀτόπων
1387 3284 1484 3337 καλ⁸
1515 3282 1762 3354 βεϐήλων
1806 3283 2087 3336 ἁσωτειῶν

512 3376 886 3453 ἐφαψάμενος,
943 3375 1173 3442 ἀναίδην
1226 3374 1400 3445 πόρνῃ
1445 3374 1670 3442 γυναικὶ
1719 3373 2086 3442 συνηυνάζετο

510 3469 670 3531 am;
718 3466 810 3519 τοῦ
852 3465 1065 3518 κελλίου
1103 3465 1275 3519 αὐτοῦ
1324 3465 1410 3535 ἐφ’
1443 3467 1596 3530 ὅλαις
1643 3467 1846 3535 δηλαδὴ
1898 3465 2087 3535 σχεδὸν

514 3558 634 3618 ταῖς
665 3555 802 3622 νυξὶ,
833 3555 1347 3624 κατασωτευόμενος
1376 3555 1494 3623 μετ’
1518 3557 1708 3625 αὐτῆς,
1734 3557 2089 3626 παράδειγμα

514 3649 714 3710 κακίας
745 3651 859 3710 τοῖς
911 3645 1269 3716 συμμύσταις
1305 3647 1494 3700 τούτου
1543 3647 1928 3717 προκείμενος.
1979 3647 2086 3700 Τοῦ

477 3783 482 3788 .
513 3741 646 3810 γοῦν
675 3738 920 3792 τοιούτου
940 3739 1306 3810 ,ἀτοπήματος
1343 3739 1568 3807 ἐκδήλου
1617 3739 1967 3793 παντάπασιν
1997 3757 2089 3809 γε-

499 3831 738 3899 γονότος
757 3829 852 3908 καὶ
882 3829 1103 3884 πάντων
1129 3830 1525 3884 καταὸοὼντων
1559 3831 1652 3884 καὶ
1675 3833 1904 3899 ἀνομίαν
1930 3833 2088 3886 τοῦτο

516 3923 580 3991 δὴ
605 3923 665 3976 :0
693 3920 1441 3993 πρᾶγμα.άποκαλούντων,ή
1475 3923 1764 3993 μετριότης
1784 3924 1941 3994 ήμῶν
1969 3924 2086 3999 ἐξεί-

515 4014 672 4068 τὰσει
697 4012 864 4066 δοῦσα
897 4011 959 4064 τὸ
993 4013 1248 4083 πρᾶγμα,
1286 4011 1361 4076 ὥς
1399 4029 1464 4080 γε
1505 4015 1694 4084 ἐχρῆν,
1735 4009 1863 4085 εὗρε
1896 4015 2088 4070 τοῦτον

513 4107 620 4176 μιᾷ
641 4105 750 4158 τῶν
780 4104 988 4157 νυκτῶν
1018 4103 1476 4174 συγκοιμώμενον
1500 4107 1595 4159 καὶ
1627 4107 2088 4177 συνευναζόμενον

498 4200 577 4266 τῇ
610 4195 913 4266 δηλωθείσῃ
946 4196 1145 4265 πόρνῃ,
1195 4197 1290 4247 καὶ
1323 4195 1499 4259 οὕτως
1544 4198 1687 4250 ἑάλω
1717 4201 1743 4250 ό
1776 4199 2088 4265 τρισάθλιος

513 4286 930 4356 ἐπάὐτοφώρφ
962 4285 1024 4338 :0
1051 4285 1152 4355 τῆς
1189 4286 1438 4356 πορνείας
1467 4283 1654 4357 αἶσχος
1685 4288 2088 4361 διαπραττόμε-

515 4394 640 4441 νος·
672 4377 935 4448 ἐξήλασεν
979 4377 1073 4432 οὖν
1120 4378 1312 4432 τοῦτον
1358 4379 1448 4434 διά
1493 4381 1666 4434 ταῦτα
1695 4381 1796 4450 τῆς
1842 4385 2086 4454 ἠγουμε-

514 4474 686 4539 νείας,
714 4456 968 4543 ’ἐπείπερ
998 4475 1060 4528 οὐ
1101 4471 1275 4543 ,μόνον
1310 4475 1484 4538 αἴτιος
1519 4475 1700 4546 ἐαυτῷ
1746 4478 1939 4546 γέγονε
1986 4477 2085 4546 τῆς

512 4555 776 4632 τοιαύτης
830 4563 1054 4626 κακίας,
1099 4562 1237 4615 ἀλλὰ
1281 4563 1377 4615 καὶ
1427 4562 1636 4633 ἑτέροις
1683 4563 1952 4634 μετέδωκε
1987 4564 2086 4631 τῆς

514 4657 723 4717 οἰκείας
749 4654 927 4724 λύμης
950 4645 1053 4708 καὶ
1077 4654 1317 4724 ψυχικῆς
1358 4649 1656 4720 ἀπωλείας,
1689 4656 1952 4726 σπήλαιον
1991 4655 2088 4726 λῃ-

520 4745 664 4799 στῶν
698 4745 796 4816 τὴν
839 4746 1007 4816 μονὴν
1037 4747 1440 4815 ἐργασάμενος,
1475 4746 1892 4815 ἀποκατέστησε
1919 4746 1978 4800 δέ
1999 4747 2088 4800 διὰ

518 4837 854 4906 συντήρησιν
891 4835 991 4904 μέν
1039 4837 1132 4888 καλ⁵
1161 4836 1460 4897 ἀσφάλειαν
1504 4821 1614 4888 τῶν
1647 4837 1706 4888 ἐν
1737 4835 1877 4906 αὐτῇ
1921 4855 2086 4905 μονα-

509 4926 649 4995 χῶν,
686 4925 990 4994 ἀναστολὴν
1031 4923 1211 4976 δὲκαὶ
1255 4921 1596 4992 ἀναχαίτισιν
1626 4921 1729 4991 τῆς
1769 4921 1864 4974 τοῦ
1910 4920 2086 4975 κακοῦ

516 5020 809 5089 συνηθείας
845 5018 1152 5090 ἡγούμενον
1186 5019 1245 5071 ἐν
1276 5016 1416 5086 αὐτῇ
1452 5016 1623 5087 ἀνδρα
1666 5014 1848 5084 τίμιον
1871 5016 1969 5070 καὶ
1995 5015 2090 5068 εὐ-

514 5111 655 5180 1067]
699 5111 791 5162 καὶ
841 5109 1096 5176 ἐνάρετον
1139 5104 1352 5176 ὁρισμῷ
1413 5107 1505 5158 καὶ
1555 5104 1774 5174 εὐδοκία
1809 5104 2085 5174 βασιλικῇ,

514 5202 664 5264 ὅστις
703 5200 808 5253 ὐπὸ
855 5199 953 5266 τῆς
984 5195 1212 5266 ἐνούσης
1261 5196 1412 5267 αὐτῷ
1460 5197 1662 5266 ἀρετῆς
1704 5196 1802 5248 καὶ
1832 5194 1924 5248 τοῦ
1957 5195 2094 5264 Χρι-

517 5291 645 5346 στοῦ
679 5291 881 5358 τρόπου
927 5290 1018 5342 καὶ
1045 5289 1145 5358 τῇς
1175 5289 1254 5350 είς
1289 5287 1380 5364 τά,
1401 5287 1748 5356 πνευματικά
1777 5287 2090 5358 ἐπιστήμης

513 5387 765 5447 δύναται,
805 5380 1048 5451 ,βοηθείᾳ
1087 5380 1188 5449 μὲν
1235 5379 1392 5445 Θεοῦ,
1444 5377 1727 5448 ἀντιλήψει
1761 5378 1817 5431 δὲ
1851 5378 1942 5432 καὶ
1991 5379 2090 5448 τῆς

515 5478 828 5548 ὐπεράγνου
885 5473 1183 5541 Δεσποίνης
1231 5475 1324 5527 καὶ
1372 5472 1737 5541 Θεομήτορος,
1767 5471 1866 5540 τὴν
1922 5469 2089 5548 μονὴν

515 5570 596 5630 είς
619 5569 679 5620 :0
706 5569 954 5637 κρεῖττον
979 5565 1074 5617 καὶ
1103 5562 1308 5632 βέλτιον
1332 5561 1612 5631 προάξειν,
1641 5562 1768 5622 τοὺς
1789 5559 1834 5612 δ’
1862 5561 1922 5612 ἐν
1949 5561 2087 5630 αὐτῇ

515 5657 790 5728 μοναχοὺς
844 5651 1358 5726 μετασκευάσασθαι
1411 5654 1506 5706 καὶ
1561 5653 1888 5722 μεταπεῖσαι
1952 5651 2088 5721 πρὸς

514 5749 717 5821 ἀρετήν
733 5748 826 5800 καὶ
844 5747 1127 5803 εὐλάϐειαν
1153 5761 1166 5774 ·
1205 5745 1343 5814 πλὴν
1361 5746 1454 5798 καὶ
1475 5745 1621 5798 οὓτω
1649 5743 1740 5798 τοῦ
1762 5743 2088 5811 πράγματος

2191 3181 2349 3251 οὗτος
2395 3189 2491 3242 καὶ
2522 3189 2554 3258 ή
2591 3191 2740 3241 πάσα
2767 3189 2936 3242 αὐτοῦ
2981 3190 3308 3260 ἐπικράτεια
3339 3191 3428 3244 καὶ.
3460 3189 3599 3261 ἁρχὴ
3649 3191 3764 3244 ὑπὸ

2189 3279 2291 3351 τήν
2321 3282 2786 3350 ἐκκλησιαστικὴν
2813 3282 3106 3351 ἀνάκρισιν
3154 3286 3250 3336 καὶ
3288 3282 3626 3354 διεξαγωγὴν
3659 3285 3764 3355 τῆς

2190 3371 2313 3424 καθ’
2340 3374 2486 3440 ἡμᾶς
2510 3372 2820 3442 ἁγιωτάτης
2841 3372 2934 3426 τοῦ
2959 3373 3095 3426 Θεοῦ
3120 3375 3380 3445 Μεγάλης
3415 3374 3767 3445 Ἐκκληοίας,

2188 3463 2286 3518 καὶ
2332 3464 2553 3535 δέξηται
2584 3465 3236 3537 ἀρχιερέα,-χειροτονίαν
3276 3468 3408 3522 ὄντα
3457 3467 3561 3538 τῆς
3610 3467 3770 3538 ήμῶν

2191 3556 2553 3627 μετριότητος
2595 3557 2690 3616 καὶ
2731 3557 2812 3620 είς
2853 3557 2953 3627 τήν
3003 3558 3152 3620 θέαν
3201 3559 3294 3613 καὶ
3349 3557 3504 3630 ίεράν
3549 3560 3770 3614 σύνοδον

2189 3653 2470 3718 τελοῦντα,
2497 3655 2592 3707 καὶ
2625 3655 2727 3728 ἔχῃ
2757 3655 2948 3710 τοῦτον
2975 3657 3051 3720 ὡς
3075 3659 3296 3726 γνήσιον
3322 3659 3560 3728 ποιμένα
3587 3661 3772 3729 πάσης

2190 3744 2635 3814 Οὐγγροΰλαχίας
2661 3748 2739 3808 είς
2769 3745 3020 3814 εὐλογίαν
3051 3747 3144 3801 καὶ
3169 3749 3539 3818 πνευματικὸν
3566 3767 3771 3818 καταρ·

2188 3837 2381 3905 τισμδν
2427 3837 2596 3890 αὐτοῦ
2642 3853 2702 3888 τε
2751 3837 2846 3889 καὶ
2894 3837 3003 3890 τῶν
3052 3837 3255 3892 παίδων
3299 3842 3395 3892 καὶ
3445 3842 3626 3911 πάσης
3671 3841 3771 3910 τῆς

2188 3928 2363 3999 ἀρχῆς
2393 3928 2580 3981 αὐτοῦ’
2625 3928 2705 3981 διδ
2739 3928 2975 4000 καὶ,πρό
3024 3945 3169 3992 τινος
3197 3929 3299 4002 ἤδη
3333 3931 3528 4000 καιροῦ
3564 3949 3768 4002 προσε-

2188 4019 2455 4071 καλέσατο
2498 4018 2870 4089 πλησιάζοντα
2913 4018 3064 4089 αὐτῷ
3091 4019 3181 4073 τὸν
3225 4021 3519 4089 ἱερώτατον
3568 4040 3770 4093 μητρο-

2188 4108 2416 4177 πολίτην
2439 4109 2710 4179 Βιτζίνης,
2740 4111 3063 4181 ὐπέρτιμον,
3089 4111 3374 4180 ἀγαπητὸν
3397 4114 3540 4166 κατά
3567 4114 3770 4183 Κύριον

2189 4200 2416 4267 ἀδελφὺν
2445 4201 2540 4252 καὶ
2587 4200 3001 4269 συλλειτουργδν
3033 4200 3134 4270 τῆς
3181 4201 3341 4270 ήμῶν
3391 4203 3765 4272 μετριότητος,

2189 4289 2296 4360 κῦρ
2331 4289 2643 4354 Ὑάκινθον.
2676 4291 2767 4343 καὶ
2795 4289 3016 4354 ἐδέξατο
3060 4283 3440 4358 ἀσμενέστατα
3487 4292 3588 4363 τήν
3619 4295 3770 4347 εὐλο-

2189 4381 2316 4448 γίαν
2343 4379 2532 4444 αὐτοῦ,
2563 4379 2658 4434 καὶ
2689 4381 2860 4445 ἔδειξε
2893 4381 3029 4451 πρὸς
3052 4380 3215 4434 αὐτὸν
3242 4382 3344 4452 τὴν
3378 4384 3772 4453 προσήκουσαν

2193 4472 2475 4541 ὑποταγὴν
2503 4472 2596 4526 καὶ
2643 4472 2952 4534 εὐλάϐειαν,
2988 4474 3081 4554 καὶ
3113 4475 3345 4542 ἐζήτησε
3379 4476 3517 4543 μετὰ
3565 4475 3770 4545 πολλῆς

2189 4565 2613 4634 παρακλήσεως,
2653 4564 2741 4618 ἵνα
2763 4564 2908 4618 κατά
2939 4565 3039 4634 μὲν
3073 4565 3134 4618 :0
3173 4567 3349 4636 παρὸν
3382 4571 3653 4636 μετατεθῇ
3682 4569 3767 4621 ὅδε

2185 4657 2214 4706 6
2249 4654 2544 4724 ἱερώτατος
2589 4655 2990 4725 μητροπολίτης
3025 4656 3297 4726 Βιτζίνης,
3332 4658 3631 4722 ἁπόδεκτος
3666 4675 3770 4727 φα-

2189 4747 2299 4810 νεὶς
2335 4745 2476 4799 κατά
2505 4745 2642 4798 πολύ
2672 4747 2750 4816 τῷ
2779 4746 3007 4816 τοιούτῳ
3043 4749 3266 4818 μεγάλῳ
3298 4750 3536 4820 βοῖῦὁδᾳ,
3566 4753 3645 4812 είς
3672 4753 3768 4821 τήν

2188 4839 2482 4908 ἐκκλησίαν
2515 4839 2699 4908 πάσης
2744 4840 3214 4911 Ούγγροὸλαχίας,
3271 4843 3409 4910 μετά
3437 4843 3493 4895 δέ
3537 4843 3765 4895 θάνατον

2187 4927 2354 4983 αὐτοῦ
2383 4927 2448 4998 δὴ
2473 4927 2569 4981 τοῦ
2601 4927 2849 4996 Βιτζίνης
2885 4925 3191 4997 ψηφίζηται
3223 4928 3433 4998 ἔτερος,
3468 4929 3562 4980 καὶ
3592 4945 3767 4998 χειρο-

2189 5018 2513 5088 τονούμενος
2537 5019 2690 5088 παρά
2711 5018 2812 5084 τῆς
2839 5019 2962 5078 καθ’
2992 5021 3141 5087 ἡμᾶς
3173 5020 3481 5092 ἁγιωτάτης
3513 5019 3608 5071 τοῦ
3630 5019 3765 5070 Θεοῦ

2167 5109 2448 5180 Nam;
2493 5109 2819 5180 Ἐκκλησίας
2851 5110 3208 5180 ἐκπέμπηται
3239 5111 3418 5162 ἐκεῖσε
3448 5109 3524 5172 ὡς
3559 5110 3768 5178 ποιμήν

2171 5202 2286 5266 ,καὶ
2311 5200 2605 5270 ἀρχιερεὺς
2628 5200 2854 5269 γνήσιος
2886 5200 3069 5268 πάσης
3100 5199 3575 5269 Ούγγροσλαχίας.
3613 5199 3770 5252 Ἐπεὶ

2190 5286 2284 5344 οὖν
2313 5289 2512 5360 ἐκρίθη
2535 5290 2687 5360 παρὰ
2712 5290 2811 5360 τῆς
2839 5289 3000 5361 ἡμῶν
3024 5291 3379 5360 μετριότητος
3400 5292 3495 5342 καὶ
3520 5289 3617 5360 τῆς
3639 5292 3771 5359 περὶ

2190 5383 2360 5453 αὐτὴν
2388 5383 2539 5443 θείας
2568 5381 2896 5452 ὁμηγύρεως
2922 5381 3030 5436 τῶν
3063 5381 3375 5453 ίερωτὰτων
3402 5381 3708 5452 ἀρχιερέων
3736 5385 3770 5450 ή

2190 5475 2416 5544 τοιαύτη
2449 5475 2678 5544 ζήτησις
2711 5475 2805 5530 καὶ
2835 5475 3064 5539 ἀξίωσις
3107 5472 3202 5527 τοῦ
3242 5473 3636 5542 εὐγενεστάτου
3675 5490 3772 5540 με-

2190 5566 2359 5635 γάλου
2388 5566 2606 5638 βοῖϐόδα
2631 5568 2711 5631 είς
2740 5567 2953 5621 πολλῶν
2979 5566 3169 5636 ψυχῶν
3197 5565 3466 5635 ὠφέλειαν
3492 5567 3589 5620 καὶ¹
3609 5566 3775 5620 κατά-

2193 5673 2402 5724 στασιν,
2440 5660 2545 5722 πᾶς
2569 5659 2626 5712 δέ
2649 5660 2677 5711 6
2703 5659 2929 5729 κόσμος,
2959 5656 3144 5721 καθὼς
3167 5659 3227 5712 ἐν
3250 5659 3363 5719 τοῖς
3397 5658 3563 5726 ίεροϊς
3594 5657 3775 5725 Εὐαγ-

2192 5749 2389 5817 γελίοις
2451 5753 2478 5804 6
2537 5751 2745 5821 Κύριος
2807 5751 3144 5820 ἀπεφήνατο,
3221 5751 3352 5819 μιᾶς
3413 5747 3598 5817 ψυχῆς
3661 5748 3767 5802 οὐκ

2595 5862 2625 5884 κ
