4078 6202
360 247 494 314 1361

1425 263 1820 328 SYNODIC/E
1855 267 2534 336 CONSTITUTIONES.

3453 273 3612 336 1362’?

354 367 602 462 ἀντάξιος
646 368 739 462 καὶ
768 370 856 424 διὰ
899 371 990 426 τοῦ
1024 372 1302 448 πρδφήτου
1335 379 1363 433 ό
1407 379 1617 450 ἐξάγων
1666 384 1816 452 ἄξιον
1861 386 1922 452 ἐξ
1957 392 2002 450 Α
2027 391 2251 460 ποιήτου
2280 394 2382 446 κάν
2411 393 2488 462 τῷ
2515 391 2642 462 ἑξῆς
2665 391 2751 446 ἀεὶ
2777 394 2953 462 χρόνῳ
2980 391 3078 460 τῆς
3107 390 3376 460 ἐνωμότου
3409 395 3590 461 ἀσφαδ

353 456 600 524 ἀναξίου,
635 461 712 524 ῶς
749 462 922 530 στόμα
953 481 1054 534 μου
1087 467 1228 536 ἐστι,
1263 471 1445 540 μέλλει
1468 473 1525 527 δέ
1553 475 1662 528 ἀπὸ
1682 476 1780 546 τῆς
1807 494 1920 531 τοι-

354 546 526 618 αύτης
565 550 961 632 ἀρχιερατικῆς
1009 555 1334 620 ἐπιστασίας
1382 560 1476 613 καὶ
1529 562 1861 630 ποιμανσίας
1890 566 1918 617 ό

296 715 301 720 ¹
353 642 412 693 ἐν
457 643 524 711 τῇ
576 643 840 714 είρημένῃ
888 645 1030 716 ἀρχῇ
1064 647 1160 700 καὶ
1210 649 1536 723 ἐπικρατείᾳ
1588 655 1768 724 πάσης
1819 654 1918 724 τῆς

353 729 649 800 εἰρημένης
687 733 1134 806 Οὐγγροσλαχίας
1176 740 1562 810 εὑρισκόμενος
1599 745 1917 812 Χριστώνυ-

353 835 455 888 μος
483 820 578 873 τοῦ
611 823 815 891 Κυρίου
843 825 970 889 λαὸς
990 829 1302 898 όδηγεῖσθαι
1333 834 1414 895 είς
1437 834 1786 906 ἐκπλήρωσιν
1810 839 1917 892 τῶν

349 912 636 981 σωτηρίων
679 913 776 967 τοῦ
806 917 1044 984 Χριστοῦ
1081 924 1313 978 ἐντολῶν
1357 925 1542 994 μέλλει
1591 931 1916 1000 εἰσηγουμέ-

346 1017 439 1093 νου
485 1002 581 1055 τοῦ
629 1003 936 1077 ἀρχιερέως
971 1013 1065 1063 καὶ
1118 1013 1528 1080 ἐκδιδάσκοντος
1577 1019 1776 1084 αὐτοὺς
1817 1022 1916 1093 τὴν

345 1092 439 1146 τοῦ
470 1094 803 1162 Εὐαγγελίου
837 1101 954 1154 ὁδὸν
987 1103 1081 1155 καὶ
1111 1105 1448 1172 ἀφιστῶντος
1485 1112 1577 1164 καὶ⁵
1616 1092 1915 1176 κωλύοντος

345 1183 454 1258 ἀπὸ
496 1185 608 1238 τῶν
654 1188 1118 1260 ἀπηγορευμένων
1157 1195 1336 1266 ἔργων
1369 1200 1467 1270 τῆς
1502 1201 1774 1271 ἀμαρτίας
1823 1204 1916 1258 καὶ

348 1274 550 1340 παντὸς
577 1279 815 1348 ἐκφύλου
842 1284 934 1335 καὶ
959 1283 1240 1358 ἀλλοτρίου
1259 1290 1530 1358 δόγματος
1555 1294 1653 1362 τῆς
1690 1295 1916 1365 Ἐκκλη-

351 1369 474 1431 σίας
507 1370 772 1437 Χριστοῦ,
800 1373 878 1426 ἐτι
905 1373 961 1426 δὲ
996 1377 1092 1430 καὶ
1123 1378 1221 1448 τῆς
1249 1381 1406 1450 ἡμῶν
1443 1385 1794 1454 μετριότητος
1828 1387 1916 1441 διά

346 1458 586 1527 σπουδῆς
632 1459 792 1514 τοῦτο
831 1463 1136 1536 μελλούσης
1179 1470 1266 1537 ἀεζι
1313 1473 1490 1525 ποιεῖν
1539 1477 1634 1528 καὶ
1679 1476 1914 1546 γράφειν

344 1548 762 1635 καὶ-νουθετεῖν
815 1553 1012 1618 αὐτοὺς
1062 1559 1141 1620 είς
1196 1559 1428 1630 τήρησιν
1487 1564 1584 1632 τῆς
1638 1566 1913 1635 ἀσφαλοῦς

343 1628 502 1708 ήμῶν
555 1641 813 1707 πίστεως,
863 1645 999 1716 ὅπερ
1050 1648 1230 1720 ἀφορᾷ
1274 1628 1380 1715 τείςε
1421 1628 1624 1726 πολλὴν
1677 1628 1913 1729 ψυχικὴν

341 1729 608 1800 ὠφέλειαν
665 1735 866 1800 αὐτῶν,
921 1737 1066 1808 ὑπὲρ
1112 1733 1174 1794 οὗ
1232 1742 1377 1796 θείου
1435 1747 1762 1818 πράγματος
1813 1751 1912 1820 οὐχ
1946 1735 1988 1793 Β

345 1823 526 1888 ίκανδς
559 1825 692 1888 «ὅλος
718 1828 745 1878 ὁ
785 1827 1025 1898 κόσμος,’
1064 1832 1141 1894 ὡς
1188 1834 1589 1892 ἀποδέδεικταιο
1643 1840 1733 1894 διά
1784 1843 1916 1910 γοῦν

340 1917 512 1970 ταῦτα
547 1918 578 1988 ή
615 1920 908 1990 μετριότης
942 1923 1122 1991 ήμῶν,
1148 1926 1659 2002 συνδιασκεψαμένη
1686 1933 1754 1986 τά
1787 1934 1916 2004 περὶ

340 2007 532 2062 τούτου
563 2012 628 2080 τῇ
662 2010 787 2078 περὶ
817 2013 988 2082 αὐτὴν
1019 2015 1138 2088 θεία
1164 2019 1438 2091 όμηγύρει
1469 2024 1577 2078 τῶν
1606 2025 1914 2098 ίερωτάτων

341 2101 666 2173 ἀρχιερέων,
691 2103 769 2174 τῷ
805 2103 1148 2174 Ἡρακλείας.
1228 2152 1243 2168 .
1325 2152 1338 2168 .
1417 2154 1433 2172 .
1513 2157 1526 2173 .
1607 2157 1622 2174 .
1703 2155 1721 2174 .
1800 2160 1816 2176 .
1895 2159 1910 2176 .

338 2282 459 2336 ἐπεὶ
481 2285 833 2354 ἀμεταθέτως
861 2291 1109 2362 ἐξέχεται
1138 2298 1219 2359 είς
1254 2297 1316 2352 τδ
1365 2301 1734 2373 μετατεθῆναι
1761 2303 1913 2358 τόνδε

337 2375 428 2428 τὸν
453 2381 862 2451 μητροπολίτην
890 2383 1140 2457 Βιτζίνης
1178 2390 1206 2442 ό
1232 2389 1474 2457 τοιοῦτος
1515 2395 1687 2464 μέγας
1732 2395 1912 2465 βοῖϐό-

336 2465 434 2530 δας
471 2471 551 2534 είς
584 2472 676 2526 τὸν
707 2473 898 2543 θρόνον
939 2479 1121 2550 πάσης
1170 2481 1624 2556 Οὐγγροϐλαχίας
1659 2489 1750 2541 καὶ
1792 2489 1910 2543 ἐπι-

338 2559 604 2625 κρατείας
645 2563 739 2615 καὶ
769 2563 946 2635 ἀρχῆς
974 2567 1163 2633 αὐτοῦ,
1193 2573 1289 2625 καὶ
1335 2566 1478 2628 κατά
1513 2576 1576 2628 τὸ
1610 2578 1784 2646 παρὸν
1812 2579 1910 2634 οὐκ

341 2647 431 2742 είς
461 2649 647 2722 ἔτερόν
697 2671 842 2742 τινα,
888 2657 1005 2736 ἀλλέ
1039 2661 1120 2723 είς
1163 2662 1325 2716 αὐτὸν
1368 2665 1471 2735 τὴν
1519 2666 1908 2742 ἀρχιερατικὴν

340 2741 540 2833 ταύτην
565 2737 902 2816 προστασίαν
929 2753 1068 2820 μετά
1089 2753 1288 2824 πολλῆς
1315 2756 1470 2827 ζητεῖ
1489 2737 1904 2833 παρακλήσεωίτ.

340 2831 767 2913 ὑπισχνούμενος
790 2839 975 2894 δοῦναι
1006 2842 1275 2913 ἐνώμοτον
1303 2847 1397 2901 καὶ
1427 2848 1704 2920 ἔγγραφον
1733 2831 1911 2922 ἀσφά-

339 2922 514 3015 λειαν,
536 2927 628 2980 ἵνα
658 2929 783 2999 τελῇ
813 2932 873 2984 τὸ
905 2931 1013 2985 ἀπὸ
1037 2933 1190 2988 τοῦδε
1223 2939 1316 2992 καὶ
1343 2941 1422 3003 είς
1447 2941 1506 2994 τὸ
1534 2943 1682 3012 ἐξῆς,
1714 2944 1906 3015 μέχρις

339 3014 406 3069 ἂν
440 3020 755 3074 συνίσταται
789 3027 819 3092 ή
851 3024 1108 3082 αὐθεντία
1143 3030 1239 3083 καὶ
1283 3033 1426 3104 ἀρχὴ
1457 3021 1645 3102 αὐτὶῦ,
1678 3037 1710 3106 η
1753 3014 1906 3108 είρη-

339 3109 475 3181 μένη
506 3113 655 3167 πᾶσα
687 3115 1126 3188 Οὐγγροϐλαχία,
1154 3122 1258 3175 ὑπὸ
1291 3125 1388 3193 τὴν
1418 3126 1539 3180 καθ’
1560 3131 1710 3197 ἡμᾶς
1735 3131 1905 3197 ἀγιω-

335 3205 505 3274 τάτην
555 3207 652 3259 τοῦ
712 3208 845 3261 Θεοῦ
889 3211 1154 3283 Μεγάλην
1223 3217 1553 3287 Ἐκκλησίαν
1618 3223 1758 3274 κατά
1813 3223 1903 3277 τὸν

335 3296 834 3369 ἀναγεγραμμένον
879 3305 1104 3374 τρόπον’
1143 3307 1411 3392 μετέθηκε
1462 3311 1648 3366 τοῦτον
1699 3314 1764 3384 δὴ
1813 3316 1905 3369 τὸν

337 3387 594 3458 Βιτξίνης
621 3391 650 3460 ή
695 3393 984 3464 μετριότης
1016 3396 1175 3466 ἡμῶν
1207 3381 1400 3468 γνώμῃ
1435 3401 1528 3454 καὶ
1566 3381 1785 3472 εὐδοκία
1810 3401 1902 3455 τοῦ

328 3464 604 3546 ’κραταιοῦ
651 3483 748 3535 καὶ
782 3485 941 3552 ἁγίου
990 3464 1092 3556 μου
1134 3464 1558 3560 αὐτοκράτορος,
1604 3491 1698 3546 τοῦ
1747 3464 1904 3549 πάντ’

333 3570 563 3638 ἀρίστου
594 3573 702 3626 πκαὶ
756 3575 1142 3646 ἀπαραμίλλου
1192 3582 1259 3648 τῇ
1314 3578 1407 3632 τοῦ
1459 3581 1624 3650 ήθους
1673 3585 1766 3636 καὶ
1796 3583 1904 3636 τῶν

334 3660 552 3728 τρόπων
578 3664 910 3735 χρηστότητί
934 3683 991 3719 τε
1023 3669 1117 3721 καὶ
1148 3669 1472 3740 γαληνότητι
1498 3672 1590 3724 καὶ
1617 3673 1678 3725 τὸ
1699 3671 1906 3728 δίκαιον

335 3753 395 3804 ἐν
431 3751 603 3806 ἅπασι
633 3753 960 3826 βουλομένου
1001 3762 1226 3828 κρατεῖν
1274 3762 1368 3814 καὶ
1405 3762 1902 3833 παρρησιάζεσθαι,

337 3844 416 3907 είς
435 3845 525 3899 τὸν
556 3844 742 3916 θρόνον
780 3839 963 3919 πάσης
1004 3853 1470 3926 Οὐγγροσλαχίας.
1498 3856 1690 3910 Ἔσται
1730 3857 1905 3911 τοίνυν

334 3938 396 3989 τὸ
423 3937 531 3990 ἀπὸ
559 3937 715 3992 τοῦδε
762 3942 854 3994 καὶ
885 3944 964 4006 είς
991 3944 1082 3997 τὸν
1113 3945 1239 4014 ἑξῆς
1274 3946 1712 4017 ἅπαντα-χρόνον
1742 3952 1769 4002 ὁ
1813 3949 1906 4020 δη-

333 4030 528 4094 λωθεὶς
565 4031 860 4101 ἱερώτατος
910 4037 1311 4106 μητροπολίτης
1344 4039 1523 4108 πάσης
1557 4039 1904 4110 Οὐγγροϐλα-

334 4120 480 4190 χίας,
535 4121 859 4194 ὑπέρτιμος,
908 4127 1193 4194 ἀγαπητὸς
1240 4131 1383 4182 κατά
1431 4131 1635 4201 Κύριον
1681 4130 1905 4201 ἀδελφὸς

333 4215 491 4284 ήμῶν
521 4218 616 4271 καὶ
647 4220 1084 4290 συλλειτουργὸς,
1113 4222 1305 4294 ῶσπερ
1337 4224 1432 4277 τοῦ
1467 4224 1658 4295 θρόνου
1703 4225 1906 4296 ταύτης

333 4307 430 4361 καὶ
459 4309 553 4362 τοῦ
580 4311 864 4380 ὀνόματος,
898 4312 1042 4368 οὕτω
1072 4317 1318 4386 μετέχων
1356 4317 1450 4370 καὶ
1482 4317 1770 4371 ἀπολαύων
1811 4317 1904 4370 καὶ

332 4400 431 4460 τῆς
481 4399 578 4451 τοῦ
631 4401 779 4470 ἱεροῦ
829 4402 1126 4473 συνθρόνου
1184 4405 1650 4474 ἐγκαθιδρύσεως,
1693 4406 1788 4459 ἆτε
1840 4406 1903 4477 δὴ
1938 4431 1982 4490 D

332 4490 557 4560 γνήσιος
585 4493 878 4563 ἀρχιερεὺς
905 4494 993 4549 διά
1022 4496 1120 4566 τῆς
1153 4498 1372 4568 χάριτος
1405 4496 1497 4550 τοῦ
1530 4497 1663 4550 Θεοῦ
1696 4501 1906 4552 ἀποκα-
1941 4549 1952 4556 ρ

333 4584 538 4646 ταστάς
590 4583 690 4652 τῆς
745 4585 1084 4657 δηλωθείσης
1143 4589 1461 4661 ἁγιωτάτης
1520 4590 1907 4660 μητροπόλεως

333 4672 784 4745 Οὐγγροϐλαχίας
829 4677 970 4731 κατὰ
1011 4678 1110 4748 τὴν
1142 4679 1608 4750 ἐκκλησιαστικὴν
1646 4679 1802 4745 τάξιν
1850 4697 1907 4733 τε

333 4764 428 4815 καὶ
452 4765 824 4833 ὑποτύπωσιν,
849 4771 1203 4837 ἀναγνώστας
1223 4787 1282 4822 τε
1304 4770 1620 4840 σφραγίζων
1644 4772 1706 4824 ὲκ
1727 4772 1908 4840 πάσης

329 4855 431 4925 τῆς
476 4857 744 4927 ἐπαρχίας
777 4861 871 4914 καὶ
907 4862 1121 4931 ἐνορίας
1169 4861 1333 4916 αὐτοῦ
1380 4865 1473 4916 καὶ
1523 4864 1908 4926 ὑποδιακόνους

331 4949 426 5000 καὶ
463 4949 744 5014 διακόνους
777 4954 1131 5022 προϐιϐάζων
1162 4955 1254 5008 καὶ
1288 4955 1698 5025 πρεσϐυτέρους
1730 4973 1908 5026 χειρο-

332 5041 526 5106 τονῶν,
562 5043 958 5113 ἐπιλαϐόμενός
986 5063 1044 5097 τε
1073 5046 1168 5099 καὶ
1196 5048 1414 5100 πάντων
1444 5047 1554 5099 τῶν
1583 5047 1904 5119 ὀθενδήποτε

329 5132 700 5202 διαφερόντων
732 5135 906 5208 ταύτῃ
931 5137 1176 5189 δικαίωνο
1207 5137 1328 5190 ὅθεν
1357 5139 1658 5205 ὀφείλουσιν
1686 5140 1736 5191 οἵ
1762 5154 1820 5188 τε
1848 5139 1906 5189 ὲν

329 5225 471 5295 αὐτῇ
508 5207 763 5295 κληρικοὶ
795 5229 886 5280 καί⁵
917 5229 966 5281 οί
1011 5228 1159 5282 ἄλλοι
1198 5230 1505 5300 ίερωμένοι,
1551 5231 1773 5300 μοναχοὶ
1812 5231 1908 5284 καὶ

328 5317 533 5381 λαῖκοὶ,
569 5317 819 5372 ὑπείκειν
865 5320 960 5371 καὶ
1008 5320 1405 5373 ὑποτάττεσθαι
1436 5321 1630 5391 τούτῳ,
1679 5323 1778 5373 ὅσα
1812 5323 1907 5376 καὶ

328 5410 542 5476 γνησίῳ
590 5409 771 5461 αὐτῶν
823 5410 1044 5478 ποιμένι
1092 5412 1184 5464 καὶ
1235 5413 1398 5477 πατρὶ
1436 5415 1529 5465 καὶ
1576 5411 1903 5483 διδασκάλῳ.

329 5496 428 5550 καὶ
458 5498 706 5568 δέχεσθαι
735 5501 1032 5571 προθύμως
1060 5504 1155 5555 καὶ
1181 5503 1558 5572 ἀποπληροῦν,
1589 5505 1688 5556 ὅσα
1721 5504 1905 5573 μέλλει

327 5589 510 5651 λέγειν
545 5593 640 5645 καὶ
666 5598 955 5662 παραινεῖν
984 5599 1077 5648 καὶ
1123 5596 1463 5649 ἐκδιδάσκειν
1507 5597 1726 5662 αὐτοὺς,
1773 5599 1906 5666 ἀερο-

329 5683 516 5751 ρῶντα
548 5687 626 5744 εἰς
654 5683 890 5756 ψυχικὴν
924 5685 1281 5756 λυσιτέλειαν,
1314 5689 1654 5758 τηρουμένης
1687 5689 1902 5758 ἀπαρα-

2021 485 2171 547 λείας
2211 486 2306 537 καὶ
2351 485 2693 554 ὑποσχέσεως
2725 483 3006 554 ἐγγράφου
3043 485 3124 546 είς
3169 485 3269 552 τὴν
3301 483 3463 554 ἁγίαν
3495 485 3590 538 τοῦ

2019 575 2262 647 Χριστοῦ
2288 575 2582 642 καθολικὴν
2611 575 2707 629 καὶ
2735 575 3101 644 ἀποστολικήν
3135 575 3465 643 Ἐκκλησίαν
3498 578 3588 630 τοῦ

2020 666 2270 721 τοιούτου
2297 667 2685 734 εὐγενεστάτου
2719 667 2961 742 μεγάλου
3003 666 3216 737 βοῖϐόδα
3249 669 3327 728 είς
3357 666 3415 720 τὸ
3449 664 3590 722 εῖναι

2019 758 2106 810 ἀεὶ
2137 757 2236 827 τὴν
2261 757 2560 825 ἐκκλησίαν
2581 757 2679 827 τῆς
2706 755 3158 826 Οὐγγροόλαχίας
3189 756 3281 810 ὑπ’
3303 757 3472 825 αὐτὴν
3496 760 3590 810 καὶ

2018 848 2270 920 δέχεσθαι
2314 848 2407 901 ἀπ’
2458 848 2629 917 αὐτῆς
2681 848 2949 918 ἀρχιερέα
3000 848 3243 918 γνήσιονο
3283 847 3423 900 ὥστε
3479 848 3588 917 γάρ

2020 941 2410 1012 συντηρετσθαι
2439 943 2519 1004 είς
2547 944 2611 994 τὸ
2641 942 2768 1011 ἑξῆς
2802 941 2961 995 τοῦτο
3004 939 3458 1009 ἀκαινοτόμητον,
3497 940 3590 992 καὶ

2019 1033 2320 1104 βαρύτατον
2348 1033 2442 1085 καὶ
2469 1032 2744 1086 συνοδικὺν
2777 1030 3126 1103 (ἀφορισμδν)
3143 1031 3420 1101 ’ἡπείλητο
3447 1031 3590 1083 κατά

2021 1123 2219 1186 παντὸς
2253 1123 2350 1177 τοῦ
2389 1123 2862 1194 βουληθησομένου
2895 1122 3182 1194 ἀκυρῶσαι
3213 1123 3371 1175 αὐτό·
3399 1120 3589 1188 ἐπειδὴ

2017 1213 2209 1266 τούτου
2241 1213 2428 1267 ἕνεκεν
2459 1215 2555 1268 καὶ
2595 1215 2630 1287 η
2675 1215 2934 1286 παροῦσα
2967 1217 3220 1286 συνοδικὴ
3255 1211 3453 1284 πρᾶξις
3496 1231 3586 1280 γε-

2018 1309 2208 1375 γονυῖα
2251 1308 2329 1379 τῷ
2371 1309 2654 1379 εἰρημένῳ
2699 1310 3072 1380 μητροπολίτῃ
3127 1309 3310 1378 πάσης
3348 1308 3589 1375 Οὐγγρο-

2018 1397 2243 1470 ὄλαχίας
2292 1403 2386 1454 καὶ¹
2441 1401 2727 1471 ὑπερτίμῳ
2781 1403 2862 1464 είς
2915 1401 3216 1471 ἀσφάλειαν
3264 1399 3584 1456 ἐπιδέδοται.

2017 1492 2355 1546 ἀπολυθεῖσα
2405 1494 2549 1547 κατά
2587 1494 2731 1564 μῆνα
2781 1493 2950 1548 Μάῖον
2991 1494 3088 1563 τῆς
3123 1491 3483 1560 ἐνισταμένης
3522 1489 3590 1558 ιβ’

2020 1580 2116 1635 ίνδ.
2153 1579 2244 1634 τοῦ
2271 1579 2453 1648 ,ςωξξ
2483 1580 2658 1647 ἔτους,
2684 1583 2806 1652 ἥτις
2830 1582 2925 1636 καὶ
2952 1582 3315 1654 ὑπεσημάνθη
3341 1581 3408 1652 τῇ
3436 1579 3595 1635 αὐτο-μ
3661 1614 3675 1636 ι

2017 1673 2185 1742 χεερφ
2215 1675 2410 1745 γραφῇ
2442 1673 2542 1742 τῆς
2568 1675 2726 1745 ἡμῶν
2761 1674 3132 1746 μετριότητοςι

2087 1852 2156 1908 ΙΙ.
2197 1852 2239 1924 ἰ·
2275 1853 2647 1922 Εὐγενέστατε
2672 1893 2689 1918 ,
2771 1854 3106 1909 συνετώτατε
3130 1891 3146 1917 ,
3217 1851 3602 1924 ἀνδρικώτατε·

2019 1942 2163 2010 μέγα
2196 1941 2411 2012 βοῖσόδα
2447 1944 2543 1996 καὶ
2595 1941 2833 1998 αὐθέντα
2879 1945 3063 2012 πάσης
3117 1933 3590 2011 Οὑγγροόλαχίας,

2015 2025 2075 2080 ὲν
2105 2028 2248 2098 ἁγίῳ
2283 2029 2564 2100 Πνεῦματι
2590 2029 2958 2100 γνησιώτατε.
2993 2031 3340 2085 ποθεινότατε
3374 2031 3458 2084 υίέ
3492 2031 3592 2100 τῆς

2016 2121 2171 2191 ἡμῶν
2231 2122 2626 2192 μετριότητος,·
2668 2124 2774 2192 κῦρ
2835 2123 3175 2194 Ἀλέξανδρε,
3228 2123 3450 2192 ὑγίειαν
3494 2122 3589 2175 καὶ

2015 2211 2283 2281 εὐθυμίαν
2322 2213 2522 2284 ψυχῆς,
2555 2215 2807 2285 σώματός
2835 2232 2892 2268 τε
2929 2215 3097 2287 ρῶσιν
3133 2215 3224 2268 καὶ⁵
3249 2214 3462 2281 εὐεξίαν
3493 2212 3588 2266 καὶ

2015 2303 2124 2356 πᾶν
2166 2303 2273 2371 ὅτι
2326 2305 2532 2373 ἀγαθὸν
2564 2307 2661 2361 καὶ
2691 2307 2977 2376 σωτήριον,
3015 2306 3303 2377 ἐπεύχεται
3337 2309 3404 2376 τῇ
3441 2307 3590 2358 ἀντι-

2013 2393 2172 2463 λήψει
2209 2411 2304 2448 σου
2339 2396 2370 2466 ή
2409 2398 2702 2466 μετριότης
2751 2398 2909 2468 ἡμῶν
2937 2397 3048 2452 ἀπὸ
3089 2398 3224 2451 Θεοῦ
3273 2396 3588 2466 παντοκράρ

2012 2503 2190 2556 τορος.
2237 2487 2371 2541 Ἀπὸ
2398 2487 2507 2542 τῶν
2539 2489 2885 2559 γραμμάτων
2917 2489 3018 2559 τῆς
3049 2489 3148 2564 σῆς
3178 2477 3459 2556 εὐγενείας
3488 2487 3585 2542 καὶ.
3663 2507 3669 2513 ’

2011 2579 2120 2634 τῶν
2150 2581 2437 2650 προτέρων
2470 2580 2564 2634 καὶ
2592 2580 2700 2635 τῶν
2735 2581 2978 2650 ὑστέρων
3011 2582 3308 2650 ἐγνώρισεν
3338 2579 3587 2649 ἀκριϐῶς

2012 2673 2045 2742 ἡ
2078 2674 2368 2744 μετριότης
2399 2674 2576 2744 ἡμῶν,
2615 2675 2714 2728 ὅσα
2759 2674 2948 2746 ἐδήλου
3069 2674 3315 2743 εὐγένειά
3352 2689 3469 2735 σου,
3496 2674 3590 2726 καὶ

2009 2763 2307 2828 ἀπεδέξατο
2347 2766 2488 2820 κατά
2525 2767 2660 2820 πολύ
2707 2770 2804 2822 καὶ
2847 2769 3076 2840 ἐπῄνεσε
3127 2769 3225 2840 τήν
3271 2767 3589 2822 εὐπείθειαν

2016 2857 2112 2910 καὶ
2141 2856 2422 2928 ὑποταγὴν
2455 2859 2550 2911 καὶ
2577 2859 2812 2932 στοργήν
2841 2863 2936 2914 καὶ
2964 2861 3207 2930 ἀγάπην,
3241 2861 3308 2930 ἢν
3336 2860 3477 2929 ἔχεις
3506 2861 3588 2921 είς

2009 2947 2108 3016 τὴν
2145 2947 2308 3014 ἁγίαν
2332 2947 2427 3002 τοῦ
2462 2950 2703 3022 Χριστοῦ
2749 2951 3044 3022 καθολικὴν
3085 2957 3177 3006 καὶ
3219 2950 3587 3018 ἀποστολικὴν

2023 3039 2372 3112 Ἐκκλησίαν,
2402 3043 2525 3112 ἥτις
2549 3045 2698 3097 ἐστὶν
2728 3046 2762 3114 ή
2789 3045 2942 3114 πηγὴ
2966 3045 3057 3097 καὶ
3083 3045 3115 3113 ή
3151 3044 3278 3114 ῥίζα
3307 3043 3404 3112 τῆς
3430 3044 3587 3096 εὐσε-

2010 3131 2162 3195 6είας
2186 3134 2277 3185 καὶ
2305 3135 2366 3186 τὸ
2393 3136 2674 3205 στήριγμα
2705 3137 2801 3188 καὶ
2831 3139 2858 3190 ό
2909 3136 3157 3206 θεμέλιος
3193 3135 3289 3189 τοῦ
3331 3135 3588 3204 Χριστια-

2009 3219 2226 3290 νισμοῦ,
2261 3224 2354 3275 καὶ
2384 3223 2640 3292 μάλιστα,
2666 3224 2747 3276 ὅτι
2777 3222 2960 3295 ζητεῖς
2989 3223 3096 3278 ἀπὸ
3121 3223 3300 3293 ψυχῆς
3321 3224 3586 3294 ἀρχιερέα

2007 3315 2102 3368 καὶ
2134 3316 2371 3382 ποιμένα
2400 3317 2492 3368 καὶ
2524 3315 2847 3370 διδάσκαλον
2877 3316 2971 3370 τοῦ
3005 3316 3172 3370 τόπου
3202 3315 3296 3369 καὶ
3333 3318 3431 3385 τῆς
3467 3316 3586 3367 ἐπι-

2006 3404 2268 3472 κρατείας
2299 3408 2398 3479 τῆς
2427 3407 2706 3474 εὐγενείας
2751 3425 2866 3470 σου,
2895 3408 3236 3479 χειροτονίαν
3276 3408 3374 3476 τῆς
3398 3406 3584 3474 ,ἁγίας

2006 3491 2102 3546 τοῦ
2151 3493 2287 3547 Θεοῦ
2344 3477 2642 3566 καθολικῆς
2691 3500 2787 3550 καὶ
2818 3477 3185 3568 ἀποστήολικῆς
3225 3498 3578 3568 Ἑκκλησίας,

2006 3585 2081 3648 ὡς
2115 3584 2231 3648 υἱὸς
2282 3585 2456 3650 αὐτῆς
2490 3589 2714 3658 γνήσιος
2750 3591 2847 3643 καὶ
2887 3589 3169 3662 εὐπειθὴς,
3212 3589 3394 3654 καθώς
3433 3591 3581 3642 ἐστιν

2006 3673 2356 3746 ὀφειλόμενον
2384 3678 2548 3731 παντὶ
2575 3679 2889 3752 βουλομένῳ
2920 3681 3136 3750 θερμῶς
3163 3683 3257 3736 καὶ
3287 3682 3425 3752 μετά
3451 3681 3580 3734 εἰλι-

2008 3768 2228 3835 κρινοῦς
2277 3770 2515 3833 πίστεως
2562 3771 2817 3842 δέχεσθαι
2855 3773 2955 3842 τὴν
2989 3773 3272 3828 εὐσέϐειαν
3307 3777 3401 3829 καὶ
3448 3775 3584 3827 ἀπο-

2007 3859 2303 3928 τρέπεσθαι
2327 3861 2426 3925 τάς
2453 3878 2510 3914 τε
2535 3879 2607 3915 πα
2619 3865 3018 3932 ρασυναγωγάς
3042 3865 3137 3920 καὶ
3161 3866 3227 3918 τά
3253 3865 3456 3933 ἔκφυλα
3487 3866 3582 3916 καὶ

2007 3948 2264 4021 ἀλλότρια
2313 3952 2578 4022 δόγματα.
2633 3955 2787 4008 Ἐπεὶ
2839 3952 2953 4020 οὖν,
3012 3957 3088 4020 ὡς
3144 3958 3381 4026 εἴρηται,
3440 3959 3579 4025 μετά

2008 4041 2210 4110 πολλῆς
2237 4043 2505 4114 ἀποδοχῆς
2539 4047 2632 4099 καὶ
2665 4047 2899 4115 ὀρέξεως
2929 4050 3085 4122 ζητεῖ
3112 4052 3144 4122 ή
3176 4051 3424 4121 εὐγένειά
3462 4069 3578 4116 σου,

2009 4132 2096 4187 ἴνα
2127 4132 2225 4206 ἔχῃ
2251 4135 2441 4190 αὐτόθι
2470 4138 2732 4209 ἀρχιερέα
2759 4140 2858 4206 τῆς
2887 4141 3018 4211 περὶ
3045 4141 3142 4214 τὴν
3172 4143 3328 4214 ήμῶν
3362 4147 3583 4214 μετριό-

2007 4242 2144 4296 τητα
2180 4226 2332 4290 θείας
2362 4229 2455 4280 καὶ
2489 4229 2642 4300 ίερᾶς
2673 4232 2892 4285 συνόδου
2922 4233 3019 4303 τῆς
3050 4235 3315 4306 Μεγάλης
3357 4236 3586 4308 Ἐκκλη-

2010 4319 2153 4382 σίας,
2189 4321 2284 4372 καὶ
2313 4319 2407 4372 νῦν
2440 4320 2539 4388 μὲν
2569 4322 2659 4375 τὸν
2693 4321 2984 4392 ἱερώτατον
3037 4327 3439 4397 μητροπολίτην
3498 4328 3586 4380 Βι-

2009 4407 2216 4478 τζίνης,
2255 4408 2577 4479 ὐπέρτιμον,
2602 4414 2889 4483 ἀγαπητὸν
2922 4415 3064 4466 κατά
3107 4416 3318 4487 Κύριον.
3355 4418 3588 4486 ἀδελφὺν

2009 4500 2108 4568 τῆς
2165 4499 2326 4568 ἡμῶν
2389 4502 2746 4572 μετριότητος
2815 4506 2910 4557 καὶ
2977 4505 3408 4576 συλλειτουργδν,
3480 4511 3585 4579 κῦρ

2019 4592 2330 4659 Ὑάκινθον,
2371 4593 2510 4662 μετὰ
2555 4593 2611 4646 δὲ
2661 4597 2989 4667 παρέλευσιν
3018 4597 3207 4662 αὐτοῦ,
3243 4597 3302 4652 δν
3330 4599 3396 4651 ἂν
3428 4601 3585 4653 ἐκλέ-

2011 4683 2166 4756 ξηται
2195 4685 2290 4737 καὶ
2329 4686 2692 4760 χειροτονήσῃ
2721 4687 2887 4758 ψήφῳ
2924 4689 3178 4761 συνοδικῇ
3215 4693 3247 4760 ἡ
3285 4692 3586 4763 καθ”ήμᾶς

2011 4777 2289 4844 ἀγιωτάτη
2317 4777 2409 4831 τοῦ
2437 4779 2572 4832 Θεοῦ
2599 4781 2826 4850 Μεγάλη
2857 4782 3175 4850 Ἐκκλησία,
3207 4787 3299 4837 καὶ
3327 4786 3585 4858 ἐκπέμψῃ

2011 4869 2146 4938 πρὸς
2178 4869 2277 4939 τὴν
2305 4868 2586 4938 εὐγένειάν
2625 4888 2718 4924 σου
2756 4873 2852 4924 καὶ
2879 4873 3017 4943 πρὸς
3044 4874 3142 4944 τὴν
3182 4875 3366 4929 αὐτόθι
3400 4880 3584 4930 πᾶσαν

2007 4959 2181 5030 ἀρχὴν
2212 4963 2305 5014 κει)⁵
2333 4963 2688 5032 ἐπικράτειαν
2722 4963 2882 5016 αὐτοῦ
2925 4966 3184 5036 ἀρχιερέα
3211 4970 3455 5038 γνήσιον,
3489 4971 3584 5022 καὶ

2009 5050 2090 5104 ὅτι
2121 5051 2535 5106 διαϐεϐαιοῦται
2565 5054 2878 5124 ήέὐγένειά
2912 5073 3006 5110 σου
3040 5059 3278 5128 ἐνόρκως
3317 5062 3412 5112 καὶ
3441 5063 3582 5130 μετά

2009 5141 2225 5211 πολλῆς“
2247 5145 2571 5213 ᾁσφαλείας,
2597 5147 2678 5199 ὅτι
2705 5149 2798 5200 καὶ
2829 5150 2968 5217 μετά
2993 5151 3226 5204 θάνατον
3257 5151 3421 5204 αὐτοῦ
3455 5152 3583 5222 μέ).-

2009 5233 2089 5285 λει
2117 5231 2256 5288 εἶναι
2307 5236 2465 5290 τοῦτο
2500 5238 2917 5310 ἀπαραποὶητον
2969 5245 3064 5294 καὶ
3117 5243 3454 5312 ἀμετάθετον
3502 5245 3585 5307 είς

2008 5327 2132 5389 τοὺς
2164 5326 2535 5398 κληρονόμους
2577 5333 2668 5384 καί
2698 5331 2976 5402 διαδόχους
3006 5333 3179 5403 αὐτῆς
3206 5334 3287 5396 εἰς
3325 5335 3385 5386 τὸ
3417 5335 3581 5405 μηδέ-

2009 5434 2138 5471 ποτε
2186 5419 2411 5490 θελῆσαι
2442 5422 2704 5487 δέξασθαι
2752 5424 2950 5488 αὐτοὺς
2981 5425 3242 5495 ἀρχιερέα
3288 5426 3576 5496 ἑτέρωθεν.

2009 5512 2113 5563 κᾶν
2141 5509 2252 5575 οἷος
2280 5514 2388 5584 ἄρα
2419 5516 2513 5567 καὶ
2543 5515 2711 5582 ἐστιν,
2747 5520 2793 5570 εἰ
2836 5517 2913 5587 μὴ
2959 5519 3294 5588 χειροτονίαν
3324 5520 3417 5571 καὶ
3445 5521 3581 5572 ἀπο·

2012 5603 2205 5673 στολὴν
2235 5607 2332 5674 τῆς
2360 5607 2480 5660 καθ’
2509 5610 2652 5678 ἡμᾶς
2687 5610 3000 5679 ἁγιωτάτης
3033 5608 3126 5662 τοῦ
3154 5609 3287 5662 Θεοῦ
3318 5610 3577 5680 Μεγάλης

2024 5695 2369 5765 Ἐκκλησίας.
2396 5699 2494 5752 Διά
2524 5700 2653 5768 γοῦν
2686 5703 2853 5756 ταῦτα
2889 5703 3064 5756 πάντα
3097 5703 3186 5756 καὶ
3231 5702 3461 5774 μάλιστα
3489 5703 3581 5758 διά
