4046 6208
520 252 659 321 1363

1295 264 1639 325 CALLISTI
1681 266 1779 327 ET
1823 267 2249 329 PHILOTHEI
2290 269 2402 332 CP.
2440 261 2905 335 PATRIARC’H.

3617 277 3759 339 ιτιει

515 382 576 434 τὸ
621 376 770 452 ἔχειν
822 382 922 453 τήν
973 382 1252 446 εὐγένειάν
1302 401 1395 438 σου
1446 387 1695 458 καθαράν
1740 387 1956 445 εὔνοιαν
1984 392 2081 444 καὶ
2114 392 2154 456 Α
2191 406 2313 458 μον,
2348 391 2479 459 ὑγιᾶ
2525 392 2620 445 καὶ
2652 392 2933 461 ἀνωτέραν
2980 393 3178 459 παντὸς
3224 394 3451 467 ἀνιαροῦ
3486 398 3763 466 συναντή-

516 472 739 543 ἀγάπην
759 473 856 525 καὶ
883 474 961 535 είς
988 472 1080 525 τὸν
1102 474 1166 527 ἐκ
1192 473 1327 529 Θεοῦ
1358 478 1647 546 κράτιστον
1673 476 1767 533 καὶ
1792 481 1945 548 ἅγιόν
1972 482 2072 551 μου

516 566 907 637 αὐτοκράτορα,
923 567 1015 619 τὸν
1034 566 1366 637 ὑψηλότατον
1387 570 1608 639 βασιλέα
1630 571 1741 626 τῶν
1766 571 2075 643 Ῥωμαίων,

512 655 574 708 τὸ
608 657 948 727 συμφόρημα
979 659 1194 713 πάντων
1223 661 1332 714 τῶν
1369 663 1610 731 ἀγαθῶν,
1651 667 1742 718 τόν
1783 665 2077 735 γαληνότα-

511 760 603 800 τον
644 748 740 800 καὶ
774 749 1312 819 φιλανθρωπότατον,
1347 754 1719 826 ἐπηυδόκησεν
1770 757 1869 827 μὲν
1914 758 2079 821 αὐτὸς

511 834 573 907 δὴ
604 837 631 891 ό
663 840 956 908 κράτιστος
1005 843 1100 897 καὶ
1132 845 1287 912 ἅγιός
1324 865 1425 916 μου
1472 849 1850 919 αὐτοκράτωρ,
1884 851 2079 919 ἐψηφί-

508 944 645 984 σατο
676 931 769 983 καὶ
812 932 846 999 ἠ
896 934 1191 1007 μετριότης
1219 938 1375 1007 ήμῶν
1419 939 1558 1009 μετά
1591 939 1700 993 τῶν
1729 940 1857 1010 περὶ
1906 942 2077 1012 αὐτὴν

513 1022 823 1090 ίερωτάτων
869 1026 1192 1097 ἀρχιερέων,
1226 1030 1318 1082 καὶ
1350 1022 1447 1101 ήδη
1491 1032 1632 1084 κατά
1662 1031 1762 1099 τὴν
1808 1032 2078 1103 ἀποδοχὴν

510 1112 604 1164 καὶ
634 1114 732 1184 τὴν
777 1113 1005 1184 ζήτησίν
1040 1132 1132 1171 σου
1168 1118 1261 1172 καὶ
1303 1117 1362 1171 τὸ
1413 1124 1692 1191 συμφέρον
1739 1122 1834 1175 τοῦ
1888 1122 2077 1176 αὐτόθι

510 1202 909 1275 Χριστωνύμου
944 1208 1076 1261 λαοῦ
1112 1210 1371 1279 μετετέθη
1405 1214 1433 1265 ό
1474 1212 1763 1281 ἱερώτατος
1800 1229 2075 1283 μητροπο-

509 1293 664 1366 λίτης
694 1295 963 1369 Βιτζίνης,
1015 1295 1170 1363 οὗτος
1198 1302 1261 1371 δὴ
1295 1303 1321 1354 ό
1369 1301 1475 1371 κῦρ
1518 1302 1822 1367 Ὑάκινθος,
1854 1304 1941 1358 διά
1977 1303 2077 1373 τῆς

510 1390 905 1459 νενομισμένης
971 1391 1251 1463 ἐγγράφου
1323 1395 1605 1465 συνοδικῆς
1672 1395 1925 1465 πράξεως
1997 1396 2077 1459 είς

510 1478 690 1531 πᾶσαν
768 1517 783 1533 .
862 1522 875 1534 .
955 1516 970 1535 .
1051 1522 1066 1536 .
1143 1522 1157 1536 .
1236 1522 1252 1538 .
1328 1526 1341 1538 .
1419 1488 1513 1541 καὶ
1542 1486 1749 1540 ἔστιτὸ
1788 1487 1896 1542 ἀπὸ
1924 1487 2076 1542 τοῦδε

508 1567 602 1620 καὶ
636 1570 713 1630 είς
744 1571 806 1623 τὸ
835 1572 964 1643 ἑξῆς
1008 1576 1231 1646 γνήσιος
1263 1580 1553 1649 ἀρχιερεὺς
1598 1579 1777 1651 πάσης
1825 1580 2074 1650 Οὐγγρο-

509 1656 756 1727 ϐλαχίας,
789 1660 927 1730 ἔχων
956 1663 1159 1732 ἄδειαν,
1190 1667 1373 1730 καθὼς
1407 1670 1439 1736 ἡ
1487 1672 1743 1737 γεγονυῖα
1776 1670 1869 1724 ἐπὶ¹
1901 1670 2075 1740 τούτῳ

509 1748 782 1818 ἔγγρανος
841 1754 1093 1827 συνοδικὴ
1156 1757 1355 1827 πρᾶξις
1411 1762 1553 1814 κατὰ
1605 1762 1769 1831 μέρος
1826 1762 2068 1830 διέξεισι,

509 1844 684 1895 ποιεῖν
715 1845 773 1895 ἐν
798 1846 947 1917 πάσῃ
978 1849 1041 1917 τῇ
1073 1848 1255 1921 ἐνορία
1284 1853 1375 1903 καὶ
1407 1853 1645 1923 ἐπαρχίᾳ
1674 1853 1842 1922 αὐτῆς
1872 1856 2069 1919 πάντα,

504 1932 604 1985 ὅσα
633 1934 827 2003 ἀνήκει
854 1941 1062 2010 γνησίῳ
1081 1943 1350 2013 ἀρχιερεῖ.
1377 1944 1482 1997 Καὶ
1509 1945 1681 1999 ταῦτα
1708 1946 1806 2014 μὲν
1828 1946 2071 2017 ἐκύρωσε

506 2024 601 2080 καὶ
630 2024 959 2082 ἐϐεϐαίωσεν
990 2030 1162 2096 οὕτως
1197 2036 1228 2104 ή
1259 2036 1386 2103 ἁγία
1411 2036 1506 2090 τοῦ
1538 2038 1774 2107 Χριστοῦ
1810 2039 2069 2110 καθολικὴ

507 2112 599 2169 καὶ
644 2118 978 2192 ἀποστολική
1022 2126 1315 2195 Ἐκκλησία
1370 2128 1588 2201 εὐδοκία
1638 2132 1730 2183 καὶ
1784 2130 1877 2182 τοῦ
1937 2146 2070 2199 κρα-

505 2208 684 2265 τίστου
716 2216 810 2267 καὶ
850 2216 1006 2283 ἁγίου
1045 2238 1147 2287 μου
1194 2223 1593 2293 αὐτοκράτορος
1624 2222 1718 2278 καὶ
1748 2224 1942 2294 γνώμῃ
1973 2224 2070 2293 τῆς

506 2300 661 2369 ήμῶν
697 2306 1046 2377 μετριότητος
1080 2311 1172 2362 καὶ
1213 2313 1311 2381 τῆς
1346 2312 1494 2381 ἱερᾶς
1540 2314 1757 2368 συνόδου
1788 2313 1930 2367 κατά
1973 2314 2069 2382 τὴν

506 2394 604 2463 σήν
635 2398 769 2469 ζήτη
786 2417 860 2451 τιν
888 2403 978 2453 καὶ
1011 2403 1301 2475 ἀποδοχήνσ
1335 2406 1424 2457 σὸν
1450 2404 1505 2459 δέ
1530 2407 1676 2460 ἐστιν
1708 2406 1816 2459 ἀπὸ
1850 2405 1943 2457 τοῦ
1979 2405 2069 2459 νῦν

503 2490 788 2554 φροντίσαι
846 2492 939 2544 καὶ
993 2495 1387 2567 ἀποπληρῶσαι
1444 2499 1543 2568 τὴν
1595 2498 1888 2567 ὐπόσχεσίν
1949 2514 2065 2562 σου,

502 2579 669 2646 ήγιυν
701 2580 785 2633 ἵνα
820 2584 1023 2657 ποιήσῃ
1070 2587 1100 2655 ή
1132 2588 1381 2655 εὐγένειά
1415 2607 1508 2643 σου
1545 2591 1639 2643 καὶ
1680 2593 1727 2643 οί
1760 2591 1941 2653 παῖδες
1978 2590 2069 2644 καλ⁸

503 2668 829 2741 κληρονόμοι
886 2677 980 2727 καὶ
1026 2678 1255 2747 διάδοχοι
1305 2680 1477 2750 αὐτῆς
1526 2683 1762 2751 γράμμα
1818 2684 2063 2753 ἔνορκον,

502 2766 1012 2836 κατησφαλισμένον
1036 2771 1319 2836 πάντοθεν,
1337 2772 1703 2843 διαλαμϐάνον
1719 2777 1858 2829 κατὰ
1876 2777 2064 2847 μέρος,

506 2852 592 2907 ἵνα
620 2850 860 2928 δηλονότι
904 2861 1042 2929 μετά
1088 2861 1317 2915 θάνατον
1346 2866 1440 2917 τοῦ
1487 2865 1730 2919 τοιούτου
1762 2867 2066 2937 ἀρχιερέως

502 2948 655 3016 ὐμῶν
694 2950 1014 3020 εὑρίσκηται
1050 2955 1264 3025 ηπᾶσα
1307 2950 1449 3025 ἀρχή
1496 2957 1588 3009 καὶ
1617 2959 1940 3029 ἐπικράτεια
1966 2962 2065 3030 τῆς

492 3040 951 3114 Ὀύγγροϐλαχίας
1000 3046 1104 3099 ὐπὸ
1138 3045 1234 3116 τὴν
1265 3046 1385 3102 καθ’
1418 3046 1566 3118 ἡμᾶς
1609 3048 1921 3121 ἀγιωτάτην
1968 3053 2061 3105 τοῦ

488 3133 630 3186 Θεοῦ
660 3135 920 3206 Μεγάλην
957 3136 1299 3208 Ἐκκλησίαν,
1339 3139 1433 3193 καὶ
1483 3141 1854 3213 χειροτονῆται
1898 3142 2059 3214 ψήφῳ

496 3228 745 3298 συνοδικῇ
794 3228 924 3298 παρ’
966 3229 1157 3299 αὐτῆς,
1206 3230 1282 3294 ὡς
1311 3234 1541 3287 εἴθισται
1587 3235 1682 3288 καὶ
1730 3237 2060 3305 νενόμισται,

495 3320 807 3391 ἀρχιερεὺς,
843 3320 938 3376 καὶ
980 3322 1380 3394 ἀποστέλληται
1411 3326 1594 3379 αὐτόθι
1624 3324 1703 3390 είς
1733 3326 2063 3397 ποιμανσῖαν

496 3412 591 3463 καὶ
647 3411 883 3483 ψυχικὴν
939 3412 1205 3482 ὠφέλειαν
1266 3414 1359 3468 τοῦ
1421 3416 1609 3470 αὐτόθι
1667 3417 2062 3488 Χριστωνύμου

496 3501 652 3570 λαοῦ,
680 3504 775 3557 καὶ
811 3505 1102 3578 ἐκπέμψῃς
1146 3507 1209 3561 τὸ
1242 3508 1450 3561 τοιοῦτο
1483 3509 1717 3579 γράμμα
1769 3511 1909 3580 μετά
1954 3510 2062 3564 τῶν

495 3588 929 3667 ἀπεσταλμένων
959 3601 1161 3653 τούτων
1193 3602 1344 3672 παρὰ
1391 3603 1487 3673 τῆς
1521 3604 1677 3673 ήμῶν
1708 3604 2061 3675 μετριότητος

494 3690 728 3743 ἐνταῦθα
774 3692 856 3754 εἰς
898 3691 996 3761 τὴν
1042 3693 1205 3759 ἁγίαν
1245 3693 1339 3746 τοῦ
1369 3693 1607 3763 Χριστοῦ
1641 3693 1935 3765 καθολικὴν
1968 3698 2063 3751 καὶ

495 3785 861 3855 ἀποστολικὴν
901 3786 1228 3856 Ἐκκλησίαν
1257 3788 1351 3841 καὶ
1383 3786 1461 3850 είς
1489 3787 1586 3856 τὴν
1615 3787 1766 3839 θείαν
1793 3789 1883 3841 καὶ
1908 3789 2060 3858 ίεράν

502 3862 735 3943 σύνοδον,
783 3879 872 3930 καὶ
921 3878 1000 3930 ἐνι
1047 3879 1127 3941 είς
1163 3878 1453 3947 βεϐαίωσιν
1486 3877 1577 3931 καὶ
1612 3878 1913 3947 ἀσφάλειαν
1962 3877 2062 3947 τῆς

495 3970 843 4040 ὑποσχέσεως
871 3972 962 4025 καὶ
994 3975 1317 4040 συμφωνίας
1349 3973 1446 4041 τῆς
1479 3973 1752 4041 εὐγενείας
1784 3986 1897 4028 σου·
1940 3974 2062 4029 ἐπεὶ

494 4062 638 4117 ὥστε
663 4062 801 4118 εἶναι
833 4067 1250 4136 ἀπαραποίητον
1285 4067 1379 4119 καὶ
1412 4066 1747 4135 ἀμετάθετον
1779 4068 1877 4139 τὴν
1912 4071 2063 4141 είρη-

499 4157 667 4225 μένην
714 4159 1072 4223 κατάστασιν,
1126 4160 1217 4211 καὶ
1269 4160 1539 4223 συνοδικὸς
1593 4163 1874 4233 φρικώδης
1923 4164 2061 4231 ἀφο-

497 4245 691 4315 ρισμὺς
716 4246 1005 4316 ήπείληται
1048 4249 1190 4301 κατά
1219 4248 1312 4302 τοῦ
1346 4244 1680 4315 κωλύσοντος
1724 4255 1819 4308 καὶ
1861 4254 2061 4325 ἀθετή-

497 4355 679 4401 σοντος
709 4338 937 4410 ταύτην.
956 4340 1186 4410 Ὀφείλει
1213 4342 1276 4395 δε
1296 4346 1390 4398 καὶ
1414 4344 1446 4415 ή
1474 4346 1722 4413 εὐγένειά
1749 4338 1864 4411 σου]
1892 4348 2060 4418 ζητή-

2182 496 2368 550 ματος.

2178 637 2422 694 XXXIV.
2453 638 2783 698 Patriarchw
2799 643 3095 765 εαίὶονίαιίο
3111 642 3173 696 de
3195 641 3556 696 matrimoniis
3578 641 3762 712 impu-

2904 728 3074 765 erum.

2904 728 3074 766 erum.

2248 842 2289 912 -ι-
2332 842 2395 895 Ἢ
2421 840 2518 897 τοῦ
2572 842 2780 912 ἀγαθοῦ
2827 844 3109 913 στέρησις,
3169 841 3445 913 ἀγαπητοὶ
3497 840 3756 912 ἀδελφοὶ,

2177 934 2327 1005 καὶὴ
2357 935 2634 998 ἔκπτωσις
2659 935 2751 988 τοῦ
2807 934 2976 989 καλοῦ
3010 934 3181 988 πολὺν
3238 936 3475 1006 παρέχει
3519 934 3618 988 τὸν
3657 934 3759 989 τοῦ

2177 1026 2312 1080 Θεοῦ
2345 1012 2726 1098 μακαρισμόνο
2758 1026 2835 1088 ὡς
2864 1028 2972 1095 γάρ
3008 1026 3156 1096 ήτοῦ
3184 1027 3355 1089 κακοῦ
3386 1024 3569 1097 ἀποχὴ
3598 1027 3759 1080 αίτία

2178 1120 2386 1187 γίνεται
2412 1118 2512 1189 τῆς
2546 1117 2842 1179 ἐπιδόσεως
2900 1117 3007 1170 τῶν
3069 1115 3292 1185 ἀγαθῶν
3342 1116 3547 1187 ἔργων,
3607 1116 3759 1170 οῦτω

2178 1211 2331 1280 καὶὴ
2362 1212 2528 1279 ἀργία
2585 1210 2694 1264 τῶν
2750 1209 2846 1263 τοῦ
2901 1208 3039 1262 Θεοῦ
3087 1208 3318 1263 ἐντολῶν
3378 1208 3483 1263 οὐκ
3544 1207 3762 1278 ἀγαθὸς

2180 1302 2441 1372 πρόξενος
2495 1303 2715 1371 πέφυκε
2769 1301 2906 1371 πρὸς
2959 1300 3059 1372 τὴν
3104 1300 3198 1356 τοῦ
3245 1302 3363 1372 βίου
3414 1305 3759 1372 σεμνότητα,

2181 1393 2382 1462 μᾶλλον
2423 1393 2523 1463 μὲν
2549 1392 2643 1446 οὖν
2674 1390 2884 1445 καὶτὸν
2938 1390 3072 1443 Θεὸν
3105 1392 3186 1454 είς
3218 1391 3595 1462 ἀγανάκτησιν
3625 1391 3761 1444 καθ’

2177 1486 2325 1555 ἡμᾶς
2350 1484 2636 1552 διαγείρει.
2674 1484 2742 1537 Ἦ
2775 1483 2887 1552 γὰρ
2917 1483 3025 1536 τῶν
3045 1483 3205 1536 θείων
3233 1484 3494 1552 Πατέρων
3521 1482 3765 1551 νομοθεο

2180 1577 2269 1632 σία
2290 1575 2383 1630 τοῦ
2407 1576 2541 1630 Θεοῦ
2568 1576 2786 1640 πάντως
2813 1570 2923 1628 είσὶ
2952 1576 3134 1644 λόγια·
3191 1574 3279 1628 διὰ
3310 1574 3419 1644 γὰρ
3452 1572 3549 1627 τοῦ
3581 1573 3757 1640 ἁγίου

2179 1670 2277 1723 καὶ
2336 1667 2672 1721 τελειοποιοῦ
2728 1665 3048 1737 Ιινεύματος
3109 1664 3286 1720 ταῦτα
3341 1664 3763 1733 ἐνομοθέτησαν

2106 1746 2147 1803 Β
2176 1761 2269 1814 καὶ
2294 1759 2557 1825 ἐδίδαξαν,
2592 1758 2688 1812 καὶ
2712 1758 2799 1811 διά
2840 1758 3006 1810 τοῦτο
3038 1757 3308 1824 ἐπάγουσι
3335 1757 3433 1809 καὶ
3461 1756 3565 1825 τὴν
3595 1756 3762 1807 ἀπει-

2171 1851 2267 1922 λὴν
2298 1851 2533 1921 φοϐερὶν
2584 1850 2716 1921 πρὸς
2753 1850 2879 1913 τοὺς
2929 1848 3175 1911 ἀπειθεῖς
3220 1848 3316 1902 καὶ⁷
3370 1846 3753 1917 ἀγνώμονας,

2170 1943 2263 1997 τὸν
2302 1943 2408 1997 ἀπὸ
2435 1942 2528 1996 τοῦ
2556 1942 2688 1996 Θεοῦ
2719 1941 3005 2011 χωρισμὸν
3034 1939 3471 2009 ἀποφαινόμενοι
3498 1941 3621 1992 κατ’
3651 1938 3751 1991 αὐο

2171 2039 2279 2089 τῶν
2303 2036 2595 2107 ἀριδήλως.
2657 2034 2868 2087 Οὐκοῦν
2920 2032 2974 2086 τί
3004 2028 3371 2086 ἀναϐάλλεσθε
3418 2030 3643 2101 ἡμέραν
3686 2030 3754 2093 ἐξ

2172 2129 2385 2200 ἡμέρας
2428 2126 2845 2199 ἀντιποιηθῆναι
2878 2127 2989 2180 τῶν
3034 2126 3257 2194 ἀγαθῶν
3291 2125 3505 2195 ἐργων;
3567 2123 3632 2178 Τί
3674 2124 3754 2187 ὡς

2173 2222 2408 2291 σχοινίον
2430 2222 2668 2289 μακρὸν,
2699 2220 3056 2291 προφητικῶς
3077 2221 3274 2284 εἰπεῖν,
3308 2216 3616 2271 ἐπισπᾶσθε
3644 2218 3749 2278 τὰς

2174 2312 2446 2383 ἁμαρτίας
2473 2312 2649 2380 ὐμῶν,
2675 2312 2771 2364 καὶ
2800 2311 2873 2374 ὡς
2903 2310 3044 2381 βαρύ
3104 2310 3333 2380 φορτίον
3386 2324 3445 2361 τε
3488 2309 3583 2361 καὶ
3612 2309 3751 2359 δυσ-

2171 2408 2478 2462 ϐάστακτον
2503 2407 2562 2460 οὐ
2595 2405 2840 2460 παιδεύει
2872 2404 3069 2475 ὐμᾶςή
3098 2399 3274 2474 πικρά
3302 2397 3439 2473 αῦτη
3466 2402 3562 2455 καὶ
3589 2398 3748 2470 δεινὴ

2169 2498 2519 2568 αἰχμαλωσία
2557 2499 2590 2567 ή
2647 2497 2769 2550 καθ’
2801 2494 3018 2567 ἡμέραν
3051 2496 3355 2565 συνέχουσα
3402 2495 3502 2546 καὶ⁵
3534 2492 3752 2560 συντρί-

2170 2590 2379 2655 ϐουσα;
2416 2590 2492 2642 Οὐ
2537 2590 2899 2658 συνταράσσει
2953 2588 3052 2658 τὴν
3102 2589 3382 2657 ἡμετέραν
3438 2586 3748 2640 διάνοιανό

2170 2683 2293 2738 καθ’
2325 2686 2472 2754 ἡμᾶς
2518 2685 2604 2738 ἀεὶ
2628 2682 3006 2754 ἐπηρτημένος
3038 2681 3279 2744 κίνδυνός
3306 2695 3365 2733 τε
3396 2679 3493 2733 καὶ
3531 2679 3699 2748 φόϐος
3726 2693 3744 2742 ;

2169 2775 2247 2831 Οὐ
2274 2774 2567 2830 κυκλοῦσιν
2596 2777 2748 2845 ἡμᾶς
2781 2777 2830 2827 οἱ
2858 2773 3115 2844 πολέμιοι
3161 2776 3236 2836 ὡς
3253 2774 3437 2843 ἄγριοι
3496 2773 3595 2824 καὶ
3629 2770 3750 2823 ἀτί-

2168 2868 2325 2920 θασοι
2357 2867 2540 2937 θῆρες,
2571 2866 2797 2936 μανικὸν
2830 2860 2945 2918 οἷον
2978 2867 3234 2927 πνέοντες
3258 2865 3353 2915 καὶ
3383 2863 3746 2931 κατάϐρωμα

2169 2959 2586 3027 προσδοκῶντες
2624 2960 2873 3027 ποιήσειν
2928 2958 3074 3026 ἡμᾶς
3104 2958 3218 3017 τοῖς
3265 2950 3482 3007 ὀδοῦσιν
3538 2953 3743 3015 αὐτῶν,

2168 3049 2423 3119 καθάπερ
2454 3049 2727 3119 πρόϐατα,
2775 3049 3015 3118 ποιμένα
3046 3048 3120 3118 μὴ
3153 3046 3348 3116 ἔχοντα
3382 3060 3397 3111 ;
3450 3045 3588 3099 Πότε
3622 3044 3743 3097 τοί-

2166 3157 2260 3195 νυν
2284 3141 2686 3212 ἐπιστρέψομεν
2730 3142 2795 3193 ἐκ
2825 3140 2925 3210 τῆς
2982 3139 3193 3209 πλάνης
3247 3139 3449 3208 ταύτης
3487 3137 3579 3189 καὶ
3633 3135 3741 3204 τῆς

2165 3233 2400 3298 κακίας;
2450 3232 2587 3285 Πότε
2613 3232 2954 3299 συνοίσομεν,
2995 3231 3069 3292 ὡς
3101 3229 3271 3293 εἰκὸς,
3298 3229 3365 3283 τά
3394 3229 3573 3283 δέοντα
3599 3241 3736 3281 συν-

2164 3322 2402 3392 ορῶντες
2424 3322 2519 3374 καὶ
2543 3322 3105 3398 συνδιασκεῄάμενοη
3146 3322 3282 3374 Πότε
3330 3322 3430 3384 τάς
3460 3320 3736 3390 ἁμαρτίας

2163 3414 2322 3484 ἡμῶν
2354 3408 2759 3483 ἐξιλεωσόμεθα
2789 3414 2877 3468 διά
2916 3413 3017 3484 τῆς
3053 3414 3352 3484 καλλίστης
3398 3410 3739 3482 ἐπιστροφῆς

2166 3508 2260 3560 καὶ
2290 3507 2524 3577 γνησίας
2553 3506 2649 3561 καὶ
2669 3505 3000 3576 εἰλικρινοῦς
3045 3506 3183 3577 πρὸς
3232 3506 3324 3559 τὸν
3378 3507 3514 3559 Θεὸν
3566 3520 3739 3574 μετα-

2165 3600 2346 3665 νοίας;
2389 3600 2464 3653 Οὐ
2494 3599 2606 3670 γάρ
2628 3601 2798 3665 ἐστιν,
2827 3600 2928 3653 οὐκ
2976 3600 3147 3661 ἐστιν,
3199 3600 3275 3664 ὡς
3302 3599 3520 3669 ἀληθῶς
3546 3600 3738 3669 χεῖρον

2163 3691 2514 3762 ἀναισθησίας
2546 3691 2640 3745 καὶ
2660 3690 3046 3759 ἀπογνώσεως·
3072 3692 3225 3745 ἄνοια
3248 3692 3354 3760 γὰρ
3379 3692 3470 3743 καὶ
3486 3690 3738 3755 ἀπόνοια,

2162 3783 2303 3835 κατά
2345 3782 2438 3836 τὸν
2489 3782 2649 3851 σοφὸν
2677 3782 2880 3853 Σιράχ,
2924 3781 3155 3852 πονηροὶ
3217 3783 3483 3849 γείτονεςι
3550 3780 3735 3832 Βαϐαὶ

2158 3877 2259 3948 τῆς
2293 3878 2559 3948 κακίστης
2596 3875 2892 3945 ἐπιθυμίας
2919 3876 3013 3929 καὶ
3039 3874 3320 3945 φιληδόνου
3363 3874 3461 3926 καὶ
3498 3874 3740 3942 ματαίας

2156 3969 2425 4038 Δὀρέξεωςῐ
2462 3967 2905 4021 δυσαπάλλακτον
2960 3967 3068 4036 γάρ
3106 3968 3183 4030 ὡς
3223 3965 3444 4035 ἀληθῶς
3476 3966 3674 4033 χρῆμα
3703 3965 3738 4033 ή

2164 4062 2333 4115 κακία
2384 4060 2480 4114 καὶ
2537 4060 2680 4113 πάνυ
2709 4058 3248 4128 δυσκαταγώνιστον.
3300 4058 3490 4113 Βούλει
3535 4058 3594 4110 δὲ
3636 4073 3746 4124 μα·-

2158 4152 2277 4203 θείν
2334 4150 2578 4219 ἀκριϐῶς
2631 4146 2837 4222 ταύτης
2886 4151 2984 4221 τὴν
3043 4151 3347 4219 θεραπείαν
3382 4150 3478 4202 καὶ
3539 4152 3739 4215 ίασιν;

2177 4239 2467 4295 Ἃναλαϐοῦ
2497 4242 2589 4294 τὸν
2626 4242 2719 4295 τοῦ
2753 4241 2888 4295 Θεοῦ
2945 4240 3112 4310 φόϐον
3130 4245 3193 4313 τῇ
3232 4245 3299 4311 σῇ
3350 4243 3583 4312 διανοίᾳ,
3615 4242 3743 4293 ἐπεὶ

2169 4336 2398 4406 φοϐερὸν
2423 4336 2518 4391 καὶ¹
2543 4338 2682 4391 πάνυ
2705 4354 2790 4391 τοι
2827 4338 3061 4408 φοϐερὸν
3103 4340 3165 4391 τὸ
3196 4339 3463 4409 ἐμπεσεῖν
3520 4339 3601 4399 είς
3628 4340 3743 4406 χεῖ-

499 4447 640 4485 σασα
689 4430 1040 4503 εὑρίσκεσθαι
1092 4434 1167 4496 ὡς
1216 4433 1330 4498 υίὸς
1375 4439 1597 4505 γνήσιος
1645 4437 1743 4505 τῆς
1772 4439 1931 4504 ἁγίας
1964 4440 2058 4492 τοῦ
2094 4438 2138 4495 ι)
2166 4445 2266 4498 ρας
2299 4428 2438 4482 Θεοῦ
2477 4427 2703 4492 ζῶντοςο
2738 4430 3081 4498 ἀναλόγισαι,
3112 4430 3231 4493 πῶς
3284 4430 3409 4484 καθ’
3435 4429 3587 4498 ὥραν
3617 4431 3741 4482 κλο-

493 4525 735 4596 Χριστοῦ
783 4525 1077 4596 καθολικῆς
1128 4529 1221 4581 καὶ
1279 4527 1648 4593 ἀποστολικῆς
1706 4531 2056 4603 Ἐκκλησίας,

495 4622 744 4690 στέργειν
773 4617 1123 4686 ἀμεταθέτως
1166 4620 1234 4672 τά
1271 4619 1672 4692 ὡμολογημένα
1718 4623 1812 4676 καὶ
1855 4639 2063 4695 πατρο-

501 4713 775 4783 παράδοτα
805 4712 902 4764 καὶ
930 4711 1057 4781 ὐγιῆ
1085 4711 1351 4781 δόγματα,
1376 4715 1503 4776 τοὺς
1542 4714 1721 4777 θείους
1756 4715 1851 4768 καὶ
1882 4717 2061 4786 ἱεροὺς

492 4804 723 4865 κανόνας
753 4800 848 4855 καὶ
888 4803 1017 4865 τοὺς
1043 4801 1385 4872 φιλευσεϐεϊς
1416 4804 1633 4873 νόμους,
1660 4805 1727 4858 δι’
1767 4802 1842 4876 ὧν
1873 4806 2063 4876 στηρί-

493 4889 643 4952 ζεται
698 4886 758 4941 τὸ
797 4887 897 4956 τῆς
938 4887 1264 4958 Ἐκκλησίας
1316 4889 1613 4957 στήριγμα,
1665 4896 1758 4941 καὶ
1794 4874 2062 4957 ἐχειν-καὶ

493 4979 630 5049 πρὸς
652 4978 745 5030 τὸν
769 4970 1059 5047 εἰρημένον
1086 4976 1345 5046 ἀρχιερέα
1374 4975 1662 5028 εὐλάϐειαν
1696 4974 1793 5028 καὶ
1827 4976 2061 5045 στοργήν

489 5070 590 5139 τὴν
612 5068 991 5138 ὀφειλομένην⁶
1026 5067 1183 5120 τοῦτο
1211 5068 1319 5138 γάρ
1353 5064 1583 5120 ποιοῦσα
1614 5067 1647 5137 ἡ
1680 5065 1935 5134 εὐγένειά
1967 5082 2060 5119 σου

489 5162 585 5213 καλ⁸
615 5162 788 5223 οὕτως
836 5160 1138 5214 ὑπείκουσα
1190 5162 1255 5230 τῇ
1320 5158 1620 5228 Ἐκκλησία
1674 5155 1830 5223 Θεοῦ,
1878 5157 2062 5227 τύχοις

495 5255 596 5323 μὲν
622 5254 678 5305 ἐν
718 5253 795 5322 τῷ
833 5252 1061 5322 παρόντι
1105 5252 1203 5322 βίῳ
1253 5251 1452 5313 παντὸς
1481 5250 1686 5318 ἀγαθοῦ
1734 5250 1830 5302 καὶ
1880 5248 2062 5319 πάσης

489 5347 755 5414 εὐθυμίας
787 5347 879 5397 καὶ
927 5348 1121 5415 χαρᾶς,
1170 5344 1631 5412 κατευοδούμενος
1658 5346 1753 5407 ,είς
1784 5343 1959 5396 πάντα
1994 5343 2061 5395 τά

490 5440 592 5494 ἀνά
627 5442 814 5509 χεῖρας
851 5441 987 5510 ἔργα
1020 5440 1114 5491 καὶ
1158 5444 1484 5507 πράγματα,
1512 5439 1574 5490 ἐν
1604 5438 1658 5489 δέ
1703 5453 1765 5503 γε
1815 5436 1893 5505 τῷ
1930 5436 2061 5503 μέλ-

488 5531 633 5583 λοντι
667 5532 767 5598 τῆς
797 5534 1019 5585 αίωνίου
1052 5533 1270 5600 ἐκείνης
1304 5537 1397 5584 καὶ
1438 5530 1781 5584 ἀκαταλύτου
1809 5531 1864 5582 ἐν
1893 5529 2061 5596 οὐρα·

490 5624 598 5681 νοῖς
650 5622 919 5689 βασιλείας
961 5623 1146 5692 εὐχαῖς
1178 5624 1401 5675 πάντων
1431 5622 1538 5676 τῶν
1568 5622 1760 5690 ἁγίων.
1794 5620 1998 5690 Κύριος
2034 5623 2059 5672 ὁ

489 5710 621 5772 Θεὸς
664 5717 747 5779 εἴη
776 5714 1049 5781 διατηρῶν
1089 5716 1186 5784 τὴν
1218 5717 1494 5783 εὐγένειάν
1531 5731 1623 5767 σου
1656 5716 1868 5778 ἄνοσον,
1900 5711 2058 5765 e501)-

2166 4520 2248 4572 νεῖ
2276 4518 2375 4587 τὴν
2405 4520 2530 4589 γῆν,
2559 4523 2637 4584 είς
2671 4522 3027 4592 συναίσθησιν
3057 4523 3268 4590 ἐνάγων
3327 4524 3471 4593 ἡμᾶς
3502 4522 3603 4575 τοῦ
3634 4540 3740 4575 κα-

2164 4610 2279 4676 λοῦ,
2313 4610 2429 4675 πῶς
2459 4612 2742 4665 κατασείει
2784 4613 2852 4666 τά
2877 4615 3076 4679 πάντα,
3135 4614 3253 4678 πῶς
3277 4614 3339 4667 τὸ
3400 4615 3543 4684 βαρύ
3578 4615 3739 4666 τοῦτο

2164 4704 2384 4774 φορτίον
2405 4704 2503 4775 τῆς
2530 4705 2634 4775 γῆς
2652 4705 2749 4758 καὶ
2802 4704 3213 4760 δυσϐάστακτον
3267 4706 3493 4775 τρέμειν
3548 4723 3738 4775 παρα-
3764 4766 3780 4777 ,

2166 4795 2443 4861 σκευάζει,
2479 4795 2596 4859 πῶς
2625 4796 2687 4848 οὐ
2726 4796 2910 4859 στέγει
2951 4797 3089 4868 αῦτη
3115 4797 3215 4868 τὴν
3246 4797 3341 4851 τοῦ
3380 4800 3616 4851 κτίστου
3642 4815 3736 4865 φο-

2165 4886 2332 4956 ϐεράν
2363 4886 2613 4955 ἀπειλὴν,
2654 4887 2775 4949 πῶς
2825 4893 3193 4959 καταστρέφει
3246 4890 3346 4953 τὰς
3396 4889 3602 4953 πόλεις,
3654 4890 3734 4959 μὴ

2162 4977 2430 5049 δυναμένη
2461 4979 2646 5048 φέρειν
2673 4978 2811 5042 ὅλως
2830 4981 2924 5033 τοῦ
2943 4981 3151 5034 δικαίου
3174 4982 3364 5051 κριτοῦ
3388 4982 3487 5051 τὴν
3513 4982 3688 5051 όργήν
3714 4997 3729 5011 ·

2164 5069 2367 5140 ταύτην
2397 5068 2506 5139 γὰρ
2531 5069 2749 5131 πάντως
2778 5071 3025 5138 μαστίζει
3047 5071 3135 5125 διὰ
3160 5072 3259 5135 τάς
3293 5073 3522 5143 ἀνομίας
3544 5074 3731 5142 ήμῶν,

2165 5161 2254 5215 ἵνα
2290 5165 2453 5233 ἡμεῖς
2497 5163 2589 5216 τὸν
2640 5163 2738 5219 τοῦ
2778 5164 2915 5217 Θεοῦ
2963 5165 3126 5232 φόϐον
3169 5166 3568 5236 ἀναλαϐόμενοι
3613 5168 3736 5219 ἐπι-

2167 5253 2497 5322 στραφῶμεν
2558 5255 2650 5307 καὶ
2689 5256 2931 5324 γνησίως
2979 5258 3425 5327 μετανοήσωμεν.
3478 5258 3593 5310 Καὶ
3619 5258 3735 5327 γάρ

2164 5344 2303 5416 αὐτη
2329 5346 2520 5415 ἄλογος
2546 5343 2605 5402 οῦ
2616 5366 2682 5403 σα
2700 5350 2795 5403 καὶ
2822 5350 3176 5403 παντάπασιν
3230 5351 3598 5421 ἀνενὲργητος
3647 5352 3730 5413 είς

2164 5439 2344 5491 πᾶσαν
2367 5438 2587 5504 κακίαν,
2624 5440 2898 5510 ἁμαρτίαν
2961 5442 3185 5511 ποιῆσαι
3238 5442 3299 5494 οὐ
3331 5442 3583 5495 δύναται.
3618 5444 3730 5495 Καὶ

2160 5530 2340 5581 τοίνυν
2363 5529 2667 5596 παύσασθε,
2703 5533 3024 5602 παρακαλῶ,
3059 5536 3156 5602 τῆς
3181 5534 3401 5598 κακίας,
3424 5535 3519 5586 καὶ
3551 5536 3727 5604 τηρήο

2164 5636 2316 5684 σατε,
2357 5621 2433 5683 ὡς
2465 5622 2634 5685 εἰκὸς,
2671 5624 2727 5674 ἐν
2775 5624 3050 5694 ἀσφαλείᾳ
3095 5625 3156 5676 οὐ
3207 5628 3369 5693 μόνον
3423 5627 3594 5690 αὐτάς
3630 5629 3729 5689 τὰς

2161 5711 2254 5763 τοῦ
2291 5710 2423 5763 Θεοῦ
2454 5712 2694 5781 ἐντολάς,
2725 5713 2860 5768 ἀλλὰ
2888 5716 2979 5769 καὶ
3010 5717 3108 5779 τὰς
3144 5718 3415 5782 διατάξεις
3437 5721 3531 5772 καὶ
3559 5737 3723 5790 νομο⁴
