4078 6202
348 216 355 227 "
442 197 574 261 1371

1228 199 1573 261 CALLISTI
1610 199 1706 259 ET
1750 196 2188 265 PHILOTHEI
2229 198 2340 259 ΕΡ.
2377 194 2839 260 PATBIARCH.

3567 181 3712 243 1372’.

434 316 517 368 δτι
546 293 608 365 ⁸δὲ
641 310 834 365 ἔλαϐον
865 312 965 383 τὴν
996 310 1227 384 δυνατὴν
1248 313 1533 385 διόρθωσιν
1573 314 1722 387 παρᾶ
1757 314 1849 368 τοῦ
1879 330 2021 368 παν·
2048 320 2095 378 Α
2126 313 2315 370 τοῦτον
2352 314 2539 384 βαλεῖν
2572 313 2667 368 καὶ
2711 309 2939 380 ποιῆσαι
2980 305 3273 376 μετάνοιαν
3306 303 3390 366 εἱς
3420 300 3524 371 τὴν
3557 301 3715 353 θείαν

438 405 745 472 αγιωτάτου
823 403 980 472 ήμῶν
1024 404 1306 471 δεσπότου,
1348 405 1442 459 τοῦ
1489 404 1868 476 οἰκουμενικοῦ
1917 422 2020 459 πα-

2128 411 2225 464 ειιαλ⁸
2263 410 2419 479 ἱερὰν
2450 408 2661 463 τούτων
2695 406 2912 460 σύνοδον
2945 404 3041 461 καὶ
3079 398 3414 470 συγγνώμην
3449 399 3541 449 καὶ
3583 413 3717 463 συγ-

438 492 698 565 τριάρχου
719 532 734 551 .
771 494 866 545 καὶ
901 493 998 562 τῆς
1041 492 1192 557 θείας
1238 494 1333 548 καὶ
1378 496 1527 566 ἱερᾶς
1574 496 1831 561 συνόδου,
1869 494 2020 549 οὐδέν
2128 502 2373 572 χώρησιν
2402 501 2496 556 καὶ
2530 498 2878 567 συμπάθειαν
2904 493 3258 566 αἱτήσασθαι,
3288 492 3426 560 ὅπερ
3452 490 3593 558 δῆτα
3623 488 3719 540 καὶ

445 601 535 652 μοι
561 586 708 637 δοκεῖ
733 584 1211 655 παρρησιάζεσθαι
1241 586 1437 650 ταῦτα,
1466 587 1561 640 καὶ
1590 587 2021 657 προστρίϐεσθαι
2130 591 2387 660 εποίησεν
2409 629 2425 657 ,
2461 588 2749 651 εὐϐουλίας
2792 588 2888 640 καὶ
2928 584 3332 654 συγχωρήσεως
3375 580 3509 648 παρ’
3536 577 3721 631 αὐτῶν

443 673 689 730 ἐντεῦθεν
722 674 931 745 μέμψιν
960 679 1023 747 τῇ
1059 678 1284 749 συνόδῳ,
1318 678 1393 743 ὡς
1425 678 1485 731 ού
1518 680 1739 742 τελείως
1770 677 2023 750 διελύθη-

2132 681 2423 748 ἀξιωθεὶς,
2462 680 2591 736 ἄνευ
2629 662 2813 751 μέντοι
2843 676 2938 731 τοῦ
2975 675 3273 746 ίερωτάτου
3312 670 3720 740 μητροπολίτου

444 786 566 835 σαν,
595 767 731 822 ἀλλά
762 768 1072 837 φροντίζειν
1103 770 1263 839 μόνον
1292 770 1384 825 τὸν
1413 771 1837 839 παναγιώτατον
1865 770 2024 840 ἡμῶν
2135 774 2454 840 Σουγδαίας.
2482 773 2543 827 Ὀ
2567 773 2623 827 δὲ
2650 770 3065 839 παναγιιῖπατος
3092 767 3251 839 ἡμῶν
3274 764 3563 835 δεσπότης,
3591 766 3621 816 ὁ
3644 763 3725 814 οἱ·

442 859 741 929 δεσπότην,
774 858 865 912 τὸν
896 861 1282 931 οίκουμενιιιδν
1310 862 1696 933 πατριάρχην,
1726 861 1829 932 τῆς
1857 877 2028 930 προσ-

2136 865 2465 935 κουμενικδς
2488 866 2861 934 πατριάρχης,
2876 863 2913 917 ἃ.
2933 862 3030 916 καὶ
3050 860 3317 931 πρότερον
3336 857 3603 918 πολλάκις
3627 856 3726 907 καὶ

445 951 692 1023 ηκούσης
726 952 1099 1022 διορθώσεως,
1136 954 1327 1025 ῶσπερ
1361 955 1504 1022 δῆτα
1539 954 1631 1008 καὶ
1666 955 1893 1024 ἐποίησε
1932 952 2031 1006 καὶ
2138 955 2412 1026 διαφόρως
2442 955 2624 1019 ἐξεῖπε
2655 954 2751 1010 καὶ
2785 953 3081 1016 συνοδικῶς
3136 950 3466 1020 διηγήσατο,
3503 947 3726 1008 τούτοις

448 1045 613 1107 ποιεί,
642 1043 878 1115 Χριστοῦ
910 1047 1134 1115 χάριτι·
1172 1047 1388 1120 στέργω
1419 1046 1475 1100 δὲ
1508 1048 1601 1100 καὶ
1630 1046 1729 1115 τὴν
1761 1046 1903 1115 ὑπὲρ
1931 1044 2028 1097 τοῦ

451 1133 639 1204 ἱερέως
674 1135 768 1188 τοῦ
803 1136 1125 1207 Μαχητρίου
1161 1138 1462 1207 γενομένην
1499 1138 1786 1207 συνοδικὴν
1821 1136 2036 1206 συγχώ-

454 1241 643 1293 ρησιν,
681 1225 821 1297 πλὴν
857 1227 1039 1290 καθὼς
1072 1227 1100 1279 ὁ
1135 1227 1403 1297 δεσπότης
1436 1229 1464 1280 ὁ
1498 1228 1752 1298 Βρύσεως
1787 1228 2038 1298 ἐγνωμά-

451 1333 670 1372 τευσεν.
713 1319 772 1372 Ὀ
820 1318 1137 1389 Κελτζηνῆς
1188 1312 1380 1383 εἶπεν,
1430 1318 1514 1371 ὅτι
1561 1318 1846 1388 Συμφωνῶ
1893 1318 2041 1372 κατὰ

456 1409 636 1463 πάντα
664 1408 742 1479 τῷ
769 1410 1008 1482 δεσπότῃ
1039 1411 1112 1481 τῷ
1144 1411 1400 1481 Βρύσεως
1420 1450 1436 1475 ,
1466 1414 1561 1464 καὶ
1592 1412 1804 1482 στέργω
1832 1411 1901 1466 τά
1930 1412 2037 1463 ὑπὸ

454 1498 649 1552 τούτου
700 1500 1156 1569 γνωματευθέντα
1206 1502 1348 1556 κατά
1398 1502 1509 1555 τῶν
1557 1502 2036 1571 ἀθεμιτογαμιῶν,

460 1592 596 1648 ἁλλά
617 1594 680 1663 δὴ
704 1596 799 1649 καὶ
821 1596 961 1666 ὑπὲρ
980 1594 1075 1649 τοῦ
1103 1595 1293 1665 ἱερέως
1313 1594 1407 1649 τοῦ
1428 1594 1773 1667 Μαχητρίου.
1792 1595 1851 1650 Ὀ
1874 1596 2044 1664 Σουγ-

2144 1048 2442 1119 στοιχήσας
2471 1046 2568 1102 καὶ
2597 1045 2929 1101 ἐπιϐεϐαιῶν
2962 1044 3031 1101 τά
3059 1041 3311 1106 τοιαῦτα,
3350 1040 3557 1094 οὕτωσὶ
3592 1041 3733 1093 ἀπε-

2143 1139 2354 1209 φήνατο
2382 1138 2526 1192 κατὰ
2550 1137 2732 1192 πάντα
2780 1137 2884 1208 τῆς
2926 1135 3203 1207 προτέρας
3260 1132 3563 1203 εξεχόμινα
3616 1130 3738 1191 ἃᾷ-

2144 1230 2318 1295 νοίας.
2365 1230 2426 1282 Ἢ
2452 1228 2745 1299 μετριότης
2780 1227 2963 1299 ἡμῶν,
3007 1225 3242 1297 κρίμασι
3301 1223 3598 1291 θειοτέροις
3654 1223 3739 1284 εἰς

2146 1322 2241 1375 τὸν
2273 1321 2681 1393 πατριαρχικδν
2712 1319 3015 1390 ἀναχθεῖσα
3074 1319 3269 1389 θρόνον
3305 1316 3402 1370 καὶ
3444 1315 3505 1368 τὸ
3555 1329 3742 1369 κατα-

2146 1412 2443 1467 πιστευθὲν
2498 1412 2641 1483 αὐτῇ
2715 1412 2973 1481 ποίμνιον
3042 1407 3347 1471 κανονικῶς
3414 1406 3745 1473 ποιμαίνειν

2150 1504 2520 1574 προελομένη.
2553 1504 2613 1559 τό
2640 1520 2706 1572 γε
2756 1503 2837 1567 εἱς
2888 1500 3062 1572 αὐτὴν
3100 1495 3261 1569 ⁴ἧκον,
3303 1499 3434 1569 περὶ
3482 1497 3747 1550 πλείστου

2153 1598 2478 1666 ἐποιήσατο,
2527 1578 2821 1665 διόρθωσιν
2888 1594 3112 1665 πρῶτον
3173 1596 3275 1663 μὲν
3318 1589 3573 1660 γενέσθαι
3643 1586 3747 1655 τῆς

460 1685 616 1749 δαίας
636 1679 803 1750 ,εἶπεν
822 1728 840 1753 ,
869 1687 953 1741 ὅτι
982 1687 1208 1758 Στέργω
1238 1688 1365 1751 τοὺς
1397 1688 1577 1752 θείους
1607 1689 1704 1743 καὶ
1736 1690 1919 1761 ἱεροὺς
1950 1708 2050 1743 κα·
2079 1682 2120 1735 Β
2151 1691 2431 1756 πολιτείας
2460 1691 2559 1744 καὶ
2585 1687 2944 1760 ἀναστροφῆς
2971 1687 3084 1743 τῶν
3101 1685 3200 1748 τὰς
3229 1683 3561 1755 ἐξαγορείας
3608 1682 3748 1733 ἀνω

463 1777 642 1843 νόνας,
660 1777 918 1847 λέγοντας
939 1781 1080 1835 κατά
1099 1780 1324 1845 τούτων,
1344 1780 1440 1833 καὶ
1463 1781 1629 1837 πλέον
1646 1781 1820 1838 οὐδέν.
1842 1781 1900 1837 '0
1915 1782 2049 1835 Ῥωο

465 1870 580 1923 σίου
609 1864 731 1923 εῖπε
748 1885 761 1900 ·
791 1870 1016 1940 Στέργω
1038 1872 1180 1924 κατά
1202 1872 1379 1925 πάντα
1404 1873 1484 1935 εἱς
1505 1873 1605 1926 ὅσα
1627 1874 2050 1941 ὲγνωμάτευσαν

465 1962 725 2031 ἀνωτέρω
748 1962 797 2015 οἱ
824 1961 1046 2031 ἀδελφοί
1074 1979 1201 2032 μου,
1224 1964 1273 2016 οί
1297 1965 1600 2036 ἀρχιερεῖς,
1629 1964 1772 2019 κατὰ
1794 1966 1904 2018 τῶν
1928 1967 2054 2021 ἀθε-

469 2055 835 2123 μιτογαμιῶν,
863 2056 998 2110 ἀλλά
1023 2055 1085 2123 δὴ
1114 2056 1208 2109 καὶ
1234 2057 1373 2129 ὑπὲρ
1396 2058 1492 2111 τοῦ
1524 2058 1716 2130 ίερέως
1739 2058 1834 2114 τοῦ
1861 2062 2056 2131 Μαχη-

468 2146 640 2217 τρίου.
664 2144 732 2199 '0
757 2147 1001 2216 Μηδείας
1026 2142 1181 2201 εἷπεν
1198 2190 1212 2215 ,
1241 2149 1323 2203 ὅτι
1347 2150 1534 2205 Ταῦτα
1557 2152 1625 2206 τά
1651 2151 1889 2222 ἀθέμιτα
1916 2153 2056 2224 ἔργα

472 2239 743 2307 ἐγένοντο,
776 2243 910 2321 παρ’
933 2237 1007 2296 ὧν
1037 2242 1145 2311 ἄρα
1175 2244 1272 2298 καὶ⁹
1300 2244 1572 2316 ἐγένοντο,
1610 2249 1761 2317 παρὰ
1790 2247 1851 2299 τὸ
1883 2248 2054 2313 εἱκδς,

472 2331 666 2386 ἔλαϐον
699 2331 756 2385 δὲ
789 2333 888 2404 τὴν
924 2333 1160 2413 δυνατὴν
1203 2338 1298 2391 καὶ
1344 2339 1736 2409 προσήκουσαν
1770 2339 2059 2410 διόρθωσιν

475 2424 628 2493 παρὰ
659 2424 754 2479 τοῦ
787 2431 1213 2496 παναγιωτάτου
1243 2431 1402 2500 ἡμῶν
1430 2432 1720 2497 δεσπότου,
1750 2434 1846 2488 τοῦ
1876 2435 2059 2491 οἰκου-

481 2515 707 2584 μενικοῦ
739 2520 1107 2590 πατριάρχου,
1137 2522 1234 2575 καὶ
1256 2522 1486 2590 ὀφείλει,
1515 2524 1600 2577 ἴνα
1624 2526 2061 2579 ἀναστέλλωνται

477 2606 653 2661 ταῦτα
687 2610 779 2661 καὶ
810 2611 889 2675 είς
919 2611 978 2663 τὸ
1008 2612 1155 2682 ἑξῆς,
1186 2613 1260 2679 ὠς
1291 2614 1606 2689 παράνομα,
1638 2616 1781 2672 κατά
1824 2617 1917 2672 τὸν
1972 2618 2065 2671 δυ-

481 2698 639 2751 νατὸν
668 2700 869 2770 τρόπον
895 2705 960 2773 τῇ
992 2703 1087 2756 τοῦ
1119 2704 1253 2757 Θεοῦ
1287 2690 1585 2778 Ἐκκλησία
1606 2725 1622 2741 ο
1645 2710 1857 2779 στέργω
1885 2711 1940 2764 δὲ
1970 2712 2064 2764 καὶ

483 2791 584 2859 τὴν
614 2792 757 2863 ὑπὲρ
788 2791 883 2847 τοῦ
913 2796 1103 2865 ἱερέως
1131 2797 1227 2848 τοῦ
1257 2798 1583 2869 Μαχητρίου
1622 2802 1908 2874 συνοδικὴν
1939 2820 2067 2873 συγ-

483 2880 750 2954 χώρησιν,
782 2883 966 2948 καθὼς
995 2885 1087 2939 καὶ
1116 2886 1166 2937 οί
1194 2886 1371 2958 ἕτεροι
1404 2889 1702 2960 ἀρχιερεῖς.
1742 2891 1802 2945 Ὀ
1835 2893 2065 2964 Ἐξαμί-

484 2972 595 3027 λων
641 2975 989 3046 συνεφώνησε
1031 2980 1146 3041 τοῖς
1188 2973 1447 3052 ἀνωτέρω
1491 2983 1626 3035 πᾶσι
1671 2983 1816 3041 κατά
1862 2986 2063 3040 πάντα.

497 3061 558 3113 '0
590 3062 901 3135 ύποψήφιος
928 3066 1330 3138 Θεσσαλονίκης
1359 3066 1545 3137 εἴπεν,
1578 3072 1661 3126 ὅτι
1691 3074 1734 3125 Τ
1738 3074 1771 3125 ἀ
1802 3075 1929 3141 περὶ
1960 3076 2068 3129 τῶν

487 3155 874 3225 τετραγαμιῶν
907 3158 1001 3209 κοιὶ⁷
1029 3157 1137 3210 τῶν
1167 3160 1373 3215 λοιπῶν
1405 3162 1857 3234 ἀθεμιτογαμιῶν
1882 3168 2071 3233 ἐπεξε-

489 3245 826 3317 δικηθησαν,
859 3249 935 3312 ὠς
963 3249 1184 3320 λέγετε,
1215 3252 1462 3323 ψυχικῶς
1494 3254 1609 3326 ἅμα
1640 3259 1733 3311 καὶ
1764 3275 2072 3328 πνευματι-

493 3334 605 3397 κῶς
637 3336 694 3388 έν
730 3336 1030 3409 Ἐκκλησία
1062 3337 1197 3393 Θεοῦ
1220 3380 1235 3405 ,
1273 3341 1519 3399 λείπεται
1552 3345 1608 3398 δὲ
1644 3346 2073 3417 ὲπεκδικηθῆναι

493 3424 666 3479 ταῦτα
702 3429 794 3482 καὶ
832 3433 1161 3501 σωματικῶς
1193 3432 1281 3488 διὰ
1314 3434 1535 3490 πλείονα
1568 3437 1659 3491 τὸν
1695 3440 2075 3508 σωφρονισμὸν

493 3518 587 3571 καὶ
627 3518 726 3588 τὴν
766 3521 973 3576 τούτων
1012 3523 1277 3594 ὲκκοπήν.
1320 3526 1539 3581 Τούτων
1579 3527 1635 3583 δὲ
1680 3530 1899 3585 πάντων
1936 3532 2079 3585 οὕτω

494 3611 1039 3677 γνωματευσάντων,
1086 3618 1115 3668 ὀ
1166 3616 1468 3685 ἀγιὼτατος
1515 3618 1782 3691 δεσπότης
1832 3624 1928 3676 καὶ
1977 3640 2081 3676 πα-

497 3701 765 3773 τριάρχης
800 3704 1195 3777 Ἱεροσολύμων
1226 3704 1407 3774 εἶπεν,
1438 3710 1521 3763 ὅτι
1557 3711 1730 3777 Ἐπεὶ,
1760 3712 1837 3776 ὡς
1869 3713 2081 3785 ἀνέμα-

499 3791 593 3842 θον
623 3793 867 3862 ἀκριϐῶς
886 3835 901 3859 ,
932 3798 1000 3851 τά
1030 3800 1480 3869 έπεισφρήσαντα
1510 3800 1686 3856 ταῦτα
1716 3802 1954 3873 ἀθέμιτα
1986 3805 2082 3858 καὶ

502 3884 796 3956 παράνομα
852 3890 1169 3944 συνοικέσια
1224 3894 1377 3962 παρὰ
1434 3896 1617 3948 πᾶσαν
1671 3894 1931 3965 βούλησιν
1988 3898 2084 3950 καὶ

500 3978 730 4049 γνώμην
774 3985 874 4051 τῆς
911 3982 1239 4055 Ἑκκλησίας
1283 3984 1419 4039 Θεοῦ
1463 3986 1888 4058 διεκδικήθησαν
1932 3991 2083 4061 παρὰ

504 4072 598 4123 τοῦ
645 4078 1063 4144 παναγιωτάτου
1106 4080 1367 4133 δεσπότου
1414 4082 1507 4134 καὶ
1550 4082 1778 4152 ἀδελφοῦ
1824 4101 1950 4152 μου,
1989 4085 2084 4140 τοῦ

506 4165 890 4233 οἱκουμενικοῦ
945 4170 1329 4239 πατριάρχου,
1385 4175 1689 4236 κανονικῶς
1735 4175 1825 4229 διά
1867 4193 1929 4227 τε
1975 4155 2085 4231 τῶῖ

509 4258 835 4325 προϐάντων
872 4261 1173 4314 συνοδικῶν
1210 4264 1342 4333 παρ’
1370 4265 1535 4319 αὑτοῦ
1572 4266 1754 4337 τόμων
1789 4268 1884 4320 καὶ
1925 4268 2086 4323 ἀλλο-

2150 1786 2495 1856 δεδεγμένων
2531 1782 2930 1854 πνευματικῶν
2962 1780 3197 1851 ἀνδρῶν,
3227 1778 3371 1832 ὥστε
3421 1772 3565 1829 εἶναι
3620 1771 3752 1826 τού-

2160 1895 2289 1941 τους
2314 1876 2718 1946 ἀνεπιλήπτους
2743 1875 2915 1928 παντὶ
2940 1873 3132 1943 τρόπῳ
3162 1872 3257 1925 καὶ
3282 1867 3616 1940 προκεῖσθαι
3668 1867 3754 1925 εἱς

2158 1970 2326 2024 καλὸν
2356 1970 2588 2040 μίμημα
2614 1968 2710 2022 καὶ
2740 1965 3011 2036 ὠφέλειαν
3036 1965 3131 2019 τοῦ
3191 1962 3349 2026 λαοῦ,
3406 1962 3603 2013 ἔπειτα
3647 1959 3753 2026 τῆς

2156 2060 2269 2114 τῶν
2304 2061 2499 2131 ἱερέων
2536 2058 2792 2133 εὐταξίας
2826 2059 2921 2110 καὶ
2950 2056 3334 2126 κοσμιότητος,
3387 2054 3465 2115 ὡς
3520 2052 3588 2106 ἂν
3636 2052 3753 2105 διά-

2157 2170 2307 2220 γοιεν
2364 2146 2513 2208 οὗτοι
2563 2153 2708 2205 κατὰ
2765 2150 2858 2205 τὸν
2914 2150 3189 2219 ἀνήκοντα
3242 2146 3459 2210 τούτοις
3521 2147 3585 2198 ἐκ
3639 2144 3756 2197 τῶν

2163 2246 2328 2315 ἱερῶν
2363 2246 2457 2296 καὶ
2490 2244 2654 2297 θείων
2678 2242 2923 2298 κανόνων
2945 2242 3146 2312 τρόπον
3178 2239 3451 2307 θεοφιλῶς
3500 2238 3614 2307 ἅμα
3652 2238 3758 2288 καὶ

2161 2337 2430 2404 εὐλαϐῶς,
2456 2336 2764 2406 ἀπέχεσθαί
2798 2354 2858 2388 τε
2897 2337 2996 2389 καὶ
3046 2332 3367 2402 καπηλείων
3409 2331 3505 2384 καὶ
3575 2328 3759 2392 πάσης

2162 2421 2327 2500 ἄλλης
2362 2430 2574 2499 φαύλης
2607 2427 2907 2497 διαγωγῆς,
2949 2427 3185 2496 μάλιστα
3245 2425 3306 2478 δὲ
3353 2425 3543 2492 τηρεῖν
3603 2424 3765 2489 ἀκρι-

2165 2523 2295 2587 ϐῶς,
2326 2523 2401 2594 μὴ
2432 2521 2681 2590 γίνεσθαι
2705 2520 2934 2574 τοιαῦτα
2961 2519 3199 2587 ἀθέμιτα
3246 2518 3584 2577 συνοικέσια,
3614 2515 3762 2580 ἀπερ

2165 2613 2353 2682 κακῶς
2411 2616 2828 2686 ἐπεισέφρησαν
2887 2615 2956 2684 τῇ
3017 2612 3192 2681 σεμνῇ
3234 2609 3345 2662 τῶν
3409 2606 3765 2676 Χριστιανῶν

2169 2709 2421 2778 πολιτείᾳ
2453 2710 2519 2760 ὲκ
2543 2708 2637 2761 τοῦ
2666 2711 2742 2778 μη
2766 2707 2908 2775 μετὰ
2927 2705 3161 2776 ἐρεύνης
3189 2702 3284 2757 καὶ
3332 2700 3637 2766 ἐξετάσεως
3665 2699 3768 2751 καὶ

2167 2800 2490 2871 ιμϐριθείας
2540 2800 2637 2851 καὶ
2692 2794 3120 2850 ἀναστέλλεσθαι
3174 2792 3266 2845 καὶ
3310 2785 3768 2859 ἀναχαιτίζεσθαι

2170 2892 2320 2957 παρά
2346 2891 2455 2944 τῶν
2487 2890 2588 2958 τὴν
2619 2888 2960 2958 διεξαγωγὴν
2988 2885 3196 2940 τούτων
3246 2881 3767 2949 ἐπιτετραμμένων,

2095 3015 2139 3072 c
2171 2981 2231 3035 οὖ
2265 2985 2429 3053 χάριν
2460 2981 2556 3034 καὶ
2593 2979 2817 3041 τούτους
2855 2978 2955 3047 μὲν
3017 2975 3312 3036 συνοδικῶς
3365 2969 3766 3072 ἐπεξήλθομεν,

2173 3076 2251 3135 είς
2278 3071 2520 3144 ἐκκοπὴν
2550 3072 2607 3125 δὲ
2637 3072 2733 3125 καὶ
2769 3071 3108 3139 συντήρησιν
3135 3066 3245 3120 τῶν
3305 3061 3550 3117 τοιούτων
3584 3057 3762 3127 ἐξάρ-

2176 3183 2309 3235 χους
2356 3165 2852 3237 ὲγκατεστήσαμεν
2910 3163 3022 3217 ἀπὸ
3078 3160 3188 3214 τῶν
3241 3156 3479 3211 εύλοϐῶν
3537 3150 3759 3221 ἱερέων,

2176 3260 2289 3312 ὅσοι
2344 3258 2424 3327 τῷ
2481 3258 2605 3311 τότε
2652 3255 2956 3326 ἐκρίθησαν
3002 3254 3112 3307 τῶν
3169 3252 3345 3307 ἄλλων
3417 3246 3799 3318 προέχοντες,

2178 3351 2362 3415 καθὼς
2426 3347 2851 3420 πλατυκὼτερον
2922 3348 2980 3400 ὲν
3056 3348 3171 3408 τοῖς
3242 3344 3410 3413 ἱεροῖς
3487 3337 3772 3397 κωδικίοις

2181 3442 2640 3513 κατεστρώθησαν
2691 3441 2887 3508 ταῦτα,
2938 3442 2987 3493 εί
3046 3437 3140 3492 καί
3194 3452 3365 3499 τινες,
3418 3434 3535 3495 τοῖς
3577 3432 3774 3491 κακοῖς

2182 3534 2606 3606 συνηγοροῦντες
2628 3534 2727 3587 καὶ
2752 3532 3155 3604 ὲπιχαίροντες,
3210 3527 3281 3580 τὰ
3334 3524 3505 3578 πλείω
3564 3520 3777 3574 τούτων

2181 3626 2580 3698 παρυφείλοντο
2618 3622 2715 3679 καὶ
2776 3624 3022 3693 μαχαίρᾳ
3054 3620 3329 3689 ἀπέτεμον
3376 3614 3604 3675 ἀναιδῶς
3654 3611 3775 3679 ἅμα

2183 3720 2276 3773 καὶ
2304 3717 2595 3789 τολμηρῶς
2621 3715 2863 3775 ἀπὸτοῦ
2894 3704 3140 3769 τοιούτου
3198 3708 3459 3764 κωδικίου
3492 3721 3507 3736 °
3543 3704 3774 3774 προσέτι

2184 3827 2248 3879 γε
2274 3811 2383 3881 μὴν
2415 3811 2837 3879 ὲπετιμήσσμεν
2863 3799 3393 3876 καὶείσηγησάμεθα
3423 3799 3544 3868 μετ’
3566 3796 3775 3864 αὖα-τη⁹

2189 3904 2309 3974 ρίας
2340 3901 2725 3971 πνευματικῆς
2751 3901 2823 3955 δι’
2857 3899 3049 3967 ἐτέρου
3098 3898 3428 3967 γράμματος
3478 3888 3573 3942 τοῦ
3631 3888 3776 3955 πρὸς

2185 3996 2313 4057 τοὺς
2340 3993 2540 4058 αὐτοὺς
2560 3994 2823 4063 ἐξάρχους
2871 3993 2985 4053 τοῖς
3044 3990 3301 4057 ἀθέμιτον
3353 3985 3539 4055 έχουσι
3592 3981 3780 4050 γάμον

2188 4087 2385 4153 τελέως
2412 4088 2751 4159 ἀποσχέσθαι
2785 4084 2972 4149 αὐτοῦ,
2993 4082 3483 4150 ὲπανατεινάμενοι
3515 4078 3609 4131 καὶ
3632 4074 3780 4129 κατά

2187 4183 2297 4235 τῶν
2328 4180 2650 4250 τολμώντων
2680 4178 2857 4233 ταῦτα
2890 4175 3212 4247 ἱερωμένων
3272 4170 3595 4241 καθαίρεσιν
3632 4166 3781 4218 ἔνδι-

2192 4291 2308 4337 κον,
2338 4273 2474 4326 ἀλλά
2500 4273 2593 4327 καὶ
2639 4270 2737 4342 τὴν
2790 4270 3225 4339 εἱσκωμάσασαν
3266 4263 3522 4333 γοητείαν
3574 4261 3667 4312 καὶ
3709 4256 3779 4308 τὰ

508 4350 758 4415 τρόπως,
789 4353 849 4406 ού
881 4352 1089 4409 δίκαιόν
1118 4357 1234 4409 ἐστι
1266 4357 1534 4413 κινείσθαι
1567 4362 1663 4415 καὶ
1692 4360 2088 4433 πολυπραγμο-
2119 4368 2165 4427 ι)
2192 4363 2397 4433 ταύτης
2453 4365 2654 4434 αίσχρὶι
2708 4362 2848 4431 ἔργα
2910 4358 3336 4420 σπουδάσαντες.
3394 4353 3469 4415 ὡς
3525 4346 3636 4405 οἷόν
3692 4365 3776 4412 τες

510 4441 761 4497 νεύεσθαι
801 4446 972 4500 ταῦτα
1012 4449 1105 4501 ἐπὶ
1145 4449 1237 4503 τοῦ
1288 4451 1456 4521 μέσου
1499 4454 1593 4506 καὶ
1635 4454 1963 4524 ὲπιφύεσθαι
2003 4455 2092 4509 διά
2193 4454 2603 4522 ἀνεστείλαμεν,
2633 4452 2873 4524 Χριστοῦ
2913 4452 3122 4522 χάριτι,
3162 4446 3349 4510 καθὼς
3396 4444 3627 4513 εὓρηται
3681 4440 3782 4494 καὶ

510 4535 671 4590 τοῦτο
716 4540 990 4595 σκάνδαλα
1031 4544 1125 4596 καὶ
1166 4544 1437 4617 ὀχλήσεις,
1474 4545 1665 4617 ὥσπερ
1704 4547 1770 4601 ἀν
1804 4548 1853 4600 εί
1891 4548 2094 4618 ἐπράτ-

2192 4544 2353 4598 τοῦτο
2407 4543 2864 4614 διεξοδικωτέρως
2927 4542 2986 4594 ὲν
3043 4542 3156 4603 τοῖς
3221 4535 3407 4598 αὐτοῖς
3478 4531 3780 4591 κωδεκίοις-

513 4644 637 4680 τετο
668 4629 845 4685 ταῦτα
880 4634 1025 4687 κατά
1064 4635 1294 4707 γνώμην
1327 4639 1424 4708 τῆς
1462 4638 1826 4710 Ἐκκλησίας,
1862 4640 1978 4694 ἀλλ’
2008 4640 2093 4694 ἵνα
2193 4638 2352 4692 Μετὰ
2386 4638 2570 4707 μέντοι
2606 4629 3009 4689 τὸὲπανελθεῖν
3044 4634 3193 4703 ἡμᾶς
3221 4633 3301 4694 εἱς
3324 4629 3426 4699 τὴν
3457 4624 3779 4694 ἐκκλησίαν.

516 4723 949 4782 ἀναστέλλωνται
1003 4731 1100 4783 καὶ
1146 4720 1611 4803 ⁵ὀινσιχαιτίξόυνται
1658 4735 1753 4786 καὶ
1796 4732 1954 4798 αὖθις
2002 4735 2096 4788 καὶ
2196 4724 2262 4801 ἦς
2286 4728 2650 4798 ἐξηλάθημεν,
2683 4726 2759 4790 ὡς
2792 4726 2971 4778 ἴσασιν
2995 4723 3259 4788 ἅπαντες.
3316 4719 3561 4778 πλείονος
3620 4731 3783 4785 φρον-

517 4817 882 4887 ὲπιτιμῶνται
925 4822 1077 4893 παρὰ
1112 4823 1205 4877 τοῦ
1244 4825 1410 4879 αὑτοῦ
1452 4826 1872 4890 παναγιωτάτου
1906 4825 2100 4879 δεσπό-

2199 4821 2445 4883 τίσαντες
2474 4821 2574 4889 τῆς
2607 4821 2685 4883 εἱς
2719 4818 2893 4871 ταῦτα
2930 4815 3233 4886 ἀσφαλείας
3262 4816 3358 4866 καὶ
3415 4808 3776 4880 διορθώσεως,

517 4926 633 4973 του,
661 4911 752 4965 τοῦ
778 4915 1160 4984 οίκουμενικοῦ
1190 4919 1550 4989 πατριάρχου,
1578 4920 1923 4988 τηρουμένης
1947 4920 2005 4971 ὲν
2028 4918 2095 4987 τῇ
2202 4914 2323 4967 ἐπεὶ
2359 4913 2465 4966 ἀπό
2496 4930 2656 4965 τινων
2685 4911 2876 4981 ἱερέων
2933 4909 3087 4979 παρά
3141 4908 3201 4960 τὸ
3264 4904 3541 4974 προσῆκον
3597 4900 3779 4957 αὐτοῖς

532 4998 832 5075 Ἐκκλησία
876 5005 1012 5057 Θεοῦ
1057 5007 1152 5060 καὶ
1198 5009 1467 5079 μενούσης
1510 5010 1694 5075 πάσης
1736 5010 1961 5079 εἱρήνης
2005 5008 2102 5062 καὶ
2205 5006 2390 5076 σχῆμα
2422 5005 2858 5073 πολιτευομένων
2894 5002 3287 5073 συμϐαίνουσιν
3324 4993 3688 5064 Ἐπιφύεσθαι
3732 4993 3784 5041 αἱ

522 5095 777 5161 ἐμονοίας
803 5112 815 5125 ·
853 5097 982 5167 περὶ
1012 5099 1067 5151 δὲ
1097 5098 1189 5151 τοῦ
1222 5100 1411 5169 ἱερέως
1439 5099 1529 5152 τοῦ
1565 5100 1883 5169 Μαχητρίου
1915 5095 2099 5166 εἶπεν,

2205 5101 2512 5167 τριγαμίαι,
2550 5101 2604 5152 αἱ
2643 5098 3010 5166 τετραγαμίαι
3040 5095 3130 5149 καὶ
3195 5094 3263 5146 τὰ
3318 5091 3551 5159 ἀθέμιτα
3603 5089 3785 5138 πάντα

522 5185 604 5240 ὅτι
653 5187 726 5240 Ού
771 5187 981 5242 δίκαιόν
1024 5191 1203 5257 ἐστιν,
1251 5191 1384 5261 ὅπερ
1426 5189 1651 5261 ἔστερξε
1696 5191 1799 5261 πρὸ
1841 5189 2025 5259 όλίγου
2066 5191 2101 5260 ὴ
2208 5189 2539 5253 συνοικέσια,
2571 5188 2649 5258 τῷ
2706 5188 2886 5241 δοκεῖν
2944 5189 3118 5238 ταῦτα
3171 5182 3576 5240 συναπτόντων,
3640 5177 3788 5244 ἀπερ

527 5280 743 5343 σύνοδος
790 5284 927 5351 μετὰ
961 5283 1055 5337 τοῦ
1097 5286 1514 5352 παναγιωτάτου
1557 5284 1859 5350 δεσπότου,
1895 5284 1989 5336 τοῦ
2031 5286 2106 5335 οἱ-

2210 5278 2410 5351 μᾶλλον
2439 5282 2504 5350 τῇ
2536 5279 2928 5356 ἀληθείαεὶσὶν
2956 5277 3245 5330 ἀσύναπτα
3268 5274 3363 5327 καὶ
3392 5269 3789 5337 ἐπιτετιμημέ-

528 5375 860 5440 κουμενικοῦ
914 5376 1258 5449 πατριάρχου
1280 5416 1295 5442 ,
1350 5375 1447 5429 νῦν
1508 5376 1926 5446 ἀνατραπῆναι,
1974 5374 2108 5428 ἀλλά
2208 5390 2294 5435 να,
2320 5372 2470 5443 παρά
2493 5371 2618 5432 τοὺς
2645 5371 2879 5441 θεσμοὺς
2911 5370 3011 5441 τῆς
3052 5369 3379 5436 Ἐκκλησίας
3403 5363 3799 5455 προϐαίνοντα,

530 5466 858 5535 στέργεσθαι
886 5470 1027 5521 κατὰ
1054 5472 1233 5523 πάντα
1259 5469 1318 5522 τὸ
1347 5467 1677 5537 προγεγονὺς
1705 5467 1942 5536 γράμμα
1969 5465 2105 5532 ὑπὲρ
2211 5462 2509 5532 ὲξεθέμεθα
2530 5465 2586 5514 ὲν
2615 5466 2728 5525 τοῖς
2762 5464 2947 5528 αὐτοῖς
2980 5462 3253 5521 κωδικίοις
3282 5460 3562 5528 ἔγγραφον
3591 5454 3793 5523 ἑτέραν

530 5562 625 5626 τῆς
660 5558 963 5623 ἀοωώσεως
996 5563 1185 5633 ἱερέως
1214 5562 1308 5615 τοῦ
1340 5562 1690 5631 Μαχητρίου,
1724 5559 1905 5622 καθὼς
1937 5562 2029 5612 καὶ
2059 5558 2109 5608 οἱ
2211 5555 2510 5624 ἀσφάλειαν
2541 5555 2734 5626 ἐπὶ,τῷ
2786 5554 3087 5626 ἀπέχεσθαι
3127 5553 3333 5606 τούτων
3384 5552 3641 5605 ἁπάντων
3698 5546 3799 5598 καὶ

533 5655 810 5724 αρχιερεῖς
842 5655 971 5725 περὶ
1003 5655 1194 5709 τούτου
1223 5657 1574 5727 ἀπεφήναντο
1605 5672 1615 5684 ·
1650 5650 1771 5723 εἶτα
1806 5649 2107 5721 προέῑρεψε

2220 5648 2292 5716 μὴ
2329 5648 2384 5697 ἐν
2417 5644 2736 5714 καπηλείοις
2770 5645 3139 5714 είσέρχεσθχι,
3178 5640 3617 5712 ὑπογράψαντων
3644 5651 3799 5706 τηνιο
