  <div class='ocr_page' id='page_1' title='image "/cluster/home/n/w/nwhite01/storage/ocr_20150623/152/hvd.32044073502635/699.png"; bbox 0 0 4078 6202; ppageno 0'>
   <div class='ocr_carea' id='block_1_1' title="bbox 462 261 599 323">
    <p class='ocr_par' dir='ltr' id='par_1_1' title="bbox 462 261 599 323">
     <span class='ocr_line' id='line_1_1' title="bbox 462 261 599 323; baseline 0 0"><span class='ocrx_word' id='word_1_1' title='bbox 462 261 599 323; x_wconf 79' lang='grc'><strong>1375</strong></span> 
     </span>
    </p>
   </div>
   <div class='ocr_carea' id='block_1_2' title="bbox 1234 210 2883 355">
    <p class='ocr_par' dir='ltr' id='par_1_2' title="bbox 1234 210 2883 355">
     <span class='ocr_line' id='line_1_2' title="bbox 1234 210 2883 355; baseline 0.001 -32"><span class='ocrx_word' id='word_1_2' title='bbox 1234 210 1249 217; x_wconf 33' lang='grc' dir='ltr'><strong><em>Ι</em></strong></span> <span class='ocrx_word' id='word_1_3' title='bbox 1274 262 1624 323; x_wconf 84' lang='lat' dir='ltr'>CALLISTI</span> <span class='ocrx_word' id='word_1_4' title='bbox 1666 262 1766 322; x_wconf 87' lang='lat' dir='ltr'><strong>ET</strong></span> <span class='ocrx_word' id='word_1_5' title='bbox 1813 224 2237 325; x_wconf 54' lang='grc' dir='ltr'>ΡΗΙιΟΤΙίΕῐ</span> <span class='ocrx_word' id='word_1_6' title='bbox 2276 264 2389 326; x_wconf 85' lang='lat' dir='ltr'>CP.</span> <span class='ocrx_word' id='word_1_7' title='bbox 2427 262 2883 355; x_wconf 55' lang='lat' dir='ltr'>PATRIARCH.</span> 
     </span>
    </p>
   </div>
   <div class='ocr_carea' id='block_1_3' title="bbox 3566 255 3704 321">
    <p class='ocr_par' dir='ltr' id='par_1_3' title="bbox 3566 255 3704 321">
     <span class='ocr_line' id='line_1_3' title="bbox 3566 255 3704 321; baseline 0 -1"><span class='ocrx_word' id='word_1_8' title='bbox 3566 255 3704 321; x_wconf 77' lang='grc' dir='ltr'>13Ἲὸ</span> 
     </span>
    </p>
   </div>
   <div class='ocr_carea' id='block_1_4' title="bbox 457 376 3710 454">
    <p class='ocr_par' dir='ltr' id='par_1_4' title="bbox 457 376 3710 454">
     <span class='ocr_line' id='line_1_4' title="bbox 457 376 3710 454; baseline -0.001 -21"><span class='ocrx_word' id='word_1_9' title='bbox 457 380 656 450; x_wconf 84' lang='grc' dir='ltr'>πολλῆς</span> <span class='ocrx_word' id='word_1_10' title='bbox 679 380 979 445; x_wconf 77' lang='grc' dir='ltr'>ἐξετάσεως</span> <span class='ocrx_word' id='word_1_11' title='bbox 1009 381 1304 451; x_wconf 79' lang='grc' dir='ltr'>γενομένης</span> <span class='ocrx_word' id='word_1_12' title='bbox 1336 381 1499 451; x_wconf 83' lang='grc' dir='ltr'>χάριν</span> <span class='ocrx_word' id='word_1_13' title='bbox 1526 381 1635 434; x_wconf 90' lang='grc' dir='ltr'>τῶν</span> <span class='ocrx_word' id='word_1_14' title='bbox 1688 382 1821 453; x_wconf 78' lang='grc' dir='ltr'>παρ’</span> <span class='ocrx_word' id='word_1_15' title='bbox 1851 384 2025 453; x_wconf 85' lang='grc' dir='ltr'>ἀμφο-</span> <span class='ocrx_word' id='word_1_16' title='bbox 2054 390 2101 445; x_wconf 78' lang='grc' dir='ltr'><strong>Α</strong></span> <span class='ocrx_word' id='word_1_17' title='bbox 2126 384 2182 437; x_wconf 80' lang='grc' dir='ltr'>δέ</span> <span class='ocrx_word' id='word_1_18' title='bbox 2206 384 2498 453; x_wconf 84' lang='grc' dir='ltr'>ίερώτατος</span> <span class='ocrx_word' id='word_1_19' title='bbox 2529 383 2949 454; x_wconf 83' lang='grc' dir='ltr'>μητροπολίτης,</span> <span class='ocrx_word' id='word_1_20' title='bbox 2974 381 3080 451; x_wconf 90' lang='grc' dir='ltr'>κῦρ</span> <span class='ocrx_word' id='word_1_21' title='bbox 3122 376 3426 448; x_wconf 81' lang='grc' dir='ltr'>Ῥωμανδς,</span> <span class='ocrx_word' id='word_1_22' title='bbox 3478 378 3539 432; x_wconf 87' lang='grc' dir='ltr'>οὐ</span> <span class='ocrx_word' id='word_1_23' title='bbox 3607 380 3710 447; x_wconf 85' lang='grc' dir='ltr'>μό-</span> 
     </span>
    </p>
   </div>
   <div class='ocr_carea' id='block_1_5' title="bbox 457 460 2055 543">
    <p class='ocr_par' dir='ltr' id='par_1_5' title="bbox 457 460 2055 543">
     <span class='ocr_line' id='line_1_5' title="bbox 457 460 2055 543; baseline 0.002 -20"><span class='ocrx_word' id='word_1_24' title='bbox 457 472 632 542; x_wconf 79' lang='grc' dir='ltr'>τέρων</span> <span class='ocrx_word' id='word_1_25' title='bbox 677 473 883 526; x_wconf 89' lang='grc' dir='ltr'>τούτων</span> <span class='ocrx_word' id='word_1_26' title='bbox 931 474 1040 525; x_wconf 86' lang='grc' dir='ltr'>τῶν</span> <span class='ocrx_word' id='word_1_27' title='bbox 1095 472 1398 543; x_wconf 85' lang='grc' dir='ltr'>ἀρχιερέων</span> <span class='ocrx_word' id='word_1_28' title='bbox 1435 472 1770 542; x_wconf 78' lang='grc' dir='ltr'>κινηθέντων</span> <span class='ocrx_word' id='word_1_29' title='bbox 1833 460 2055 542; x_wconf 37' lang='grc' dir='ltr'>λόγων(</span> 
     </span>
    </p>
   </div>
   <div class='ocr_carea' id='block_1_6' title="bbox 457 557 2027 633">
    <p class='ocr_par' dir='ltr' id='par_1_6' title="bbox 457 557 2027 633">
     <span class='ocr_line' id='line_1_6' title="bbox 457 557 2027 633; baseline 0.003 -22"><span class='ocrx_word' id='word_1_30' title='bbox 457 562 883 630; x_wconf 79' lang='grc' dir='ltr'>προηγουμένως</span> <span class='ocrx_word' id='word_1_31' title='bbox 910 562 1010 629; x_wconf 71' lang='grc' dir='ltr'>μὶν</span> <span class='ocrx_word' id='word_1_32' title='bbox 1037 562 1241 632; x_wconf 82' lang='grc' dir='ltr'>ἐτάχθη</span> <span class='ocrx_word' id='word_1_33' title='bbox 1269 557 1409 615; x_wconf 81' lang='grc' dir='ltr'>εἷναι</span> <span class='ocrx_word' id='word_1_34' title='bbox 1460 565 1550 615; x_wconf 78' lang='grc' dir='ltr'>καὶ</span> <span class='ocrx_word' id='word_1_35' title='bbox 1602 564 1951 633; x_wconf 84' lang='grc' dir='ltr'>εὑρίσκεσθαι</span> <span class='ocrx_word' id='word_1_36' title='bbox 1998 563 2027 616; x_wconf 92' lang='lat'>6</span> 
     </span>
    </p>
   </div>
   <div class='ocr_carea' id='block_1_7' title="bbox 461 652 2030 724">
    <p class='ocr_par' dir='ltr' id='par_1_7' title="bbox 461 652 2030 724">
     <span class='ocr_line' id='line_1_7' title="bbox 461 652 2030 724; baseline 0.003 -21"><span class='ocrx_word' id='word_1_37' title='bbox 461 652 756 721; x_wconf 79' lang='grc' dir='ltr'>ἱερώτατος</span> <span class='ocrx_word' id='word_1_38' title='bbox 785 653 1192 723; x_wconf 86' lang='grc' dir='ltr'>μητροπολίτης</span> <span class='ocrx_word' id='word_1_39' title='bbox 1222 653 1327 722; x_wconf 89' lang='grc' dir='ltr'>κῦρ</span> <span class='ocrx_word' id='word_1_40' title='bbox 1370 653 1628 720; x_wconf 78' lang='grc' dir='ltr'>Ἀλέξιος,</span> <span class='ocrx_word' id='word_1_41' title='bbox 1660 655 1850 723; x_wconf 85' lang='grc' dir='ltr'>ῶσπερ</span> <span class='ocrx_word' id='word_1_42' title='bbox 1890 657 2030 724; x_wconf 84' lang='grc' dir='ltr'>ἐχει-</span> 
     </span>
    </p>
   </div>
   <div class='ocr_carea' id='block_1_8' title="bbox 462 741 2031 816">
    <p class='ocr_par' dir='ltr' id='par_1_8' title="bbox 462 741 2031 816">
     <span class='ocr_line' id='line_1_8' title="bbox 462 741 2031 816; baseline 0.003 -23"><span class='ocrx_word' id='word_1_43' title='bbox 462 741 719 812; x_wconf 84' lang='grc' dir='ltr'>ροτονήθη</span> <span class='ocrx_word' id='word_1_44' title='bbox 751 742 848 812; x_wconf 77' lang='grc' dir='ltr'>τὴν</span> <span class='ocrx_word' id='word_1_45' title='bbox 896 744 1068 813; x_wconf 77' lang='grc' dir='ltr'>ἀρχὴν</span> <span class='ocrx_word' id='word_1_46' title='bbox 1124 743 1335 796; x_wconf 84' lang='grc' dir='ltr'>Κυέϐου</span> <span class='ocrx_word' id='word_1_47' title='bbox 1390 745 1484 797; x_wconf 72' lang='grc' dir='ltr'>καὶ</span> <span class='ocrx_word' id='word_1_48' title='bbox 1548 746 1729 816; x_wconf 92' lang='grc' dir='ltr'>πάσης</span> <span class='ocrx_word' id='word_1_49' title='bbox 1802 746 2031 809; x_wconf 85' lang='grc' dir='ltr'>Ῥωσίας</span> 
     </span>
    </p>
   </div>
   <div class='ocr_carea' id='block_1_9' title="bbox 459 826 2031 907">
    <p class='ocr_par' dir='ltr' id='par_1_9' title="bbox 459 826 2031 907">
     <span class='ocr_line' id='line_1_9' title="bbox 459 826 2031 907; baseline 0.003 -24"><span class='ocrx_word' id='word_1_50' title='bbox 459 832 600 885; x_wconf 88' lang='grc' dir='ltr'>κατά</span> <span class='ocrx_word' id='word_1_51' title='bbox 625 832 724 899; x_wconf 73' lang='grc' dir='ltr'>τὴν</span> <span class='ocrx_word' id='word_1_52' title='bbox 773 832 976 886; x_wconf 81' lang='grc' dir='ltr'>ἀνωθεν</span> <span class='ocrx_word' id='word_1_53' title='bbox 1027 835 1479 905; x_wconf 75' lang='grc' dir='ltr'>ἐπικρατήσασαν</span> <span class='ocrx_word' id='word_1_54' title='bbox 1509 826 1823 906; x_wconf 56' lang='grc' dir='ltr'>’συνήθειαν</span> <span class='ocrx_word' id='word_1_55' title='bbox 1846 851 1861 868; x_wconf 84' lang='grc'><em>’</em></span> <span class='ocrx_word' id='word_1_56' title='bbox 1902 838 2031 907; x_wconf 74' lang='grc' dir='ltr'>περὶ</span> 
     </span>
    </p>
   </div>
   <div class='ocr_carea' id='block_1_10' title="bbox 465 925 2027 1003">
    <p class='ocr_par' dir='ltr' id='par_1_10' title="bbox 465 925 2027 1003">
     <span class='ocr_line' id='line_1_10' title="bbox 465 925 2027 1003; baseline 0.007 -27"><span class='ocrx_word' id='word_1_57' title='bbox 465 925 651 992; x_wconf 89' lang='grc' dir='ltr'>μέντοι</span> <span class='ocrx_word' id='word_1_58' title='bbox 680 925 774 979; x_wconf 90' lang='grc' dir='ltr'>τοῦ</span> <span class='ocrx_word' id='word_1_59' title='bbox 809 927 1102 994; x_wconf 81' lang='grc' dir='ltr'>ίερωτάτου</span> <span class='ocrx_word' id='word_1_60' title='bbox 1140 932 1543 1000; x_wconf 86' lang='grc' dir='ltr'>μητροπολίτου</span> <span class='ocrx_word' id='word_1_61' title='bbox 1570 932 1675 1003; x_wconf 90' lang='grc' dir='ltr'>κῦρ</span> <span class='ocrx_word' id='word_1_62' title='bbox 1717 932 2027 1002; x_wconf 86' lang='grc' dir='ltr'>Ῥωμανοῦ,</span> 
     </span>
    </p>
   </div>
   <div class='ocr_carea' id='block_1_11' title="bbox 459 1017 2031 1094">
    <p class='ocr_par' dir='ltr' id='par_1_11' title="bbox 459 1017 2031 1094">
     <span class='ocr_line' id='line_1_11' title="bbox 459 1017 2031 1094; baseline 0.004 -25"><span class='ocrx_word' id='word_1_63' title='bbox 459 1017 533 1079; x_wconf 87' lang='grc' dir='ltr'>ὡς</span> <span class='ocrx_word' id='word_1_64' title='bbox 567 1021 1008 1088; x_wconf 81' lang='grc' dir='ltr'>χειροτονηθέντα</span> <span class='ocrx_word' id='word_1_65' title='bbox 1030 1024 1121 1075; x_wconf 77' lang='grc' dir='ltr'>καὶ</span> <span class='ocrx_word' id='word_1_66' title='bbox 1159 1025 1324 1076; x_wconf 75' lang='grc' dir='ltr'>αὐτὸν</span> <span class='ocrx_word' id='word_1_67' title='bbox 1382 1025 1614 1090; x_wconf 87' lang='grc' dir='ltr'>Λιτϐῶν,</span> <span class='ocrx_word' id='word_1_68' title='bbox 1674 1024 1963 1094; x_wconf 83' lang='grc' dir='ltr'>διωρίσατο</span> <span class='ocrx_word' id='word_1_69' title='bbox 2004 1026 2031 1077; x_wconf 97' lang='lat'>6</span> 
     </span>
    </p>
   </div>
   <div class='ocr_carea' id='block_1_12' title="bbox 458 1110 2031 1187">
    <p class='ocr_par' dir='ltr' id='par_1_12' title="bbox 458 1110 2031 1187">
     <span class='ocr_line' id='line_1_12' title="bbox 458 1110 2031 1187; baseline 0.006 -27"><span class='ocrx_word' id='word_1_70' title='bbox 458 1110 751 1179; x_wconf 85' lang='grc' dir='ltr'>κράτιστος</span> <span class='ocrx_word' id='word_1_71' title='bbox 773 1113 863 1165; x_wconf 77' lang='grc' dir='ltr'>καὶ</span> <span class='ocrx_word' id='word_1_72' title='bbox 892 1115 1047 1181; x_wconf 82' lang='grc' dir='ltr'>ἆγιός</span> <span class='ocrx_word' id='word_1_73' title='bbox 1112 1133 1214 1183; x_wconf 89' lang='grc' dir='ltr'>μου</span> <span class='ocrx_word' id='word_1_74' title='bbox 1265 1117 1623 1187; x_wconf 76' lang='grc' dir='ltr'>αὐτοκράτωρ</span> <span class='ocrx_word' id='word_1_75' title='bbox 1675 1116 2031 1184; x_wconf 85' lang='grc' dir='ltr'>συγκαταϐά-</span> 
     </span>
    </p>
   </div>
   <div class='ocr_carea' id='block_1_13' title="bbox 462 1201 2031 1277">
    <p class='ocr_par' dir='ltr' id='par_1_13' title="bbox 462 1201 2031 1277">
     <span class='ocr_line' id='line_1_13' title="bbox 462 1201 2031 1277; baseline 0.006 -26"><span class='ocrx_word' id='word_1_76' title='bbox 462 1216 600 1263; x_wconf 84' lang='grc' dir='ltr'>σεως</span> <span class='ocrx_word' id='word_1_77' title='bbox 626 1201 767 1270; x_wconf 89' lang='grc' dir='ltr'>λόγῳ</span> <span class='ocrx_word' id='word_1_78' title='bbox 798 1205 890 1255; x_wconf 79' lang='grc' dir='ltr'>καὶ</span> <span class='ocrx_word' id='word_1_79' title='bbox 925 1205 1041 1273; x_wconf 77' lang='grc' dir='ltr'>ἅμα</span> <span class='ocrx_word' id='word_1_80' title='bbox 1075 1206 1162 1261; x_wconf 76' lang='grc' dir='ltr'>διὰ</span> <span class='ocrx_word' id='word_1_81' title='bbox 1193 1208 1291 1276; x_wconf 85' lang='grc' dir='ltr'>τὴν</span> <span class='ocrx_word' id='word_1_82' title='bbox 1316 1207 1703 1277; x_wconf 84' lang='grc' dir='ltr'>ἀνενοχλησίαν</span> <span class='ocrx_word' id='word_1_83' title='bbox 1752 1207 1847 1259; x_wconf 83' lang='grc' dir='ltr'>καὶ</span> <span class='ocrx_word' id='word_1_84' title='bbox 1878 1208 2031 1276; x_wconf 83' lang='grc' dir='ltr'>είρή-</span> 
     </span>
    </p>
   </div>
   <div class='ocr_carea' id='block_1_14' title="bbox 460 1290 2032 1366">
    <p class='ocr_par' dir='ltr' id='par_1_14' title="bbox 460 1290 2032 1366">
     <span class='ocr_line' id='line_1_14' title="bbox 460 1290 2032 1366; baseline 0.004 -25"><span class='ocrx_word' id='word_1_85' title='bbox 460 1306 556 1358; x_wconf 86' lang='grc' dir='ltr'>νην</span> <span class='ocrx_word' id='word_1_86' title='bbox 574 1290 669 1344; x_wconf 86' lang='grc' dir='ltr'>τοῦ</span> <span class='ocrx_word' id='word_1_87' title='bbox 697 1293 873 1346; x_wconf 78' lang='grc' dir='ltr'>ἐκεῖσε</span> <span class='ocrx_word' id='word_1_88' title='bbox 907 1296 1074 1347; x_wconf 84' lang='grc' dir='ltr'>τόπου</span> <span class='ocrx_word' id='word_1_89' title='bbox 1105 1296 1252 1363; x_wconf 84' lang='grc' dir='ltr'>ἔχειν</span> <span class='ocrx_word' id='word_1_90' title='bbox 1282 1298 1379 1348; x_wconf 77' lang='grc' dir='ltr'>σὺν</span> <span class='ocrx_word' id='word_1_91' title='bbox 1406 1299 1525 1358; x_wconf 86' lang='grc' dir='ltr'>ταῖς</span> <span class='ocrx_word' id='word_1_92' title='bbox 1556 1296 1745 1358; x_wconf 82' lang='grc' dir='ltr'>οὐσαις</span> <span class='ocrx_word' id='word_1_93' title='bbox 1802 1298 1867 1366; x_wconf 82' lang='grc' dir='ltr'>τῇ</span> <span class='ocrx_word' id='word_1_94' title='bbox 1923 1296 2032 1350; x_wconf 86' lang='grc' dir='ltr'>τῶν</span> 
     </span>
    </p>
   </div>
   <div class='ocr_carea' id='block_1_15' title="bbox 459 1380 2032 1455">
    <p class='ocr_par' dir='ltr' id='par_1_15' title="bbox 459 1380 2032 1455">
     <span class='ocr_line' id='line_1_15' title="bbox 459 1380 2032 1455; baseline 0.004 -22"><span class='ocrx_word' id='word_1_95' title='bbox 459 1380 674 1433; x_wconf 86' lang='grc' dir='ltr'>Λιτϐῶν</span> <span class='ocrx_word' id='word_1_96' title='bbox 704 1383 945 1455; x_wconf 80' lang='grc' dir='ltr'>ἐπαρχίᾳ</span> <span class='ocrx_word' id='word_1_97' title='bbox 986 1384 1139 1437; x_wconf 78' lang='grc' dir='ltr'>δυσὶν</span> <span class='ocrx_word' id='word_1_98' title='bbox 1189 1388 1541 1449; x_wconf 81' lang='grc' dir='ltr'>ἐπισκοπαῖς,</span> <span class='ocrx_word' id='word_1_99' title='bbox 1574 1388 1632 1439; x_wconf 84' lang='grc' dir='ltr'>τὸ</span> <span class='ocrx_word' id='word_1_100' title='bbox 1686 1387 2032 1450; x_wconf 79' lang='grc' dir='ltr'>Πωλότζικον</span> 
     </span>
    </p>
   </div>
   <div class='ocr_carea' id='block_1_16' title="bbox 460 1475 2029 1550">
    <p class='ocr_par' dir='ltr' id='par_1_16' title="bbox 460 1475 2029 1550">
     <span class='ocr_line' id='line_1_16' title="bbox 460 1475 2029 1550; baseline 0.004 -24"><span class='ocrx_word' id='word_1_101' title='bbox 460 1475 643 1527; x_wconf 78' lang='grc' dir='ltr'>καὶτὸ</span> <span class='ocrx_word' id='word_1_102' title='bbox 673 1475 943 1541; x_wconf 87' lang='grc' dir='ltr'>Τούροϐον</span> <span class='ocrx_word' id='word_1_103' title='bbox 974 1479 1113 1547; x_wconf 87' lang='grc' dir='ltr'>μετά</span> <span class='ocrx_word' id='word_1_104' title='bbox 1170 1478 1261 1532; x_wconf 79' lang='grc' dir='ltr'>καὶ</span> <span class='ocrx_word' id='word_1_105' title='bbox 1317 1480 1411 1533; x_wconf 87' lang='grc' dir='ltr'>τοῦ</span> <span class='ocrx_word' id='word_1_106' title='bbox 1471 1480 2029 1550; x_wconf 81' lang='grc' dir='ltr'>Νοϐογραδοπουλίου,</span> 
     </span>
    </p>
   </div>
   <div class='ocr_carea' id='block_1_17' title="bbox 460 1564 2035 1643">
    <p class='ocr_par' dir='ltr' id='par_1_17' title="bbox 460 1564 2035 1643">
     <span class='ocr_line' id='line_1_17' title="bbox 460 1564 2035 1643; baseline 0.008 -28"><span class='ocrx_word' id='word_1_107' title='bbox 460 1564 557 1617; x_wconf 90' lang='grc' dir='ltr'>τοῦ</span> <span class='ocrx_word' id='word_1_108' title='bbox 612 1566 949 1634; x_wconf 88' lang='grc' dir='ltr'>καθίσματος</span> <span class='ocrx_word' id='word_1_109' title='bbox 1012 1570 1105 1622; x_wconf 87' lang='grc' dir='ltr'>τοῦ</span> <span class='ocrx_word' id='word_1_110' title='bbox 1167 1573 1603 1642; x_wconf 90' lang='grc' dir='ltr'>μητροπολίτου,</span> <span class='ocrx_word' id='word_1_111' title='bbox 1647 1574 1744 1627; x_wconf 79' lang='grc' dir='ltr'>καὶ</span> <span class='ocrx_word' id='word_1_112' title='bbox 1796 1574 1896 1634; x_wconf 80' lang='grc' dir='ltr'>τὰς</span> <span class='ocrx_word' id='word_1_113' title='bbox 1934 1575 2035 1643; x_wconf 81' lang='grc' dir='ltr'>τῆς</span> 
     </span>
    </p>
   </div>
   <div class='ocr_carea' id='block_1_18' title="bbox 465 1654 2037 1734">
    <p class='ocr_par' dir='ltr' id='par_1_18' title="bbox 465 1654 2037 1734">
     <span class='ocr_line' id='line_1_18' title="bbox 465 1654 2037 1734; baseline 0.006 -26"><span class='ocrx_word' id='word_1_114' title='bbox 465 1657 668 1726; x_wconf 79' lang='grc' dir='ltr'>μικρᾶς</span> <span class='ocrx_word' id='word_1_115' title='bbox 707 1654 946 1723; x_wconf 84' lang='grc' dir='ltr'>Ῥωσίας</span> <span class='ocrx_word' id='word_1_116' title='bbox 981 1662 1307 1728; x_wconf 80' lang='grc' dir='ltr'>ἐπισκοπάς,</span> <span class='ocrx_word' id='word_1_117' title='bbox 1345 1664 1481 1734; x_wconf 84' lang='grc' dir='ltr'>ὅπερ</span> <span class='ocrx_word' id='word_1_118' title='bbox 1511 1665 1706 1733; x_wconf 78' lang='grc' dir='ltr'>διέγνω</span> <span class='ocrx_word' id='word_1_119' title='bbox 1756 1667 1849 1720; x_wconf 78' lang='grc' dir='ltr'>καὶ</span> <span class='ocrx_word' id='word_1_120' title='bbox 1903 1668 2037 1719; x_wconf 87' lang='grc' dir='ltr'>ἀπε-</span> 
     </span>
    </p>
   </div>
   <div class='ocr_carea' id='block_1_19' title="bbox 463 1747 2034 1828">
    <p class='ocr_par' dir='ltr' id='par_1_19' title="bbox 463 1747 2034 1828">
     <span class='ocr_line' id='line_1_19' title="bbox 463 1747 2034 1828; baseline 0.005 -26"><span class='ocrx_word' id='word_1_121' title='bbox 463 1747 728 1821; x_wconf 78' lang='grc' dir='ltr'>φήνατοή</span> <span class='ocrx_word' id='word_1_122' title='bbox 760 1753 1051 1821; x_wconf 82' lang='grc' dir='ltr'>μετριότης</span> <span class='ocrx_word' id='word_1_123' title='bbox 1104 1754 1283 1824; x_wconf 78' lang='grc' dir='ltr'>ἡμῶν,</span> <span class='ocrx_word' id='word_1_124' title='bbox 1338 1755 1475 1809; x_wconf 87' lang='grc' dir='ltr'>ἀλλά</span> <span class='ocrx_word' id='word_1_125' title='bbox 1539 1757 1601 1825; x_wconf 85' lang='grc' dir='ltr'>δὴ</span> <span class='ocrx_word' id='word_1_126' title='bbox 1668 1759 1763 1810; x_wconf 73' lang='grc' dir='ltr'>καὶ</span> <span class='ocrx_word' id='word_1_127' title='bbox 1808 1760 1841 1827; x_wconf 83' lang='grc' dir='ltr'><strong>ἠ</strong></span> <span class='ocrx_word' id='word_1_128' title='bbox 1903 1757 2034 1828; x_wconf 78' lang='grc' dir='ltr'>περὶ</span> 
     </span>
    </p>
   </div>
   <div class='ocr_carea' id='block_1_20' title="bbox 444 1836 2034 1918">
    <p class='ocr_par' dir='ltr' id='par_1_20' title="bbox 444 1836 2034 1918">
     <span class='ocr_line' id='line_1_20' title="bbox 444 1836 2034 1918; baseline 0.005 -25"><span class='ocrx_word' id='word_1_129' title='bbox 444 1836 629 1906; x_wconf 78' lang='grc' dir='ltr'>αὐτὴν</span> <span class='ocrx_word' id='word_1_130' title='bbox 655 1838 773 1894; x_wconf 89' lang='grc' dir='ltr'>θεία</span> <span class='ocrx_word' id='word_1_131' title='bbox 804 1843 898 1895; x_wconf 83' lang='grc' dir='ltr'>καὶ</span> <span class='ocrx_word' id='word_1_132' title='bbox 929 1844 1048 1914; x_wconf 80' lang='grc' dir='ltr'>ίερά</span> <span class='ocrx_word' id='word_1_133' title='bbox 1081 1846 1315 1910; x_wconf 79' lang='grc' dir='ltr'>σύνοδος,</span> <span class='ocrx_word' id='word_1_134' title='bbox 1347 1846 1492 1917; x_wconf 75' lang='grc' dir='ltr'>ἔχειν</span> <span class='ocrx_word' id='word_1_135' title='bbox 1555 1849 1616 1902; x_wconf 79' lang='grc' dir='ltr'>τὸ</span> <span class='ocrx_word' id='word_1_136' title='bbox 1659 1849 1887 1918; x_wconf 83' lang='grc' dir='ltr'>στέργον</span> <span class='ocrx_word' id='word_1_137' title='bbox 1936 1850 2034 1902; x_wconf 79' lang='grc' dir='ltr'>καὶ</span> 
     </span>
    </p>
   </div>
   <div class='ocr_carea' id='block_1_21' title="bbox 461 1927 2033 2010">
    <p class='ocr_par' dir='ltr' id='par_1_21' title="bbox 461 1927 2033 2010">
     <span class='ocr_line' id='line_1_21' title="bbox 461 1927 2033 2010; baseline 0.008 -29"><span class='ocrx_word' id='word_1_138' title='bbox 461 1927 682 1996; x_wconf 85' lang='grc' dir='ltr'>βέϐαιον</span> <span class='ocrx_word' id='word_1_139' title='bbox 711 1934 852 1986; x_wconf 86' lang='grc' dir='ltr'>κατὰ</span> <span class='ocrx_word' id='word_1_140' title='bbox 880 1936 979 2005; x_wconf 84' lang='grc' dir='ltr'>τὴν</span> <span class='ocrx_word' id='word_1_141' title='bbox 1010 1936 1102 1989; x_wconf 75' lang='grc' dir='ltr'>ἐπὶ</span> <span class='ocrx_word' id='word_1_142' title='bbox 1136 1937 1313 2008; x_wconf 87' lang='grc' dir='ltr'>τούτῳ</span> <span class='ocrx_word' id='word_1_143' title='bbox 1344 1940 1622 2010; x_wconf 80' lang='grc' dir='ltr'>ἐπίκρισιν</span> <span class='ocrx_word' id='word_1_144' title='bbox 1649 1941 1744 1993; x_wconf 61' lang='grc' dir='ltr'>κοιλ¹</span> <span class='ocrx_word' id='word_1_145' title='bbox 1773 1941 2033 2009; x_wconf 80' lang='grc' dir='ltr'>εὐνομίαν</span> 
     </span>
    </p>
   </div>
   <div class='ocr_carea' id='block_1_22' title="bbox 460 2022 2037 2103">
    <p class='ocr_par' dir='ltr' id='par_1_22' title="bbox 460 2022 2037 2103">
     <span class='ocr_line' id='line_1_22' title="bbox 460 2022 2037 2103; baseline 0.007 -29"><span class='ocrx_word' id='word_1_146' title='bbox 460 2022 556 2075; x_wconf 87' lang='grc' dir='ltr'>τοῦ</span> <span class='ocrx_word' id='word_1_147' title='bbox 589 2026 883 2093; x_wconf 82' lang='grc' dir='ltr'>κρατίστου</span> <span class='ocrx_word' id='word_1_148' title='bbox 913 2028 1007 2081; x_wconf 79' lang='grc' dir='ltr'>καὶ</span> <span class='ocrx_word' id='word_1_149' title='bbox 1039 2029 1193 2096; x_wconf 83' lang='grc' dir='ltr'>ἁγίου</span> <span class='ocrx_word' id='word_1_150' title='bbox 1229 2048 1331 2098; x_wconf 89' lang='grc' dir='ltr'>μου</span> <span class='ocrx_word' id='word_1_151' title='bbox 1367 2032 1786 2101; x_wconf 75' lang='grc' dir='ltr'>αὐτοκράτορος,</span> <span class='ocrx_word' id='word_1_152' title='bbox 1821 2033 2037 2103; x_wconf 88' lang='grc' dir='ltr'>προμή-</span> 
     </span>
    </p>
   </div>
   <div class='ocr_carea' id='block_1_23' title="bbox 460 2114 2033 2199">
    <p class='ocr_par' dir='ltr' id='par_1_23' title="bbox 460 2114 2033 2199">
     <span class='ocr_line' id='line_1_23' title="bbox 460 2114 2033 2199; baseline 0.008 -34"><span class='ocrx_word' id='word_1_153' title='bbox 460 2114 612 2167; x_wconf 87' lang='grc' dir='ltr'>θειαν</span> <span class='ocrx_word' id='word_1_154' title='bbox 634 2118 979 2188; x_wconf 85' lang='grc' dir='ltr'>ποιησαμένη</span> <span class='ocrx_word' id='word_1_155' title='bbox 1009 2122 1098 2173; x_wconf 67' lang='grc' dir='ltr'>καὶ</span> <span class='ocrx_word' id='word_1_156' title='bbox 1132 2122 1270 2191; x_wconf 82' lang='grc' dir='ltr'>αὐτὴ</span> <span class='ocrx_word' id='word_1_157' title='bbox 1300 2122 1395 2175; x_wconf 89' lang='grc' dir='ltr'>τοῦ</span> <span class='ocrx_word' id='word_1_158' title='bbox 1451 2123 1691 2199; x_wconf 85' lang='grc' dir='ltr'>τοιούτου</span> <span class='ocrx_word' id='word_1_159' title='bbox 1742 2125 2033 2193; x_wconf 78' lang='grc' dir='ltr'>ἱερωτάτου</span> 
     </span>
    </p>
   </div>
   <div class='ocr_carea' id='block_1_24' title="bbox 461 2209 2035 2286">
    <p class='ocr_par' dir='ltr' id='par_1_24' title="bbox 461 2209 2035 2286">
     <span class='ocr_line' id='line_1_24' title="bbox 461 2209 2035 2286; baseline 0.009 -29"><span class='ocrx_word' id='word_1_160' title='bbox 461 2209 862 2277; x_wconf 85' lang='grc' dir='ltr'>μητροπολίτου</span> <span class='ocrx_word' id='word_1_161' title='bbox 913 2213 1150 2277; x_wconf 88' lang='grc' dir='ltr'>Λιτϐῶν,</span> <span class='ocrx_word' id='word_1_162' title='bbox 1212 2215 1317 2283; x_wconf 88' lang='grc' dir='ltr'>κῦρ</span> <span class='ocrx_word' id='word_1_163' title='bbox 1376 2210 1682 2285; x_wconf 86' lang='grc' dir='ltr'>Ῥωμανοῦ,</span> <span class='ocrx_word' id='word_1_164' title='bbox 1751 2216 2035 2286; x_wconf 86' lang='grc' dir='ltr'>προϐάσης</span> 
     </span>
    </p>
   </div>
   <div class='ocr_carea' id='block_1_25' title="bbox 459 2300 2037 2378">
    <p class='ocr_par' dir='ltr' id='par_1_25' title="bbox 459 2300 2037 2378">
     <span class='ocr_line' id='line_1_25' title="bbox 459 2300 2037 2378; baseline 0.006 -27"><span class='ocrx_word' id='word_1_165' title='bbox 459 2302 555 2352; x_wconf 80' lang='grc' dir='ltr'>καὶ</span> <span class='ocrx_word' id='word_1_166' title='bbox 613 2300 807 2372; x_wconf 79' lang='grc' dir='ltr'>ἐτέρας</span> <span class='ocrx_word' id='word_1_167' title='bbox 835 2305 1122 2375; x_wconf 84' lang='grc' dir='ltr'>συνοδικῆς</span> <span class='ocrx_word' id='word_1_168' title='bbox 1154 2306 1427 2375; x_wconf 82' lang='grc' dir='ltr'>πράξεως,</span> <span class='ocrx_word' id='word_1_169' title='bbox 1463 2308 1537 2370; x_wconf 89' lang='grc' dir='ltr'>ὡς</span> <span class='ocrx_word' id='word_1_170' title='bbox 1569 2309 1637 2361; x_wconf 78' lang='grc' dir='ltr'>ἀν</span> <span class='ocrx_word' id='word_1_171' title='bbox 1667 2308 1696 2359; x_wconf 89' lang='lat'>6</span> <span class='ocrx_word' id='word_1_172' title='bbox 1728 2308 1828 2377; x_wconf 73' lang='grc' dir='ltr'>μὲν</span> <span class='ocrx_word' id='word_1_173' title='bbox 1878 2308 2037 2378; x_wconf 81' lang='grc' dir='ltr'>ίερὼ-</span> 
     </span>
    </p>
   </div>
   <div class='ocr_carea' id='block_1_26' title="bbox 457 2394 2033 2467">
    <p class='ocr_par' dir='ltr' id='par_1_26' title="bbox 457 2394 2033 2467">
     <span class='ocr_line' id='line_1_26' title="bbox 457 2394 2033 2467; baseline 0.008 -27"><span class='ocrx_word' id='word_1_174' title='bbox 457 2405 621 2454; x_wconf 88' lang='grc' dir='ltr'>τατος</span> <span class='ocrx_word' id='word_1_175' title='bbox 650 2394 1056 2465; x_wconf 87' lang='grc' dir='ltr'>μητροπολίτης</span> <span class='ocrx_word' id='word_1_176' title='bbox 1116 2395 1330 2449; x_wconf 83' lang='grc' dir='ltr'>Κυέϐου</span> <span class='ocrx_word' id='word_1_177' title='bbox 1388 2398 1481 2450; x_wconf 85' lang='grc' dir='ltr'>καὶ</span> <span class='ocrx_word' id='word_1_178' title='bbox 1539 2397 1719 2467; x_wconf 85' lang='grc' dir='ltr'>πάσης</span> <span class='ocrx_word' id='word_1_179' title='bbox 1778 2397 2033 2462; x_wconf 84' lang='grc' dir='ltr'>Ῥωσίας,</span> 
     </span>
    </p>
   </div>
   <div class='ocr_carea' id='block_1_27' title="bbox 460 2479 2038 2561">
    <p class='ocr_par' dir='ltr' id='par_1_27' title="bbox 460 2479 2038 2561">
     <span class='ocr_line' id='line_1_27' title="bbox 460 2479 2038 2561; baseline 0.008 -30"><span class='ocrx_word' id='word_1_180' title='bbox 460 2479 566 2549; x_wconf 87' lang='grc' dir='ltr'>κῦρ</span> <span class='ocrx_word' id='word_1_181' title='bbox 609 2482 864 2550; x_wconf 76' lang='grc' dir='ltr'>’Δλέξιος,</span> <span class='ocrx_word' id='word_1_182' title='bbox 906 2487 1233 2558; x_wconf 80' lang='grc' dir='ltr'>ἐπιλάϐηται</span> <span class='ocrx_word' id='word_1_183' title='bbox 1267 2490 1359 2542; x_wconf 74' lang='grc' dir='ltr'>καὶ</span> <span class='ocrx_word' id='word_1_184' title='bbox 1406 2490 1652 2560; x_wconf 81' lang='grc' dir='ltr'>κατάσχῃ</span> <span class='ocrx_word' id='word_1_185' title='bbox 1702 2491 1885 2544; x_wconf 81' lang='grc' dir='ltr'>πᾶσαν</span> <span class='ocrx_word' id='word_1_186' title='bbox 1937 2490 2038 2561; x_wconf 80' lang='grc' dir='ltr'>τὴν</span> 
     </span>
    </p>
   </div>
   <div class='ocr_carea' id='block_1_28' title="bbox 460 2568 2041 2651">
    <p class='ocr_par' dir='ltr' id='par_1_28' title="bbox 460 2568 2041 2651">
     <span class='ocr_line' id='line_1_28' title="bbox 460 2568 2041 2651; baseline 0.011 -32"><span class='ocrx_word' id='word_1_187' title='bbox 460 2568 554 2620; x_wconf 86' lang='grc' dir='ltr'>ὐπ’</span> <span class='ocrx_word' id='word_1_188' title='bbox 596 2570 759 2624; x_wconf 79' lang='grc' dir='ltr'>αὐτὸν</span> <span class='ocrx_word' id='word_1_189' title='bbox 800 2575 1015 2643; x_wconf 84' lang='grc' dir='ltr'>ἐνορίαν</span> <span class='ocrx_word' id='word_1_190' title='bbox 1064 2578 1203 2647; x_wconf 81' lang='grc' dir='ltr'>μετά</span> <span class='ocrx_word' id='word_1_191' title='bbox 1230 2580 1324 2632; x_wconf 68' lang='grc' dir='ltr'>καὶ</span> <span class='ocrx_word' id='word_1_192' title='bbox 1356 2580 1463 2632; x_wconf 88' lang='grc' dir='ltr'>τῶν</span> <span class='ocrx_word' id='word_1_193' title='bbox 1516 2582 1574 2632; x_wconf 84' lang='grc' dir='ltr'>ἐν</span> <span class='ocrx_word' id='word_1_194' title='bbox 1624 2582 1760 2651; x_wconf 88' lang='grc' dir='ltr'>αὐτῇ</span> <span class='ocrx_word' id='word_1_195' title='bbox 1817 2584 2041 2636; x_wconf 85' lang='grc' dir='ltr'>ἐπισκο-</span> 
     </span>
    </p>
   </div>
   <div class='ocr_carea' id='block_1_29' title="bbox 464 2658 2037 2742">
    <p class='ocr_par' dir='ltr' id='par_1_29' title="bbox 464 2658 2037 2742">
     <span class='ocr_line' id='line_1_29' title="bbox 464 2658 2037 2742; baseline 0.014 -33"><span class='ocrx_word' id='word_1_196' title='bbox 464 2658 586 2711; x_wconf 85' lang='grc' dir='ltr'>πῶν</span> <span class='ocrx_word' id='word_1_197' title='bbox 668 2662 1039 2734; x_wconf 87' lang='grc' dir='ltr'>ἀνενοχλήτως</span> <span class='ocrx_word' id='word_1_198' title='bbox 1101 2670 1447 2723; x_wconf 87' lang='grc' dir='ltr'>παντάπασιν</span> <span class='ocrx_word' id='word_1_199' title='bbox 1507 2672 1601 2725; x_wconf 76' lang='grc' dir='ltr'>καὶ</span> <span class='ocrx_word' id='word_1_200' title='bbox 1660 2673 2037 2742; x_wconf 79' lang='grc' dir='ltr'>ἀδιασείστως,</span> 
     </span>
    </p>
   </div>
   <div class='ocr_carea' id='block_1_30' title="bbox 464 2749 2041 2836">
    <p class='ocr_par' dir='ltr' id='par_1_30' title="bbox 464 2749 2041 2836">
     <span class='ocr_line' id='line_1_30' title="bbox 464 2749 2041 2836; baseline 0.01 -31"><span class='ocrx_word' id='word_1_201' title='bbox 464 2753 559 2805; x_wconf 68' lang='grc' dir='ltr'>καὶ</span> <span class='ocrx_word' id='word_1_202' title='bbox 582 2754 734 2808; x_wconf 80' lang='grc' dir='ltr'>οὐδὲν</span> <span class='ocrx_word' id='word_1_203' title='bbox 767 2758 999 2830; x_wconf 79' lang='grc' dir='ltr'>εὑρίσκῃ</span> <span class='ocrx_word' id='word_1_204' title='bbox 1027 2762 1179 2831; x_wconf 81' lang='grc' dir='ltr'>παρὰ</span> <span class='ocrx_word' id='word_1_205' title='bbox 1205 2763 1299 2814; x_wconf 84' lang='grc' dir='ltr'>τοῦ</span> <span class='ocrx_word' id='word_1_206' title='bbox 1361 2749 1657 2832; x_wconf 76' lang='grc' dir='ltr'>ἱερωτάτου</span> <span class='ocrx_word' id='word_1_207' title='bbox 1707 2770 2041 2836; x_wconf 89' lang='grc' dir='ltr'>μητροπολί-</span> 
     </span>
    </p>
   </div>
   <div class='ocr_carea' id='block_1_31' title="bbox 461 2845 2041 2927">
    <p class='ocr_par' dir='ltr' id='par_1_31' title="bbox 461 2845 2041 2927">
     <span class='ocr_line' id='line_1_31' title="bbox 461 2845 2041 2927; baseline 0.011 -32"><span class='ocrx_word' id='word_1_208' title='bbox 461 2861 556 2896; x_wconf 85' lang='grc' dir='ltr'>του</span> <span class='ocrx_word' id='word_1_209' title='bbox 610 2845 845 2911; x_wconf 72' lang='grc' dir='ltr'>Λυτϐῶν,</span> <span class='ocrx_word' id='word_1_210' title='bbox 893 2848 999 2917; x_wconf 78' lang='grc' dir='ltr'>κῦρ</span> <span class='ocrx_word' id='word_1_211' title='bbox 1067 2849 1370 2920; x_wconf 87' lang='grc' dir='ltr'>Ῥωμανοῦ,</span> <span class='ocrx_word' id='word_1_212' title='bbox 1424 2855 1515 2905; x_wconf 75' lang='grc' dir='ltr'>ἐπὶ</span> <span class='ocrx_word' id='word_1_213' title='bbox 1561 2858 1627 2925; x_wconf 83' lang='grc' dir='ltr'>τῇ</span> <span class='ocrx_word' id='word_1_214' title='bbox 1685 2860 1889 2927; x_wconf 78' lang='grc' dir='ltr'>κατοχῇ</span> <span class='ocrx_word' id='word_1_215' title='bbox 1946 2861 2041 2912; x_wconf 80' lang='grc' dir='ltr'>καὶ</span> 
     </span>
    </p>
   </div>
   <div class='ocr_carea' id='block_1_32' title="bbox 461 2935 2040 3017">
    <p class='ocr_par' dir='ltr' id='par_1_32' title="bbox 461 2935 2040 3017">
     <span class='ocr_line' id='line_1_32' title="bbox 461 2935 2040 3017; baseline 0.01 -31"><span class='ocrx_word' id='word_1_216' title='bbox 461 2935 769 3006; x_wconf 80' lang='grc' dir='ltr'>διεξαγωγῇ</span> <span class='ocrx_word' id='word_1_217' title='bbox 806 2940 899 2991; x_wconf 75' lang='grc' dir='ltr'>καὶ</span> <span class='ocrx_word' id='word_1_218' title='bbox 930 2941 1193 3009; x_wconf 69' lang='grc' dir='ltr'>διοικήσει</span> <span class='ocrx_word' id='word_1_219' title='bbox 1222 2946 1321 3008; x_wconf 85' lang='grc' dir='ltr'>τῆς</span> <span class='ocrx_word' id='word_1_220' title='bbox 1357 2944 1657 3015; x_wconf 78' lang='grc' dir='ltr'>εἰρημένης</span> <span class='ocrx_word' id='word_1_221' title='bbox 1702 2947 1914 3017; x_wconf 83' lang='grc' dir='ltr'>ἐνορίας</span> <span class='ocrx_word' id='word_1_222' title='bbox 1942 2950 2040 3016; x_wconf 83' lang='grc' dir='ltr'>τῆς</span> 
     </span>
    </p>
   </div>
   <div class='ocr_carea' id='block_1_33' title="bbox 2065 1714 2108 1769">
    <p class='ocr_par' dir='ltr' id='par_1_33' title="bbox 2065 1714 2108 1769">
     <span class='ocr_line' id='line_1_33' title="bbox 2065 1714 2108 1769; baseline 0 0"><span class='ocrx_word' id='word_1_223' title='bbox 2065 1714 2108 1769; x_wconf 85' lang='grc' dir='ltr'>Β</span> 
     </span>
    </p>
   </div>
   <div class='ocr_carea' id='block_1_34' title="bbox 2132 470 3714 544">
    <p class='ocr_par' dir='ltr' id='par_1_34' title="bbox 2132 470 3714 544">
     <span class='ocr_line' id='line_1_34' title="bbox 2132 470 3714 544; baseline -0.004 -15"><span class='ocrx_word' id='word_1_224' title='bbox 2132 492 2223 529; x_wconf 90' lang='grc' dir='ltr'>νον</span> <span class='ocrx_word' id='word_1_225' title='bbox 2255 473 2610 544; x_wconf 77' lang='grc' dir='ltr'>ἐξερχόμενος</span> <span class='ocrx_word' id='word_1_226' title='bbox 2644 475 2751 528; x_wconf 88' lang='grc' dir='ltr'>τῶν</span> <span class='ocrx_word' id='word_1_227' title='bbox 2772 474 3006 527; x_wconf 80' lang='grc' dir='ltr'>ἐνταῦθα</span> <span class='ocrx_word' id='word_1_228' title='bbox 3034 473 3264 543; x_wconf 76' lang='grc' dir='ltr'>ἠθέλησε</span> <span class='ocrx_word' id='word_1_229' title='bbox 3291 471 3477 524; x_wconf 89' lang='grc' dir='ltr'>λαϐεῖν</span> <span class='ocrx_word' id='word_1_230' title='bbox 3526 470 3714 539; x_wconf 83' lang='grc' dir='ltr'>γράμ-</span> 
     </span>
    </p>
   </div>
   <div class='ocr_carea' id='block_1_35' title="bbox 2135 561 3714 636">
    <p class='ocr_par' dir='ltr' id='par_1_35' title="bbox 2135 561 3714 636">
     <span class='ocr_line' id='line_1_35' title="bbox 2135 561 3714 636; baseline -0.004 -17"><span class='ocrx_word' id='word_1_231' title='bbox 2135 567 2404 636; x_wconf 57' lang='grc' dir='ltr'>ματαυτῆς</span> <span class='ocrx_word' id='word_1_232' title='bbox 2432 567 2592 636; x_wconf 88' lang='grc' dir='ltr'>ήμῶν</span> <span class='ocrx_word' id='word_1_233' title='bbox 2619 570 2973 636; x_wconf 83' lang='grc' dir='ltr'>μετριότητος</span> <span class='ocrx_word' id='word_1_234' title='bbox 2998 566 3078 625; x_wconf 90' lang='grc' dir='ltr'>είς</span> <span class='ocrx_word' id='word_1_235' title='bbox 3102 564 3368 617; x_wconf 90' lang='grc' dir='ltr'>πίστωσιν</span> <span class='ocrx_word' id='word_1_236' title='bbox 3413 561 3510 613; x_wconf 79' lang='grc' dir='ltr'>καὶ</span> <span class='ocrx_word' id='word_1_237' title='bbox 3538 561 3714 628; x_wconf 81' lang='grc' dir='ltr'>ἀσφά-</span> 
     </span>
    </p>
   </div>
   <div class='ocr_carea' id='block_1_36' title="bbox 2131 652 3715 727">
    <p class='ocr_par' dir='ltr' id='par_1_36' title="bbox 2131 652 3715 727">
     <span class='ocr_line' id='line_1_36' title="bbox 2131 652 3715 727; baseline -0.006 -15"><span class='ocrx_word' id='word_1_238' title='bbox 2131 659 2279 712; x_wconf 88' lang='grc' dir='ltr'>λειαν</span> <span class='ocrx_word' id='word_1_239' title='bbox 2311 660 2419 714; x_wconf 86' lang='grc' dir='ltr'>τῶν</span> <span class='ocrx_word' id='word_1_240' title='bbox 2444 659 2620 723; x_wconf 80' lang='grc' dir='ltr'>οὕτως</span> <span class='ocrx_word' id='word_1_241' title='bbox 2657 660 3096 727; x_wconf 78' lang='grc' dir='ltr'>ἀποφανθέντων,</span> <span class='ocrx_word' id='word_1_242' title='bbox 3127 655 3251 709; x_wconf 83' lang='grc' dir='ltr'>οῦτε</span> <span class='ocrx_word' id='word_1_243' title='bbox 3298 655 3397 724; x_wconf 80' lang='grc' dir='ltr'>τὴν</span> <span class='ocrx_word' id='word_1_244' title='bbox 3421 652 3715 721; x_wconf 83' lang='grc' dir='ltr'>ὀφειλομέ-</span> 
     </span>
    </p>
   </div>
   <div class='ocr_carea' id='block_1_37' title="bbox 2133 744 3711 820">
    <p class='ocr_par' dir='ltr' id='par_1_37' title="bbox 2133 744 3711 820">
     <span class='ocr_line' id='line_1_37' title="bbox 2133 744 3711 820; baseline -0.007 -16"><span class='ocrx_word' id='word_1_245' title='bbox 2133 768 2230 819; x_wconf 85' lang='grc' dir='ltr'>νην</span> <span class='ocrx_word' id='word_1_246' title='bbox 2262 751 2542 820; x_wconf 79' lang='grc' dir='ltr'>ὑποταγὴν</span> <span class='ocrx_word' id='word_1_247' title='bbox 2568 749 2903 814; x_wconf 79' lang='grc' dir='ltr'>ἐνδείξασθαι</span> <span class='ocrx_word' id='word_1_248' title='bbox 2931 750 3011 811; x_wconf 84' lang='grc' dir='ltr'>είς</span> <span class='ocrx_word' id='word_1_249' title='bbox 3038 748 3136 817; x_wconf 79' lang='grc' dir='ltr'>τὴν</span> <span class='ocrx_word' id='word_1_250' title='bbox 3157 748 3189 816; x_wconf 81' lang='grc' dir='ltr'>ὴ</span> <span class='ocrx_word' id='word_1_251' title='bbox 3200 746 3318 814; x_wconf 90' lang='grc' dir='ltr'>μῶν</span> <span class='ocrx_word' id='word_1_252' title='bbox 3349 744 3711 814; x_wconf 71' lang='grc' dir='ltr'>μετριότητα,</span> 
     </span>
    </p>
   </div>
   <div class='ocr_carea' id='block_1_38' title="bbox 2132 837 3714 912">
    <p class='ocr_par' dir='ltr' id='par_1_38' title="bbox 2132 837 3714 912">
     <span class='ocr_line' id='line_1_38' title="bbox 2132 837 3714 912; baseline -0.005 -17"><span class='ocrx_word' id='word_1_253' title='bbox 2132 842 2247 895; x_wconf 80' lang='grc' dir='ltr'>ἀλλ’</span> <span class='ocrx_word' id='word_1_254' title='bbox 2287 843 2464 895; x_wconf 88' lang='grc' dir='ltr'>ἀπιὼν</span> <span class='ocrx_word' id='word_1_255' title='bbox 2490 840 2663 912; x_wconf 76' lang='grc' dir='ltr'>ᾤχετο</span> <span class='ocrx_word' id='word_1_256' title='bbox 2688 842 2767 901; x_wconf 86' lang='grc' dir='ltr'>είς</span> <span class='ocrx_word' id='word_1_257' title='bbox 2800 842 2898 909; x_wconf 83' lang='grc' dir='ltr'>τὴν</span> <span class='ocrx_word' id='word_1_258' title='bbox 2925 839 3198 910; x_wconf 78' lang='grc' dir='ltr'>λαχοῦσαν</span> <span class='ocrx_word' id='word_1_259' title='bbox 3243 839 3430 899; x_wconf 72' lang='grc' dir='ltr'>αὐτὸν,</span> <span class='ocrx_word' id='word_1_260' title='bbox 3482 837 3714 889; x_wconf 87' lang='grc' dir='ltr'>κάκεῖσε</span> 
     </span>
    </p>
   </div>
   <div class='ocr_carea' id='block_1_39' title="bbox 2134 928 3715 1003">
    <p class='ocr_par' dir='ltr' id='par_1_39' title="bbox 2134 928 3715 1003">
     <span class='ocr_line' id='line_1_39' title="bbox 2134 928 3715 1003; baseline -0.006 -16"><span class='ocrx_word' id='word_1_261' title='bbox 2134 934 2603 1003; x_wconf 87' lang='grc' dir='ltr'>παραγενόμενος,</span> <span class='ocrx_word' id='word_1_262' title='bbox 2634 934 2711 997; x_wconf 85' lang='grc' dir='ltr'>ὠς</span> <span class='ocrx_word' id='word_1_263' title='bbox 2743 931 3009 1002; x_wconf 81' lang='grc' dir='ltr'>ἀνηνέχθη</span> <span class='ocrx_word' id='word_1_264' title='bbox 3069 932 3136 1000; x_wconf 83' lang='grc' dir='ltr'>τῇ</span> <span class='ocrx_word' id='word_1_265' title='bbox 3174 928 3335 998; x_wconf 84' lang='grc' dir='ltr'>ήμῶν</span> <span class='ocrx_word' id='word_1_266' title='bbox 3371 930 3715 997; x_wconf 84' lang='grc' dir='ltr'>μετριότητι,</span> 
     </span>
    </p>
   </div>
   <div class='ocr_carea' id='block_1_40' title="bbox 2134 1015 3714 1090">
    <p class='ocr_par' dir='ltr' id='par_1_40' title="bbox 2134 1015 3714 1090">
     <span class='ocr_line' id='line_1_40' title="bbox 2134 1015 3714 1090; baseline -0.006 -15"><span class='ocrx_word' id='word_1_267' title='bbox 2134 1024 2306 1076; x_wconf 84' lang='grc' dir='ltr'>πολλὰ</span> <span class='ocrx_word' id='word_1_268' title='bbox 2338 1021 2445 1074; x_wconf 84' lang='grc' dir='ltr'>τῶν</span> <span class='ocrx_word' id='word_1_269' title='bbox 2479 1022 2851 1076; x_wconf 82' lang='grc' dir='ltr'>ἀκανονίστων</span> <span class='ocrx_word' id='word_1_270' title='bbox 2882 1021 3181 1090; x_wconf 71' lang='grc' dir='ltr'>εἰργάσατο</span> <span class='ocrx_word' id='word_1_271' title='bbox 3210 1033 3226 1049; x_wconf 76' lang='grc' dir='ltr'><strong><em>ο</em></strong></span> <span class='ocrx_word' id='word_1_272' title='bbox 3288 1016 3544 1071; x_wconf 81' lang='grc' dir='ltr'>ἀπελθὼν</span> <span class='ocrx_word' id='word_1_273' title='bbox 3600 1015 3714 1085; x_wconf 83' lang='grc' dir='ltr'>γὰρ</span> 
     </span>
    </p>
   </div>
   <div class='ocr_carea' id='block_1_41' title="bbox 2134 1107 3715 1184">
    <p class='ocr_par' dir='ltr' id='par_1_41' title="bbox 2134 1107 3715 1184">
     <span class='ocr_line' id='line_1_41' title="bbox 2134 1107 3715 1184; baseline -0.007 -15"><span class='ocrx_word' id='word_1_274' title='bbox 2134 1118 2215 1180; x_wconf 87' lang='grc' dir='ltr'>είς</span> <span class='ocrx_word' id='word_1_275' title='bbox 2248 1115 2309 1168; x_wconf 77' lang='grc' dir='ltr'>τὸ</span> <span class='ocrx_word' id='word_1_276' title='bbox 2336 1115 2549 1169; x_wconf 81' lang='grc' dir='ltr'>Κύεϐον</span> <span class='ocrx_word' id='word_1_277' title='bbox 2582 1115 2867 1183; x_wconf 83' lang='grc' dir='ltr'>ἀμετόχως</span> <span class='ocrx_word' id='word_1_278' title='bbox 2898 1112 3258 1184; x_wconf 78' lang='grc' dir='ltr'>ίερούργησεν</span> <span class='ocrx_word' id='word_1_279' title='bbox 3309 1112 3368 1164; x_wconf 88' lang='grc' dir='ltr'>ἐν</span> <span class='ocrx_word' id='word_1_280' title='bbox 3412 1109 3564 1180; x_wconf 84' lang='grc' dir='ltr'>αὐτῷ</span> <span class='ocrx_word' id='word_1_281' title='bbox 3615 1107 3715 1160; x_wconf 76' lang='grc' dir='ltr'>καὶ</span> 
     </span>
    </p>
   </div>
   <div class='ocr_carea' id='block_1_42' title="bbox 2134 1200 3715 1278">
    <p class='ocr_par' dir='ltr' id='par_1_42' title="bbox 2134 1200 3715 1278">
     <span class='ocr_line' id='line_1_42' title="bbox 2134 1200 3715 1278; baseline -0.006 -19"><span class='ocrx_word' id='word_1_282' title='bbox 2134 1207 2466 1278; x_wconf 83' lang='grc' dir='ltr'>χειροτονίας</span> <span class='ocrx_word' id='word_1_283' title='bbox 2525 1206 2876 1270; x_wconf 79' lang='grc' dir='ltr'>διεπράξατο,</span> <span class='ocrx_word' id='word_1_284' title='bbox 2933 1206 3029 1259; x_wconf 77' lang='grc' dir='ltr'>καὶ</span> <span class='ocrx_word' id='word_1_285' title='bbox 3088 1203 3281 1258; x_wconf 76' lang='grc' dir='ltr'>ἐαυτὸν</span> <span class='ocrx_word' id='word_1_286' title='bbox 3349 1202 3566 1255; x_wconf 80' lang='grc' dir='ltr'>Κυέϐου</span> <span class='ocrx_word' id='word_1_287' title='bbox 3614 1200 3715 1253; x_wconf 74' lang='grc' dir='ltr'>καὶ</span> 
     </span>
    </p>
   </div>
   <div class='ocr_carea' id='block_1_43' title="bbox 2135 1293 3718 1367">
    <p class='ocr_par' dir='ltr' id='par_1_43' title="bbox 2135 1293 3718 1367">
     <span class='ocr_line' id='line_1_43' title="bbox 2135 1293 3718 1367; baseline -0.004 -18"><span class='ocrx_word' id='word_1_288' title='bbox 2135 1299 2317 1367; x_wconf 74' lang='grc' dir='ltr'>πάσης</span> <span class='ocrx_word' id='word_1_289' title='bbox 2343 1296 2568 1360; x_wconf 83' lang='grc' dir='ltr'>Ῥωσίας</span> <span class='ocrx_word' id='word_1_290' title='bbox 2597 1296 2885 1350; x_wconf 84' lang='grc' dir='ltr'>καθολικδν</span> <span class='ocrx_word' id='word_1_291' title='bbox 2929 1294 3336 1365; x_wconf 84' lang='grc' dir='ltr'>μητροπολίτην</span> <span class='ocrx_word' id='word_1_292' title='bbox 3368 1293 3538 1356; x_wconf 80' lang='grc' dir='ltr'>ἀδεῶς</span> <span class='ocrx_word' id='word_1_293' title='bbox 3592 1293 3718 1344; x_wconf 75' lang='grc' dir='ltr'>ὀνο-</span> 
     </span>
    </p>
   </div>
   <div class='ocr_carea' id='block_1_44' title="bbox 2139 1385 3717 1459">
    <p class='ocr_par' dir='ltr' id='par_1_44' title="bbox 2139 1385 3717 1459">
     <span class='ocr_line' id='line_1_44' title="bbox 2139 1385 3717 1459; baseline -0.004 -17"><span class='ocrx_word' id='word_1_294' title='bbox 2139 1389 2321 1458; x_wconf 80' lang='grc' dir='ltr'>μάζει,</span> <span class='ocrx_word' id='word_1_295' title='bbox 2342 1390 2481 1458; x_wconf 83' lang='grc' dir='ltr'>ὅπερ</span> <span class='ocrx_word' id='word_1_296' title='bbox 2519 1388 2844 1457; x_wconf 79' lang='grc' dir='ltr'>προεξένησε</span> <span class='ocrx_word' id='word_1_297' title='bbox 2890 1390 3153 1457; x_wconf 86' lang='grc' dir='ltr'>σύγχυσιν</span> <span class='ocrx_word' id='word_1_298' title='bbox 3209 1389 3309 1459; x_wconf 31' lang='grc' dir='ltr'>καὶ.</span> <span class='ocrx_word' id='word_1_299' title='bbox 3352 1385 3595 1455; x_wconf 76' lang='grc' dir='ltr'>ταραχὴν</span> <span class='ocrx_word' id='word_1_300' title='bbox 3645 1387 3717 1450; x_wconf 80' lang='grc' dir='ltr'>τῇ</span> 
     </span>
    </p>
   </div>
   <div class='ocr_carea' id='block_1_45' title="bbox 2136 1474 3720 1551">
    <p class='ocr_par' dir='ltr' id='par_1_45' title="bbox 2136 1474 3720 1551">
     <span class='ocr_line' id='line_1_45' title="bbox 2136 1474 3720 1551; baseline -0.004 -17"><span class='ocrx_word' id='word_1_301' title='bbox 2136 1480 2375 1551; x_wconf 76' lang='grc' dir='ltr'>ἐπαρχίᾳ</span> <span class='ocrx_word' id='word_1_302' title='bbox 2427 1481 2520 1535; x_wconf 89' lang='grc' dir='ltr'>τοῦ</span> <span class='ocrx_word' id='word_1_303' title='bbox 2566 1480 2866 1549; x_wconf 88' lang='grc' dir='ltr'>ίερωτάτου</span> <span class='ocrx_word' id='word_1_304' title='bbox 2913 1479 3311 1551; x_wconf 88' lang='grc' dir='ltr'>μητροπολίτου</span> <span class='ocrx_word' id='word_1_305' title='bbox 3348 1479 3556 1531; x_wconf 76' lang='grc' dir='ltr'>Κυέϐου</span> <span class='ocrx_word' id='word_1_306' title='bbox 3612 1474 3720 1528; x_wconf 72' lang='grc' dir='ltr'>καὶ</span> 
     </span>
    </p>
   </div>
   <div class='ocr_carea' id='block_1_46' title="bbox 2137 1565 3717 1638">
    <p class='ocr_par' dir='ltr' id='par_1_46' title="bbox 2137 1565 3717 1638">
     <span class='ocr_line' id='line_1_46' title="bbox 2137 1565 3717 1638; baseline -0.004 -17"><span class='ocrx_word' id='word_1_307' title='bbox 2137 1569 2321 1636; x_wconf 80' lang='grc' dir='ltr'>πάσης</span> <span class='ocrx_word' id='word_1_308' title='bbox 2355 1568 2607 1634; x_wconf 84' lang='grc' dir='ltr'>Ῥωσίας,</span> <span class='ocrx_word' id='word_1_309' title='bbox 2642 1570 2735 1621; x_wconf 77' lang='grc' dir='ltr'>καὶ</span> <span class='ocrx_word' id='word_1_310' title='bbox 2764 1568 3104 1638; x_wconf 85' lang='grc' dir='ltr'>παρεκίνησε</span> <span class='ocrx_word' id='word_1_311' title='bbox 3136 1568 3232 1621; x_wconf 81' lang='grc' dir='ltr'>καὶ</span> <span class='ocrx_word' id='word_1_312' title='bbox 3293 1566 3382 1619; x_wconf 82' lang='grc' dir='ltr'>τὸν</span> <span class='ocrx_word' id='word_1_313' title='bbox 3444 1565 3717 1634; x_wconf 73' lang='grc' dir='ltr'>αὐθέντην</span> 
     </span>
    </p>
   </div>
   <div class='ocr_carea' id='block_1_47' title="bbox 2136 1657 3717 1730">
    <p class='ocr_par' dir='ltr' id='par_1_47' title="bbox 2136 1657 3717 1730">
     <span class='ocr_line' id='line_1_47' title="bbox 2136 1657 3717 1730; baseline -0.004 -15"><span class='ocrx_word' id='word_1_314' title='bbox 2136 1660 2350 1715; x_wconf 86' lang='grc' dir='ltr'>Λιτϐῶν</span> <span class='ocrx_word' id='word_1_315' title='bbox 2377 1662 2520 1714; x_wconf 84' lang='grc' dir='ltr'>κατά</span> <span class='ocrx_word' id='word_1_316' title='bbox 2543 1660 2653 1712; x_wconf 87' lang='grc' dir='ltr'>τῶν</span> <span class='ocrx_word' id='word_1_317' title='bbox 2713 1659 3058 1730; x_wconf 78' lang='grc' dir='ltr'>Χριστιανῶν</span> <span class='ocrx_word' id='word_1_318' title='bbox 3110 1657 3576 1725; x_wconf 74' lang='grc' dir='ltr'>κατεξαναστῆναι</span> <span class='ocrx_word' id='word_1_319' title='bbox 3617 1660 3717 1709; x_wconf 71' lang='grc' dir='ltr'>καὶ</span> 
     </span>
    </p>
   </div>
   <div class='ocr_carea' id='block_1_48' title="bbox 2134 1748 3715 1823">
    <p class='ocr_par' dir='ltr' id='par_1_48' title="bbox 2134 1748 3715 1823">
     <span class='ocr_line' id='line_1_48' title="bbox 2134 1748 3715 1823; baseline -0.004 -17"><span class='ocrx_word' id='word_1_320' title='bbox 2134 1754 2233 1807; x_wconf 88' lang='grc' dir='ltr'>οὐκ</span> <span class='ocrx_word' id='word_1_321' title='bbox 2257 1753 2445 1822; x_wconf 87' lang='grc' dir='ltr'>ὀλίγην</span> <span class='ocrx_word' id='word_1_322' title='bbox 2478 1752 2685 1823; x_wconf 77' lang='grc' dir='ltr'>φθοράν</span> <span class='ocrx_word' id='word_1_323' title='bbox 2712 1753 2807 1804; x_wconf 77' lang='grc' dir='ltr'>καὶ</span> <span class='ocrx_word' id='word_1_324' title='bbox 2833 1752 3019 1821; x_wconf 85' lang='grc' dir='ltr'>χύσεις</span> <span class='ocrx_word' id='word_1_325' title='bbox 3045 1752 3292 1823; x_wconf 75' lang='grc' dir='ltr'>αἱμάτων</span> <span class='ocrx_word' id='word_1_326' title='bbox 3348 1748 3715 1821; x_wconf 82' lang='grc' dir='ltr'>ἐργάσασθαι,</span> 
     </span>
    </p>
   </div>
   <div class='ocr_carea' id='block_1_49' title="bbox 2138 1843 3723 1914">
    <p class='ocr_par' dir='ltr' id='par_1_49' title="bbox 2138 1843 3723 1914">
     <span class='ocr_line' id='line_1_49' title="bbox 2138 1843 3723 1914; baseline -0.006 -14"><span class='ocrx_word' id='word_1_327' title='bbox 2138 1845 2284 1912; x_wconf 72' lang='grc' dir='ltr'>ἅπερ</span> <span class='ocrx_word' id='word_1_328' title='bbox 2317 1844 2527 1908; x_wconf 76' lang='grc' dir='ltr'>ἔδειξαν</span> <span class='ocrx_word' id='word_1_329' title='bbox 2550 1844 2942 1914; x_wconf 81' lang='grc' dir='ltr'>ἀκριϐέστερον</span> <span class='ocrx_word' id='word_1_330' title='bbox 2973 1847 3021 1896; x_wconf 90' lang='grc' dir='ltr'>οί</span> <span class='ocrx_word' id='word_1_331' title='bbox 3060 1845 3155 1897; x_wconf 91' lang='grc' dir='ltr'>τοῦ</span> <span class='ocrx_word' id='word_1_332' title='bbox 3186 1843 3478 1912; x_wconf 85' lang='grc' dir='ltr'>ίερωτάτου</span> <span class='ocrx_word' id='word_1_333' title='bbox 3513 1857 3723 1910; x_wconf 87' lang='grc' dir='ltr'>μητρο-</span> 
     </span>
    </p>
   </div>
   <div class='ocr_carea' id='block_1_50' title="bbox 2137 1933 3719 2006">
    <p class='ocr_par' dir='ltr' id='par_1_50' title="bbox 2137 1933 3719 2006">
     <span class='ocr_line' id='line_1_50' title="bbox 2137 1933 3719 2006; baseline -0.003 -17"><span class='ocrx_word' id='word_1_334' title='bbox 2137 1936 2357 1990; x_wconf 86' lang='grc' dir='ltr'>πολίτου</span> <span class='ocrx_word' id='word_1_335' title='bbox 2386 1936 2597 1990; x_wconf 86' lang='grc' dir='ltr'>Κυέϐου</span> <span class='ocrx_word' id='word_1_336' title='bbox 2631 1938 2724 1990; x_wconf 74' lang='grc' dir='ltr'>καὶ</span> <span class='ocrx_word' id='word_1_337' title='bbox 2753 1937 2932 2006; x_wconf 82' lang='grc' dir='ltr'>πάσης</span> <span class='ocrx_word' id='word_1_338' title='bbox 2966 1936 3220 2003; x_wconf 84' lang='grc' dir='ltr'>Ῥωσίας,</span> <span class='ocrx_word' id='word_1_339' title='bbox 3276 1936 3381 2005; x_wconf 88' lang='grc' dir='ltr'>κῦρ</span> <span class='ocrx_word' id='word_1_340' title='bbox 3450 1933 3719 1997; x_wconf 77' lang='grc' dir='ltr'>’Δλεξίου,</span> 
     </span>
    </p>
   </div>
   <div class='ocr_carea' id='block_1_51' title="bbox 2136 2028 3721 2100">
    <p class='ocr_par' dir='ltr' id='par_1_51' title="bbox 2136 2028 3721 2100">
     <span class='ocr_line' id='line_1_51' title="bbox 2136 2028 3721 2100; baseline -0.004 -16"><span class='ocrx_word' id='word_1_341' title='bbox 2136 2032 2571 2100; x_wconf 85' lang='grc' dir='ltr'>ἀποκρισιάριοι,</span> <span class='ocrx_word' id='word_1_342' title='bbox 2606 2029 3007 2092; x_wconf 86' lang='grc' dir='ltr'>καταλαϐόντες</span> <span class='ocrx_word' id='word_1_343' title='bbox 3064 2030 3297 2083; x_wconf 87' lang='grc' dir='ltr'>ἐνταῦθα</span> <span class='ocrx_word' id='word_1_344' title='bbox 3322 2029 3421 2083; x_wconf 69' lang='grc' dir='ltr'>καὶ</span> <span class='ocrx_word' id='word_1_345' title='bbox 3450 2028 3512 2092; x_wconf 79' lang='grc' dir='ltr'>ἐξ</span> <span class='ocrx_word' id='word_1_346' title='bbox 3539 2028 3721 2081; x_wconf 77' lang='grc' dir='ltr'>ἄλλων</span> 
     </span>
    </p>
   </div>
   <div class='ocr_carea' id='block_1_52' title="bbox 2141 2113 3723 2191">
    <p class='ocr_par' dir='ltr' id='par_1_52' title="bbox 2141 2113 3723 2191">
     <span class='ocr_line' id='line_1_52' title="bbox 2141 2113 3723 2191; baseline -0.004 -17"><span class='ocrx_word' id='word_1_347' title='bbox 2141 2121 2240 2191; x_wconf 77' lang='grc' dir='ltr'>μέν</span> <span class='ocrx_word' id='word_1_348' title='bbox 2298 2120 2537 2185; x_wconf 81' lang='grc' dir='ltr'>πολλῶν,</span> <span class='ocrx_word' id='word_1_349' title='bbox 2589 2121 2826 2189; x_wconf 84' lang='grc' dir='ltr'>μάλιστα</span> <span class='ocrx_word' id='word_1_350' title='bbox 2888 2119 2946 2173; x_wconf 88' lang='grc' dir='ltr'>δέ</span> <span class='ocrx_word' id='word_1_351' title='bbox 3001 2120 3095 2174; x_wconf 81' lang='grc' dir='ltr'>καὶ</span> <span class='ocrx_word' id='word_1_352' title='bbox 3146 2118 3240 2187; x_wconf 81' lang='grc' dir='ltr'>ἀφ’</span> <span class='ocrx_word' id='word_1_353' title='bbox 3283 2113 3360 2172; x_wconf 85' lang='grc' dir='ltr'>ὧν</span> <span class='ocrx_word' id='word_1_354' title='bbox 3401 2119 3723 2187; x_wconf 83' lang='grc' dir='ltr'>διεκόμισαν</span> 
     </span>
    </p>
   </div>
   <div class='ocr_carea' id='block_1_53' title="bbox 2137 2211 3720 2285">
    <p class='ocr_par' dir='ltr' id='par_1_53' title="bbox 2137 2211 3720 2285">
     <span class='ocr_line' id='line_1_53' title="bbox 2137 2211 3720 2285; baseline -0.001 -20"><span class='ocrx_word' id='word_1_355' title='bbox 2137 2212 2484 2282; x_wconf 86' lang='grc' dir='ltr'>γραμμάτων</span> <span class='ocrx_word' id='word_1_356' title='bbox 2517 2213 2610 2265; x_wconf 89' lang='grc' dir='ltr'>τοῦ</span> <span class='ocrx_word' id='word_1_357' title='bbox 2640 2215 2936 2283; x_wconf 86' lang='grc' dir='ltr'>ίερωτάτου</span> <span class='ocrx_word' id='word_1_358' title='bbox 2984 2213 3402 2285; x_wconf 84' lang='grc' dir='ltr'>μητροπολίτου,</span> <span class='ocrx_word' id='word_1_359' title='bbox 3434 2212 3541 2281; x_wconf 89' lang='grc' dir='ltr'>κῦρ</span> <span class='ocrx_word' id='word_1_360' title='bbox 3585 2211 3720 2264; x_wconf 74' lang='grc' dir='ltr'>Ῥω-</span> 
     </span>
    </p>
   </div>
   <div class='ocr_carea' id='block_1_54' title="bbox 2142 2297 3715 2376">
    <p class='ocr_par' dir='ltr' id='par_1_54' title="bbox 2142 2297 3715 2376">
     <span class='ocr_line' id='line_1_54' title="bbox 2142 2297 3715 2376; baseline -0.003 -19"><span class='ocrx_word' id='word_1_361' title='bbox 2142 2303 2336 2374; x_wconf 86' lang='grc' dir='ltr'>μανοῦ,</span> <span class='ocrx_word' id='word_1_362' title='bbox 2370 2304 2512 2373; x_wconf 85' lang='grc' dir='ltr'>ὑπερ</span> <span class='ocrx_word' id='word_1_363' title='bbox 2562 2297 2638 2357; x_wconf 84' lang='grc' dir='ltr'>ῶν</span> <span class='ocrx_word' id='word_1_364' title='bbox 2702 2306 2797 2360; x_wconf 72' lang='grc' dir='ltr'>καὶ</span> <span class='ocrx_word' id='word_1_365' title='bbox 2837 2304 3027 2376; x_wconf 86' lang='grc' dir='ltr'>ὥσπερ</span> <span class='ocrx_word' id='word_1_366' title='bbox 3074 2306 3485 2375; x_wconf 85' lang='grc' dir='ltr'>ἐγκαυχώμενοι</span> <span class='ocrx_word' id='word_1_367' title='bbox 3524 2305 3572 2356; x_wconf 88' lang='grc' dir='ltr'>οί</span> <span class='ocrx_word' id='word_1_368' title='bbox 3619 2301 3715 2354; x_wconf 86' lang='grc' dir='ltr'>τοῦ</span> 
     </span>
    </p>
   </div>
   <div class='ocr_carea' id='block_1_55' title="bbox 2141 2394 3716 2467">
    <p class='ocr_par' dir='ltr' id='par_1_55' title="bbox 2141 2394 3716 2467">
     <span class='ocr_line' id='line_1_55' title="bbox 2141 2394 3716 2467; baseline -0.003 -18"><span class='ocrx_word' id='word_1_369' title='bbox 2141 2396 2436 2466; x_wconf 70' lang='grc' dir='ltr'>ἱερωτάτου</span> <span class='ocrx_word' id='word_1_370' title='bbox 2477 2396 2879 2467; x_wconf 60' lang='grc' dir='ltr'>μηῦρσπολίτου</span> <span class='ocrx_word' id='word_1_371' title='bbox 2912 2398 3149 2453; x_wconf 73' lang='grc' dir='ltr'>,Διτϐῶν</span> <span class='ocrx_word' id='word_1_372' title='bbox 3178 2396 3481 2466; x_wconf 75' lang='grc' dir='ltr'>ἄνθρωποι,</span> <span class='ocrx_word' id='word_1_373' title='bbox 3514 2394 3716 2464; x_wconf 80' lang='grc' dir='ltr'>πρότε-</span> 
     </span>
    </p>
   </div>
   <div class='ocr_carea' id='block_1_56' title="bbox 2144 2486 3721 2559">
    <p class='ocr_par' dir='ltr' id='par_1_56' title="bbox 2144 2486 3721 2559">
     <span class='ocr_line' id='line_1_56' title="bbox 2144 2486 3721 2559; baseline -0.002 -17"><span class='ocrx_word' id='word_1_374' title='bbox 2144 2506 2235 2559; x_wconf 93' lang='grc' dir='ltr'>ρον</span> <span class='ocrx_word' id='word_1_375' title='bbox 2268 2489 2672 2553; x_wconf 89' lang='grc' dir='ltr'>καταλαϐόντες</span> <span class='ocrx_word' id='word_1_376' title='bbox 2724 2489 2981 2554; x_wconf 89' lang='grc' dir='ltr'>ἐνταῦθα,</span> <span class='ocrx_word' id='word_1_377' title='bbox 3013 2489 3391 2559; x_wconf 85' lang='grc' dir='ltr'>διεκήρυττον,</span> <span class='ocrx_word' id='word_1_378' title='bbox 3428 2488 3505 2551; x_wconf 86' lang='grc' dir='ltr'>ὡς</span> <span class='ocrx_word' id='word_1_379' title='bbox 3532 2486 3721 2540; x_wconf 79' lang='grc' dir='ltr'>τοσοῦ-</span> 
     </span>
    </p>
   </div>
   <div class='ocr_carea' id='block_1_57' title="bbox 2139 2579 3719 2653">
    <p class='ocr_par' dir='ltr' id='par_1_57' title="bbox 2139 2579 3719 2653">
     <span class='ocr_line' id='line_1_57' title="bbox 2139 2579 3719 2653; baseline -0.001 -18"><span class='ocrx_word' id='word_1_380' title='bbox 2139 2597 2232 2635; x_wconf 84' lang='grc' dir='ltr'>τον</span> <span class='ocrx_word' id='word_1_381' title='bbox 2263 2582 2290 2634; x_wconf 89' lang='lat'>6</span> <span class='ocrx_word' id='word_1_382' title='bbox 2325 2579 2623 2650; x_wconf 84' lang='grc' dir='ltr'>ίερώτατος</span> <span class='ocrx_word' id='word_1_383' title='bbox 2658 2581 3070 2653; x_wconf 86' lang='grc' dir='ltr'>μητροπολίτης</span> <span class='ocrx_word' id='word_1_384' title='bbox 3100 2581 3205 2651; x_wconf 89' lang='grc' dir='ltr'>κῦρ</span> <span class='ocrx_word' id='word_1_385' title='bbox 3256 2580 3537 2650; x_wconf 85' lang='grc' dir='ltr'>Ῥωμανός</span> <span class='ocrx_word' id='word_1_386' title='bbox 3569 2581 3719 2633; x_wconf 85' lang='grc' dir='ltr'>ἐστιν</span> 
     </span>
    </p>
   </div>
   <div class='ocr_carea' id='block_1_58' title="bbox 2144 2672 3720 2745">
    <p class='ocr_par' dir='ltr' id='par_1_58' title="bbox 2144 2672 3720 2745">
     <span class='ocr_line' id='line_1_58' title="bbox 2144 2672 3720 2745; baseline -0.001 -19"><span class='ocrx_word' id='word_1_387' title='bbox 2144 2672 2366 2743; x_wconf 73' lang='grc' dir='ltr'>ἰσχυρὸς</span> <span class='ocrx_word' id='word_1_388' title='bbox 2394 2673 2487 2726; x_wconf 76' lang='grc' dir='ltr'>καὶ</span> <span class='ocrx_word' id='word_1_389' title='bbox 2516 2672 2740 2727; x_wconf 86' lang='grc' dir='ltr'>δύναται</span> <span class='ocrx_word' id='word_1_390' title='bbox 2764 2674 2860 2743; x_wconf 83' lang='grc' dir='ltr'>τὴν</span> <span class='ocrx_word' id='word_1_391' title='bbox 2886 2675 3156 2745; x_wconf 77' lang='grc' dir='ltr'>ἐπαρχίαν</span> <span class='ocrx_word' id='word_1_392' title='bbox 3215 2673 3433 2727; x_wconf 74' lang='grc' dir='ltr'>ἅπασαν</span> <span class='ocrx_word' id='word_1_393' title='bbox 3455 2672 3555 2741; x_wconf 79' lang='grc' dir='ltr'>τῆς</span> <span class='ocrx_word' id='word_1_394' title='bbox 3609 2690 3720 2741; x_wconf 85' lang='grc' dir='ltr'>μη-</span> 
     </span>
    </p>
   </div>
   <div class='ocr_carea' id='block_1_59' title="bbox 2139 2762 3720 2834">
    <p class='ocr_par' dir='ltr' id='par_1_59' title="bbox 2139 2762 3720 2834">
     <span class='ocr_line' id='line_1_59' title="bbox 2139 2762 3720 2834; baseline -0.004 -15"><span class='ocrx_word' id='word_1_395' title='bbox 2139 2764 2446 2833; x_wconf 86' lang='grc' dir='ltr'>τροπόλεως</span> <span class='ocrx_word' id='word_1_396' title='bbox 2474 2764 2634 2834; x_wconf 63' lang='grc' dir='ltr'>ἔχειν,</span> <span class='ocrx_word' id='word_1_397' title='bbox 2663 2764 2917 2830; x_wconf 82' lang='grc' dir='ltr'>Ῥωσίας,</span> <span class='ocrx_word' id='word_1_398' title='bbox 2974 2766 3056 2819; x_wconf 83' lang='grc' dir='ltr'>ὅτι</span> <span class='ocrx_word' id='word_1_399' title='bbox 3107 2767 3201 2819; x_wconf 73' lang='grc' dir='ltr'>καὶ</span> <span class='ocrx_word' id='word_1_400' title='bbox 3251 2766 3331 2827; x_wconf 87' lang='grc' dir='ltr'>είς</span> <span class='ocrx_word' id='word_1_401' title='bbox 3387 2764 3448 2817; x_wconf 75' lang='grc' dir='ltr'>τὸ</span> <span class='ocrx_word' id='word_1_402' title='bbox 3508 2762 3720 2816; x_wconf 80' lang='grc' dir='ltr'>Κύεὸον</span> 
     </span>
    </p>
   </div>
   <div class='ocr_carea' id='block_1_60' title="bbox 2141 2852 3723 2926">
    <p class='ocr_par' dir='ltr' id='par_1_60' title="bbox 2141 2852 3723 2926">
     <span class='ocr_line' id='line_1_60' title="bbox 2141 2852 3723 2926; baseline -0.004 -15"><span class='ocrx_word' id='word_1_403' title='bbox 2141 2856 2356 2925; x_wconf 83' lang='grc' dir='ltr'>ἀπῆλθε</span> <span class='ocrx_word' id='word_1_404' title='bbox 2413 2857 2509 2910; x_wconf 84' lang='grc' dir='ltr'>καὶ</span> <span class='ocrx_word' id='word_1_405' title='bbox 2553 2856 2963 2926; x_wconf 88' lang='grc' dir='ltr'>ἐλειτούργησε,</span> <span class='ocrx_word' id='word_1_406' title='bbox 3016 2856 3111 2910; x_wconf 73' lang='grc' dir='ltr'>καὶ</span> <span class='ocrx_word' id='word_1_407' title='bbox 3171 2854 3478 2917; x_wconf 83' lang='grc' dir='ltr'>ἐπισκοπάς</span> <span class='ocrx_word' id='word_1_408' title='bbox 3518 2852 3723 2913; x_wconf 77' lang='grc' dir='ltr'>πολλάς</span> 
     </span>
    </p>
   </div>
   <div class='ocr_carea' id='block_1_61' title="bbox 2144 2944 3719 3019">
    <p class='ocr_par' dir='ltr' id='par_1_61' title="bbox 2144 2944 3719 3019">
     <span class='ocr_line' id='line_1_61' title="bbox 2144 2944 3719 3019; baseline -0.003 -18"><span class='ocrx_word' id='word_1_409' title='bbox 2144 2947 2530 3018; x_wconf 85' lang='grc' dir='ltr'>προσελάϐετο,</span> <span class='ocrx_word' id='word_1_410' title='bbox 2563 2950 2658 3003; x_wconf 76' lang='grc' dir='ltr'>καὶ</span> <span class='ocrx_word' id='word_1_411' title='bbox 2705 2948 2794 3002; x_wconf 81' lang='grc' dir='ltr'>τὸν</span> <span class='ocrx_word' id='word_1_412' title='bbox 2840 2948 3108 3019; x_wconf 84' lang='grc' dir='ltr'>αὐθέντην</span> <span class='ocrx_word' id='word_1_413' title='bbox 3163 2947 3375 3001; x_wconf 84' lang='grc' dir='ltr'>Λιτϐῶν</span> <span class='ocrx_word' id='word_1_414' title='bbox 3424 2946 3562 2999; x_wconf 85' lang='grc' dir='ltr'>κατά</span> <span class='ocrx_word' id='word_1_415' title='bbox 3621 2944 3719 2997; x_wconf 88' lang='grc' dir='ltr'>τοῦ</span> 
     </span>
    </p>
   </div>
   <div class='ocr_carea' id='block_1_62' title="bbox 468 3031 3717 3133">
    <p class='ocr_par' dir='ltr' id='par_1_62' title="bbox 468 3031 3717 3133">
     <span class='ocr_line' id='line_1_62' title="bbox 468 3031 3717 3133; baseline 0.002 -54"><span class='ocrx_word' id='word_1_416' title='bbox 468 3031 859 3099; x_wconf 79' lang='grc' dir='ltr'>μητροπόλεως</span> <span class='ocrx_word' id='word_1_417' title='bbox 892 3034 1103 3087; x_wconf 82' lang='grc' dir='ltr'>Κυέϐου</span> <span class='ocrx_word' id='word_1_418' title='bbox 1140 3038 1280 3104; x_wconf 86' lang='grc' dir='ltr'>μετά</span> <span class='ocrx_word' id='word_1_419' title='bbox 1334 3039 1525 3090; x_wconf 86' lang='grc' dir='ltr'>πασῶν</span> <span class='ocrx_word' id='word_1_420' title='bbox 1566 3040 1672 3092; x_wconf 89' lang='grc' dir='ltr'>τῶν</span> <span class='ocrx_word' id='word_1_421' title='bbox 1723 3041 2037 3095; x_wconf 78' lang='grc' dir='ltr'>ἐπισκοπῶν</span> <span class='ocrx_word' id='word_1_422' title='bbox 2069 3076 2112 3133; x_wconf 72' lang='lat' dir='ltr'><strong><em>C</em></strong></span> <span class='ocrx_word' id='word_1_423' title='bbox 2145 3037 2251 3108; x_wconf 84' lang='grc' dir='ltr'>κῦρ</span> <span class='ocrx_word' id='word_1_424' title='bbox 2296 3038 2532 3104; x_wconf 73' lang='grc' dir='ltr'>Ἀλεξίου</span> <span class='ocrx_word' id='word_1_425' title='bbox 2575 3038 2838 3109; x_wconf 84' lang='grc' dir='ltr'>διήγειρε,</span> <span class='ocrx_word' id='word_1_426' title='bbox 2888 3038 2982 3091; x_wconf 76' lang='grc' dir='ltr'>καὶ</span> <span class='ocrx_word' id='word_1_427' title='bbox 3039 3038 3216 3091; x_wconf 87' lang='grc' dir='ltr'>πάντα</span> <span class='ocrx_word' id='word_1_428' title='bbox 3266 3036 3471 3103; x_wconf 76' lang='grc' dir='ltr'>ἔξεστιν</span> <span class='ocrx_word' id='word_1_429' title='bbox 3515 3034 3717 3100; x_wconf 79' lang='grc' dir='ltr'>ἐκείνῳ</span> 
     </span>
    </p>
   </div>
   <div class='ocr_carea' id='block_1_63' title="bbox 465 3121 2037 3204">
    <p class='ocr_par' dir='ltr' id='par_1_63' title="bbox 465 3121 2037 3204">
     <span class='ocr_line' id='line_1_63' title="bbox 465 3121 2037 3204; baseline 0.009 -31"><span class='ocrx_word' id='word_1_430' title='bbox 465 3121 632 3173; x_wconf 83' lang='grc' dir='ltr'>αὐτοῦ</span> <span class='ocrx_word' id='word_1_431' title='bbox 691 3121 791 3192; x_wconf 84' lang='grc' dir='ltr'>τὴν</span> <span class='ocrx_word' id='word_1_432' title='bbox 845 3124 1116 3193; x_wconf 80' lang='grc' dir='ltr'>τυχοῦσαν</span> <span class='ocrx_word' id='word_1_433' title='bbox 1177 3128 1701 3201; x_wconf 73' lang='grc' dir='ltr'>καταδυναστείανῆ</span> <span class='ocrx_word' id='word_1_434' title='bbox 1753 3134 2037 3204; x_wconf 81' lang='grc' dir='ltr'>ἐπήρειαν,</span> 
     </span>
    </p>
   </div>
   <div class='ocr_carea' id='block_1_64' title="bbox 464 3211 2039 3294">
    <p class='ocr_par' dir='ltr' id='par_1_64' title="bbox 464 3211 2039 3294">
     <span class='ocr_line' id='line_1_64' title="bbox 464 3211 2039 3294; baseline 0.011 -31"><span class='ocrx_word' id='word_1_435' title='bbox 464 3211 807 3282; x_wconf 81' lang='grc' dir='ltr'>ἀρκουμένου</span> <span class='ocrx_word' id='word_1_436' title='bbox 847 3216 941 3268; x_wconf 85' lang='grc' dir='ltr'>τοῦ</span> <span class='ocrx_word' id='word_1_437' title='bbox 984 3217 1231 3272; x_wconf 85' lang='grc' dir='ltr'>τοιούτου</span> <span class='ocrx_word' id='word_1_438' title='bbox 1294 3221 1587 3290; x_wconf 84' lang='grc' dir='ltr'>ίερωτάτου</span> <span class='ocrx_word' id='word_1_439' title='bbox 1642 3225 2039 3294; x_wconf 87' lang='grc' dir='ltr'>μητροπολίτου</span> 
     </span>
    </p>
   </div>
   <div class='ocr_carea' id='block_1_65' title="bbox 467 3304 2040 3387">
    <p class='ocr_par' dir='ltr' id='par_1_65' title="bbox 467 3304 2040 3387">
     <span class='ocr_line' id='line_1_65' title="bbox 467 3304 2040 3387; baseline 0.01 -31"><span class='ocrx_word' id='word_1_440' title='bbox 467 3304 700 3370; x_wconf 87' lang='grc' dir='ltr'>Λιτϐῶν,</span> <span class='ocrx_word' id='word_1_441' title='bbox 730 3306 835 3376; x_wconf 82' lang='grc' dir='ltr'>κῦρ</span> <span class='ocrx_word' id='word_1_442' title='bbox 880 3307 1188 3378; x_wconf 85' lang='grc' dir='ltr'>Ῥωμανοῦ,</span> <span class='ocrx_word' id='word_1_443' title='bbox 1215 3312 1296 3375; x_wconf 86' lang='grc' dir='ltr'>εἰς</span> <span class='ocrx_word' id='word_1_444' title='bbox 1325 3314 1463 3385; x_wconf 84' lang='grc' dir='ltr'>ὅπερ</span> <span class='ocrx_word' id='word_1_445' title='bbox 1490 3315 1637 3385; x_wconf 86' lang='grc' dir='ltr'>αὐτῷ</span> <span class='ocrx_word' id='word_1_446' title='bbox 1674 3317 1827 3387; x_wconf 80' lang='grc' dir='ltr'>ἐδόθη</span> <span class='ocrx_word' id='word_1_447' title='bbox 1884 3334 2040 3371; x_wconf 89' lang='grc' dir='ltr'>συνο-</span> 
     </span>
    </p>
   </div>
   <div class='ocr_carea' id='block_1_66' title="bbox 465 3400 2042 3482">
    <p class='ocr_par' dir='ltr' id='par_1_66' title="bbox 465 3400 2042 3482">
     <span class='ocr_line' id='line_1_66' title="bbox 465 3400 2042 3482; baseline 0.01 -31"><span class='ocrx_word' id='word_1_448' title='bbox 465 3400 590 3471; x_wconf 79' lang='grc' dir='ltr'>δικῇ</span> <span class='ocrx_word' id='word_1_449' title='bbox 652 3402 949 3471; x_wconf 84' lang='grc' dir='ltr'>διαγνώσει</span> <span class='ocrx_word' id='word_1_450' title='bbox 1012 3406 1248 3461; x_wconf 81' lang='grc' dir='ltr'>ἐνώπιον</span> <span class='ocrx_word' id='word_1_451' title='bbox 1310 3409 1410 3478; x_wconf 83' lang='grc' dir='ltr'>τῆς</span> <span class='ocrx_word' id='word_1_452' title='bbox 1458 3412 1618 3480; x_wconf 87' lang='grc' dir='ltr'>ήμῶν</span> <span class='ocrx_word' id='word_1_453' title='bbox 1688 3412 2042 3482; x_wconf 81' lang='grc' dir='ltr'>μετριότητος</span> 
     </span>
    </p>
   </div>
   <div class='ocr_carea' id='block_1_67' title="bbox 478 3493 2041 3574">
    <p class='ocr_par' dir='ltr' id='par_1_67' title="bbox 478 3493 2041 3574">
     <span class='ocr_line' id='line_1_67' title="bbox 478 3493 2041 3574; baseline 0.008 -28"><span class='ocrx_word' id='word_1_454' title='bbox 478 3493 725 3564; x_wconf 81' lang='grc' dir='ltr'>ὕστερον,</span> <span class='ocrx_word' id='word_1_455' title='bbox 760 3497 837 3561; x_wconf 83' lang='grc' dir='ltr'>ὡς</span> <span class='ocrx_word' id='word_1_456' title='bbox 869 3498 1189 3567; x_wconf 84' lang='grc' dir='ltr'>δεδήλωται,</span> <span class='ocrx_word' id='word_1_457' title='bbox 1217 3501 1629 3573; x_wconf 82' lang='grc' dir='ltr'>ἐμπεδωθείσης</span> <span class='ocrx_word' id='word_1_458' title='bbox 1654 3505 1755 3574; x_wconf 83' lang='grc' dir='ltr'>τῆς</span> <span class='ocrx_word' id='word_1_459' title='bbox 1782 3507 2041 3574; x_wconf 86' lang='grc' dir='ltr'>τοιαύτης</span> 
     </span>
    </p>
   </div>
   <div class='ocr_carea' id='block_1_68' title="bbox 472 3582 2042 3663">
    <p class='ocr_par' dir='ltr' id='par_1_68' title="bbox 472 3582 2042 3663">
     <span class='ocr_line' id='line_1_68' title="bbox 472 3582 2042 3663; baseline 0.009 -29"><span class='ocrx_word' id='word_1_460' title='bbox 472 3582 725 3653; x_wconf 82' lang='grc' dir='ltr'>πράξεως</span> <span class='ocrx_word' id='word_1_461' title='bbox 751 3588 814 3655; x_wconf 85' lang='grc' dir='ltr'>τῇ</span> <span class='ocrx_word' id='word_1_462' title='bbox 843 3588 905 3638; x_wconf 89' lang='grc' dir='ltr'>ἐκ</span> <span class='ocrx_word' id='word_1_463' title='bbox 939 3589 1047 3642; x_wconf 89' lang='grc' dir='ltr'>τῶν</span> <span class='ocrx_word' id='word_1_464' title='bbox 1079 3589 1238 3643; x_wconf 86' lang='grc' dir='ltr'>θείων</span> <span class='ocrx_word' id='word_1_465' title='bbox 1269 3592 1362 3643; x_wconf 80' lang='grc' dir='ltr'>καὶ</span> <span class='ocrx_word' id='word_1_466' title='bbox 1390 3591 1549 3661; x_wconf 87' lang='grc' dir='ltr'>ίερῶν</span> <span class='ocrx_word' id='word_1_467' title='bbox 1584 3594 1825 3646; x_wconf 85' lang='grc' dir='ltr'>κανόνων</span> <span class='ocrx_word' id='word_1_468' title='bbox 1868 3595 2042 3663; x_wconf 85' lang='grc' dir='ltr'>ἐπηρ-</span> 
     </span>
    </p>
   </div>
   <div class='ocr_carea' id='block_1_69' title="bbox 468 3677 2043 3752">
    <p class='ocr_par' dir='ltr' id='par_1_69' title="bbox 468 3677 2043 3752">
     <span class='ocr_line' id='line_1_69' title="bbox 468 3677 2043 3752; baseline 0.007 -24"><span class='ocrx_word' id='word_1_469' title='bbox 468 3677 681 3748; x_wconf 88' lang='grc' dir='ltr'>τημένῃ</span> <span class='ocrx_word' id='word_1_470' title='bbox 709 3678 976 3750; x_wconf 86' lang='grc' dir='ltr'>καταδίκῃ</span> <span class='ocrx_word' id='word_1_471' title='bbox 1034 3682 1147 3743; x_wconf 86' lang='grc' dir='ltr'>τοῖς</span> <span class='ocrx_word' id='word_1_472' title='bbox 1180 3682 1547 3752; x_wconf 85' lang='grc' dir='ltr'>ἀνατρέπουσι</span> <span class='ocrx_word' id='word_1_473' title='bbox 1572 3683 1816 3747; x_wconf 79' lang='grc' dir='ltr'>τούτους,</span> <span class='ocrx_word' id='word_1_474' title='bbox 1847 3684 1923 3747; x_wconf 85' lang='grc' dir='ltr'>ὡς</span> <span class='ocrx_word' id='word_1_475' title='bbox 1977 3687 2043 3739; x_wconf 85' lang='grc' dir='ltr'>ἂν</span> 
     </span>
    </p>
   </div>
   <div class='ocr_carea' id='block_1_70' title="bbox 467 3768 2043 3847">
    <p class='ocr_par' dir='ltr' id='par_1_70' title="bbox 467 3768 2043 3847">
     <span class='ocr_line' id='line_1_70' title="bbox 467 3768 2043 3847; baseline 0.007 -27"><span class='ocrx_word' id='word_1_476' title='bbox 467 3768 617 3832; x_wconf 81' lang='grc' dir='ltr'>ὅστις</span> <span class='ocrx_word' id='word_1_477' title='bbox 645 3769 704 3834; x_wconf 83' lang='grc' dir='ltr'>ἐξ</span> <span class='ocrx_word' id='word_1_478' title='bbox 731 3771 1054 3843; x_wconf 79' lang='grc' dir='ltr'>ἀμφοτέρων</span> <span class='ocrx_word' id='word_1_479' title='bbox 1090 3775 1164 3844; x_wconf 83' lang='grc' dir='ltr'>μὴ</span> <span class='ocrx_word' id='word_1_480' title='bbox 1205 3776 1551 3847; x_wconf 73' lang='grc' dir='ltr'>ἐφησυχάζῃ,</span> <span class='ocrx_word' id='word_1_481' title='bbox 1600 3777 1942 3846; x_wconf 88' lang='grc' dir='ltr'>ἀρκούμενος</span> <span class='ocrx_word' id='word_1_482' title='bbox 1966 3778 2043 3847; x_wconf 86' lang='grc' dir='ltr'>τῷ</span> 
     </span>
    </p>
   </div>
   <div class='ocr_carea' id='block_1_71' title="bbox 468 3861 2045 3940">
    <p class='ocr_par' dir='ltr' id='par_1_71' title="bbox 468 3861 2045 3940">
     <span class='ocr_line' id='line_1_71' title="bbox 468 3861 2045 3940; baseline 0.008 -27"><span class='ocrx_word' id='word_1_483' title='bbox 468 3861 655 3931; x_wconf 81' lang='grc' dir='ltr'>οἰκείῳ</span> <span class='ocrx_word' id='word_1_484' title='bbox 683 3863 897 3933; x_wconf 86' lang='grc' dir='ltr'>δικαίῳ,</span> <span class='ocrx_word' id='word_1_485' title='bbox 932 3868 1028 3919; x_wconf 73' lang='grc' dir='ltr'>καὶ</span> <span class='ocrx_word' id='word_1_486' title='bbox 1078 3868 1303 3937; x_wconf 75' lang='grc' dir='ltr'>εἰρήνην</span> <span class='ocrx_word' id='word_1_487' title='bbox 1352 3868 1452 3940; x_wconf 79' lang='grc' dir='ltr'>ἔχῃ</span> <span class='ocrx_word' id='word_1_488' title='bbox 1513 3870 1594 3931; x_wconf 88' lang='grc' dir='ltr'>είς</span> <span class='ocrx_word' id='word_1_489' title='bbox 1632 3869 1843 3934; x_wconf 72' lang='grc' dir='ltr'>ἑαυτὸν,</span> <span class='ocrx_word' id='word_1_490' title='bbox 1894 3871 1969 3934; x_wconf 85' lang='grc' dir='ltr'>ὡς</span> <span class='ocrx_word' id='word_1_491' title='bbox 2017 3874 2045 3925; x_wconf 89' lang='lat'>6</span> 
     </span>
    </p>
   </div>
   <div class='ocr_carea' id='block_1_72' title="bbox 469 3952 2045 4033">
    <p class='ocr_par' dir='ltr' id='par_1_72' title="bbox 469 3952 2045 4033">
     <span class='ocr_line' id='line_1_72' title="bbox 469 3952 2045 4033; baseline 0.008 -28"><span class='ocrx_word' id='word_1_492' title='bbox 469 3952 564 4006; x_wconf 86' lang='grc' dir='ltr'>τοῦ</span> <span class='ocrx_word' id='word_1_493' title='bbox 587 3954 794 4023; x_wconf 81' lang='grc' dir='ltr'>Κυρίου</span> <span class='ocrx_word' id='word_1_494' title='bbox 830 3956 1081 4025; x_wconf 87' lang='grc' dir='ltr'>βούλεται</span> <span class='ocrx_word' id='word_1_495' title='bbox 1111 3958 1273 4025; x_wconf 89' lang='grc' dir='ltr'>νόμος</span> <span class='ocrx_word' id='word_1_496' title='bbox 1305 3962 1401 4012; x_wconf 74' lang='grc' dir='ltr'>καὶ</span> <span class='ocrx_word' id='word_1_497' title='bbox 1443 3961 1504 4014; x_wconf 80' lang='grc' dir='ltr'>τὸ</span> <span class='ocrx_word' id='word_1_498' title='bbox 1558 3962 1908 4033; x_wconf 80' lang='grc' dir='ltr'>ἐπάγγελμα,</span> <span class='ocrx_word' id='word_1_499' title='bbox 1950 3965 2045 4017; x_wconf 72' lang='grc' dir='ltr'>καὶ</span> 
     </span>
    </p>
   </div>
   <div class='ocr_carea' id='block_1_73' title="bbox 473 4036 2045 4124">
    <p class='ocr_par' dir='ltr' id='par_1_73' title="bbox 473 4036 2045 4124">
     <span class='ocr_line' id='line_1_73' title="bbox 473 4036 2045 4124; baseline 0.006 -26"><span class='ocrx_word' id='word_1_500' title='bbox 473 4036 802 4108; x_wconf 86' lang='grc' dir='ltr'>καθώςέστι</span> <span class='ocrx_word' id='word_1_501' title='bbox 837 4048 1075 4115; x_wconf 87' lang='grc' dir='ltr'>μάλιστα</span> <span class='ocrx_word' id='word_1_502' title='bbox 1127 4048 1482 4120; x_wconf 77' lang='grc' dir='ltr'>ὀφειλόμενον</span> <span class='ocrx_word' id='word_1_503' title='bbox 1514 4053 1633 4114; x_wconf 86' lang='grc' dir='ltr'>τοῖς</span> <span class='ocrx_word' id='word_1_504' title='bbox 1671 4056 2045 4124; x_wconf 82' lang='grc' dir='ltr'>πνευματικὴν</span> 
     </span>
    </p>
   </div>
   <div class='ocr_carea' id='block_1_74' title="bbox 472 4139 2044 4213">
    <p class='ocr_par' dir='ltr' id='par_1_74' title="bbox 472 4139 2044 4213">
     <span class='ocr_line' id='line_1_74' title="bbox 472 4139 2044 4213; baseline 0.005 -23"><span class='ocrx_word' id='word_1_505' title='bbox 472 4139 813 4206; x_wconf 77' lang='grc' dir='ltr'>προστασίαν</span> <span class='ocrx_word' id='word_1_506' title='bbox 846 4139 1092 4209; x_wconf 82' lang='grc' dir='ltr'>λαχοῦσι,</span> <span class='ocrx_word' id='word_1_507' title='bbox 1124 4148 1263 4210; x_wconf 78' lang='grc' dir='ltr'>μετὰ</span> <span class='ocrx_word' id='word_1_508' title='bbox 1293 4143 1392 4211; x_wconf 81' lang='grc' dir='ltr'>τὴν</span> <span class='ocrx_word' id='word_1_509' title='bbox 1440 4143 1698 4213; x_wconf 86' lang='grc' dir='ltr'>τοιαύτην</span> <span class='ocrx_word' id='word_1_510' title='bbox 1760 4144 2044 4213; x_wconf 82' lang='grc' dir='ltr'>συνοδικὴν</span> 
     </span>
    </p>
   </div>
   <div class='ocr_carea' id='block_1_75' title="bbox 472 4212 2045 4311">
    <p class='ocr_par' dir='ltr' id='par_1_75' title="bbox 472 4212 2045 4311">
     <span class='ocr_line' id='line_1_75' title="bbox 472 4212 2045 4311; baseline 0.006 -29"><span class='ocrx_word' id='word_1_511' title='bbox 472 4231 768 4297; x_wconf 83' lang='grc' dir='ltr'>διάγνωσιν</span> <span class='ocrx_word' id='word_1_512' title='bbox 816 4233 1015 4301; x_wconf 81' lang='grc' dir='ltr'>πρᾶξίν</span> <span class='ocrx_word' id='word_1_513' title='bbox 1044 4251 1104 4285; x_wconf 86' lang='grc' dir='ltr'>τε</span> <span class='ocrx_word' id='word_1_514' title='bbox 1134 4251 1230 4286; x_wconf 90' lang='grc' dir='ltr'>και</span> <span class='ocrx_word' id='word_1_515' title='bbox 1261 4212 1780 4302; x_wconf 34' lang='grc' dir='ltr'>κατάστασινίάλλά</span> <span class='ocrx_word' id='word_1_516' title='bbox 1819 4239 2045 4311; x_wconf 79' lang='grc' dir='ltr'>χωρήσῃ</span> 
     </span>
    </p>
   </div>
   <div class='ocr_carea' id='block_1_76' title="bbox 471 4324 2044 4402">
    <p class='ocr_par' dir='ltr' id='par_1_76' title="bbox 471 4324 2044 4402">
     <span class='ocr_line' id='line_1_76' title="bbox 471 4324 2044 4402; baseline 0.004 -25"><span class='ocrx_word' id='word_1_517' title='bbox 471 4325 554 4387; x_wconf 76' lang='grc' dir='ltr'>εἰς</span> <span class='ocrx_word' id='word_1_518' title='bbox 580 4324 837 4393; x_wconf 77' lang='grc' dir='ltr'>ἀθέτησιν</span> <span class='ocrx_word' id='word_1_519' title='bbox 866 4325 1117 4379; x_wconf 78' lang='grc' dir='ltr'>ὁπωσοῦν</span> <span class='ocrx_word' id='word_1_520' title='bbox 1140 4328 1366 4398; x_wconf 84' lang='grc' dir='ltr'>ταύτης,</span> <span class='ocrx_word' id='word_1_521' title='bbox 1393 4331 1487 4383; x_wconf 77' lang='grc' dir='ltr'>καὶ</span> <span class='ocrx_word' id='word_1_522' title='bbox 1514 4329 1756 4401; x_wconf 83' lang='grc' dir='ltr'>τολμήσῃ</span> <span class='ocrx_word' id='word_1_523' title='bbox 1774 4332 1926 4401; x_wconf 78' lang='grc' dir='ltr'>παρά</span> <span class='ocrx_word' id='word_1_524' title='bbox 1946 4333 2044 4402; x_wconf 78' lang='grc' dir='ltr'>τὴν</span> 
     </span>
    </p>
   </div>
   <div class='ocr_carea' id='block_1_77' title="bbox 2145 3125 3707 3201">
    <p class='ocr_par' dir='ltr' id='par_1_77' title="bbox 2145 3125 3707 3201">
     <span class='ocr_line' id='line_1_77' title="bbox 2145 3125 3707 3201; baseline -0.006 -17"><span class='ocrx_word' id='word_1_525' title='bbox 2145 3135 2321 3185; x_wconf 84' lang='grc' dir='ltr'>ποιεῖν</span> <span class='ocrx_word' id='word_1_526' title='bbox 2347 3133 2538 3196; x_wconf 83' lang='grc' dir='ltr'>ἀδεῶς,</span> <span class='ocrx_word' id='word_1_527' title='bbox 2571 3131 2802 3201; x_wconf 89' lang='grc' dir='ltr'>δύναμιν</span> <span class='ocrx_word' id='word_1_528' title='bbox 2827 3131 2886 3184; x_wconf 88' lang='grc' dir='ltr'>οὐ</span> <span class='ocrx_word' id='word_1_529' title='bbox 2912 3130 3117 3201; x_wconf 82' lang='grc' dir='ltr'>μικρὰν</span> <span class='ocrx_word' id='word_1_530' title='bbox 3168 3130 3361 3201; x_wconf 81' lang='grc' dir='ltr'>ἔχοντι,</span> <span class='ocrx_word' id='word_1_531' title='bbox 3418 3128 3494 3189; x_wconf 88' lang='grc' dir='ltr'>είς</span> <span class='ocrx_word' id='word_1_532' title='bbox 3544 3125 3707 3177; x_wconf 80' lang='grc' dir='ltr'>τοῦτο</span> 
     </span>
    </p>
   </div>
   <div class='ocr_carea' id='block_1_78' title="bbox 2145 3219 3709 3294">
    <p class='ocr_par' dir='ltr' id='par_1_78' title="bbox 2145 3219 3709 3294">
     <span class='ocr_line' id='line_1_78' title="bbox 2145 3219 3709 3294; baseline -0.003 -19"><span class='ocrx_word' id='word_1_533' title='bbox 2145 3223 2558 3293; x_wconf 81' lang='grc' dir='ltr'>παρακινοῦσαν</span> <span class='ocrx_word' id='word_1_534' title='bbox 2586 3223 2971 3294; x_wconf 85' lang='grc' dir='ltr'>τδναύθέντην</span> <span class='ocrx_word' id='word_1_535' title='bbox 3004 3222 3220 3277; x_wconf 83' lang='grc' dir='ltr'>Λιτϐῶν</span> <span class='ocrx_word' id='word_1_536' title='bbox 3249 3240 3261 3254; x_wconf 90' lang='grc'><strong>·</strong></span> <span class='ocrx_word' id='word_1_537' title='bbox 3313 3222 3398 3276; x_wconf 75' lang='grc' dir='ltr'>διὰ</span> <span class='ocrx_word' id='word_1_538' title='bbox 3444 3220 3569 3288; x_wconf 77' lang='grc' dir='ltr'>γοῦν</span> <span class='ocrx_word' id='word_1_539' title='bbox 3608 3219 3709 3287; x_wconf 70' lang='grc' dir='ltr'>τὴν</span> 
     </span>
    </p>
   </div>
   <div class='ocr_carea' id='block_1_79' title="bbox 2142 3306 3716 3386">
    <p class='ocr_par' dir='ltr' id='par_1_79' title="bbox 2142 3306 3716 3386">
     <span class='ocr_line' id='line_1_79' title="bbox 2142 3306 3716 3386; baseline -0.003 -18"><span class='ocrx_word' id='word_1_540' title='bbox 2142 3314 2401 3384; x_wconf 84' lang='grc' dir='ltr'>τοιαύτην</span> <span class='ocrx_word' id='word_1_541' title='bbox 2424 3315 2806 3385; x_wconf 80' lang='grc' dir='ltr'>(κατάστασιν)</span> <span class='ocrx_word' id='word_1_542' title='bbox 2847 3315 3126 3386; x_wconf 82' lang='grc' dir='ltr'>ἐπισφαλῆ</span> <span class='ocrx_word' id='word_1_543' title='bbox 3171 3315 3517 3369; x_wconf 84' lang='grc' dir='ltr'>παντάπασιν</span> <span class='ocrx_word' id='word_1_544' title='bbox 3552 3306 3716 3365; x_wconf 74' lang='grc' dir='ltr'>οὖσαν</span> 
     </span>
    </p>
   </div>
   <div class='ocr_carea' id='block_1_80' title="bbox 2142 3406 3716 3478">
    <p class='ocr_par' dir='ltr' id='par_1_80' title="bbox 2142 3406 3716 3478">
     <span class='ocr_line' id='line_1_80' title="bbox 2142 3406 3716 3478; baseline -0.001 -17"><span class='ocrx_word' id='word_1_545' title='bbox 2142 3408 2240 3462; x_wconf 77' lang='grc' dir='ltr'>καὶ</span> <span class='ocrx_word' id='word_1_546' title='bbox 2271 3407 2375 3471; x_wconf 77' lang='grc' dir='ltr'>ἔξω</span> <span class='ocrx_word' id='word_1_547' title='bbox 2401 3408 2497 3477; x_wconf 85' lang='grc' dir='ltr'>τῆς</span> <span class='ocrx_word' id='word_1_548' title='bbox 2522 3408 2632 3461; x_wconf 89' lang='grc' dir='ltr'>τῶν</span> <span class='ocrx_word' id='word_1_549' title='bbox 2666 3409 2829 3462; x_wconf 83' lang='grc' dir='ltr'>θείων</span> <span class='ocrx_word' id='word_1_550' title='bbox 2859 3409 2953 3462; x_wconf 81' lang='grc' dir='ltr'>καὶ</span> <span class='ocrx_word' id='word_1_551' title='bbox 2986 3408 3150 3478; x_wconf 78' lang='grc' dir='ltr'>ἱερῶν</span> <span class='ocrx_word' id='word_1_552' title='bbox 3181 3408 3422 3461; x_wconf 85' lang='grc' dir='ltr'>κανόνων</span> <span class='ocrx_word' id='word_1_553' title='bbox 3454 3406 3716 3474; x_wconf 77' lang='grc' dir='ltr'>διαταγῆς</span> 
     </span>
    </p>
   </div>
   <div class='ocr_carea' id='block_1_81' title="bbox 2144 3497 3720 3571">
    <p class='ocr_par' dir='ltr' id='par_1_81' title="bbox 2144 3497 3720 3571">
     <span class='ocr_line' id='line_1_81' title="bbox 2144 3497 3720 3571; baseline -0.003 -20"><span class='ocrx_word' id='word_1_554' title='bbox 2144 3499 2240 3551; x_wconf 80' lang='grc' dir='ltr'>καὶ</span> <span class='ocrx_word' id='word_1_555' title='bbox 2267 3499 2378 3569; x_wconf 81' lang='grc' dir='ltr'>ἃμα</span> <span class='ocrx_word' id='word_1_556' title='bbox 2403 3498 2493 3552; x_wconf 81' lang='grc' dir='ltr'>διὰ</span> <span class='ocrx_word' id='word_1_557' title='bbox 2521 3500 2582 3552; x_wconf 77' lang='grc' dir='ltr'>τὸ</span> <span class='ocrx_word' id='word_1_558' title='bbox 2610 3499 2686 3570; x_wconf 81' lang='grc' dir='ltr'>μὴ</span> <span class='ocrx_word' id='word_1_559' title='bbox 2718 3498 3035 3571; x_wconf 88' lang='grc' dir='ltr'>προϐαίνειν</span> <span class='ocrx_word' id='word_1_560' title='bbox 3079 3498 3221 3553; x_wconf 86' lang='grc' dir='ltr'>κατά</span> <span class='ocrx_word' id='word_1_561' title='bbox 3257 3497 3349 3551; x_wconf 84' lang='grc' dir='ltr'>τοῦ</span> <span class='ocrx_word' id='word_1_562' title='bbox 3395 3498 3720 3566; x_wconf 82' lang='grc' dir='ltr'>Χριστιανι-</span> 
     </span>
    </p>
   </div>
   <div class='ocr_carea' id='block_1_82' title="bbox 2142 3588 3724 3661">
    <p class='ocr_par' dir='ltr' id='par_1_82' title="bbox 2142 3588 3724 3661">
     <span class='ocr_line' id='line_1_82' title="bbox 2142 3588 3724 3661; baseline -0.003 -18"><span class='ocrx_word' id='word_1_563' title='bbox 2142 3590 2239 3643; x_wconf 86' lang='grc' dir='ltr'>κοῦ</span> <span class='ocrx_word' id='word_1_564' title='bbox 2261 3590 2359 3659; x_wconf 84' lang='grc' dir='ltr'>τῆς</span> <span class='ocrx_word' id='word_1_565' title='bbox 2401 3590 2632 3655; x_wconf 85' lang='grc' dir='ltr'>Ῥωσίας</span> <span class='ocrx_word' id='word_1_566' title='bbox 2662 3592 2855 3661; x_wconf 87' lang='grc' dir='ltr'>γένους</span> <span class='ocrx_word' id='word_1_567' title='bbox 2883 3592 3078 3661; x_wconf 80' lang='grc' dir='ltr'>φόνους</span> <span class='ocrx_word' id='word_1_568' title='bbox 3142 3592 3234 3643; x_wconf 78' lang='grc' dir='ltr'>καὶ</span> <span class='ocrx_word' id='word_1_569' title='bbox 3282 3588 3576 3658; x_wconf 83' lang='grc' dir='ltr'>συγχύσεις</span> <span class='ocrx_word' id='word_1_570' title='bbox 3630 3590 3724 3639; x_wconf 79' lang='grc' dir='ltr'>καὶ</span> 
     </span>
    </p>
   </div>
   <div class='ocr_carea' id='block_1_83' title="bbox 2148 3680 3721 3755">
    <p class='ocr_par' dir='ltr' id='par_1_83' title="bbox 2148 3680 3721 3755">
     <span class='ocr_line' id='line_1_83' title="bbox 2148 3680 3721 3755; baseline -0.004 -20"><span class='ocrx_word' id='word_1_571' title='bbox 2148 3681 2327 3752; x_wconf 87' lang='grc' dir='ltr'>μάχας</span> <span class='ocrx_word' id='word_1_572' title='bbox 2355 3684 2449 3736; x_wconf 71' lang='grc' dir='ltr'>καὶ</span> <span class='ocrx_word' id='word_1_573' title='bbox 2496 3685 2763 3755; x_wconf 72' lang='grc' dir='ltr'>ταραχάς,</span> <span class='ocrx_word' id='word_1_574' title='bbox 2818 3684 2896 3747; x_wconf 85' lang='grc' dir='ltr'>ὡς</span> <span class='ocrx_word' id='word_1_575' title='bbox 2946 3685 3186 3753; x_wconf 88' lang='grc' dir='ltr'>λέγεται,</span> <span class='ocrx_word' id='word_1_576' title='bbox 3247 3684 3390 3751; x_wconf 76' lang='grc' dir='ltr'>άπερ</span> <span class='ocrx_word' id='word_1_577' title='bbox 3442 3680 3559 3733; x_wconf 80' lang='grc' dir='ltr'>ἐστὶ</span> <span class='ocrx_word' id='word_1_578' title='bbox 3610 3680 3721 3740; x_wconf 85' lang='grc' dir='ltr'>τοῖς</span> 
     </span>
    </p>
   </div>
   <div class='ocr_carea' id='block_1_84' title="bbox 2145 3768 3721 3841">
    <p class='ocr_par' dir='ltr' id='par_1_84' title="bbox 2145 3768 3721 3841">
     <span class='ocr_line' id='line_1_84' title="bbox 2145 3768 3721 3841; baseline -0.004 -15"><span class='ocrx_word' id='word_1_579' title='bbox 2145 3773 2354 3827; x_wconf 82' lang='grc' dir='ltr'>έθνεσιν</span> <span class='ocrx_word' id='word_1_580' title='bbox 2380 3772 2485 3826; x_wconf 87' lang='grc' dir='ltr'>ίδια</span> <span class='ocrx_word' id='word_1_581' title='bbox 2509 3774 2622 3834; x_wconf 81' lang='grc' dir='ltr'>τοῖς</span> <span class='ocrx_word' id='word_1_582' title='bbox 2677 3773 2755 3841; x_wconf 83' lang='grc' dir='ltr'>μὴ</span> <span class='ocrx_word' id='word_1_583' title='bbox 2810 3773 2973 3840; x_wconf 80' lang='grc' dir='ltr'>φόϐον</span> <span class='ocrx_word' id='word_1_584' title='bbox 3020 3775 3080 3827; x_wconf 91' lang='grc' dir='ltr'>ἐν</span> <span class='ocrx_word' id='word_1_585' title='bbox 3121 3773 3331 3834; x_wconf 80' lang='grc' dir='ltr'>ἑαυτοῖς</span> <span class='ocrx_word' id='word_1_586' title='bbox 3390 3770 3578 3841; x_wconf 80' lang='grc' dir='ltr'>έχουσι</span> <span class='ocrx_word' id='word_1_587' title='bbox 3626 3768 3721 3822; x_wconf 87' lang='grc' dir='ltr'>τοῦ</span> 
     </span>
    </p>
   </div>
   <div class='ocr_carea' id='block_1_85' title="bbox 2144 3862 3725 3935">
    <p class='ocr_par' dir='ltr' id='par_1_85' title="bbox 2144 3862 3725 3935">
     <span class='ocr_line' id='line_1_85' title="bbox 2144 3862 3725 3935; baseline -0.003 -16"><span class='ocrx_word' id='word_1_588' title='bbox 2144 3866 2303 3934; x_wconf 82' lang='grc' dir='ltr'>Θεοῦ,</span> <span class='ocrx_word' id='word_1_589' title='bbox 2330 3866 2423 3919; x_wconf 78' lang='grc' dir='ltr'>καὶ</span> <span class='ocrx_word' id='word_1_590' title='bbox 2441 3867 2504 3918; x_wconf 92' lang='grc' dir='ltr'>οὐ</span> <span class='ocrx_word' id='word_1_591' title='bbox 2528 3868 2641 3928; x_wconf 87' lang='grc' dir='ltr'>τοῖς</span> <span class='ocrx_word' id='word_1_592' title='bbox 2663 3863 3003 3935; x_wconf 87' lang='grc' dir='ltr'>ἀρχιερεῦσι,</span> <span class='ocrx_word' id='word_1_593' title='bbox 3036 3864 3131 3918; x_wconf 75' lang='grc' dir='ltr'>καὶ</span> <span class='ocrx_word' id='word_1_594' title='bbox 3158 3862 3370 3931; x_wconf 77' lang='grc' dir='ltr'>πρῶτον</span> <span class='ocrx_word' id='word_1_595' title='bbox 3402 3863 3501 3931; x_wconf 87' lang='grc' dir='ltr'>μὲν</span> <span class='ocrx_word' id='word_1_596' title='bbox 3522 3862 3725 3928; x_wconf 80' lang='grc' dir='ltr'>ἐγγρά-</span> 
     </span>
    </p>
   </div>
   <div class='ocr_carea' id='block_1_86' title="bbox 2146 3954 3725 4030">
    <p class='ocr_par' dir='ltr' id='par_1_86' title="bbox 2146 3954 3725 4030">
     <span class='ocr_line' id='line_1_86' title="bbox 2146 3954 3725 4030; baseline -0.004 -17"><span class='ocrx_word' id='word_1_597' title='bbox 2146 3977 2261 4027; x_wconf 83' lang='grc' dir='ltr'>φως</span> <span class='ocrx_word' id='word_1_598' title='bbox 2288 3957 2726 4030; x_wconf 88' lang='grc' dir='ltr'>παρεκελεύσατο</span> <span class='ocrx_word' id='word_1_599' title='bbox 2750 3958 2886 4027; x_wconf 70' lang='grc' dir='ltr'>πρὸς</span> <span class='ocrx_word' id='word_1_600' title='bbox 2907 3960 3071 4011; x_wconf 81' lang='grc' dir='ltr'>αὐτὸν</span> <span class='ocrx_word' id='word_1_601' title='bbox 3101 3958 3165 4027; x_wconf 81' lang='grc' dir='ltr'>δὴ</span> <span class='ocrx_word' id='word_1_602' title='bbox 3194 3956 3285 4009; x_wconf 74' lang='grc' dir='ltr'>τὸν</span> <span class='ocrx_word' id='word_1_603' title='bbox 3333 3955 3441 4025; x_wconf 81' lang='grc' dir='ltr'>κῦρ</span> <span class='ocrx_word' id='word_1_604' title='bbox 3502 3954 3725 4022; x_wconf 75' lang='grc' dir='ltr'>Ῥωμα-</span> 
     </span>
    </p>
   </div>
   <div class='ocr_carea' id='block_1_87' title="bbox 2146 4044 3727 4121">
    <p class='ocr_par' dir='ltr' id='par_1_87' title="bbox 2146 4044 3727 4121">
     <span class='ocr_line' id='line_1_87' title="bbox 2146 4044 3727 4121; baseline -0.004 -18"><span class='ocrx_word' id='word_1_605' title='bbox 2146 4052 2233 4103; x_wconf 79' lang='grc' dir='ltr'>νὸν</span> <span class='ocrx_word' id='word_1_606' title='bbox 2257 4052 2291 4121; x_wconf 77' lang='grc' dir='ltr'><strong>ἡ</strong></span> <span class='ocrx_word' id='word_1_607' title='bbox 2326 4049 2619 4120; x_wconf 83' lang='grc' dir='ltr'>μετριότης</span> <span class='ocrx_word' id='word_1_608' title='bbox 2648 4050 2829 4119; x_wconf 77' lang='grc' dir='ltr'>ἡμῶν,</span> <span class='ocrx_word' id='word_1_609' title='bbox 2888 4050 3259 4119; x_wconf 71' lang='grc' dir='ltr'>είςηγουμένη</span> <span class='ocrx_word' id='word_1_610' title='bbox 3301 4046 3498 4116; x_wconf 82' lang='grc' dir='ltr'>τούτῳ,</span> <span class='ocrx_word' id='word_1_611' title='bbox 3522 4045 3599 4107; x_wconf 86' lang='grc' dir='ltr'>ὡς</span> <span class='ocrx_word' id='word_1_612' title='bbox 3658 4044 3727 4097; x_wconf 79' lang='grc' dir='ltr'>ἂν</span> 
     </span>
    </p>
   </div>
   <div class='ocr_carea' id='block_1_88' title="bbox 2147 4136 3722 4213">
    <p class='ocr_par' dir='ltr' id='par_1_88' title="bbox 2147 4136 3722 4213">
     <span class='ocr_line' id='line_1_88' title="bbox 2147 4136 3722 4213; baseline -0.006 -17"><span class='ocrx_word' id='word_1_613' title='bbox 2147 4144 2362 4213; x_wconf 81' lang='grc' dir='ltr'>ἀποστῇ</span> <span class='ocrx_word' id='word_1_614' title='bbox 2412 4140 2524 4195; x_wconf 90' lang='grc' dir='ltr'>τῶν</span> <span class='ocrx_word' id='word_1_615' title='bbox 2574 4140 2834 4193; x_wconf 87' lang='grc' dir='ltr'>τοιούτων</span> <span class='ocrx_word' id='word_1_616' title='bbox 2883 4140 3252 4194; x_wconf 87' lang='grc' dir='ltr'>ἀκανονίστων</span> <span class='ocrx_word' id='word_1_617' title='bbox 3308 4136 3582 4209; x_wconf 78' lang='grc' dir='ltr'>πράξεων,</span> <span class='ocrx_word' id='word_1_618' title='bbox 3642 4138 3722 4197; x_wconf 83' lang='grc' dir='ltr'>ὡς</span> 
     </span>
    </p>
   </div>
   <div class='ocr_carea' id='block_1_89' title="bbox 2146 4227 3722 4304">
    <p class='ocr_par' dir='ltr' id='par_1_89' title="bbox 2146 4227 3722 4304">
     <span class='ocr_line' id='line_1_89' title="bbox 2146 4227 3722 4304; baseline -0.004 -16"><span class='ocrx_word' id='word_1_619' title='bbox 2146 4233 2488 4304; x_wconf 77' lang='grc' dir='ltr'>ἐγράψαμεν,</span> <span class='ocrx_word' id='word_1_620' title='bbox 2524 4232 2775 4302; x_wconf 87' lang='grc' dir='ltr'>στέργειν</span> <span class='ocrx_word' id='word_1_621' title='bbox 2792 4231 3167 4301; x_wconf 84' lang='grc' dir='ltr'>ἀπαραϐάτως</span> <span class='ocrx_word' id='word_1_622' title='bbox 3212 4232 3279 4284; x_wconf 81' lang='grc' dir='ltr'>τὰ</span> <span class='ocrx_word' id='word_1_623' title='bbox 3344 4227 3722 4297; x_wconf 77' lang='grc' dir='ltr'>διεγνωσμένα</span> 
     </span>
    </p>
   </div>
   <div class='ocr_carea' id='block_1_90' title="bbox 2148 4316 3726 4392">
    <p class='ocr_par' dir='ltr' id='par_1_90' title="bbox 2148 4316 3726 4392">
     <span class='ocr_line' id='line_1_90' title="bbox 2148 4316 3726 4392; baseline -0.008 -14"><span class='ocrx_word' id='word_1_624' title='bbox 2148 4323 2441 4386; x_wconf 88' lang='grc' dir='ltr'>συνοδικῶς</span> <span class='ocrx_word' id='word_1_625' title='bbox 2491 4320 2587 4376; x_wconf 77' lang='grc' dir='ltr'>καὶ</span> <span class='ocrx_word' id='word_1_626' title='bbox 2634 4321 2710 4392; x_wconf 79' lang='grc' dir='ltr'>μὴ</span> <span class='ocrx_word' id='word_1_627' title='bbox 2772 4320 3090 4391; x_wconf 85' lang='grc' dir='ltr'>περαιτέρω</span> <span class='ocrx_word' id='word_1_628' title='bbox 3140 4319 3347 4372; x_wconf 85' lang='grc' dir='ltr'>τούτων</span> <span class='ocrx_word' id='word_1_629' title='bbox 3406 4316 3726 4386; x_wconf 71' lang='grc' dir='ltr'>προϐαίνειν</span> 
     </span>
    </p>
   </div>
   <div class='ocr_carea' id='block_1_91' title="bbox 472 4406 3730 4494">
    <p class='ocr_par' dir='ltr' id='par_1_91' title="bbox 472 4406 3730 4494">
     <span class='ocr_line' id='line_1_91' title="bbox 472 4406 3730 4494; baseline -0.005 -23"><span class='ocrx_word' id='word_1_630' title='bbox 472 4418 688 4489; x_wconf 72' lang='grc' dir='ltr'>ἑιορίαν</span> <span class='ocrx_word' id='word_1_631' title='bbox 749 4418 913 4474; x_wconf 86' lang='grc' dir='ltr'>αὑτοῦ</span> <span class='ocrx_word' id='word_1_632' title='bbox 979 4408 1385 4490; x_wconf 80' lang='grc' dir='ltr'>διαπράξασθαί</span> <span class='ocrx_word' id='word_1_633' title='bbox 1444 4440 1499 4476; x_wconf 90' lang='grc' dir='ltr'>τι</span> <span class='ocrx_word' id='word_1_634' title='bbox 1563 4423 1948 4494; x_wconf 76' lang='grc' dir='ltr'>ἀρχιερατικδν</span> <span class='ocrx_word' id='word_1_635' title='bbox 2007 4424 2040 4491; x_wconf 84' lang='grc' dir='ltr'>ἢ</span> <span class='ocrx_word' id='word_1_636' title='bbox 2075 4424 2118 4479; x_wconf 83' lang='grc' dir='ltr'>ι)</span> <span class='ocrx_word' id='word_1_637' title='bbox 2152 4416 2242 4468; x_wconf 68' lang='grc' dir='ltr'>καὶ</span> <span class='ocrx_word' id='word_1_638' title='bbox 2276 4414 2415 4467; x_wconf 88' lang='grc' dir='ltr'>κατά</span> <span class='ocrx_word' id='word_1_639' title='bbox 2449 4412 2543 4467; x_wconf 89' lang='grc' dir='ltr'>τοῦ</span> <span class='ocrx_word' id='word_1_640' title='bbox 2597 4410 2700 4479; x_wconf 85' lang='grc' dir='ltr'>κῦρ</span> <span class='ocrx_word' id='word_1_641' title='bbox 2768 4410 3021 4477; x_wconf 76' lang='grc' dir='ltr'>Ἀλεξίου</span> <span class='ocrx_word' id='word_1_642' title='bbox 3064 4406 3580 4475; x_wconf 68' lang='grc' dir='ltr'>κατεξινίστασθαι,</span> <span class='ocrx_word' id='word_1_643' title='bbox 3630 4408 3730 4457; x_wconf 72' lang='grc' dir='ltr'>καὶ</span> 
     </span>
    </p>
   </div>
   <div class='ocr_carea' id='block_1_92' title="bbox 476 4512 2048 4587">
    <p class='ocr_par' dir='ltr' id='par_1_92' title="bbox 476 4512 2048 4587">
     <span class='ocr_line' id='line_1_92' title="bbox 476 4512 2048 4587; baseline 0.009 -24"><span class='ocrx_word' id='word_1_644' title='bbox 476 4512 748 4582; x_wconf 71' lang='grc' dir='ltr'>ἱερατικὸν</span> <span class='ocrx_word' id='word_1_645' title='bbox 781 4515 814 4584; x_wconf 81' lang='grc' dir='ltr'><strong>ἢ</strong></span> <span class='ocrx_word' id='word_1_646' title='bbox 852 4516 1300 4584; x_wconf 82' lang='grc' dir='ltr'>ἐκκλησιαστικὸν</span> <span class='ocrx_word' id='word_1_647' title='bbox 1326 4516 1466 4579; x_wconf 83' lang='grc' dir='ltr'>ὅλως</span> <span class='ocrx_word' id='word_1_648' title='bbox 1514 4518 1607 4570; x_wconf 80' lang='grc' dir='ltr'>ἐπὶ</span> <span class='ocrx_word' id='word_1_649' title='bbox 1638 4519 1914 4587; x_wconf 81' lang='grc' dir='ltr'>ἀνατροπῇ</span> <span class='ocrx_word' id='word_1_650' title='bbox 1950 4517 2048 4587; x_wconf 80' lang='grc' dir='ltr'>τῆς</span> 
     </span>
    </p>
   </div>
   <div class='ocr_carea' id='block_1_93' title="bbox 474 4605 2052 4678">
    <p class='ocr_par' dir='ltr' id='par_1_93' title="bbox 474 4605 2052 4678">
     <span class='ocr_line' id='line_1_93' title="bbox 474 4605 2052 4678; baseline 0.002 -22"><span class='ocrx_word' id='word_1_651' title='bbox 474 4605 938 4675; x_wconf 83' lang='grc' dir='ltr'>ἐκκλησιαστικῆς</span> <span class='ocrx_word' id='word_1_652' title='bbox 974 4608 1381 4671; x_wconf 88' lang='grc' dir='ltr'>καταστάσεως,</span> <span class='ocrx_word' id='word_1_653' title='bbox 1438 4610 1512 4669; x_wconf 86' lang='grc' dir='ltr'>ὡς</span> <span class='ocrx_word' id='word_1_654' title='bbox 1545 4607 1794 4661; x_wconf 87' lang='grc' dir='ltr'>ἐντεῦθεν</span> <span class='ocrx_word' id='word_1_655' title='bbox 1822 4624 2052 4678; x_wconf 89' lang='grc' dir='ltr'>παρεισ-</span> 
     </span>
    </p>
   </div>
   <div class='ocr_carea' id='block_1_94' title="bbox 474 4696 2051 4769">
    <p class='ocr_par' dir='ltr' id='par_1_94' title="bbox 474 4696 2051 4769">
     <span class='ocr_line' id='line_1_94' title="bbox 474 4696 2051 4769; baseline 0.003 -21"><span class='ocrx_word' id='word_1_656' title='bbox 474 4696 707 4766; x_wconf 84' lang='grc' dir='ltr'>αχθῆναι</span> <span class='ocrx_word' id='word_1_657' title='bbox 759 4698 921 4751; x_wconf 80' lang='grc' dir='ltr'>πάλιν</span> <span class='ocrx_word' id='word_1_658' title='bbox 957 4698 1229 4752; x_wconf 86' lang='grc' dir='ltr'>σκάνδαλα</span> <span class='ocrx_word' id='word_1_659' title='bbox 1263 4701 1357 4754; x_wconf 73' lang='grc' dir='ltr'>καὶ</span> <span class='ocrx_word' id='word_1_660' title='bbox 1424 4700 1694 4769; x_wconf 83' lang='grc' dir='ltr'>ὀχλήσεις,</span> <span class='ocrx_word' id='word_1_661' title='bbox 1725 4702 1755 4754; x_wconf 91' lang='lat'>6</span> <span class='ocrx_word' id='word_1_662' title='bbox 1812 4700 2051 4763; x_wconf 87' lang='grc' dir='ltr'>τοιοῦτος</span> 
     </span>
    </p>
   </div>
   <div class='ocr_carea' id='block_1_95' title="bbox 476 4790 2059 4863">
    <p class='ocr_par' dir='ltr' id='par_1_95' title="bbox 476 4790 2059 4863">
     <span class='ocr_line' id='line_1_95' title="bbox 476 4790 2059 4863; baseline 0.002 -20"><span class='ocrx_word' id='word_1_663' title='bbox 476 4790 634 4856; x_wconf 80' lang='grc' dir='ltr'>ἀξίαν</span> <span class='ocrx_word' id='word_1_664' title='bbox 703 4791 1071 4860; x_wconf 86' lang='grc' dir='ltr'>ὐποστήσεται</span> <span class='ocrx_word' id='word_1_665' title='bbox 1120 4791 1218 4862; x_wconf 85' lang='grc' dir='ltr'>τὴν</span> <span class='ocrx_word' id='word_1_666' title='bbox 1283 4794 1578 4863; x_wconf 82' lang='grc' dir='ltr'>κανονικὴν</span> <span class='ocrx_word' id='word_1_667' title='bbox 1632 4794 1901 4863; x_wconf 68' lang='grc' dir='ltr'>τιμωρίαν</span> <span class='ocrx_word' id='word_1_668' title='bbox 1955 4799 2059 4846; x_wconf 73' lang='grc' dir='ltr'>καὶ·</span> 
     </span>
    </p>
   </div>
   <div class='ocr_carea' id='block_1_96' title="bbox 475 4881 2049 4954">
    <p class='ocr_par' dir='ltr' id='par_1_96' title="bbox 475 4881 2049 4954">
     <span class='ocr_line' id='line_1_96' title="bbox 475 4881 2049 4954; baseline 0.002 -20"><span class='ocrx_word' id='word_1_669' title='bbox 475 4881 823 4947; x_wconf 79' lang='grc' dir='ltr'>ἐπεξέλευσιν</span> <span class='ocrx_word' id='word_1_670' title='bbox 852 4883 1004 4950; x_wconf 77' lang='grc' dir='ltr'>παρά</span> <span class='ocrx_word' id='word_1_671' title='bbox 1042 4885 1140 4950; x_wconf 76' lang='grc' dir='ltr'>τῆς</span> <span class='ocrx_word' id='word_1_672' title='bbox 1196 4884 1351 4953; x_wconf 82' lang='grc' dir='ltr'>ἡμῶν</span> <span class='ocrx_word' id='word_1_673' title='bbox 1404 4886 1756 4954; x_wconf 82' lang='grc' dir='ltr'>μετριότητος</span> <span class='ocrx_word' id='word_1_674' title='bbox 1808 4887 1901 4937; x_wconf 78' lang='grc' dir='ltr'>καὶ</span> <span class='ocrx_word' id='word_1_675' title='bbox 1950 4885 2049 4953; x_wconf 75' lang='grc' dir='ltr'>τῆς</span> 
     </span>
    </p>
   </div>
   <div class='ocr_carea' id='block_1_97' title="bbox 479 4971 2051 5042">
    <p class='ocr_par' dir='ltr' id='par_1_97' title="bbox 479 4971 2051 5042">
     <span class='ocr_line' id='line_1_97' title="bbox 479 4971 2051 5042; baseline 0.002 -19"><span class='ocrx_word' id='word_1_676' title='bbox 479 4973 610 5041; x_wconf 80' lang='grc' dir='ltr'>περὶ</span> <span class='ocrx_word' id='word_1_677' title='bbox 639 4972 808 5041; x_wconf 84' lang='grc' dir='ltr'>αὐτὴν</span> <span class='ocrx_word' id='word_1_678' title='bbox 853 4971 1001 5034; x_wconf 87' lang='grc' dir='ltr'>θείας</span> <span class='ocrx_word' id='word_1_679' title='bbox 1046 4974 1139 5026; x_wconf 71' lang='grc' dir='ltr'>καὶ</span> <span class='ocrx_word' id='word_1_680' title='bbox 1194 4976 1345 5041; x_wconf 81' lang='grc' dir='ltr'>ἱερᾶς</span> <span class='ocrx_word' id='word_1_681' title='bbox 1391 4975 1631 5037; x_wconf 84' lang='grc' dir='ltr'>συνόδου,</span> <span class='ocrx_word' id='word_1_682' title='bbox 1676 4974 1751 5037; x_wconf 82' lang='grc' dir='ltr'>ὡς</span> <span class='ocrx_word' id='word_1_683' title='bbox 1785 4975 2051 5042; x_wconf 82' lang='grc' dir='ltr'>ἀθετητὴς</span> 
     </span>
    </p>
   </div>
   <div class='ocr_carea' id='block_1_98' title="bbox 477 5064 2047 5136">
    <p class='ocr_par' dir='ltr' id='par_1_98' title="bbox 477 5064 2047 5136">
     <span class='ocr_line' id='line_1_98' title="bbox 477 5064 2047 5136; baseline 0 -19"><span class='ocrx_word' id='word_1_684' title='bbox 477 5066 569 5117; x_wconf 78' lang='grc' dir='ltr'>καὶ</span> <span class='ocrx_word' id='word_1_685' title='bbox 592 5066 808 5119; x_wconf 81' lang='grc' dir='ltr'>ἐναντία</span> <span class='ocrx_word' id='word_1_686' title='bbox 842 5064 1057 5134; x_wconf 77' lang='grc' dir='ltr'>φρονῶν</span> <span class='ocrx_word' id='word_1_687' title='bbox 1086 5068 1151 5133; x_wconf 80' lang='grc' dir='ltr'>τῇ</span> <span class='ocrx_word' id='word_1_688' title='bbox 1188 5067 1319 5136; x_wconf 82' lang='grc' dir='ltr'>ἁγίᾳ</span> <span class='ocrx_word' id='word_1_689' title='bbox 1349 5067 1445 5119; x_wconf 90' lang='grc' dir='ltr'>τοῦ</span> <span class='ocrx_word' id='word_1_690' title='bbox 1494 5067 1736 5136; x_wconf 77' lang='grc' dir='ltr'>Χριστοῦ</span> <span class='ocrx_word' id='word_1_691' title='bbox 1787 5066 2047 5135; x_wconf 78' lang='grc' dir='ltr'>καθολικῇ</span> 
     </span>
    </p>
   </div>
   <div class='ocr_carea' id='block_1_99' title="bbox 481 5152 2051 5226">
    <p class='ocr_par' dir='ltr' id='par_1_99' title="bbox 481 5152 2051 5226">
     <span class='ocr_line' id='line_1_99' title="bbox 481 5152 2051 5226; baseline 0.003 -22"><span class='ocrx_word' id='word_1_692' title='bbox 481 5156 577 5207; x_wconf 69' lang='grc' dir='ltr'>καὶ</span> <span class='ocrx_word' id='word_1_693' title='bbox 607 5152 941 5224; x_wconf 84' lang='grc' dir='ltr'>ἀποστολικῇ</span> <span class='ocrx_word' id='word_1_694' title='bbox 982 5154 1299 5224; x_wconf 75' lang='grc' dir='ltr'>Ἐκκλησία,</span> <span class='ocrx_word' id='word_1_695' title='bbox 1330 5158 1423 5208; x_wconf 67' lang='grc' dir='ltr'>καὶ</span> <span class='ocrx_word' id='word_1_696' title='bbox 1453 5156 1775 5226; x_wconf 78' lang='grc' dir='ltr'>βουλόμενος</span> <span class='ocrx_word' id='word_1_697' title='bbox 1802 5156 2051 5209; x_wconf 81' lang='grc' dir='ltr'>ἐντεῦθεν</span> 
     </span>
    </p>
   </div>
   <div class='ocr_carea' id='block_1_100' title="bbox 480 5238 2050 5321">
    <p class='ocr_par' dir='ltr' id='par_1_100' title="bbox 480 5238 2050 5321">
     <span class='ocr_line' id='line_1_100' title="bbox 480 5238 2050 5321; baseline 0.003 -24"><span class='ocrx_word' id='word_1_698' title='bbox 480 5238 747 5321; x_wconf 82' lang='grc' dir='ltr'>σύγχυσιν</span> <span class='ocrx_word' id='word_1_699' title='bbox 793 5246 887 5298; x_wconf 63' lang='grc' dir='ltr'>κοιλ⁴</span> <span class='ocrx_word' id='word_1_700' title='bbox 948 5248 1193 5315; x_wconf 81' lang='grc' dir='ltr'>ταραχὴν</span> <span class='ocrx_word' id='word_1_701' title='bbox 1241 5247 1336 5299; x_wconf 78' lang='grc' dir='ltr'>καὶ</span> <span class='ocrx_word' id='word_1_702' title='bbox 1393 5248 1600 5317; x_wconf 76' lang='grc' dir='ltr'>φθοράν</span> <span class='ocrx_word' id='word_1_703' title='bbox 1652 5248 1932 5317; x_wconf 80' lang='grc' dir='ltr'>προξενεῖν</span> <span class='ocrx_word' id='word_1_704' title='bbox 1975 5248 2050 5317; x_wconf 83' lang='grc' dir='ltr'>τῷ</span> 
     </span>
    </p>
   </div>
   <div class='ocr_carea' id='block_1_101' title="bbox 478 5336 2052 5408">
    <p class='ocr_par' dir='ltr' id='par_1_101' title="bbox 478 5336 2052 5408">
     <span class='ocr_line' id='line_1_101' title="bbox 478 5336 2052 5408; baseline 0.004 -21"><span class='ocrx_word' id='word_1_705' title='bbox 478 5336 587 5388; x_wconf 90' lang='grc' dir='ltr'>τῶν</span> <span class='ocrx_word' id='word_1_706' title='bbox 656 5336 876 5390; x_wconf 81' lang='grc' dir='ltr'>Ῥώσων</span> <span class='ocrx_word' id='word_1_707' title='bbox 933 5338 1308 5407; x_wconf 85' lang='grc' dir='ltr'>Χριστιανικῷ</span> <span class='ocrx_word' id='word_1_708' title='bbox 1364 5340 1533 5406; x_wconf 75' lang='grc' dir='ltr'>γένει.</span> <span class='ocrx_word' id='word_1_709' title='bbox 1609 5339 1771 5408; x_wconf 71' lang='grc' dir='ltr'>Ἀλλὰ</span> <span class='ocrx_word' id='word_1_710' title='bbox 1850 5338 2052 5393; x_wconf 84' lang='grc' dir='ltr'>τούτων</span> 
     </span>
    </p>
   </div>
   <div class='ocr_carea' id='block_1_102' title="bbox 477 5425 2051 5503">
    <p class='ocr_par' dir='ltr' id='par_1_102' title="bbox 477 5425 2051 5503">
     <span class='ocr_line' id='line_1_102' title="bbox 477 5425 2051 5503; baseline 0.003 -25"><span class='ocrx_word' id='word_1_711' title='bbox 477 5425 619 5481; x_wconf 77' lang='grc' dir='ltr'>οὕτω</span> <span class='ocrx_word' id='word_1_712' title='bbox 653 5429 961 5497; x_wconf 74' lang='grc' dir='ltr'>γενομένων</span> <span class='ocrx_word' id='word_1_713' title='bbox 991 5430 1086 5483; x_wconf 82' lang='grc' dir='ltr'>καὶ</span> <span class='ocrx_word' id='word_1_714' title='bbox 1141 5432 1663 5496; x_wconf 82' lang='grc' dir='ltr'>ἀποκαταστάντων,</span> <span class='ocrx_word' id='word_1_715' title='bbox 1720 5431 1777 5483; x_wconf 83' lang='grc' dir='ltr'>ὃν</span> <span class='ocrx_word' id='word_1_716' title='bbox 1836 5434 2051 5503; x_wconf 72' lang='grc' dir='ltr'>εἴρηται</span> 
     </span>
    </p>
   </div>
   <div class='ocr_carea' id='block_1_103' title="bbox 480 5519 2053 5593">
    <p class='ocr_par' dir='ltr' id='par_1_103' title="bbox 480 5519 2053 5593">
     <span class='ocr_line' id='line_1_103' title="bbox 480 5519 2053 5593; baseline 0.004 -23"><span class='ocrx_word' id='word_1_717' title='bbox 480 5520 700 5587; x_wconf 82' lang='grc' dir='ltr'>τρόπον,</span> <span class='ocrx_word' id='word_1_718' title='bbox 736 5520 763 5571; x_wconf 88' lang='lat'>6</span> <span class='ocrx_word' id='word_1_719' title='bbox 796 5519 896 5588; x_wconf 88' lang='grc' dir='ltr'>μὲν</span> <span class='ocrx_word' id='word_1_720' title='bbox 930 5520 1221 5591; x_wconf 78' lang='grc' dir='ltr'>ἱερώτατος</span> <span class='ocrx_word' id='word_1_721' title='bbox 1254 5523 1663 5593; x_wconf 84' lang='grc' dir='ltr'>μητροπολίτης</span> <span class='ocrx_word' id='word_1_722' title='bbox 1697 5525 1910 5577; x_wconf 69' lang='grc' dir='ltr'>Ιίυέϐου</span> <span class='ocrx_word' id='word_1_723' title='bbox 1957 5525 2053 5578; x_wconf 81' lang='grc' dir='ltr'>καὶ</span> 
     </span>
    </p>
   </div>
   <div class='ocr_carea' id='block_1_104' title="bbox 484 5611 2049 5684">
    <p class='ocr_par' dir='ltr' id='par_1_104' title="bbox 484 5611 2049 5684">
     <span class='ocr_line' id='line_1_104' title="bbox 484 5611 2049 5684; baseline 0.003 -21"><span class='ocrx_word' id='word_1_724' title='bbox 484 5611 659 5679; x_wconf 81' lang='grc' dir='ltr'>πάσης</span> <span class='ocrx_word' id='word_1_725' title='bbox 684 5611 1005 5675; x_wconf 70' lang='grc' dir='ltr'>ἐΡωσίας,ό</span> <span class='ocrx_word' id='word_1_726' title='bbox 1051 5612 1155 5679; x_wconf 83' lang='grc' dir='ltr'>κῦρ</span> <span class='ocrx_word' id='word_1_727' title='bbox 1218 5614 1474 5681; x_wconf 77' lang='grc' dir='ltr'>Ἀλέξιος,</span> <span class='ocrx_word' id='word_1_728' title='bbox 1538 5616 1850 5684; x_wconf 83' lang='grc' dir='ltr'>εὑρίσκεται</span> <span class='ocrx_word' id='word_1_729' title='bbox 1912 5615 2049 5667; x_wconf 79' lang='grc' dir='ltr'>κατὰ</span> 
     </span>
    </p>
   </div>
   <div class='ocr_carea' id='block_1_105' title="bbox 2150 4501 3732 4578">
    <p class='ocr_par' dir='ltr' id='par_1_105' title="bbox 2150 4501 3732 4578">
     <span class='ocr_line' id='line_1_105' title="bbox 2150 4501 3732 4578; baseline -0.005 -19"><span class='ocrx_word' id='word_1_730' title='bbox 2150 4506 2249 4576; x_wconf 83' lang='grc' dir='ltr'>τὴν</span> <span class='ocrx_word' id='word_1_731' title='bbox 2282 4506 2504 4578; x_wconf 77' lang='grc' dir='ltr'>μείζονα</span> <span class='ocrx_word' id='word_1_732' title='bbox 2549 4507 2857 4575; x_wconf 83' lang='grc' dir='ltr'>ἐπισκοπὴν</span> <span class='ocrx_word' id='word_1_733' title='bbox 2895 4506 2992 4572; x_wconf 77' lang='grc' dir='ltr'>τῆς</span> <span class='ocrx_word' id='word_1_734' title='bbox 3026 4505 3279 4567; x_wconf 82' lang='grc' dir='ltr'>Ῥωσίας,</span> <span class='ocrx_word' id='word_1_735' title='bbox 3314 4501 3406 4554; x_wconf 82' lang='grc' dir='ltr'>τοῦ</span> <span class='ocrx_word' id='word_1_736' title='bbox 3453 4501 3732 4569; x_wconf 82' lang='grc' dir='ltr'>Μπριανί-</span> 
     </span>
    </p>
   </div>
   <div class='ocr_carea' id='block_1_106' title="bbox 2152 4584 3731 4669">
    <p class='ocr_par' dir='ltr' id='par_1_106' title="bbox 2152 4584 3731 4669">
     <span class='ocr_line' id='line_1_106' title="bbox 2152 4584 3731 4669; baseline -0.006 -19"><span class='ocrx_word' id='word_1_737' title='bbox 2152 4615 2313 4663; x_wconf 90' lang='grc' dir='ltr'>σκου,</span> <span class='ocrx_word' id='word_1_738' title='bbox 2356 4598 2745 4669; x_wconf 85' lang='grc' dir='ltr'>ίδιοποιήσατο,</span> <span class='ocrx_word' id='word_1_739' title='bbox 2791 4597 3103 4668; x_wconf 85' lang='grc' dir='ltr'>ἀνήκουσαν</span> <span class='ocrx_word' id='word_1_740' title='bbox 3155 4593 3234 4663; x_wconf 82' lang='grc' dir='ltr'>τῷ</span> <span class='ocrx_word' id='word_1_741' title='bbox 3278 4584 3568 4663; x_wconf 15' lang='grc' dir='ltr'>νίερωτάτῳ</span> <span class='ocrx_word' id='word_1_742' title='bbox 3618 4609 3731 4660; x_wconf 81' lang='grc' dir='ltr'>μη-</span> 
     </span>
    </p>
   </div>
   <div class='ocr_carea' id='block_1_107' title="bbox 2151 4684 3731 4761">
    <p class='ocr_par' dir='ltr' id='par_1_107' title="bbox 2151 4684 3731 4761">
     <span class='ocr_line' id='line_1_107' title="bbox 2151 4684 3731 4761; baseline -0.006 -18"><span class='ocrx_word' id='word_1_743' title='bbox 2151 4690 2447 4761; x_wconf 84' lang='grc' dir='ltr'>τροπολίτῃ</span> <span class='ocrx_word' id='word_1_744' title='bbox 2478 4689 2695 4743; x_wconf 83' lang='grc' dir='ltr'>Κυέϐου</span> <span class='ocrx_word' id='word_1_745' title='bbox 2746 4690 2841 4743; x_wconf 83' lang='grc' dir='ltr'>καὶ</span> <span class='ocrx_word' id='word_1_746' title='bbox 2906 4690 3090 4759; x_wconf 86' lang='grc' dir='ltr'>πάσης</span> <span class='ocrx_word' id='word_1_747' title='bbox 3164 4686 3420 4747; x_wconf 84' lang='grc' dir='ltr'>Ῥωσίας,</span> <span class='ocrx_word' id='word_1_748' title='bbox 3492 4684 3568 4753; x_wconf 81' lang='grc' dir='ltr'>τῷ</span> <span class='ocrx_word' id='word_1_749' title='bbox 3618 4684 3731 4752; x_wconf 84' lang='grc' dir='ltr'>κῦρ</span> 
     </span>
    </p>
   </div>
   <div class='ocr_carea' id='block_1_108' title="bbox 2164 4777 3733 4853">
    <p class='ocr_par' dir='ltr' id='par_1_108' title="bbox 2164 4777 3733 4853">
     <span class='ocr_line' id='line_1_108' title="bbox 2164 4777 3733 4853; baseline -0.006 -16"><span class='ocrx_word' id='word_1_750' title='bbox 2164 4784 2406 4853; x_wconf 76' lang='grc' dir='ltr'>Ἀλεξίφ,</span> <span class='ocrx_word' id='word_1_751' title='bbox 2438 4782 2530 4851; x_wconf 78' lang='grc' dir='ltr'>ἀφ’</span> <span class='ocrx_word' id='word_1_752' title='bbox 2552 4777 2613 4836; x_wconf 77' lang='grc' dir='ltr'>οὐ</span> <span class='ocrx_word' id='word_1_753' title='bbox 2639 4781 2883 4851; x_wconf 89' lang='grc' dir='ltr'>δηλονότι</span> <span class='ocrx_word' id='word_1_754' title='bbox 2906 4780 3217 4849; x_wconf 82' lang='grc' dir='ltr'>ὑφορῶνται</span> <span class='ocrx_word' id='word_1_755' title='bbox 3266 4779 3359 4830; x_wconf 82' lang='grc' dir='ltr'>καὶ</span> <span class='ocrx_word' id='word_1_756' title='bbox 3388 4778 3468 4829; x_wconf 79' lang='grc' dir='ltr'>ἔτι</span> <span class='ocrx_word' id='word_1_757' title='bbox 3502 4778 3733 4846; x_wconf 76' lang='grc' dir='ltr'>μείζονα</span> 
     </span>
    </p>
   </div>
   <div class='ocr_carea' id='block_1_109' title="bbox 2151 4868 3732 4946">
    <p class='ocr_par' dir='ltr' id='par_1_109' title="bbox 2151 4868 3732 4946">
     <span class='ocr_line' id='line_1_109' title="bbox 2151 4868 3732 4946; baseline -0.008 -16"><span class='ocrx_word' id='word_1_758' title='bbox 2151 4877 2219 4930; x_wconf 76' lang='grc' dir='ltr'>τὰ</span> <span class='ocrx_word' id='word_1_759' title='bbox 2252 4876 2398 4930; x_wconf 78' lang='grc' dir='ltr'>κακά</span> <span class='ocrx_word' id='word_1_760' title='bbox 2429 4875 2809 4946; x_wconf 84' lang='grc' dir='ltr'>προχωρήσειν</span> <span class='ocrx_word' id='word_1_761' title='bbox 2837 4872 3217 4940; x_wconf 73' lang='grc' dir='ltr'>καὶκαθολική</span> <span class='ocrx_word' id='word_1_762' title='bbox 3270 4887 3356 4933; x_wconf 87' lang='grc' dir='ltr'>τις</span> <span class='ocrx_word' id='word_1_763' title='bbox 3398 4868 3571 4938; x_wconf 77' lang='grc' dir='ltr'>φθορά</span> <span class='ocrx_word' id='word_1_764' title='bbox 3633 4869 3732 4919; x_wconf 70' lang='grc' dir='ltr'>καὶ</span> 
     </span>
    </p>
   </div>
   <div class='ocr_carea' id='block_1_110' title="bbox 2153 4950 3731 5040">
    <p class='ocr_par' dir='ltr' id='par_1_110' title="bbox 2153 4963 3731 5040">
     <span class='ocr_line' id='line_1_110' title="bbox 2153 4963 3731 5040; baseline -0.008 -17"><span class='ocrx_word' id='word_1_765' title='bbox 2153 4970 2471 5040; x_wconf 85' lang='grc' dir='ltr'>καινοτομία</span> <span class='ocrx_word' id='word_1_766' title='bbox 2500 4970 2608 5023; x_wconf 91' lang='grc' dir='ltr'>τῶν</span> <span class='ocrx_word' id='word_1_767' title='bbox 2638 4967 3110 5037; x_wconf 86' lang='grc' dir='ltr'>ἐκκλησιαστικῶν</span> <span class='ocrx_word' id='word_1_768' title='bbox 3161 4964 3505 5034; x_wconf 77' lang='grc' dir='ltr'>πραγμάτων</span> <span class='ocrx_word' id='word_1_769' title='bbox 3554 4963 3613 5013; x_wconf 83' lang='grc' dir='ltr'>ἐν</span> <span class='ocrx_word' id='word_1_770' title='bbox 3658 4964 3731 5028; x_wconf 78' lang='grc' dir='ltr'>τῇ</span> 
     </span>
    </p>
   </div>
   <div class='ocr_carea' id='block_1_111' title="bbox 2151 5053 3735 5134">
    <p class='ocr_par' dir='ltr' id='par_1_111' title="bbox 2151 5053 3735 5134">
     <span class='ocr_line' id='line_1_111' title="bbox 2151 5053 3735 5134; baseline -0.008 -18"><span class='ocrx_word' id='word_1_771' title='bbox 2151 5063 2250 5134; x_wconf 84' lang='grc' dir='ltr'>ὅλῃ</span> <span class='ocrx_word' id='word_1_772' title='bbox 2281 5062 2524 5133; x_wconf 73' lang='grc' dir='ltr'>ἐπαρχίᾳ</span> <span class='ocrx_word' id='word_1_773' title='bbox 2553 5062 2651 5129; x_wconf 80' lang='grc' dir='ltr'>τῆς</span> <span class='ocrx_word' id='word_1_774' title='bbox 2692 5061 2923 5122; x_wconf 86' lang='grc' dir='ltr'>Ῥωσίας</span> <span class='ocrx_word' id='word_1_775' title='bbox 2957 5075 2974 5092; x_wconf 88' lang='grc'>·</span> <span class='ocrx_word' id='word_1_776' title='bbox 3011 5061 3044 5127; x_wconf 86' lang='grc' dir='ltr'>ή</span> <span class='ocrx_word' id='word_1_777' title='bbox 3104 5057 3394 5126; x_wconf 87' lang='grc' dir='ltr'>μετριότης</span> <span class='ocrx_word' id='word_1_778' title='bbox 3442 5054 3623 5125; x_wconf 78' lang='grc' dir='ltr'>ήμῶν,</span> <span class='ocrx_word' id='word_1_779' title='bbox 3668 5053 3735 5104; x_wconf 76' lang='grc' dir='ltr'>ὃν</span> 
     </span>
    </p>
   </div>
   <div class='ocr_carea' id='block_1_112' title="bbox 2153 5141 3733 5224">
    <p class='ocr_par' dir='ltr' id='par_1_112' title="bbox 2153 5141 3733 5224">
     <span class='ocr_line' id='line_1_112' title="bbox 2153 5141 3733 5224; baseline -0.009 -17"><span class='ocrx_word' id='word_1_780' title='bbox 2153 5152 2368 5224; x_wconf 78' lang='grc' dir='ltr'>εἴρηται</span> <span class='ocrx_word' id='word_1_781' title='bbox 2398 5153 2625 5224; x_wconf 86' lang='grc' dir='ltr'>τρόπον,</span> <span class='ocrx_word' id='word_1_782' title='bbox 2657 5151 2932 5220; x_wconf 84' lang='grc' dir='ltr'>κηδομένη</span> <span class='ocrx_word' id='word_1_783' title='bbox 2957 5149 3050 5201; x_wconf 69' lang='grc' dir='ltr'>καὶ</span> <span class='ocrx_word' id='word_1_784' title='bbox 3077 5148 3459 5218; x_wconf 73' lang='grc' dir='ltr'>φροντίζουσα,</span> <span class='ocrx_word' id='word_1_785' title='bbox 3490 5141 3733 5214; x_wconf 85' lang='grc' dir='ltr'>Χριστοῦ</span> 
     </span>
    </p>
   </div>
   <div class='ocr_carea' id='block_1_113' title="bbox 2153 5235 3733 5316">
    <p class='ocr_par' dir='ltr' id='par_1_113' title="bbox 2153 5235 3733 5316">
     <span class='ocr_line' id='line_1_113' title="bbox 2153 5235 3733 5316; baseline -0.008 -19"><span class='ocrx_word' id='word_1_786' title='bbox 2153 5245 2354 5316; x_wconf 87' lang='grc' dir='ltr'>χάριτι,</span> <span class='ocrx_word' id='word_1_787' title='bbox 2383 5244 2483 5313; x_wconf 84' lang='grc' dir='ltr'>τῆς</span> <span class='ocrx_word' id='word_1_788' title='bbox 2513 5243 2737 5313; x_wconf 81' lang='grc' dir='ltr'>εἰρήνης</span> <span class='ocrx_word' id='word_1_789' title='bbox 2758 5243 2849 5294; x_wconf 79' lang='grc' dir='ltr'>καὶ</span> <span class='ocrx_word' id='word_1_790' title='bbox 2887 5240 3139 5306; x_wconf 72' lang='grc' dir='ltr'>ὁμονοίας</span> <span class='ocrx_word' id='word_1_791' title='bbox 3190 5238 3283 5292; x_wconf 85' lang='grc' dir='ltr'>τοῦ</span> <span class='ocrx_word' id='word_1_792' title='bbox 3338 5237 3436 5306; x_wconf 78' lang='grc' dir='ltr'>τῆς</span> <span class='ocrx_word' id='word_1_793' title='bbox 3492 5235 3733 5305; x_wconf 83' lang='grc' dir='ltr'>Ἐκκλη-</span> 
     </span>
    </p>
   </div>
   <div class='ocr_carea' id='block_1_114' title="bbox 2156 5323 3733 5406">
    <p class='ocr_par' dir='ltr' id='par_1_114' title="bbox 2156 5323 3733 5406">
     <span class='ocr_line' id='line_1_114' title="bbox 2156 5323 3733 5406; baseline -0.008 -16"><span class='ocrx_word' id='word_1_794' title='bbox 2156 5339 2275 5400; x_wconf 89' lang='grc' dir='ltr'>σίας</span> <span class='ocrx_word' id='word_1_795' title='bbox 2298 5336 2417 5389; x_wconf 84' lang='grc' dir='ltr'>ὅλου</span> <span class='ocrx_word' id='word_1_796' title='bbox 2443 5334 2834 5406; x_wconf 87' lang='grc' dir='ltr'>πληρώματος,</span> <span class='ocrx_word' id='word_1_797' title='bbox 2880 5331 3186 5400; x_wconf 76' lang='grc' dir='ltr'>ὀφείλοντος</span> <span class='ocrx_word' id='word_1_798' title='bbox 3243 5330 3299 5383; x_wconf 87' lang='grc' dir='ltr'>ἒν</span> <span class='ocrx_word' id='word_1_799' title='bbox 3347 5329 3509 5398; x_wconf 85' lang='grc' dir='ltr'>σῶμα</span> <span class='ocrx_word' id='word_1_800' title='bbox 3563 5323 3733 5389; x_wconf 71' lang='grc' dir='ltr'>εἶναι,</span> 
     </span>
    </p>
   </div>
   <div class='ocr_carea' id='block_1_115' title="bbox 2154 5418 3736 5495">
    <p class='ocr_par' dir='ltr' id='par_1_115' title="bbox 2154 5418 3736 5495">
     <span class='ocr_line' id='line_1_115' title="bbox 2154 5418 3736 5495; baseline -0.006 -14"><span class='ocrx_word' id='word_1_801' title='bbox 2154 5429 2248 5481; x_wconf 79' lang='grc' dir='ltr'>καὶ</span> <span class='ocrx_word' id='word_1_802' title='bbox 2276 5426 2583 5481; x_wconf 87' lang='grc' dir='ltr'>συνδείσθαι</span> <span class='ocrx_word' id='word_1_803' title='bbox 2617 5425 2697 5495; x_wconf 82' lang='grc' dir='ltr'>τῷ</span> <span class='ocrx_word' id='word_1_804' title='bbox 2734 5425 2833 5493; x_wconf 85' lang='grc' dir='ltr'>τῆς</span> <span class='ocrx_word' id='word_1_805' title='bbox 2867 5425 3093 5494; x_wconf 85' lang='grc' dir='ltr'>ἀγάπης</span> <span class='ocrx_word' id='word_1_806' title='bbox 3125 5424 3389 5493; x_wconf 75' lang='grc' dir='ltr'>ἀρῤήκτῳ</span> <span class='ocrx_word' id='word_1_807' title='bbox 3421 5418 3606 5488; x_wconf 79' lang='grc' dir='ltr'>δεσμῷ</span> <span class='ocrx_word' id='word_1_808' title='bbox 3635 5419 3736 5471; x_wconf 76' lang='grc' dir='ltr'>καὶ</span> 
     </span>
    </p>
   </div>
   <div class='ocr_carea' id='block_1_116' title="bbox 2154 5510 3737 5589">
    <p class='ocr_par' dir='ltr' id='par_1_116' title="bbox 2154 5510 3737 5589">
     <span class='ocr_line' id='line_1_116' title="bbox 2154 5510 3737 5589; baseline -0.005 -18"><span class='ocrx_word' id='word_1_809' title='bbox 2154 5519 2300 5589; x_wconf 81' lang='grc' dir='ltr'>ἔχειν</span> <span class='ocrx_word' id='word_1_810' title='bbox 2371 5518 2625 5570; x_wconf 88' lang='grc' dir='ltr'>ἐντεῦθεν</span> <span class='ocrx_word' id='word_1_811' title='bbox 2680 5517 2771 5569; x_wconf 77' lang='grc' dir='ltr'>τὸν</span> <span class='ocrx_word' id='word_1_812' title='bbox 2838 5517 3236 5584; x_wconf 83' lang='grc' dir='ltr'>ἀκρογωνιαῖον</span> <span class='ocrx_word' id='word_1_813' title='bbox 3289 5514 3436 5566; x_wconf 85' lang='grc' dir='ltr'>λίθον</span> <span class='ocrx_word' id='word_1_814' title='bbox 3492 5510 3737 5580; x_wconf 78' lang='grc' dir='ltr'>Χριστὸν</span> 
     </span>
    </p>
   </div>
   <div class='ocr_carea' id='block_1_117' title="bbox 2153 5594 3739 5681">
    <p class='ocr_par' dir='ltr' id='par_1_117' title="bbox 2153 5594 3739 5681">
     <span class='ocr_line' id='line_1_117' title="bbox 2153 5594 3739 5681; baseline -0.003 -19"><span class='ocrx_word' id='word_1_815' title='bbox 2153 5612 2418 5681; x_wconf 71' lang='grc' dir='ltr'>κεφαλὴν,</span> <span class='ocrx_word' id='word_1_816' title='bbox 2451 5594 2566 5678; x_wconf 75' lang='grc' dir='ltr'>ἃμα</span> <span class='ocrx_word' id='word_1_817' title='bbox 2617 5611 2671 5662; x_wconf 83' lang='grc' dir='ltr'>δὲ</span> <span class='ocrx_word' id='word_1_818' title='bbox 2730 5609 3081 5676; x_wconf 79' lang='grc' dir='ltr'>ἀναχαιτίσαι</span> <span class='ocrx_word' id='word_1_819' title='bbox 3139 5608 3456 5677; x_wconf 86' lang='grc' dir='ltr'>πειρωμένη</span> <span class='ocrx_word' id='word_1_820' title='bbox 3523 5605 3614 5656; x_wconf 74' lang='grc' dir='ltr'>καὶ</span> <span class='ocrx_word' id='word_1_821' title='bbox 3662 5606 3739 5657; x_wconf 69' lang='grc' dir='ltr'>τὰ</span> 
     </span>
    </p>
   </div>
   <div class='ocr_carea' id='block_1_118' title="bbox 482 5699 3735 5775">
    <p class='ocr_par' dir='ltr' id='par_1_118' title="bbox 482 5699 3735 5775">
     <span class='ocr_line' id='line_1_118' title="bbox 482 5699 3735 5775; baseline -0.002 -21"><span class='ocrx_word' id='word_1_822' title='bbox 482 5700 659 5755; x_wconf 82' lang='grc' dir='ltr'>πάντα</span> <span class='ocrx_word' id='word_1_823' title='bbox 709 5702 1031 5772; x_wconf 82' lang='grc' dir='ltr'>πειθόμενος</span> <span class='ocrx_word' id='word_1_824' title='bbox 1072 5707 1179 5767; x_wconf 80' lang='grc' dir='ltr'>τοῖς</span> <span class='ocrx_word' id='word_1_825' title='bbox 1233 5704 1610 5775; x_wconf 77' lang='grc' dir='ltr'>διαγνωσθεῖσι</span> <span class='ocrx_word' id='word_1_826' title='bbox 1664 5706 1974 5773; x_wconf 70' lang='grc' dir='ltr'>συνοδικῶς,</span> <span class='ocrx_word' id='word_1_827' title='bbox 2023 5708 2050 5759; x_wconf 83' lang='grc' dir='ltr'>ό</span> <span class='ocrx_word' id='word_1_828' title='bbox 2158 5704 2610 5775; x_wconf 45' lang='grc' dir='ltr'>μεσολαϐέγσαντα</span> <span class='ocrx_word' id='word_1_829' title='bbox 2643 5702 2911 5760; x_wconf 70' lang='grc' dir='ltr'>σκάνδαλα</span> <span class='ocrx_word' id='word_1_830' title='bbox 2936 5700 3135 5772; x_wconf 71' lang='grc' dir='ltr'>μεταξῦ</span> <span class='ocrx_word' id='word_1_831' title='bbox 3159 5701 3265 5754; x_wconf 90' lang='grc' dir='ltr'>τῶν</span> <span class='ocrx_word' id='word_1_832' title='bbox 3288 5702 3378 5753; x_wconf 75' lang='grc' dir='ltr'>δύο</span> <span class='ocrx_word' id='word_1_833' title='bbox 3403 5699 3735 5770; x_wconf 74' lang='grc' dir='ltr'>ἀρχιερέων,</span> 
     </span>
    </p>
   </div>
  </div>
