4078 6202
391 230 548 315 '1371

1487 248 1872 316 ΞΥΝΟΒῘΟΕ
1904 249 2580 320 CONSTITUTIONES.

3497 224 3644 339 13:3

400 357 903 428 συνδιασκεψαμένη
935 359 1004 412 τὰ
1050 358 1178 429 περὶ
1210 359 1402 413 τούτου
1458 364 1570 425 τοῖς
1629 365 1756 433 περὶ
1799 364 1968 434 αὐτὴν
1997 378 2043 436 Α
2083 383 2188 437 ριοι
2219 370 2360 422 κατά
2379 372 2476 441 τὴν
2503 371 2726 429 ἐνοῦσαν
2747 374 2928 443 αὐτοῖς
2953 379 3248 454 ἐμπειρίαν
3301 389 3394 441 καὶ
3444 390 3648 462 εἴδησιν

401 453 708 525 ἱερωτάτοις
742 451 1056 522 ἀρχιερεῦσι
1087 453 1180 505 καὶ
1202 453 1546 523 ύπερτίμοις,
1588 455 1730 508 κατά
1768 456 1972 526 Κύριον

398 545 704 613 ἀγαπητοῖς
734 543 982 610 ἀδελφοῖς
1005 543 1102 610 τῆς
1135 543 1294 612 ἡμῶν
1328 546 1682 615 μετριότητος
1711 551 1806 599 καὶ
1844 549 1971 600 συλ-

394 639 754 706 λειτουργοῖς,
790 633 866 702 τῷ
899 635 1161 698 Κυζίκου,
1192 635 1267 702 τῷ
1295 635 1661 705 Χαλκηδόνος,
1693 637 1769 708 τῷ
1834 640 1970 691 Πον.

392 723 880 793 τοηρακλείας,τῷ
939 724 1158 792 Βιζύης,
1215 724 1294 792 τῷ
1347 727 1443 777 καὶ
1505 726 1596 778 τὸν
1643 728 1806 781 τόπον
1871 730 1966 783 τοῦ

389 813 814 881 Σταυροπόλεως
839 812 1111 880 ἐπέχοντι,
1141 813 1219 883 τῷ
1266 814 1542 884 Βρύσεως,
1591 815 1668 884 τῷ
1726 817 1969 888 Κελτζη-

389 905 507 971 νῆς,
542 904 621 970 τῷ
646 905 1207 972 Χριστιανουπόλεως,
1233 907 1310 976 τῷ
1368 905 1688 974 Σουγδαίας,
1717 909 1794 977 τῷ
1836 911 1969 963 Ῥω·

390 997 527 1057 σίου,
565 995 640 1064 τῷ
677 997 931 1066 Μάκρης,
989 997 1068 1065 τῷ
1122 997 1294 1049 Γάνου
1361 999 1455 1050 καὶ
1515 999 1590 1068 τῷ
1651 1001 1967 1070 τιμιωτάτῳ

389 1085 684 1156 ὑποψηφίῳ
737 1087 838 1154 τῆς
892 1087 1200 1158 ἁγιωτάτης
1251 1089 1636 1158 μητροπόλεως
1687 1089 1963 1143 ’Θεσσαλοο

391 1178 571 1246 νίκης,
601 1178 1065 1247 ἐπευδοκήσαντος
1123 1180 1204 1242 είς
1226 1179 1387 1232 τοῦτο
1417 1180 1510 1232 τοῦ
1535 1183 1598 1234 ἐκ
1645 1181 1782 1235 Θεοῦ
1830 1200 1963 1252 κρα·

388 1269 570 1322 τίστου
601 1273 693 1322 καὶ¹
726 1270 882 1337 ἁγίου
906 1287 1006 1336 μου
1036 1271 1464 1341 αὐτοκράτορος,
1495 1273 1570 1336 ὡς
1626 1274 1960 1345 ἀποδεχομέ-

384 1380 474 1415 νου
501 1366 567 1431 τῇ
605 1361 831 1432 ὲμφύτῳ
863 1363 1028 1416 αὐτοῦ
1055 1365 1181 1432 περὶ
1230 1366 1299 1417 τὰ
1327 1366 1469 1418 καλὰ
1522 1369 1853 1438 χρηστότητι
1903 1370 1962 1423 τὸ

308 1490 310 1493 -
385 1454 480 1524 τῆς
509 1455 864 1524 εἰρήνηςηκαὶ
889 1456 1142 1524 ὁμονοίας
1159 1456 1324 1510 καλὸν
1355 1459 1446 1510 καὶ
1472 1459 1761 1513 διεκδικεῖν
1793 1462 1960 1514 σπεύ-

383 1543 560 1605 δοντος
591 1544 768 1596 πάντα
794 1545 862 1597 τὰ
891 1543 1323 1616 ἐκκλησίαστικά
1350 1548 1534 1602 δίκαια
1567 1552 1660 1604 καὶ
1687 1552 1958 1622 προνόμια

381 1635 473 1685 καὶ
511 1635 873 1703 ἐκλεξαμένου
896 1638 985 1689 τὸν
1011 1637 1337 1706 τιμιώτατον
1368 1641 1651 1692 σακελλίου
1707 1643 1804 1711 τῆς
1835 1643 1959 1697 καθ’

381 1728 528 1795 ήμᾶς
552 1727 866 1796 ἁγιωτάτης
898 1727 992 1781 τοῦ
1025 1728 1160 1784 Θεοῦ
1205 1730 1447 1801 μεγάλης
1484 1732 1813 1804 Ἐκκλησίας
1868 1739 1960 1791 καὶ
1991 1760 2034 1817 Β

381 1815 796 1885 συλλειτουργὸν
830 1818 923 1869 καὶ
977 1817 1068 1872 τὸν
1121 1823 1451 1889 τιμιώτατον
1511 1824 1792 1878 σακελλίου
1853 1828 1952 1896 τῆς

379 1904 500 1956 καθ’
533 1907 680 1974 ἡμᾶς
725 1906 1034 1976 ἁγιωτάτης
1062 1906 1157 1962 τοῦ
1206 1908 1342 1962 Θεοῦ
1370 1911 1653 1983 ⁹Μεγάλης
1723 1914 1951 1986 Ἐκκληι

379 1997 499 2058 σίας
529 1999 620 2048 καὶ
652 1995 1067 2065 δικαιοφύλακα,
1089 2000 1146 2051 ἐν
1179 1999 1317 2067 ἁγίῳ
1366 2002 1642 2073 Πνεύματι
1702 2008 1945 2073 γνησιώ-

375 2103 533 2139 τατον
565 2087 680 2140 υἱὸν
733 2087 832 2156 τῆς
867 2088 1024 2158 ἡμῶν
1085 2094 1460 2161 μετριότητος,
1520 2095 1621 2164 κῦρ
1676 2097 1714 2148 Γ
1719 2100 1947 2167 εώργιον

373 2177 620 2232 διάκονον
640 2179 731 2231 τὸν
765 2181 1059 2250 Περδίκην,
1093 2183 1185 2234 καὶ
1216 2182 1291 2246 ὡς
1324 2185 1576 2250 εὐλαϐεῖς
1625 2189 1719 2240 καὶ
1757 2190 1948 2260 χρησί-

376 2286 512 2338 μους
537 2271 632 2324 καὶ
666 2268 998 2339 ἀναγκαίους
1053 2273 1376 2345 ἀνθρώπους
1439 2278 1534 2331 καὶ
1592 2280 1800 2350 είδησιν
1847 2284 1947 2336 οὐκ

371 2359 560 2431 ὀλίγην
585 2365 962 2432 κεκτημένους
997 2367 1106 2420 τῶν
1140 2367 1304 2420 θείων
1338 2370 1432 2422 καὶ
1482 2372 1640 2441 ίερῶν
1682 2373 1945 2439 κανόνων,

371 2454 594 2522 ἔχοντας
621 2455 678 2506 δὲ
706 2456 801 2508 καὶ
849 2457 1027 2520 ἄλλως
1055 2459 1190 2512 πολὺ
1219 2459 1279 2511 τὸ
1315 2460 1628 2524 ἀξιόπιστον
1683 2465 1793 2518 ἀπὸ
1850 2467 1942 2520 τοῦ

370 2547 572 2615 τρόπου
647 2549 741 2601 καὶ
803 2552 900 2621 τῆς
957 2551 1227 2614 συνέσεως
1286 2553 1503 2619 αὐτῶν,
1563 2555 1942 2620 ἐξαπέστειλεν

371 2641 863 2710 ἀποκρισιαρίους,
927 2641 1068 2696 ὥστε
1141 2644 1473 2712 ποιήσασθαι
1531 2648 1632 2716 τὴν
1682 2648 1941 2721 τοιαύτην

370 2730 634 2795 ἐξέτασιν,
672 2734 865 2795 οἵτινες
899 2733 992 2786 καὶ
1038 2735 1344 2802 ὀφείλουσιν
1399 2739 1652 2791 ἀπελθεῖν
1714 2745 1792 2804 εἰς
1843 2745 1940 2812 τὴν

384 2817 612 2878 Ὶδωσίαν
647 2828 740 2877 καὶ
771 2825 1250 2896 προσκαλέσασθαι
1287 2829 1413 2892 τοὺς
1461 2831 1640 2884 ἐκεῖσε
1699 2832 1938 2902 θεοφιλε-

370 2918 594 2980 στάτους
629 2919 983 2983 ἐπισκόπους,
1011 2919 1171 2982 ὅσους
1224 2919 1285 2971 οὐ
1317 2922 1514 2976 κωλύει
1549 2923 1611 2976 τὸ
1661 2924 1794 2978 πολὺ
1839 2926 1938 2995 τῆς

366 3009 482 3062 ὀδοῦ
512 3012 684 3080 μῆκος
715 3012 794 3073 είς
823 3010 988 3064 ταυτὸ
1023 3013 1323 3080 συνελθεῖν,
1349 3015 1484 3069 ἀλλά
1537 3015 1600 3088 δὴ
1655 3017 1750 3072 καὶ
1812 3019 1936 3081 τοὺς

2072 460 2182 513 τῶν
2215 463 2374 516 θείων
2405 467 2498 518 καὶ
2538 468 2698 540 ίερῶν
2738 473 2999 540 κανόνων,
3049 477 3234 541 καθὼς
3288 460 3645 554 ἀνετέθησαν,

2075 554 2404 621 ποιήσασθαι
2435 557 2730 622 ἀκωλύτως
2765 561 2864 633 τὴν
2894 566 3155 636 τοιαύτην
3209 570 3455 635 ἐξέτασιν
3514 577 3668 640 ἐνώ-⁸

2072 659 2199 696 πιον
2236 646 2346 697 τῶν
2388 647 3160 720 θεοφιλεστάτων,ἐπισκόπων
3188 662 3283 714 καὶ
3324 664 3434 715 τῶν
3491 667 3648 734 εὐγε-

2071 736 2346 786 νεστάτων
2402 737 2613 805 ρηγῶν,
2671 740 2748 804 ὡς
2794 741 2861 796 ἂν
2913 744 3008 797 καὶ
3066 746 3243 812 οὕτως
3308 752 3398 805 τὸν
3445 756 3647 824 τρόπον

2069 822 2257 875 τοῦτον
2284 826 2491 895 ἐκκοπῇ
2536 830 2686 884 πᾶσα
2723 835 2993 901 πρόφασις
3037 840 3133 890 καὶ
3187 840 3398 912 αίτίαή
3453 847 3647 914 προξε-

2069 912 2235 964 νοῦσα
2262 915 2451 977 κακῶς
2477 918 2570 969 καὶ
2596 919 2963 988 ἄκανονίστως
2992 928 3058 979 τά
3090 927 3318 982 τοιαῦτα
3350 933 3642 992 σκάνδαλα.

2067 999 2163 1063 Είς
2190 1003 2298 1070 γάρ
2325 1003 2422 1073 τὴν
2457 1009 2586 1073 περὶ
2616 1009 2809 1063 τούτου
2851 1013 3157 1084 ἀσφάλειαν
3193 1021 3519 1077 ἀπολέλυται
3550 1028 3646 1079 καὶ

2070 1093 2100 1160 η
2130 1093 2382 1162 παροῦσα
2413 1097 2666 1168 συνοδικὴ
2715 1104 2934 1170 πρᾶξις,
2965 1112 3416 1180 καταστρωθεῖσα
3442 1118 3502 1168 ἑν
3566 1119 3643 1186 τῷ

2069 1182 2200 1252 ἱερῷ
2234 1183 2474 1254 κωδικίῳ
2504 1189 2640 1240 κατὰ
2678 1191 2822 1261 μῆνα
2863 1195 3085 1250 Ἰούλιον
3134 1199 3227 1252 τοῦ
3255 1202 3437 1273 ,ςωξθ’
3469 1204 3640 1269 ἔτους.

2134 1275 2174 1354 τι·
2213 1273 2355 1343 Εἶχε
2418 1279 2517 1332 καὶ
2575 1279 2673 1336 διά
2720 1285 2917 1366 τιμίας
2971 1293 3402 1364 πατριαρχικῆς
3441 1299 3643 1366 χειρὸς

2064 1367 2132 1420 τό
2159 1384 2173 1399 ⁸
2203 1369 2364 1437 Μηνὶ
2407 1370 2648 1439 Ἰουλίῳ
2699 1375 2814 1431 ινδ.
2850 1360 2941 1431 ιδ’.

2060 1525 2308 1615 XXXIX.
2337 1529 2670 1615 Ιξαίνὶιιιςείιαῖ
2708 1533 2895 1615 linem
2924 1540 2995 1615 αιί
3035 1529 3428 1615 ίιηρεναιονεηι,
3469 1553 3639 1606 comi-

2133 1597 2264 1676 tium
2324 1604 2373 1656 ei
2408 1603 2587 1657 dantis
2643 1606 2698 1656 in
2760 1609 2914 1664 rebus
2955 1597 3312 1670 lanu'ensium
3363 1597 3428 1672 et,
3475 1620 3638 1676 Vene-

2131 1675 2328 1726 lorum.

2206 1782 2499 1838 Πιττάκιον
2528 1791 2925 1862 πατριαρχικδν
2959 1794 3094 1866 πρὸς
3123 1795 3214 1850 τὸν
3248 1797 3494 1868 βασιλέα.

2124 1913 2165 1986 -ι-
2201 1917 2502 1988 Κράτιστε,
2533 1923 2813 1994 θεόσεπτε,
2864 1928 3199 1999 θεοδόξαστε,
3247 1933 3629 2012 θεοπρόὸλητε,

2053 2005 2472 2080 θεοκυϐέρνητε,
2501 2013 2923 2086 θεομεγάλυντε,
2948 2021 3070 2090 διγιέ
3107 2041 3208 2094 μου
3238 2005 3473 2081 δέσποτα
3533 2005 3630 2100 βαι

2054 2097 2225 2162 σιλεῦ,
2257 2100 2446 2168 ὐγείαν
2477 2106 2571 2157 καὶ
2617 2107 2886 2178 εὐθυμίαν
2931 2111 3134 2184 ψυχῆς,
3185 2114 3279 2168 τοῦ
3337 2117 3484 2171 θείου
3533 2097 3625 2174 σου
3718 2112 3723 2117 ’

2051 2191 2144 2241 καὶ
2170 2188 2449 2258 βασιλικοῦ
2479 2194 2729 2266 σώματος
2760 2201 2930 2269 ῥῶσιν
2958 2205 3052 2258 καὶ
3088 2206 3322 2273 εὐεξίαν,
3381 2211 3492 2264 τῶν
3521 2216 3625 2268 ἀνὰ

2047 2283 2239 2352 χεῖρας
2299 2290 2678 2358 προκειμένων
2740 2296 3085 2364 κοινο›φε).ὦν
3143 2299 3322 2370 ἔργων
3376 2302 3624 2376 εὐόδησιν

2046 2375 2138 2425 καὶ
2166 2377 2275 2428 πᾶν
2310 2378 2488 2443 ἀλλον,
2517 2382 2544 2433 ὅ
2572 2399 2622 2435 τι
2645 2383 2850 2466 ἀγαθον
2878 2387 2972 2440 καὶ
3007 2392 3295 2461 σωτήριον,
3320 2375 3617 2466 ἐπεύχεται

2043 2468 2107 2536 τῇ
2139 2469 2269 2538 ἁγίᾳ
2303 2470 2548 2539 βασιλεία
2577 2476 2608 2544 ή
2643 2457 2938 2548 μετρίότης
2976 2457 3438 2551 ήμῶν-άπδΘεοῦ
3459 2457 3618 2543 ’παν-

2042 2564 2392 2633 τοκράτορος.
2427 2565 2639 2621 Εἰδέναι
2662 2569 2965 2640 βουλόμεθα
2993 2573 3096 2644 τὴν
3153 2577 3216 2628 ἐκ
3264 2577 3399 2632 Θεοῦ
3447 2581 3624 2648 ἀγίανι

2043 2651 2321 2722 βασιλείαν
2353 2675 2466 2722 σου,
2501 2659 2582 2711 ὅτι
2615 2661 2752 2715 κατά
2781 2662 2873 2716 τὸν
2925 2663 3068 2718 θεῖον
3122 2668 3217 2720 καὶ
3259 2670 3454 2723 σεπτὸν
3505 2673 3619 2742 όρι-

2045 2739 2182 2808 σμὸν
2215 2740 2674 2817 διαμηνυθεῖσαὴ
2725 2753 3016 2820 μετριότης
3062 2754 3223 2824 ήμῶν
3279 2739 3618 2828 παρεγένετο

2043 2833 2121 2893 είς
2148 2834 2248 2903 τὴν
2291 2837 2595 2908 κρατίστην
2622 2841 2715 2892 καὶ
2743 2841 2902 2910 ἁγίαν
2939 2862 3039 2915 μου
3089 2848 3399 2906 δέσποιναν.
3445 2854 3618 2906 Συνα-

2041 2923 2398 2992 θροισθέντων
2428 2924 2524 2984 οῦν
2559 2933 2650 2984 καὶ
2685 2934 2794 2987 τῶν
2836 2937 2936 3004 τῆς
2977 2942 3283 3011 συγκλήτου
3316 2944 3614 3014 ἀρχόντων,

2041 3015 2338 3087 ἐλέχθησαν
2365 3021 2432 3071 τά
2464 3023 2592 3090 περὶ
2654 3023 2751 3092 τῆς
2810 3029 3131 3094 συμφωνίας
3203 3032 3299 3084 καὶ
3347 3039 3618 3089 καταστά-

364 3103 787 3169 εὐγενεστάτους
813 3103 1087 3170 μεγάλους
1111 3106 1320 3174 ῥῆγας,
1379 3108 1686 3173 ὀφείλοντος
1733 3109 1934 3177 ὁμοίως
1963 3092 2006 3150 C
2042 3116 2180 3164 σεως
2239 3104 2348 3154 τῶν
2390 3122 2446 3157 τε
2512 3107 2836 3164 Γεννουῖτῶν
2886 3113 2981 3165 καὶ
3029 3115 3289 3184 Βινετῶιι,
3343 3120 3491 3186 ὅπως
3555 3141 3615 3178 τε

363 3193 702 3262 ἐπιδημῆσαι
734 3193 802 3246 δι’
839 3195 1030 3248 ἑαυτοῦ
1093 3199 1172 3258 είς
1221 3198 1320 3265 τὴν
1377 3199 1634 3268 τοιαύτην
1680 3199 1934 3268 σύνταξιν

366 3286 460 3338 καὶ
500 3284 596 3337 τοῦ
631 3285 924 3355 ίερωτάτου
981 3287 1379 3358 μητροπολίτου
1428 3289 1532 3360 κῦρ
1577 3293 1854 3359 Ῥωμανοῦ
1899 3293 1932 3364 ἧ

360 3378 738 3444 ἐξαποστεῖλαι
788 3380 1020 3442 οίκείους
1073 3364 1393 3450 ἀνθρώπους
1457 3381 1574 3435 ἀντ’
1607 3384 1794 3446 αὐτοῦ,
1843 3384 1930 3436 ῐνα

359 3470 656 3534 ἐξετάσεως
685 3471 982 3542 γενομένης
1011 3471 1163 3542 παρὰ
1199 3473 1298 3525 τοῦ
1329 3474 1568 3526 τοιούτου
1602 3475 1934 3545 άποκρισια-

363 3563 480 3632 ρίου
516 3562 906 3632 ἀπροσπαθώς,
945 3564 1019 3627 ὡς
1051 3563 1145 3617 τοῦ
1176 3562 1311 3618 θεοῦ
1348 3563 1556 3618 ἀνωθεν
1605 3565 1930 3634 ἐφορῶντος,

360 3659 624 3725 παρόντος
650 3661 742 3711 καὶ
778 3656 871 3710 τοῦ
904 3659 1107 3729 μέρους
1158 3658 1252 3712 τοῦ
1296 3658 1404 3729 κῦρ
1462 3657 1745 3726 Ῥωμανοῦ
1799 3661 1932 3714 ἐνώ-

360 3769 482 3804 πιον
512 3753 620 3805 τῶν
650 3752 958 3821 μελλόντων
989 3753 1260 3807 συνελθεῖν
1315 3753 1751 3823 θεοφιλεστάτων
1802 3757 1924 3808 ἐπι-

360 3844 581 3895 σκόπων
616 3847 706 3898 καὶ
736 3844 1145 3911 εὐγενεστάτων
1171 3845 1358 3914 ρηγῶν
1393 3845 1580 3899 ἕνεκεν
1609 3849 1707 3917 τῆς
1746 3846 1930 3900 τοιαύ-

355 3951 455 4004 της
487 3935 817 4001 ὑποθέσεως,
867 3935 1095 4004 γένηται
1126 3935 1404 4004 ἔγγραφος
1438 3936 1928 4008 κατησφαλισμένη

358 4025 636 4093 μαρτυρία
671 4027 763 4076 καὶ
799 4025 1254 4094 παρασημείωσις
1283 4025 1499 4077 πάντων
1530 4028 1638 4080 τῶν
1689 4026 1927 4098 λαληθηιι

358 4114 601 4182 σομένων
632 4114 727 4188 κα).
769 4113 1286 4182 ἐξετασθησομένων
1341 4113 1500 4185 χάριν
1527 4115 1634 4168 τῶν
1673 4119 1927 4171 τοιούτων

353 4208 716 4274 αἱτιαμάτων,
786 4205 1238 4276 πιστωθησομένη
1297 4207 1394 4258 καὶ
1449 4206 1793 4277 ὑπογραφαῖς
1855 4210 1931 4261 οίυ

354 4299 674 4368 κειοχείροις
727 4299 834 4350 τῶν
869 4315 927 4350 τε
987 4299 1417 4367 θεοφιλεστάτων
1465 4300 1777 4352 ἐπισκόπων
1833 4301 1927 4354 καὶ

350 4393 464 4444 τῶν
494 4393 899 4456 εὐγενεστάτων
950 4393 1134 4463 ῥηγῶν
1175 4392 1266 4445 καὶ
1321 4393 1522 4461 ἐτέρων
1567 4392 1923 4458 ἀξιοπίστων,

351 4485 427 4546 ὼς
450 4485 513 4538 ἂν
545 4484 750 4553 ταύτης
781 4483 1223 4554 διακομισθείσης
1257 4483 1394 4552 πρός
1425 4499 1482 4536 τε
1513 4483 1604 4536 τὸν
1634 4486 1926 4553 κράτιστον

353 4581 448 4630 καὶ
501 4577 663 4645 ἅγιόν
711 4594 814 4645 μου
871 4576 1248 4646 αὐτοκράτορα
1296 4579 1390 4629 καὶ
1437 4579 1572 4646 πρὸς
1631 4578 1731 4646 τὴν
1771 4575 1925 4646 ἡμῶν

353 4671 684 4739 μετριότητα
710 4671 806 4722 καὶ
836 4669 934 4738 τὴν
961 4669 1089 4738 περὶ
1116 4667 1282 4738 αὐτὴν
1312 4669 1460 4722 θείαν
1497 4670 1590 4720 καὶ
1614 4669 1765 4738 ίεραν
1799 4669 1926 4720 σύν-

349 4764 470 4815 οδον
523 4765 676 4833 παρὰ
723 4762 830 4814 τῶν
880 4763 1138 4814 τοιούτων
1198 4763 1655 4846 ἀποκρισιαρίων,
1706 4759 1924 4815 ἀκινδύ-

351 4872 456 4915 νως
491 4854 585 4906 σὺν
611 4852 832 4924 βοηθείᾳ
860 4853 994 4904 Θεοῦ
1028 4855 1576 4924 ἐπαναστραφὲντων,
1612 4853 1838 4924 γένηται
1865 4856 1924 4905 τὸ

348 4943 506 5007 δόξαν
535 4947 601 5014 τῇ
631 4945 753 5014 θείᾳ
781 4945 876 4996 καὶ⁵
904 4942 1023 5012 ίερᾷ
1058 4943 1258 5013 συνόδῳ
1289 4947 1428 4998 κατά
1457 4948 1557 5005 τὴν
1606 4944 1714 4998 τῶν
1768 4946 1925 4999 θείων

349 5036 446 5087 καὶ
475 5037 634 5102 ἱερῶν
659 5035 898 5088 κανόνων
921 5035 1204 5104 διαταγὴν,
1234 5038 1329 5089 καὶ
1356 5035 1626 5107 ἀφαιρεθῇ
1669 5037 1922 5091 ἐντεῦθεν

349 5131 385 5198 ἡ
420 5131 762 5200 ἐπερχομένη
795 5127 1018 5199 ὄχλησις
1047 5129 1187 5182 κατά
1220 5129 1312 5181 τοῦ
1379 5130 1763 5197 Χριστιανικοῦ
1824 5131 1923 5200 τῆς

361 5219 594 5281 Ῥωσίας
616 5220 826 5287 γένους.
863 5219 1032 5287 Εἴπερ
1063 5215 1156 5272 οῦν
1200 5218 1305 5270 οὐκ
1347 5218 1593 5289 ἐθελήσει
1622 5222 1651 5272 ὁ
1699 5221 1922 5292 ἱερώτα-

347 5327 437 5370 τος
474 5310 877 5379 μητροπολίτης
932 5310 1037 5378 κῦρ
1079 5310 1362 5378 Ῥωμανὺς
1394 5309 1458 5362 δι’
1489 5311 1684 5363 ἐαυτοῦ
1739 5329 1917 5381 παρα-

347 5400 600 5468 γενέσθαι
632 5402 712 5464 είς
738 5403 837 5470 τὴν
867 5399 1242 5470 γενησομένην
1273 5400 1544 5466 ἐξέτασιν,
1604 5402 1756 5471 παρὰ
1807 5402 1918 5457 τῶν

346 5490 604 5543 τοιούτων
634 5491 1068 5561 ἀποκρισιαρίων
1096 5491 1429 5560 μηνυμάτων
1459 5494 1768 5562 γενομένων
1821 5512 1916 5547 κα-

345 5581 573 5642 νονικῶς
614 5582 748 5651 πρὸς
785 5583 967 5646 αὐτὸν,
1002 5583 1033 5650 ἢ
1091 5585 1326 5646 οίκείους
1373 5583 1658 5653 ἐκπέμψαι
1709 5587 1916 5656 ἀνθρώ-

347 5689 483 5733 πους
509 5673 622 5724 ἀντ’
653 5673 842 5739 αὐτοῦ,
891 5675 1196 5742 ὀφείλουσιν
1227 5669 1367 5727 οῦτοι
1398 5675 1460 5745 δὴ
1491 5675 1536 5726 οί
1585 5677 1910 5745 ἀποκρισιά-

2039 3194 2679 3267 προσήκειπροχωρῆσαι
2707 3201 2879 3269 αὐτὴν
2912 3205 3004 3256 καὶ
3034 3207 3176 3258 κατά
3216 3211 3365 3262 ποῖον
3392 3213 3458 3281 δὴ
3491 3215 3617 3282 τρό-

2036 3300 2138 3339 πον
2195 3289 2661 3360 ἀποκαταστῆναι,
2720 3293 2804 3362 ἐφ’
2848 3291 2891 3363 ᾦ
2938 3297 3192 3368 οὐδεμίαν
3239 3301 3462 3372 ὄχλησιν
3521 3308 3616 3360 καὶ

2035 3377 2241 3446 ζημίαν
2277 3380 2528 3446 γενέσθαι
2549 3387 2661 3447 τοῖς
2701 3385 3014 3457 Ῥωμαίοις.
3052 3391 3274 3446 Τούτων
3320 3397 3413 3448 οὐν
3469 3397 3614 3454 οὕτω

2033 3470 2335 3539 λεχθέντων
2362 3473 2657 3544 διωρίσατο
2685 3480 2782 3532 καὶ
2832 3482 3216 3554 ἀπελογήσατο
3247 3488 3342 3541 καὶ
3393 3490 3426 3557 ἡ
3479 3490 3613 3558 ἁγία

2035 3579 2138 3632 μου
2159 3559 2434 3635 δέσποινα,
2469 3569 2564 3622 ἃτε
2607 3569 2671 3642 δὴ
2716 3572 2953 3637 διανοίας
3001 3576 3267 3648 ὀξυτάτης
3329 3578 3462 3634 οὖσα
3517 3581 3610 3633 καί

2035 3657 2308 3728 συνδρομῇ
2345 3659 2534 3712 πασῶν
2569 3663 2675 3714 τῶν
2722 3668 2959 3731 χαρίτων
3009 3670 3102 3721 καὶ
3155 3672 3463 3742 φρονήσεως
3524 3673 3611 3726 ἐπ’

2031 3745 2200 3816 ἀκρὸν
2221 3747 2453 3818 ἥκουσα,
2485 3755 2551 3822 τῇ
2580 3753 2675 3806 τοῦ
2704 3755 2841 3810 Θεοῦ
2890 3759 3096 3828 χάριτι,
3153 3764 3362 3834 ὅσαπερ
3417 3766 3608 3836 ἔμελλε

2032 3842 2128 3893 καὶ
2162 3843 2194 3912 ή
2227 3843 2355 3909 ἁγία
2380 3843 2626 3913 βασιλεία
2655 3864 2752 3901 σου
2787 3851 3038 3918 παροῦσα
3072 3853 3306 3909 ἐνταῦθα
3361 3858 3603 3928 διορίσα-

2033 3931 2178 3996 σθαι,
2213 3932 2411 4002 ἀδῆτα
2464 3938 2557 3990 καὶ
2584 3937 2844 4009 ἔστερξαν
2890 3946 2982 3994 καὶ
3036 3946 3082 3996 οξ
3144 3949 3242 4016 τῆς
3303 3951 3607 4020 συγκλήτου

2032 4020 2310 4092 ἄρχοντες.
2376 4027 2516 4098 Πρὸς
2566 4029 2692 4094 τοὺς
2743 4028 2838 4085 οὖν
2897 4035 3019 4097 τοὺς
3068 4042 3337 4105 τοιούτους
3392 4044 3606 4112 λόγους.

2032 4109 2179 4184 ἅπερ
2201 4113 2648 4190 ἀπελογήσατοή
2691 4124 2981 4194 μετριότης
3026 4128 3203 4196 ἡμῶν,
3262 4109 3606 4191 συντείνοντα

2031 4205 2111 4268 είς
2144 4206 2401 4262 σύστασιν
2432 4213 2525 4264 καὶ
2555 4212 2845 4282 ὠφέλειαν,
2880 4220 2974 4272 σὺν
3002 4219 3141 4289 Θεῷ,
3183 4223 3279 4292 τῆς
3329 4224 3607 4294 βασιλείας

2032 4298 2127 4350 καὶ
2159 4299 2266 4351 τῶν
2310 4302 2615 4369 Ῥωμαίων,
2650 4307 2820 4360 ταῦτά
2862 4311 2979 4362 ἐστι
3011 4326 3026 4341 ⁶
3061 4313 3277 4380 πρῶτον
3333 4317 3452 4384 μὲν,
3489 4319 3607 4372 δια-

2035 4388 2219 4457 μένειν
2250 4391 2346 4459 τὴν
2373 4394 2466 4444 τοῦ
2491 4394 2627 4447 Θεοῦ
2672 4397 2996 4468 Ἐκκλησίαν
3027 4406 3300 4475 ἀτάραχον
3355 4411 3451 4462 καὶ
3502 4412 3606 4478 ἔξω

2034 4480 2213 4550 πάσης
2233 4484 2548 4552 ἡστινοσοῦν
2573 4488 2833 4557 ἐπηρείας
2863 4491 2958 4562 τῆς
2989 4494 3095 4546 ἀπὸ
3151 4499 3260 4552 τῶν
3298 4503 3604 4557 Λατινικών

2030 4575 2354 4641 κινουμένης
2389 4575 2674 4645 δογμάτων
2702 4595 2716 4609 ’
2767 4579 2923 4634 τοῦτο
2956 4584 3012 4635 δὲ
3065 4585 3288 4658 εἴρηκεν
3321 4594 3352 4663 ἡ
3389 4598 3606 4664 μετριόι

2028 4677 2128 4730 της
2173 4663 2328 4731 ἡμῶν
2369 4667 2464 4737 οὐχ
2497 4671 2576 4720 ὅτι
2620 4669 2792 4735 ἄλλως
2829 4676 3039 4744 ἡγεῖται
3092 4681 3188 4751 τὴν
3237 4683 3398 4752 ἁγίαν
3449 4663 3574 4756 βασι

2027 4751 2176 4806 λείαν
2212 4771 2304 4806 σου
2337 4759 2461 4828 περὶ
2490 4759 2692 4813 τούτων
2713 4763 2877 4834 ἔχειν,
2908 4769 3075 4822 πάλαι
3105 4775 3213 4842 γὰρ
3256 4772 3364 4828 οἶδε
3391 4782 3599 4849 ταύτην

2027 4847 2373 4917 ἐμμένουσαν
2405 4852 2503 4921 μὲν
2532 4856 2643 4918 τοῖς
2674 4859 2947 4929 πατρῴοις
3004 4864 3239 4932 δόγμασι
3275 4871 3368 4922 καὶ
3433 4847 3597 4944 ἐστη-

2027 4941 2296 5010 ριγμένην
2335 4944 2392 4994 ἐν
2421 4946 2628 5011 τούτοις
2656 4951 2898 5018 παγίως,
2925 4956 3333 5015 ἀποδιώκουσαν
3380 4963 3437 5016 δὲ
3490 4941 3598 5018 πάν
3678 4983 3687 4996 ί

2023 5030 2305 5101 ἀλλότριον
2328 5031 2501 5103 δόγμα
2541 5037 2635 5088 καὶ
2686 5039 2836 5092 νόθον
2894 5044 2992 5114 τῆς
3038 5045 3131 5098 τοῦ
3183 5048 3316 5102 Θεοῦ
3373 5051 3598 5124 Ἐκκλη-

2025 5124 2168 5187 σίας,
2200 5123 2334 5177 ἀλλά
2363 5126 2448 5178 διά
2467 5129 2562 5191 τὰς
2585 5128 2876 5202 ὑπολήψεις
2895 5151 2951 5187 τε
2968 5137 3060 5189 καὶ
3079 5138 3335 5208 ὑποψίας,
3358 5141 3422 5204 ἀς
3439 5123 3596 5214 ἕχου-

2023 5233 2107 5268 σιν
2135 5219 2182 5269 οί
2224 5219 2426 5274 πολλοί.
2463 5223 2742 5294 Δεύτερον,
2778 5229 2872 5278 ἐπὶ
2905 5230 3114 5292 τούτοις
3143 5233 3307 5302 μηδὲν
3330 5235 3437 5287 τῶν
3465 5216 3595 5290 ὐπο-

2022 5311 2292 5378 κειμένων
2323 5317 2386 5383 τῇ
2408 5313 2654 5386 βασιλείᾳ
2689 5321 2782 5372 καὶ
2805 5324 2918 5382 τοῖς
2933 5321 3229 5390 ⁹Ρωμαίοις
3253 5329 3594 5395 πραγμάτων

2019 5399 2123 5452 ὐπὸ
2175 5402 2420 5467 ἐξουσίαν
2452 5406 2652 5480 ἑτέρων
2680 5411 2924 5479 ποιῆσαι.
2958 5410 3176 5480 Τρίτον,
3214 5417 3381 5485 μηδὲν
3405 5419 3588 5490 ἕτερον

2017 5493 2333 5561 προσθεῖναι
2392 5501 2685 5566 κεφάλαιον
2738 5501 2942 5570 μεῖξον,
2978 5504 3277 5576 ἐπειδήπερ
3333 5512 3390 5562 ἐν
3423 5513 3587 5583 πολλῇ

2016 5587 2110 5638 καὶ
2155 5589 2370 5662 μεγάλῃ
2402 5592 2578 5664 ἐνδείᾳ
2615 5593 2711 5648 καὶ⁵
2741 5597 3088 5669 ταλαιπωρίᾳ
3137 5600 3230 5652 καὶ
3261 5610 3592 5681 στενοχωρία

2017 5681 2082 5729 τα
2118 5680 2226 5731 τῶν
2267 5683 2553 5752 Ῥωμαίων
2588 5687 2747 5743 είσίν.
2786 5687 2927 5758 Πρὸς
2979 5690 3192 5754 τούτοις
3225 5694 3474 5761 γενέσθαι
3500 5680 3591 5753 καλ
