4078 6202
283 299 418 367 1381
468 299 473 305 ’

1355 297 1751 385 ΞΥΝΟΒΙΟζΕ
1791 300 2476 369 CONSTITUTIONES.

3410 309 3548 375 I382

283 436 449 491 μενος
483 418 578 470 καί
630 432 752 471 τινα
805 416 969 487 ἕτερα
1000 416 1275 486 ἀνήκοντα
1316 410 1534 482 γνησίῳ
1582 411 1853 481 ἀρχιερεῖ,
1887 422 1930 474 Α
1958 410 2036 475 ὡς
2063 412 2239 480 οὕτως
2278 416 2486 488 ἐτάχθη
2518 417 2612 473 καὶ
2642 417 2894 493 διεκρίθη
2922 423 3239 492 συνοδικῶς,
3280 427 3376 482 καὶ
3404 426 3549 482 οὕτω

281 514 379 567 καὶ
411 511 474 565 οὐ
509 510 672 581 μόνον
696 512 898 576 ἐκεῖσε,
923 510 1060 564 ἀλλὰ
1089 512 1185 563 καὶ
1214 508 1275 561 τὸ
1305 508 1720 577 Μπριάνισκον,
1742 506 1865 556 ἐπι-

182 631 191 634 ο
284 604 500 673 σκοπὴν
551 598 717 656 οὖσαν
775 603 873 655 τοῦ
900 600 1067 656 αὐτοῦ
1104 599 1211 671 κῦρ
1242 598 1512 664 Ἀλεξίου,
1537 599 1632 651 καὶ
1678 594 1865 659 ἁπλῶς

289 696 491 757 είπεῖν,
519 695 589 757 δι’
614 694 775 763 δχ).ου
824 693 912 745 ἀεὶ
959 693 1087 763 γίνῃ
1115 688 1291 760 αὐτῷ,
1356 689 1731 757 ἐπιτιθέμενος
1771 687 1867 741 ἐπὶ

288 788 425 839 πᾶσι
458 786 571 846 τοῖς
608 774 1085 852 ἐκκλησιαστικοῖς
1125 779 1296 834 αὐτοῦ
1339 777 1591 840 δικαίοις,
1627 777 1865 847 πρᾶγμα

290 876 461 928 ποιῶν
484 875 586 938 ἔξω
609 876 706 943 τῆς
729 872 1017 942 ἀκριὸείας
1054 872 1163 923 τῶν
1198 871 1361 924 θείων
1397 870 1492 923 καὶ
1518 867 1679 937 ἱερῶν
1704 866 1869 920 κανό-

287 984 416 1031 νων,
447 965 539 1027 οὓς
580 964 871 1035 ἐνεγράψω
906 964 1206 1034 φυλάσσειν
1236 958 1562 1022 ἀνοθεύτους
1592 960 1687 1012 καὶ
1724 960 1869 1011 ἀπα-

290 1057 700 1127 ρεγχειρήτους,
726 1055 795 1108 δι’
822 1056 889 1126 ἢν
918 1053 1101 1108 αίτίαν
1127 1054 1221 1107 καὶ
1248 1055 1491 1120 ἔγραφεν
1515 1053 1547 1122 ἡ
1574 1051 1868 1120 μετριότης

290 1151 447 1218 ἡμῶν
482 1150 619 1216 πρὸς
668 1146 769 1219 τὴν
801 1148 1056 1219 ίερότητά
1096 1163 1192 1200 σου
1227 1128 1333 1215 πρό
1364 1162 1509 1208 τινος
1535 1137 1640 1216 ἤδη
1673 1142 1867 1213 καιροῦ

290 1243 385 1295 καὶ
420 1239 569 1304 ἅπαξ
622 1242 718 1293 καὶ
778 1241 881 1305 δὶς,
915 1239 989 1303 ὡς
1018 1239 1107 1305 ἀν,
1154 1237 1314 1307 είπερ
1362 1237 1669 1305 τολμῶνται
1697 1235 1871 1289 ταῦτα

293 1334 445 1405 παρά
476 1333 590 1397 σοῦ,
619 1334 862 1403 ἀποστῇς
887 1332 981 1386 τοῦ
1014 1332 1212 1401 μηκέτι
1243 1330 1471 1386 τοιαῦτα
1512 1331 1709 1393 ποιεῖν,
1736 1346 1874 1399 προ»

294 1426 549 1492 ξενοῦντά
605 1442 688 1479 σοι
742 1426 840 1480 καὶ
885 1424 1125 1496 ψυχικὴν
1157 1425 1362 1495 βλάὸην
1411 1422 1506 1477 καὶ
1554 1421 1746 1491 ὕφεσιν
1774 1422 1873 1490 τῆς

290 1523 457 1592 τιμῆς
505 1536 622 1574 σου.
672 1518 900 1589 Ἀρτίως
943 1518 1001 1571 δέ
1038 1517 1204 1573 πάλιν
1237 1517 1313 1580 ὡς
1343 1515 1644 1586 ἐγνώρισεν
1683 1515 1719 1585 ἠ
1777 1530 1875 1583 με·

291 1613 511 1682 τριότης
544 1610 704 1683 ἡμῶν
754 1609 865 1664 ἀπὸ
912 1610 1024 1664 τῶν
1069 1609 1259 1664 αὐτόθι
1310 1608 1647 1680 ἐρχομένων,
1707 1605 1782 1668 ὼς
1809 1604 1871 1658 οὐ

297 1707 458 1775 μόνον
486 1703 700 1775 ἐργάζῃ
734 1703 805 1757 τὰ
856 1703 1127 1774 εἰρημένα
1183 1702 1541 1762 ἀκανόνιστα.
1576 1700 1670 1753 ἐπὶ
1698 1696 1873 1769 βλάϐῃ

293 1799 493 1867 οἰκείᾳ,
550 1796 685 1849 ἀλλά
744 1797 842 1849 καὶ
890 1796 983 1849 τὸν
1021 1797 1289 1867 αὐθέντην
1340 1793 1557 1848 Διτδῶν
1611 1792 1871 1861 ἐκίνησας

295 1888 769 1957 κατεξαναστῆναι
817 1888 961 1942 κατὰ
996 1887 1088 1941 τοῦ
1137 1887 1282 1941 οὕτω
1316 1903 1435 1950 πως
1460 1885 1874 1956 ὀνομαζομένου

296 1983 538 2051 κάστρου
560 1978 833 2044 Ἀλεξίνου
864 1978 963 2032 καὶ
994 1977 1217 2048 φθεῖραι
1242 1977 1371 2037 τοὺς
1402 1976 1877 2049 ἐκεῖσεῡΧριστια-

294 2075 445 2139 νοῦς,
492 2075 730 2145 πρᾶγμα
765 2072 999 2140 ποιήσας
1049 2068 1423 2131 ἀτοπώτατον,
1459 2066 1618 2137 εἴπερ
1646 2066 1876 2136 γέγονεν

294 2167 494 2233 οὕτως,
523 2166 600 2230 ὡς
631 2162 928 2236 ἀνηνέχθη.
961 2163 1101 2231 Ἤδη
1136 2163 1168 2231 ἡ
1196 2160 1488 2231 μετριότης
1521 2158 1679 2229 ἡμῶν
1710 2160 1806 2211 καὶ
1839 2157 1874 2227 ἡ

295 2265 429 2335 περὶ
450 2262 623 2332 αὐτὴν
653 2259 775 2314 θεία
823 2259 920 2312 καὶ
952 2255 1075 2327 ίερά
1125 2254 1364 2319 σύνοδος,
1410 2252 1548 2324 ὁμοῦ
1583 2252 1684 2323 μὶν
1707 2267 1876 2321 φρον-

295 2357 521 2421 τίζουσα
571 2353 666 2423 τῆς
705 2348 958 2421 φυλακῆς
986 2347 1083 2402 καὶ
1124 2345 1515 2416 συντηρήσεως
1548 2342 1658 2397 τῶν
1713 2342 1876 2395 θείων

297 2451 390 2502 καὶ
414 2446 577 2518 ἱερῶν
612 2445 853 2498 κανόνων
876 2440 971 2494 καὶ
1001 2439 1311 2493 σπεύδουσα
1346 2438 1483 2492 πᾶσι
1508 2436 1735 2507 τρόποις
1756 2434 1879 2488 τού-

294 2557 422 2603 τους
451 2535 765 2596 διεκδικείν,
798 2529 933 2601 ὁμοῦ
961 2531 1020 2586 δέ
1054 2530 1450 2600 καθαρώτερον
1476 2528 1543 2581 τὰ
1572 2527 1666 2582 τοῦ
1692 2528 1874 2596 πράγ-

299 2649 469 2701 ματος
490 2629 758 2698 γνωρίσαι
792 2625 1091 2696 βουλομένη
1126 2623 1222 2677 καὶ⁸
1261 2621 1489 2691 εἰρήνην
1518 2621 1876 2691 οἰκονομῆσαι

298 2726 393 2779 καὶ
448 2720 856 2792 διαπράξασθαι
914 2716 1223 2780 κανονικῶς
1280 2718 1444 2786 μέσον
1475 2716 1632 2786 ὐμῶν
1665 2714 1876 2769 καὶτοῦ

296 2819 398 2886 τῆς
437 2814 669 2877 Ῥωσίας
694 2814 876 2884 πάσης
910 2808 1308 2881 Χριστιανικοῦ
1338 2810 1552 2877 γένους,
1574 2808 1880 2879 ἐπευδοκή-

301 2927 494 2973 σαντος
521 2910 601 2973 είς
655 2907 814 2961 τοῦτο
854 2904 948 2959 τοῦ
982 2908 1045 2958 ἐκ
1077 2904 1212 2957 Θεοῦ
1244 2904 1543 2974 κρατίστου
1592 2905 1687 2957 καὶ
1719 2903 1876 2971 ἀγίου

305 3021 405 3073 μου
457 2999 864 3069 αὐτοκράτορος
930 2996 1010 3067 τῷ
1040 2996 1298 3067 προσόντι
1350 2994 1499 3064 αὐτῷ
1533 2994 1700 3064 ἐνθέῳ
1734 2994 1880 3063 ζήλῳ

1966 503 2306 577 ἀνετέθησαν
2332 510 2382 562 oi
2410 510 2646 565 τοιοῦτοι
2672 512 3111 585 ἀποκρισιάριοι,
3165 519 3263 582 ὡς,
3295 518 3456 589 εῖπερ
3486 518 3549 572 οὐ

1967 597 2205 669 ποιήσῃς
2234 599 2293 652 ἐν
2327 602 2389 654 ἐκ
2410 602 2521 656 τῶν
2547 602 2664 670 δύο,
2689 604 2766 668 ὡς
2791 605 2918 659 οὔτε
2952 606 3043 660 διὰ
3074 609 3275 662 σαυτοῦ
3312 610 3553 664 καταλά-

1968 690 2092 761 ϐῃς,
2149 692 2275 747 οὐτε
2336 694 2661 766 ἀνθρώπους
2712 713 2808 751 σου
2862 697 3180 771 ἐκπέμψῃς,
3214 700 3551 770 ποιήσασθαι

1967 782 2170 846 αὐτοὺς
2199 782 2264 854 δὴ
2285 784 2413 848 τοὺς
2437 786 2902 857 ἀποκρισιαρίους
2930 787 3166 841 ἐνώπιον
3191 787 3301 841 τῶν
3329 789 3553 860 μελλόν-

1970 891 2078 927 των
2108 876 2387 930 συνελθεῖν
2422 877 2860 947 θεοφιλεστάτων
2916 880 3234 933 ἐπισκόπων
3291 882 3387 934 καὶ
3444 885 3552 936 τῶν

1977 967 2386 1033 εὐγενεστάτων
2441 970 2630 1040 ρηγῶν
2677 969 2778 1041 τὴν
2827 972 3090 1041 τοιαύτην
3154 972 3432 1040 ἐξέτασιν,
3459 976 3555 1026 καὶ

1971 1056 2096 1109 ὅσον
2115 1057 2183 1110 ἂν
2216 1056 2443 1127 εὕρωσι,
2487 1060 2646 1114 τοῦτο
2677 1062 2950 1133 ποιήσωσι
2990 1065 3314 1134 ἐγγράφως,
3349 1085 3558 1120 πιστω-

1973 1147 2062 1201 θὲν
2123 1150 2508 1220 οἰκειοχείροις
2556 1152 2909 1223 ύπογραφαῖς
2952 1155 3064 1207 τῶν
3116 1155 3557 1225 θεοφιλεστάτων

1972 1241 2289 1294 ἐπισκόπων
2320 1242 2548 1295 καὶτῶν
2588 1244 2998 1313 εὐγενεστάτων
3058 1249 3268 1317 ρηγῶν,
3300 1252 3398 1302 καὶ
3436 1250 3555 1303 δια-

1974 1332 2249 1405 κομίσωσι
2271 1331 2431 1386 τοῦτο
2478 1334 2614 1413 πρός
2655 1352 2716 1388 τε
2743 1335 2834 1390 τὸν
2855 1337 2921 1389 ἐκ
2952 1337 3089 1390 Θεοῦ
3134 1338 3434 1410 κράτιστον
3462 1341 3558 1392 καὶ

1975 1425 2133 1493 ἅγιόν
2160 1443 2264 1494 μου
2290 1427 2695 1499 αὐτοκράτορα,
2730 1414 2868 1499 πρὸς
2896 1430 2997 1509 τὴν
3033 1430 3189 1500 ἡμῶν
3217 1432 3557 1501 μετριότητα

1979 1518 2075 1572 καὶ
2115 1519 2215 1590 τὴν
2268 1520 2399 1591 περὶ
2448 1519 2620 1591 αὐτὴν
2661 1521 2815 1575 θείαν
2848 1522 2943 1576 καὶ
2990 1524 3145 1594 ίεράν
3207 1522 3451 1589 σύνοδον,
3490 1524 3558 1578 ἵν’

1977 1609 2229 1665 ἐντεῦθεν
2279 1610 2548 1682 ἐπενεχθῇ
2590 1610 2772 1665 τελεία
2825 1612 3126 1682 ἀπόφασις,
3156 1616 3253 1667 καὶ
3282 1615 3555 1685 ἀφαιρεθῇ

1977 1704 2127 1757 πᾶσα
2156 1703 2432 1773 πρόφασις
2460 1705 2493 1773 ἡ
2518 1703 2855 1772 προξενοῦσα
2890 1742 2906 1758 .
2944 1744 2959 1759 .
2997 1740 3014 1757 .
3052 1743 3069 1759 .
3097 1744 3111 1759 .
3146 1704 3213 1758 τὰ
3243 1705 3520 1759 σκάνδαλα
3541 1721 3557 1736 ·

1976 1793 2070 1847 ἐπὶ
2106 1792 2217 1861 γάρ
2268 1792 2370 1863 τῆς
2407 1790 2502 1847 τοῦ
2537 1792 2673 1847 Θεοῦ
2705 1793 3039 1863 Ἑκκλησίας
3074 1793 3245 1849 πύλαι
3301 1796 3428 1867 ᾅδου
3455 1796 3560 1849 οὐκ

1976 1886 2386 1956 ἀντισχύσουσι,
2439 1886 2584 1939 κατὰ
2613 1886 2705 1940 τὸν
2757 1887 3028 1958 σωτήριον
3054 1886 3238 1955 λόγον,
3282 1890 3557 1959 προσήκει

1975 1977 2122 2049 ἐχειν
2153 1980 2245 2032 καὶ
2273 1978 2372 2049 τὴν
2408 1979 2669 2051 ίερότητά
2714 1996 2811 2033 σου
2841 1981 2942 2051 τὴν
2974 1981 3370 2052 προσήκουσαν
3398 1998 3565 2041 στοο-

1976 2071 2080 2141 γὴν
2107 2074 2200 2126 καὶ
2231 2074 2509 2144 ὑποταγὴν
2543 2075 2681 2145 πρὸς
2711 2075 2885 2145 αὐτὴν
2913 2074 3005 2126 καὶ
3048 2073 3124 2146 μὴ
3155 2074 3563 2141 κατεξανίστα-
3654 2122 3657 2123 ν

1979 2165 2103 2220 σθαι
2136 2168 2257 2220 κατ’
2289 2166 2486 2231 αὐτῆς.
2522 2167 2663 2237 μηδέ
2688 2167 2937 2222 ἀπειλεῖν
2963 2167 3059 2221 καὶ
3084 2168 3435 2222 ἀντιπίπτειν
3465 2170 3561 2221 καὶ

1978 2255 2358 2312 ἐναντιοῦσθαι
2423 2261 2537 2323 τοῖς
2592 2259 2940 2329 δεδογμένοις
2996 2259 3136 2331 αὐτῇ
3166 2299 3182 2327 ,
3243 2261 3385 2332 ὅπερ
3442 2261 3562 2313 ἐστὶ

1981 2351 2174 2423 πόρρω
2198 2352 2292 2406 τοῦ
2322 2352 2717 2423 ἀρχιερατικοῦ
2775 2368 2831 2404 σε
2843 2351 3138 2423 μνώματος
3168 2354 3265 2406 καὶ
3292 2353 3393 2422 τῆς
3420 2354 3561 2424 Χρι-

1981 2445 2265 2513 στιανικῆς
2290 2444 2570 2507 πολιτείας
2592 2461 2607 2476 ·
2635 2445 2954 2513 γινωσκέτω
2978 2452 3085 2516 γὰρ
3110 2446 3144 2516 ἠ
3199 2446 3415 2517 ίερότης
3443 2462 3563 2508 σου,

1976 2531 2052 2596 ώς
2085 2532 2248 2605 εἴπερ
2286 2535 2347 2587 οὐ
2373 2535 2625 2597 ποιήσεις
2657 2534 2799 2588 κατὰ
2834 2538 2939 2605 τὴν
2970 2535 3405 2607 ἐξενηνεγμένην
3440 2552 3565 2588 συν-

1978 2627 2169 2697 οδικὴν
2218 2626 2512 2703 διάγνωσιν
2552 2627 2648 2680 καί
2682 2627 2982 2696 ἀπόφασιν,
3024 2628 3092 2699 ἦν
3123 2627 3485 2702 ἐπιφέρονται
3514 2629 3566 2680 οί

1979 2719 2212 2773 τοιοῦτοι
2242 2721 2682 2790 ἀποκρισιαριοι,
2718 2721 3152 2790 ἐπενεχθήσεται
3203 2718 3388 2770 τελεία
3425 2721 3568 2770 κατά

1983 2810 2078 2865 σοῦ
2116 2811 2415 2882 καταδίκης
2444 2812 2741 2880 ἀπόφασις.
2768 2810 2866 2889 "lv_‘
2898 2810 2992 2863 οῦν
3021 2811 3096 2880 μὴ
3123 2809 3286 2863 τοῦτο
3317 2811 3566 2878 γένηται.

1982 2905 2232 2974 ποίησον,
2281 2905 2406 2958 ὅσον
2437 2902 2883 2973 παρακελεύεται
2929 2903 3068 2971 πρὸς
3104 2902 3164 2955 σέ
3198 2904 3497 2965 συνοδικὼς
3534 2905 3589 2973 ἡ

1986 3002 2283 3069 μετριότης
2335 2996 2514 3068 ημῶν.
2566 2999 2631 3051 'H
2672 2999 2832 3068 χάρις
2856 2998 2951 3050 τοῦ
3002 2998 3140 3051 Θεοῦ
3188 2998 3275 3066 εῐη
3306 2998 3444 3068 μετά
3472 2997 3570 3065 τῆς

303 3095 443 3162 ὑπὲρ
477 3093 583 3144 τῶν
631 3088 1108 3157 ἐκκλησιαστικῶν
1156 3089 1499 3156 πραγμάτιον
1559 3087 1656 3138 καὶ
1681 3086 1881 3155 διοική-
1912 3118 1959 3175 C
1992 3092 2089 3159 σῆς
2121 3092 2420 3159 ίερότητος.

306 3202 467 3250 σεων,
495 3184 802 3254 ἐξέπεμψεν
830 3181 1170 3251 ἐκλεξαμένη
1206 3178 1670 3249 ἀποκρισιαρίους
1694 3180 1787 3231 τόν
1820 3195 1881 3230 τε

306 3278 608 3347 ἱερώτατον
662 3266 1068 3345 μητροπολίτην
1122 3271 1480 3341 Κελτζηνῆς,
1542 3270 1879 3339 ὐπέρτιμον,

301 3369 596 3438 ἀγαπητὸν
636 3368 779 3421 κατὰ
807 3367 1013 3436 Κύριον
1061 3364 1292 3432 ἀδελφὸν
1329 3363 1429 3432 τῆς
1469 3362 1628 3433 ἡμῶν
1661 3362 1884 3445 μετριό-

301 3484 467 3537 τητος
523 3466 615 3518 καὶ
674 3461 1111 3532 συλλειτουργὺν,
1160 3458 1380 3513 καὶτὸν
1426 3458 1760 3527 τιμιώτατον
1784 3472 1883 3507 σα-

303 3559 520 3614 κελλίου
551 3560 651 3628 τῆς
671 3552 796 3610 ’καθ’
821 3556 969 3624 ἡμᾶς
1002 3554 1313 3622 ἁγιωτάτης
1336 3548 1427 3603 τοῦ
1450 3549 1587 3602 Θεοῦ
1617 3549 1883 3617 Μεγάλης

316 3651 645 3721 Ἐκκλησίας
700 3650 798 3702 καὶ
858 3645 1280 3715 δικαιοφύλακα,
1330 3644 1389 3695 ἐν
1428 3641 1570 3710 ἁγιῳ
1602 3639 1881 3709 Πνεύματι

307 3742 593 3814 ἀγαπητὸν
619 3738 732 3794 υίδν
763 3738 862 3809 τῆς
885 3735 1044 3810 ἡμῶν
1084 3736 1457 3809 μετριότητος,
1478 3732 1582 3803 κῦρ
1608 3731 1884 3801 Γεωργιον

304 3836 550 3890 διάκονον
581 3831 674 3885 τὸν
709 3829 1005 3901 Περδίκην,
1033 3826 1175 3892 ὣστε
1209 3823 1548 3895 ποιήσασθαι
1572 3823 1668 3894 τὴν
1693 3819 1882 3886 ἐξέτα-

307 3946 392 3981 σιν
427 3928 645 3981 πάντων
678 3923 787 3976 τῶν
848 3919 1194 3989 λαληθέντων
1252 3918 1347 3971 καὶ
1403 3912 1885 3986 προσκαλέσασθαι

304 4016 429 4078 τούς
468 4033 526 4068 τε
556 4012 1007 4082 θεοφιλεστάτους
1062 4008 1395 4070 ἐπισκόπους
1430 4008 1528 4059 καὶ
1570 4005 1697 4067 τοὺς
1721 4005 1885 4071 εὐγεο

306 4107 593 4166 νεστάτους
617 4104 815 4175 ρἧας,
836 4099 919 4170 ἐφ’
936 4090 980 4166 ᾧ
1007 4096 1419 4171 παραγενέσθαι
1445 4095 1540 4149 ἐπὶ
1564 4096 1633 4165 τῇ
1653 4092 1883 4165 τοιαύτη

307 4198 551 4265 ἐξετάσει
576 4195 883 4264 ἀσφαλείας
916 4193 1127 4246 ἕνεκεν.
1177 4190 1415 4259 Ὀφείλει
1456 4185 1553 4241 οῦν
1581 4187 1888 4259 παραγενέ-

308 4292 433 4344 σθαι
471 4294 561 4343 καὶ
601 4290 700 4359 τὴν
756 4287 861 4358 σὴν
919 4286 1176 4354 ίερότητα
1228 4280 1646 4351 ἀπαραιτήτως,
1698 4278 1888 4347 ἐπειδὴ

304 4384 482 4447 οὓτως
539 4382 876 4453 ἀνετέθησαν
930 4382 980 4433 οί
1012 4376 1248 4432 τοιοῦτοι
1302 4374 1740 4445 ἀποκρισιάριοι,
1799 4372 1888 4426 ἵνα

2060 3180 2098 3251 ατ
2124 3177 2269 3249 Εἶχε
2297 3181 2372 3233 δι’
2412 3179 2774 3249 ὑπογραφῆς
2813 3176 3256 3247 πατριαρχικῆς
3307 3178 3408 3231 καί
3461 3180 3569 3233 τιῖο

1990 3273 2149 3341 Μηνὶ
2191 3274 2418 3336 Ἰουλίῳ
2443 3275 2558 3328 Ινδ.
2586 3271 2677 3326 ιδ’.

1990 3386 2156 3440 XLII.
2194 3386 2515 3441 Exhortatio
2564 3386 2774 3441 Callisti
2812 3386 3128 3455 patriarcha:
3176 3386 3246 3440 ad
3278 3386 3478 3441 clerum
3520 3389 3571 3441 in

2064 3458 2286 3580 Τι’ίιῖρυο
2321 3459 2382 3510 de
2420 3460 2730 3524 patriarcha
2775 3457 2984 3511 Trinovi
3041 3465 3089 3511 et
3128 3458 3193 3510 de
3247 3461 3348 3511 ritu
3398 3460 3574 3529 bapti-

2064 3544 2165 3580 zan
2206 3546 2242 3580 ι.

2061 3544 2242 3581 zanal.

2061 3641 2102 3712 -ι-
2133 3642 2480 3711 Παραίνεσις,
2514 3639 2837 3695 διδασκαλία
2866 3641 2963 3694 καὶ
2985 3641 3253 3710 ἀπολογία
3282 3641 3382 3696 τοῦ
3407 3645 3577 3710 ἁγιω-

1991 3735 2156 3786 τάτου
2182 3735 2276 3786 καὶ
2298 3732 2683 3801 οίκουμενικοῦ
2710 3733 3082 3804 πατριάρχου,
3108 3734 3213 3805 κῦρ
3238 3736 3573 3802 Καλλίστου,

1992 3824 2090 3877 καὶ
2117 3824 2219 3894 τῆς
2250 3825 2381 3894 περὶ
2402 3824 2565 3879 αὐτον
2590 3825 2742 3889 θείας
2772 3830 2865 3881 καὶ
2901 3828 3054 3897 ίερᾶς
3082 3827 3304 3882 συνόδου
3330 3828 3460 3898 περὶ
3480 3827 3576 3881 τοῦ

1995 3917 2150 3986 ἁγίου
2179 3916 2582 3986 βαπτίσματος,
2600 3921 2869 3990 γενομένη
2901 3920 3040 3990 πρὸς
3065 3921 3194 3983 τοὺς
3222 3922 3278 3974 ἐν
3313 3920 3391 3991 τῷ
3423 3924 3579 3991 τόπῳ

1992 4008 2090 4064 τοῦ
2141 4010 2404 4079 Τρινόθου
2437 4010 2863 4081 εὑρισκομένους
2890 4013 3259 4083 τιμιωτάτους
3302 4018 3580 4086 μοναχοὺς

1994 4103 2344 4165 καὶλυιποὺς
2382 4103 2571 4174 ίερεῖς.
3524 4098 3530 4105 ’

2065 4191 2106 4262 ’ξ-
2138 4192 2451 4262 Τιμιώτατε
2482 4194 2538 4246 ἐν
2568 4193 2967 4266 ίερομονάχοις,
3006 4194 3115 4268 κῦρ
3135 4236 3151 4252 .
3188 4192 3215 4251 ,ί
3249 4238 3263 4253 .
3305 4237 3318 4253 .
3356 4199 3454 4251 καὶ
3485 4202 3576 4263 σὺ,

1996 4284 2296 4355 τιμιώτατε
2329 4289 2386 4339 ἐν
2424 4289 2704 4357 μοναχοῖς,
2733 4288 2839 4358 κῦρ
2867 4328 2881 4341 .
2917 4326 2933 4342 .
2973 4327 2989 4343 .
3030 4328 3044 4343 .
3080 4328 3096 4344 .
3127 4291 3185 4343 ἐν
3218 4289 3359 4361 ἁγίῳ
3409 4292 3580 4344 Πνεύ-

2000 4395 2128 4448 ματι
2159 4379 2440 4448 ἀγαπητολ⁵
2470 4381 2581 4433 υίοὶ
2611 4381 2713 4449 τῆς
2757 4382 2913 4451 ἡμῶν
2961 4380 3340 4451 μετριότητος,
3396 4383 3581 4455 χάριν,

306 4476 750 4546 διαμηνύσωνται
783 4473 921 4543 πρὸς
947 4472 1006 4523 σε
1033 4469 1227 4523 τούτου
1261 4468 1423 4538 χάριν
1441 4482 1457 4499 ·
1499 4465 1597 4529 διὰ,
1616 4464 1776 4518 τοῦτο
1800 4468 1891 4517 καὶ
1922 4471 1970 4532 υ
1998 4472 2244 4541 εἰρήνην,
2278 4470 2432 4524 ἔλεον
2457 4472 2552 4525 καὶ
2580 4474 2689 4525 πᾶν
2714 4472 2865 4538 ἀλλο,
2889 4474 2943 4526 εί
2969 4490 3019 4525 τι
3043 4474 3249 4540 ἀγαθὸν
3280 4477 3373 4526 καὶ
3407 4478 3583 4545 σωτή-

310 4564 617 4637 παραδηλοῖ
651 4567 715 4635 τῇ
750 4562 989 4633 ίεροτητί
1048 4576 1144 4612 σου
1183 4560 1216 4628 ἡ
1263 4557 1556 4628 μετριότης
1604 4555 1784 4626 ἡμῶν,
1814 4554 1889 4619 ὼς

312 4662 403 4720 ἂν.
438 4662 620 4713 πᾶσαν
663 4661 758 4710 καὶ
806 4654 1068 4708 παντοίαν
1125 4650 1561 4719 ἀποσεισάμενος
1596 4649 1893 4718 πρόφασιν,

2002 4582 2140 4637 ρ;ον,
2174 4564 2470 4635 ἐπεύχεται
2526 4566 2658 4633 ύμῖν
2698 4567 2731 4635 ἠ
2770 4565 3064 4635 μετριότης
3119 4564 3278 4635 ἡμῶν
3305 4566 3413 4619 ἀπὸ
3443 4565 3581 4621 Θεο]

2000 4658 2469 4727 παντοκράτορος.
2512 4655 2574 4708 Ἦ
2613 4656 2859 4728 ὑμετέρα
2887 4658 3168 4728 ἔγγραφος
3189 4660 3446 4733 ἀναφορᾷ
3475 4661 3587 4713 διε-

314 4753 613 4825 παραγένῃ
634 4750 723 4802 διὰ
757 4744 955 4801 σαυτοῦ
987 4747 1124 4815 πρὸς
1148 4745 1244 4814 τὴν
1267 4744 1655 4827 γενησομένην,
1676 4742 1896 4810 σύναξιν
1998 4751 2235 4822 κομίσθη
2263 4751 2359 4804 καὶ
2409 4750 2810 4821 ὐπανεγνώσθη
2863 4752 3160 4814 συνοδικῶς
3187 4755 3253 4823 τῇ
3283 4752 3446 4823 ἡμῶν
3482 4771 3578 4824 με-

310 4846 468 4913 παρὰ
511 4842 618 4894 τῶν
676 4839 936 4893 τοιούτων
987 4837 1454 4905 ἀποκρισιαρίων,
1517 4836 1611 4888 καὶ
1667 4836 1894 4904 γένηται

308 4934 559 4992 ἐντεῦθεν
614 4934 1010 5006 ἀπροσπαθῶς,
1068 4933 1143 4995 ώς
1189 4932 1495 5001 ἐφορῶντος
1540 4931 1750 4985 ἄνωθεν
1798 4932 1891 4985 τοῦ

304 5030 470 5094 Θεοῦ,
506 5030 539 5100 ἡ
570 5028 681 5080 τῶν
734 5026 1078 5096 λαληθέντων
1128 5022 1421 5086 συνοδικῶς
1463 5023 1731 5090 ἐξέτασις,
1757 5024 1895 5093 ὅπερ

306 5124 431 5177 ἐστὶ
460 5125 553 5176 καὶ
585 5122 881 5189 ἐγκάνονον
934 5117 1161 5188 ποιῆσαί
1196 5135 1277 5171 σε.
1332 5118 1505 5186 Εἴπερ
1526 5117 1581 5169 δέ
1610 5118 1889 5188 ἐπιωμεῇ

306 5218 401 5270 διά
430 5234 550 5268 τινα
587 5213 929 5286 ἐμποδισμδν
970 5211 1289 5279 σωματικῆς
1334 5209 1638 5273 ἀσθενείας,
1672 5210 1767 5262 καὶ
1791 5212 1894 5262 οὐκ

306 5310 460 5380 ἔχεις
493 5308 718 5362 εὐκολον
777 5309 868 5359 διὰ
923 5302 1126 5358 σαυτοῦ
1160 5301 1588 5373 παραγενέσθαι,
1646 5317 1892 5371 παρακει-

305 5402 606 5472 λευὸμεθα,
650 5402 738 5455 ῖνα
767 5403 937 5471 χωρὶς
990 5400 1089 5467 τῆς
1122 5395 1394 5465 τυχούσης
1425 5396 1753 5464 προφάσεως
1804 5395 1892 5445 ἐοι-

309 5495 538 5565 πέμψῃς
572 5495 693 5547 ἀντὶ
728 5492 930 5545 εαυτοῦ
960 5490 1195 5551 οἰκείους
1234 5506 1329 5540 σου
1372 5486 1719 5557 ἀνθρώπους,
1749 5485 1889 5539 ὥστε

304 5586 567 5655 γενέσθαι
614 5586 849 5638 ἐνώπιον
899 5584 1082 5634 αὐτῶν
1134 5582 1285 5635 πᾶσα
1325 5582 1350 5648 η
1384 5579 1491 5632 τῶν
1545 5580 1890 5650 λαληθέντων

306 5680 579 5745 ἐξέτασις,
636 5677 823 5746 ὥσπερ
866 5676 1059 5745 ἔμελλε
1109 5672 1439 5743 γενήσεσθαι
1511 5674 1605 5723 καί
1655 5671 1890 5725 ἐνώπιεν

302 5774 408 5841 τῆς
446 5771 542 5841 σῆς
575 5772 870 5842 ίερότητος.
933 5767 1253 5820 Γινωεκὲτω
1295 5766 1405 5835 γάρ
1441 5766 1474 5835 ἡ
1515 5765 1730 5835 ἱερότης
1766 5782 1885 5833 σου,

1995 4843 2280 4916 τριόιητι,
2345 4844 2630 4913 παρόντων
2699 4843 2919 4896 πάντων
2983 4845 3091 4897 τῶν
3159 4844 3583 4913 ἐπιδημούντων

1996 4940 2312 5011 ίερωτάτων
2341 4939 2646 5008 ἀρχιερέων
2680 4941 2745 5009 τῇ
2796 4937 3165 5008 βασιλευούσῃ
3196 4936 3306 4989 τῶν
3347 4936 3587 5003 πόλεων,

1996 5035 2092 5086 καὶ
2122 5031 2422 5104 ἐγνώρισεν
2451 5033 2486 5101 ἢ
2521 5032 2814 5101 μετριότης
2854 5031 3011 5102 ἡμῶν
3045 5031 3104 5097 ἐξ
3130 5032 3324 5100 αὐτῆς,
3354 5032 3454 5083 ὅσα
3486 5035 3587 5087 καὶ

1996 5128 2126 5196 περὶ
2174 5118 2249 5179 ὧν
2306 5123 2582 5189 ἐδηλοῦτε,
2637 5127 2732 5177 καὶ
2764 5124 2893 5194 περὶ
2953 5119 3055 5194 μὲν
3105 5122 3204 5177 τοῦ
3237 5125 3588 5193 πατριάρχου

1998 5217 2279 5286 Τρινόϐου,
2312 5216 2463 5279 ὅπως
2491 5218 2553 5269 οὐ
2586 5217 2867 5286 μέμνηται
2898 5218 2958 5270 ἐν
2983 5217 3103 5279 ταῖς
3137 5216 3312 5287 ἱεραῖς
3336 5217 3585 5278 τελεταῖς

1996 5308 2090 5361 καὶ
2122 5311 2362 5361 ποιεῖται
2392 5292 2681 5376 ἀναφορὰν
2714 5308 2806 5360 τοῦ
2840 5309 3109 5377 ὀνόματος
3162 5307 3259 5374 τῆς
3288 5305 3450 5376 ἡμῶν
3483 5324 3587 5375 με-

1996 5400 2278 5469 τριότητος
2311 5403 2403 5452 καὶ
2434 5401 2540 5453 τῶν
2586 5401 2792 5469 ἐτέρων
2823 5400 3155 5467 ἁγιωτάτων
3189 5398 3580 5468 πατριάρχῶι,

1996 5494 2091 5545 καὶ
2117 5492 2239 5545 οὐδὲ
2273 5493 2304 5561 ἡ
2356 5495 2650 5562 μετριότης
2679 5492 2840 5561 ἡμῶν
2874 5492 3152 5560 μέμνηται
3187 5491 3280 5543 τοῦ
3311 5492 3582 5561 ὀνόματος

1993 5584 2183 5638 τούτου
2242 5588 2385 5636 κατά
2416 5584 2507 5637 τὸν
2535 5585 2723 5654 ὅμοιον
2753 5585 2978 5653 τρόπον,
3034 5584 3235 5637 εἰδέναι
3266 5582 3579 5653 βουλόμεθα

1992 5681 2090 5748 τὴν
2132 5679 2403 5746 ὑμετέραν
2436 5679 2747 5742 εὐλάϐειαν,
2778 5680 2861 5730 ὃτι
2894 5678 2955 5729 τὸ
2993 5679 3139 5747 παρὰ
3169 5679 3265 5746 μὲν
3297 5677 3397 5747 τῆς
3424 5679 3582 5747 ⁴ἡμῶν

1997 5770 2354 5842 μετριότητος
2390 5771 2677 5840 γινόμενον
2738 5772 2819 5832 εἰς
2864 5769 3053 5823 τοῦτον
3105 5767 3219 5839 ἔχει
3264 5769 3357 5822 τὸν
3409 5785 3581 5837 προσ-
