4078 6202
470 322 611 386 1383

1298 312 1643 374 CALLISTI
1682 310 1777 371 ET
1816 304 2245 370 PHILOTHEI
2290 305 2397 369 (ΞΡ.
2442 300 2902 363 ΡΑΤΒῘΑΠΟΠ.

3609 281 3742 351 138ῑ

471 434 675 504 ήκοντα
701 429 796 485 καὶ
829 428 1037 483 δίκαιον
1089 425 1273 495 λόγον,
1337 426 1399 478 τὸ
1440 424 1497 477 δὲ
1548 422 1881 493 τελούμενον
1920 420 2052 490 παρ’
2084 427 2123 482 Α
2158 419 2303 488 ἔχειν
2336 418 2635 486 ἀναφέρειν
2671 417 2760 469 ἀεὶ
2793 415 2895 483 τήν
2951 429 3011 465 τε
3038 409 3197 481 ήμῶν
3256 406 3591 504 μετριότητα
3650 410 3744 504 καλ

472 522 661 588 αὑτοῦ,
697 523 866 593 ήγουν
894 520 955 573 τὸ
987 520 1061 589 μὴ
1092 517 1409 588 μεμνῆσθαι
1438 517 1535 584 τῆς
1564 516 1727 587 ήμῶν
1759 513 2054 584 μετριότη-

473 629 563 675 τος
593 614 650 664 ἐν
680 612 799 669 ταῖς
825 610 1020 679 ἱεραῖς,
1055 609 1132 671 ώς
1163 608 1408 679 εἴρηται,
1440 608 1687 667 τελεταῖς
1739 607 1857 656 ἐστι
1910 604 2057 669 πάμ-

477 719 584 756 παν
619 699 1077 769 παραλογώτατόν
1118 716 1177 752 τε
1213 699 1309 752 καὶ
1364 696 1701 751 ἀδικώτατον
1750 695 1821 748 δι’
1878 696 2059 747 αἰτίαν

477 790 766 861 τοιαύτην·
811 793 839 843 δ
894 791 1248 861 πατριάρχης
1306 790 1571 860 Τρινόϐου
1606 784 1674 859 ἦν
1728 787 1940 841 ἄνωθεν
1970 786 2062 839 καὶ

455 885 538 950 ιέξ
558 884 729 963 ἀρχῆς
755 884 1058 937 ἐπισκόπου
1087 883 1258 952 ὄνομα
1285 882 1489 952 φέρων,
1523 879 1971 947 ὑποτασσόμενος
1994 880 2060 949 τῇ

476 976 611 1047 ἁγίᾳ
640 975 734 1030 τοῦ
768 975 906 1029 Θεοῦ
932 976 1162 1047 Μεγάλῃ
1198 974 1530 1044 Ἐκκλησία,
1552 967 1656 1025 εἷθ’
1694 971 1925 1041 ὕστερον
1958 988 2066 1023 πα-

482 1067 804 1137 ρακλήσεως
860 1068 1152 1135 γεγονυίας
1193 1067 1395 1134 πολλῆς
1426 1057 1523 1117 καὶ
1572 1064 1810 1133 δεήσεως
1854 1065 1933 1125 εἰς
1968 1063 2067 1131 τὴν

483 1159 607 1212 καθ’
640 1161 785 1229 ἡμᾶς
822 1160 1029 1229 ταύτην
1061 1160 1309 1229 μεγάλην
1344 1159 1438 1212 καὶ
1466 1159 1617 1226 ίεράν
1660 1156 1880 1209 σύνοδον
1914 1154 2068 1223 παρὰ

480 1255 576 1307 τοῦ
609 1256 730 1307 τότε
754 1254 824 1307 τά
852 1258 950 1325 τῆς
986 1254 1265 1323 βασιλείας
1294 1254 1403 1308 τῶν
1434 1255 1763 1323 Βουλγάρων
1792 1251 2058 1319 διιθὺνονο

480 1363 572 1406 τος
610 1349 886 1416 σκῆπτρα,
929 1346 1019 1399 διὰ
1070 1347 1239 1417 τιμὴν
1298 1346 1511 1399 ἐκείνου
1546 1350 1641 1401 καὶ
1693 1344 1789 1397 τοῦ
1814 1343 2062 1414 τοιούτου

482 1440 692 1502 ἔθνους,
719 1440 1165 1508 ὑποτεταγμένου
1201 1417 1463 1507 φανέντος
1494 1442 1559 1509 τῇ
1586 1437 1869 1507 καθ’ήμᾶς
1904 1437 2071 1503 ἁγιω-

482 1531 619 1600 τάτῃ
647 1531 740 1583 τοῦ
766 1530 904 1584 Θεοῦ
933 1532 1163 1603 Μεγάλῃ
1195 1532 1520 1602 Ἐκκλησία,
1570 1531 1823 1599 ἐδωρήθη
1856 1545 2066 1596 συγκα-

482 1624 767 1683 ταϐάσεως
814 1624 959 1694 λόγῳ
1003 1625 1141 1693 πρὸς
1186 1624 1276 1678 τὸν
1309 1624 1579 1694 Τρινόϐου
1608 1623 1670 1675 τὸ
1703 1620 2072 1691 ὀνομάζεσθαι

484 1716 834 1783 πατριάρχην
896 1714 1263 1786 Βουλγαρίας,
1318 1716 1379 1767 οὑ
1415 1716 1604 1784 μέντοι
1652 1710 1794 1766 εῖναι
1825 1712 1917 1764 καὶ
1948 1727 2073 1763 συν-

484 1808 741 1875 αρίθμιον
771 1810 881 1869 τοῖς
912 1808 1123 1868 λοιποῖς
1169 1808 1503 1872 ἁγιωτάτοις
1541 1806 1936 1874 πατριάρχαις,
1977 1802 2069 1853 καὶ

485 1897 752 1950 διάτοῦτο
788 1900 925 1969 μηδὲ
984 1899 1505 1968 μνημονεύεσθαιέν
1534 1900 1645 1958 τοῖς
1686 1898 1851 1966 ἱεροῖς
1880 1893 2070 1947 διπτύ-
2112 1922 2115 1927 α

487 2007 603 2059 χοις
635 1989 777 2044 κατὰ
811 1991 903 2043 τὸν
927 1990 1070 2042 θεῖον
1092 1992 1188 2046 καὶ
1219 1990 1365 2059 ἱερὸν
1398 1990 1601 2042 κανόνα
1623 1990 1721 2056 τῆς
1750 1988 1791 2040 δ’
1825 1986 2069 2052 συνόδου,

487 2080 717 2147 λέγοντα
775 2082 868 2134 ἐπὶ
922 2081 1123 2146 λέξεως
1176 2081 1358 2133 οὑτω·
1424 2101 1441 2132 ι
1478 2075 1763 2149 Πανταχοῦ
1817 2079 1930 2136 τοῖς
1960 2079 2071 2128 τῶν

487 2173 660 2240 ἁγίων
697 2172 958 2241 Πατέρων
986 2175 1133 2242 ὅροις
1162 2174 1424 2242 ἑπόμενοι
1460 2174 1554 2225 καὶ
1587 2172 1677 2224 τὸν
1709 2169 1910 2239 ἀρτίως
1942 2170 2072 2221 ἁνα-

488 2263 805 2330 γνωσθέντα
852 2266 1056 2317 κανόνα
1107 2264 1218 2317 τῶν
1252 2271 1328 2334 ρν¹
1381 2262 1817 2332 θεοφιλεστάτων
1853 2261 2074 2314 ἐπισκόο

491 2368 610 2405 πων
656 2353 1011 2423 γνωρίζοντες
1046 2354 1113 2405 τὰ
1165 2353 1305 2405 αὑτὰ
1338 2352 1432 2404 καὶ
1460 2353 1621 2421 ἡμεῖς
1692 2350 1953 2421 ὁρίζομεν
1982 2351 2077 2403 καὶ

490 2446 846 2516 ψηφιζόμεθα
898 2449 1026 2514 περὶ
1083 2447 1195 2497 τῶν
1255 2444 1566 2516 πρεσϐείων
1624 2446 1724 2514 τῆς
1760 2444 2078 2511 ἁγιωτάτης

506 2538 839 2607 Ἐκκλησίας
898 2538 1532 2600 Κωνσταντινουπόλεως
1596 2537 1743 2599 Νέας
1817 2534 2075 2604 Ῥώμης·

496 2632 588 2682 καὶ
615 2633 723 2697 γὰρ
746 2628 824 2698 τῷ
855 2630 1031 2698 θρόνῳ
1069 2631 1168 2696 τῆς
1204 2628 1592 2699 πρεσϐυτέρας
1630 2629 1870 2698 Ῥώμης,
1906 2628 1993 2679 διὰ
2018 2626 2080 2679 τὸ

497 2718 805 2787 βασιλεύειν
859 2722 957 2788 τὴν
1012 2720 1171 2772 πόλιν
1226 2720 1471 2788 ἐκείνην,
1505 2721 1553 2771 οἱ
1585 2720 1827 2789 Πατέρες
1852 2718 2081 2780 εἰκότως

496 2811 875 2864 ἀποδεδώκασι
903 2813 969 2864 τά
1002 2812 1293 2879 πρεσϐεῖα.
1337 2813 1449 2864 Καί¹
1477 2811 1554 2879 τῷ
1583 2810 1733 2879 αὑτῷ
1772 2810 1960 2879 σκοπῷ
1994 2827 2083 2862 κι-

498 2908 751 2973 νούμενοι
808 2906 857 2956 οἱ
919 2902 997 2975 ρν⁹
1038 2904 1450 2971 θεοφιλέστατοι
1507 2905 1802 2955 ἐπίσκοποι
1863 2903 1930 2955 τά
1992 2903 2083 2955 ῑσα

499 2998 770 3066 πρεσϐεῖα
792 2998 1100 3067 ἀπένειμαν
1127 2995 1204 3065 τῷ
1230 2999 1326 3066 τῆς
1354 2994 1502 3057 Νέας
1540 2992 1758 3063 Ῥώμης
1792 2994 2084 3064 ἁγιωτάτῳ

2160 514 2284 575 τοὺς
2309 512 2502 574 ἄλλους
2526 511 2873 580 πατριάρχας
2906 509 2964 561 ἐν
2990 508 3105 569 τοῖς
3140 501 3621 575 ἱεροῖςδιπτύχοις
3652 503 3749 555 καὶ

2160 604 2334 665 οὕτως
2363 604 2672 667 ἀποσώζειν
2727 602 2821 654 καὶ
2854 599 3017 652 αὑτὸν
3053 600 3111 651 ἐν
3146 600 3212 666 τῇ
3273 592 3544 663 ἐκκλησίᾳ
3575 591 3748 646 αὑτοῦ
3784 592 3785 595 “

2162 699 2253 749 τὸν
2279 695 2451 748 τύπον
2501 694 2602 762 τῆς
2636 690 3100 763 ἐκκλησιαστικῆς
3155 686 3573 747 καταστάσεως,
3613 684 3752 737 κάν-

2164 785 2357 839 τεῦθεν
2398 784 2693 853 φαίνεσθαι
2745 783 3024 853 ἡνωμένος
3049 780 3144 834 καὶ⁸
3191 776 3552 846 συναρίθμιος
3580 776 3751 844 ἡμῖν·

2164 870 2318 940 οὗτος
2346 878 2401 930 δέ
2430 876 2645 930 ἀθετῶν
2689 878 2750 929 οὑ
2806 875 2988 935 καλῶς
3027 874 3118 926 τὸν
3169 870 3419 923 τοιοῦτον
3455 868 3757 934 ἐκκλησια-

2168 970 2354 1022 στικὸν
2399 968 2603 1037 θεσμὸν
2660 970 2753 1021 καὶ
2804 964 3158 1034 ἀποσκιρτῶν
3194 964 3292 1031 τῆς
3339 956 3759 1026 ὑποταγῆςτῆς

2169 1061 2329 1133 ἡμῶν
2382 1062 2740 1134 μετριότητος
2804 1058 2900 1112 καὶ
2937 1056 3035 1126 τῆς
3086 1054 3386 1123 καθολικῆς
3417 1048 3756 1119 Ἐκκλησίας
3808 1127 3821 1132 ‘

2170 1153 2330 1219 Θεοῦ,
2370 1154 2431 1217 ἐξ
2478 1148 2566 1224 ἧς,
2625 1153 2700 1216 ώς
2733 1152 3070 1217 διείληπται,
3119 1150 3178 1201 τὸ
3209 1144 3353 1200 εῖναι
3403 1145 3756 1214 πατριάρχης

2170 1248 2311 1298 κατά
2343 1243 2753 1312 συγκατάϐασιν
2783 1241 2916 1311 ἔχει,
2952 1239 3212 1310 οὐδεμίαν
3248 1239 3485 1290 ποιεῖται
3529 1234 3759 1303 μνήμην

2171 1336 2271 1407 τῆς
2299 1337 2456 1407 ήμῶν
2484 1335 2862 1405 μετριότητος,
2916 1335 3155 1401 πρᾶγμα
3198 1330 3369 1383 ποιῶν
3398 1325 3761 1383 ἀτοπώτατον

2172 1432 2267 1484 καὶ
2298 1429 2403 1494 ἔξω
2443 1427 2550 1481 τῶν
2579 1428 2635 1493 ἐξ
2668 1428 2842 1496 ἀρχῆς
2892 1425 3226 1496 συμφωνιῶν
3282 1422 3390 1476 τῶν
3419 1416 3765 1486 ἀποταχθει-

2176 1524 2287 1575 σῶν
2328 1523 2416 1575 διὰ
2445 1520 2538 1574 τοῦ
2574 1520 2741 1589 τόμου
2765 1520 2859 1572 τοῦ
2892 1519 3200 1587 ἁγιωτάτου
3246 1515 3590 1583 πατριάρχου
3643 1506 3759 1575 κῦρ

2175 1613 2460 1686 Γερμανοῦ
2484 1630 2499 1645 ο
2555 1613 2689 1682 φησὶ
2746 1613 2853 1681 γὰρ
2886 1613 2914 1664 ὁ
2955 1612 3118 1673 αὑτὸς
3175 1606 3524 1677 πατριάρχης
3555 1602 3616 1654 ἐν
3646 1617 3761 1653 τινι

2176 1708 2285 1761 τῶν
2348 1704 2544 1758 ἐαυτοῦ
2606 1703 3064 1773 συγγραμμάτων
3121 1697 3571 1765 ἀπολογούμενος
3622 1693 3759 1760 περὶ

2171 1800 2376 1853 τούτων
2398 1816 2412 1830 ·
2456 1817 2473 1850 ι
2515 1796 2588 1850 Τὸ
2618 1796 2672 1849 δὲ
2700 1796 2973 1867 ήμέτερυν
3006 1796 3104 1864 οὑχ
3150 1793 3323 1854 οὕτως
3352 1789 3489 1859 ἔχει,
3517 1789 3619 1855 οὑχ
3653 1784 3749 1837 οῦ⁹

2170 1908 2300 1956 τως,
2331 1890 2466 1944 ἀλλὰ
2487 1889 2760 1959 κοσμικὴν
2790 1889 2888 1959 τὴν
2921 1886 3309 1956 κοινωφέλειαν
3350 1879 3763 1950 ἐπαγγελλόμε-

2173 2001 2263 2037 νον
2293 1983 2373 2053 τῷ
2423 1981 2777 2051 τετιμημένῳ
2843 1979 2934 2032 τοῦ
2995 1978 3103 2032 τῶν
3161 1975 3494 2043 Βουλγάρων
3564 1970 3762 2029 ἔθνους

2124 2146 2129 2155 λ
2174 2077 2446 2147 ἀρχιερεῖ,
2498 2075 2561 2128 τὸ
2590 2074 2964 2143 αὑτοκέφαλον
3011 2068 3155 2124 εἶναι
3180 2069 3481 2137 ὀλόκληρον
3509 2067 3613 2117 οὐκ
3641 2066 3759 2116 ἐτο-

2179 2170 2560 2239 μογράφησεν,
2596 2167 2732 2220 ἀλλά
2778 2168 3187 2235 δασμοφορήσει
3233 2163 3417 2224 πάλιν,
3445 2155 3590 2212 τοῦτ’
3614 2157 3754 2213 ἐστι.

2176 2260 2339 2313 δώσει
2361 2261 2489 2329 τέλη
2519 2260 2615 2313 καὶ
2646 2259 2845 2328 φόρους
2879 2257 2955 2327 τῷ
2995 2256 3293 2326 τιμήσαντι
3320 2252 3638 2323 πατριάρχῃ
3661 2248 3760 2300 καὶ

2178 2354 2275 2421 τήν
2304 2351 2399 2403 τοῦ
2442 2351 2708 2420 ὀνόματος
2748 2348 2915 2402 αὑτοῦ
2968 2348 3056 2399 ἐπ’
3086 2347 3393 2410 ἐκκλησίας
3447 2342 3758 2411 ἀναφοράν,

2179 2443 2255 2506 ώς
2287 2441 2650 2509 συνεισφοράν
2671 2481 2685 2505 ,
2714 2441 2786 2503 ὡς
2816 2434 2895 2500 εἷς
2927 2439 3037 2490 τῶν
3068 2435 3175 2489 ὑπὸ
3194 2438 3293 2506 τὴν
3318 2431 3767 2488 Κωνσταντινοὺ·

2181 2536 2339 2589 πολιν
2373 2533 2815 2604 μητροπολιτῶν,
2845 2532 2942 2585 καὶ
2970 2532 3048 2593 είς
3072 2528 3446 2599 λογιστεὺσεις
3474 2528 3573 2581 καὶ
3606 2526 3771 2579 εὐθύ-

2180 2644 2301 2692 νας,
2334 2626 2477 2678 τοῦτ’
2531 2625 2667 2687 ἐστι,
2702 2625 2914 2693 κρίσεις
2966 2624 3287 2694 ἀχθήσεται,
3316 2622 3454 2675 ἐπάν
3486 2620 3617 2673 ποτέ
3682 2634 3771 2680 τις

2184 2719 2566 2787 παρατραπεὶς
2584 2718 2677 2785 τῆς
2697 2715 3065 2784 δασμοφορίας
3091 2714 3402 2784 ἐξελεγχθῇ.
3434 2732 3453 2765 ι
3485 2712 3643 2765 οὑτω
3668 2711 3771 2779 μὲν

2184 2813 2217 2882 ἡ
2252 2812 2547 2881 ὑπόσχεσις
2597 2812 2691 2863 καὶ
2745 2816 2778 2879 η
2830 2812 3125 2879 συμφωνία
3161 2811 3260 2879 τῆς
3284 2811 3393 2863 τῶν
3435 2810 3773 2880 Βουλγάρων

2185 2901 2479 2971 ἐκκλησίας
2512 2900 2648 2971 πρὸς
2679 2901 2780 2969 τὴν
2806 2899 3410 2956 Κωνσταντινοὺπολιν.
3448 2904 3559 2955 Καὶ
3595 2903 3774 2972 χωρὶς

2186 2992 2250 3060 δὴ
2282 2991 2498 3055 τούτου,
2542 2993 2588 3044 εί
2608 2995 2636 3043 ὁ
2666 2996 2762 3063 τῆς
2793 2993 3425 3057 Κωνσταντινουπόλεως
3453 2996 3645 3064 θρόνος
3672 2999 3774 3050 καὶ

502 3090 702 3159 θρόνῳ,
738 3090 978 3157 εὐλόγως
1027 3089 1321 3159 κρίναντες
1377 3086 1475 3157 τὴν
1511 3086 1765 3157 βασιλείᾳ
1810 3087 1906 3139 καὶ
1949 3104 2082 3156 συγ.
2115 3104 2159 3162 c
2192 3089 2290 3148 τάς
2315 3078 2425 3141 τῶν
2458 3086 2635 3141 ἄλλων
2668 3085 3031 3157 πατριαρχῶν
3062 3087 3298 3158 κρίσεις,
3332 3087 3766 3158 Ἀλεξανδρείας,

502 3184 688 3253 κλήτῳ
732 3183 1058 3252 τιμηθεῖσαν
1093 3181 1246 3234 πόλιν
1299 3180 1392 3234 καὶ
1441 3181 1551 3233 τῶν
1598 3181 1726 3233 ἴσων
1784 3180 2087 3235 ἀπολαύου-

505 3295 606 3329 σαν
642 3276 946 3345 πρεσϐείων
999 3277 1066 3345 τῇ
1106 3275 1457 3346 πρεσϐυτέρα⁴
1510 3275 1741 3344 βασιλίδι
1777 3277 1963 3346 Ῥώμῃ
1994 3277 2088 3328 καὶ

501 3371 695 3431 ἐντοῖς
755 3368 1231 3435 ἐκκλησιαστικοῖς
1283 3367 1357 3429 ώς
1397 3368 1614 3434 ἐκείνην
1677 3346 2085 3435 μεγαλύνεσθαι

502 3461 819 3532 πράγμασι.
882 3459 1141 3528 δευτέραν
1204 3458 1325 3528 μετ’
1374 3458 1591 3529 ἐκείνην
1641 3458 2024 3527 ὑπάρχουσαν.
2062 3477 2079 3510 ι

516 3554 753 3622 Ὀμοίως
797 3554 889 3605 καὶ
952 3552 1093 3606 κατὰ
1150 3552 1241 3604 τὸν
1280 3553 1379 3621 τῆς
1414 3552 1580 3619 ἕκτης
1612 3552 1833 3604 συνόδου
1889 3552 2091 3605 κανόνα

502 3645 897 3715 διαγορεύοντα
929 3644 1228 3715 διαρρήδην
1257 3644 1350 3696 ἐπὶ
1372 3643 1571 3710 λέξεως
1594 3645 1827 3698 οὑτωσίν
1851 3660 1864 3674 ·
1893 3645 2091 3697 «Ἀνα-

509 3743 796 3809 νεούμενοι
826 3740 893 3793 τά
918 3740 1070 3807 παρὰ
1106 3736 1214 3790 τῶν
1246 3742 1321 3807 ρν’
1356 3737 1528 3804 ἁγίων
1575 3736 1835 3804 Πατέρων
1880 3736 1989 3789 τῶν
2032 3740 2092 3790 ἐν

508 3837 575 3902 τῇ
612 3831 966 3901 θεοφυλάκτῳ
993 3829 1164 3900 ταύτῃ
1205 3830 1295 3882 καὶ
1321 3829 1558 3897 βασιλίδι
1608 3830 1764 3882 πόλει
1798 3828 2089 3882 συνελθόν-

507 3942 619 3977 των
672 3924 913 3977 καὶτῶν
950 3924 1030 3992 χλ’
1090 3922 1199 3976 τῶν
1252 3924 1311 3974 ἐν
1362 3921 1669 3991 Χαλκηδόνι
1724 3921 2092 3974 συνελθόντων

509 4014 970 4084 νομοθετηθέντα,
1022 4015 1303 4083 ὁρίζομεν,
1340 4011 1485 4065 ὥστε
1513 4013 1604 4065 τὸν
1647 4013 2094 4065 Κωνσταιιτινου·

514 4111 722 4172 πόλεως
748 4109 939 4179 θρόνον
971 4108 1078 4161 τῶν
1120 4108 1253 4160 ῖσων
1288 4106 1587 4159 ἀπολαύειν
1640 4106 1952 4173 πρεσϐείων
1995 4104 2093 4159 τοῦ

514 4204 613 4270 τῆς
646 4203 1030 4271 πρεσϐυτέρας
1067 4201 1289 4268 Ῥώμης
1312 4198 1507 4267 θρόνου
1542 4200 1636 4252 καὶ
1666 4200 1725 4250 ἐν
1756 4201 1867 4261 τοῖς
1895 4198 2095 4267 ἐκκλη-

478 4296 485 4301 ’
517 4296 816 4352 σιαστικοῖς
838 4292 910 4351 ὼς
944 4293 1150 4343 ἐκεῖνον
1189 4288 1596 4358 μεγαλύνεσθαι
1623 4291 1939 4359 πράγμασι,
1974 4290 2098 4343 δεύ-

516 4399 678 4451 τερον
718 4381 836 4451 μετ’
867 4383 1076 4434 ἐκεῖνον
1109 4381 1447 4450 ὑπάρχοντα,
1486 4380 1603 4451 μεθ’
1634 4382 1692 4434 ὃν
1722 4386 1749 4435 ό
1782 4383 1879 4451 τῆς
1915 4381 2093 4446 Ἀλεξ-

2206 3179 2543 3249 Ἀντιοχείας
2568 3179 2666 3231 καὶ
2706 3178 3121 3251 Ἰεροσολύμων,
3157 3181 3254 3232 καὶ
3294 3179 3638 3247 ἐπανακρίνει
3665 3182 3768 3233 καὶ

2191 3272 2460 3325 διευθετεῖ
2486 3273 2580 3324 καὶ
2611 3271 3004 3341 ἐπιψηφίζεται
3031 3272 3127 3325 καὶ
3160 3272 3221 3325 τὸ
3245 3271 3670 3342 κῦροςδίδωσιν,
3689 3272 3769 3335 ὥς

2192 3365 2240 3417 οἱ
2265 3364 2399 3418 θεῖοι
2420 3366 2649 3427 κανόνες
2670 3364 3053 3436 διαγορεύουσι
3078 3366 3174 3418 καὶ
3197 3364 3253 3419 αί
3273 3364 3498 3434 πράξεις
3526 3366 3776 3436 ἐπεμαρ-

2191 3454 2460 3525 τύρησαν,
2492 3456 2611 3520 πῶς
2639 3457 2699 3509 οὑ
2735 3456 2915 3526 πολλῷ
2955 3458 3157 3527 μᾶλλον
3184 3458 3281 3528 τῆς
3303 3457 3410 3511 τῶν
3441 3458 3775 3529 Βουλγάρων

2192 3549 2487 3619 ἐκκλησίας
2543 3550 2571 3603 6
2620 3549 2809 3621 θρόνος
2854 3549 3007 3613 οὗτος
3060 3554 3247 3623 κύριος
3302 3554 3498 3618 ἔσται,
3548 3555 3684 3623 παρ’
3712 3552 3776 3607 οῦ

2194 3644 2289 3693 καὶ
2319 3642 2379 3694 τὸ
2434 3641 2804 3711 ὀνομάζεσθαι
2843 3643 3192 3713 πατριάρχης
3230 3646 3563 3717 τετίμηταις
3613 3647 3779 3700 Ἀλλά

2195 3732 2502 3800 γινώσκετε
2556 3734 2771 3801 σαφῶς,
2833 3735 2915 3788 ὅτι
2971 3737 3130 3806 εῖπερ
3163 3736 3266 3789 οὑκ
3312 3732 3382 3806 ἦν
3432 3739 3463 3807 ἡ
3503 3740 3641 3809 πρὸς
3685 3741 3779 3792 τὸν

2196 3824 2530 3895 ὑψηλότατον
2563 3826 2790 3894 βασιλέα
2819 3826 2927 3880 τῶν
2955 3827 3304 3898 Βουλγάρων,
3334 3831 3394 3885 ἐν
3428 3831 3573 3902 ἁγίῳ
3606 3832 3778 3885 Πνεύο

2199 3935 2331 3987 ματι
2368 3919 2745 3987 γνησιώτατον
2774 3921 2891 3973 υἱὸν
2931 3922 3028 3989 τῆς
3053 3922 3211 3993 ήμῶν
3263 3926 3645 3995 μετριότητος,
3672 3928 3781 3995 κῦρ

2210 4009 2467 4080 Ἰωάννην
2508 4012 2600 4064 τὸν
2636 4013 2861 4082 Ἀσάνη,
2901 4014 3201 4087 εἰλικρινὴς
3252 4016 3442 4087 σχέσις
3470 4021 3567 4071 καὶ
3598 4021 3784 4073 διάθε-

2198 4118 2280 4164 σις
2317 4102 2488 4171 αὑτῆς
2519 4104 2615 4155 καὶ
2646 4104 2708 4156 τὸ
2737 4106 2812 4174 μὴ
2848 4106 3157 4176 λυπηθῆναι
3202 4107 3392 4162 τοῦτον
3414 4110 3502 4165 διὰ
3538 4111 3640 4181 τὴν
3667 4130 3779 4166 τοι·

2198 4194 2371 4263 αύτην
2407 4195 2609 4255 αἰτίαν.
2647 4192 2794 4267 εἶχεν
2825 4198 2934 4250 ἀπὸ
2954 4199 3168 4253 δικαίου
3220 4204 3251 4272 ή
3297 4204 3590 4275 μετριότης
3619 4207 3781 4276 ήμῶν

2197 4290 2271 4349 ὡς
2300 4290 2684 4359 οίκουμενικδς
2733 4293 3106 4363 πατριάρχης,
3165 4295 3253 4349 διὰ
3280 4298 3378 4366 τῆς
3410 4296 3501 4350 τοῦ
3536 4299 3781 4368 Χριστοῦ

2201 4382 2446 4452 χάριτος,
2469 4385 2758 4452 ἀνακρῖναι
2777 4386 2842 4437 τὰ
2863 4388 2983 4438 κατ’
3010 4388 3177 4441 αὑτὸν
3199 4389 3294 4441 καὶ
3328 4389 3583 4453 ἐξετάσαι
3604 4392 3782 4445 ταῦτα

520 4448 757 4544 ανδρέων
796 4448 1597 4545 μεγαλοπόλεως-άήριθμείσθω
1641 4448 1851 4544 θρόνος,
1904 4473 2024 4529 εἷτα
2069 4478 2098 4529 ό
2131 4448 2174 4504 D
2200 4448 2285 4536 είς
2314 4475 2411 4544 τὴν
2442 4474 2565 4527 καθ’
2616 4448 2767 4545 ημᾶς
2800 4478 2951 4544 ἱεράν
3003 4480 3098 4531 καὶ
3138 4448 3386 4549 μεγάλην
3432 4484 3671 4544 σύνοδον.
3706 4486 3783 4551 ώς

518 4570 617 4636 τῆς
655 4568 986 4637 Ἀντιοχείας
1010 4569 1104 4618 καὶ
1148 4566 1287 4633 μετὰ
1324 4566 1516 4619 τοῦτον
1547 4569 1574 4619 ὁ
1598 4566 1697 4637 τῆς
1733 4566 2099 4638 Ἱεροσολυμι-

520 4663 627 4714 τῶν
649 4660 877 4722 πόλεως.
910 4678 929 4711 ι
983 4660 1202 4729 Ἐπειδὴ
1236 4663 1392 4713 πέντε
1421 4662 1759 4730 πατριάρχαι
1789 4662 2098 4731 ἐτάχθησαν

519 4754 581 4805 τὸ
613 4753 733 4804 κατ’
761 4752 933 4821 ἀρχὰς
957 4752 1110 4819 παρά
1135 4752 1231 4820 τῆς
1269 4752 1564 4821 καθολικῆς
1604 4752 1701 4804 καὶ
1728 4754 2096 4824 ἁποστολικῆς

533 4845 861 4909 Ἑκκλησίας
920 4825 1185 4913 Χριστοῦ,
1230 4846 1424 4913 μέχρις
1460 4844 1525 4897 ἂν
1554 4845 1723 4913 συνῆν
1775 4847 1907 4916 ημῖν
1937 4849 2032 4901 καὶ
2059 4850 2089 4902 ὁ

521 4941 754 5001 πάπποις
821 4938 1059 5008 Ῥώμης,
1110 4936 1294 4989 ἔκτοτε
1354 4936 1409 4989 δέ
1465 4938 1629 5006 μέχρι
1686 4936 1778 4991 τοῦ
1814 4937 1910 4992 νῦν
1956 4940 2098 4992 εἰσιν

521 5034 793 5100 ἡνωμένοι
847 5033 895 5082 οί
936 5028 1474 5099 τέσσαρες,⁷οἱ’τινες
1538 5030 1823 5083 κοινωνίαν
1876 5031 2097 5100 ἔχοντες

523 5124 907 5181 άδιασπάστως
956 5122 1392 5191 μνημονεύονται
1428 5121 1557 5192 παρ’
1607 5123 1858 5192 ἀλλήλων
1888 5126 1946 5176 ἐν
1975 5127 2099 5186 ταῖς

527 5219 1014 5286 ἐκκλησιαστικαῖς
1069 5215 1275 5277 πάσαις
1324 5215 1628 5278 συνάξεσιν.
1676 5216 1825 5268 Ἔδει
1851 5215 1984 5283 γοῦν
2008 5216 2099 5269 τὸν

528 5310 790 5377 ἰ’ρινόϐου
832 5292 1204 5379 πατριάρχην.
1227 5307 1343 5375 ἅμα
1379 5309 1476 5377 μὲν
1507 5307 1574 5359 δι’
1600 5288 1672 5379 ἦν
1705 5307 1937 5376 ῶςρειλεν
1958 5309 2101 5377 ἔχειν

529 5402 809 5471 ὑποταγὴν
842 5403 925 5462 εἰς
955 5404 1054 5471 τὴν
1095 5403 1216 5453 καθ’
1269 5402 1416 5470 ἡμᾶς
1477 5402 1793 5469 ἁγιωτάτην
1843 5400 1937 5454 τοῦ
1964 5401 2102 5454 Θεοῦ

528 5495 791 5567 Μεγάλην
854 5494 1206 5561 Ἐκκλησίαν,
1264 5492 1391 5561 παρ’
1426 5490 1490 5564 ἦς
1540 5493 1731 5562 εἴληφε
1758 5496 1931 5547 καὶτὸ
1966 5490 2108 5547 εἶναι

530 5590 618 5638 καί
652 5587 712 5639 τὸ
750 5585 1114 5654 ὀνομάζεσθαι
1150 5588 1522 5656 πατριάρχης,
1558 5574 1675 5655 ἅμα
1718 5586 1773 5639 δὲ
1806 5589 1896 5640 καὶ
1926 5588 2013 5640 διά
2043 5588 2103 5640 τὸ

535 5683 939 5750 περιποιεῖσθαι
983 5680 1164 5747 ἐαυτῷ
1186 5680 1355 5749 τιμὴν
1387 5684 1482 5732 καὶ
1503 5682 1788 5732 κοινωνίαν
1818 5680 1916 5751 τῆς
1944 5682 2106 5750 ήμῶν

536 5773 886 5842 μετριότητος
940 5774 1031 5826 καὶ
1066 5772 1176 5825 τῶν
1210 5770 1389 5827 ἄλλων
1439 5776 1815 5846 πατριάρχῶν,
1850 5774 2100 5844 ἀνιγκην

2207 4567 2373 4636 μέχρι
2406 4567 2499 4620 τοῦ
2534 4566 2628 4621 νῦν
2663 4569 2738 4639 μὴ
2762 4571 3165 4640 γινωσκόμενα,
3192 4575 3283 4625 καὶ
3312 4574 3344 4644 ἢ
3379 4574 3562 4627 λαϐεῖν
3589 4576 3785 4631 τοῦτον

2200 4660 2492 4730 διόρθωσιν
2524 4662 2555 4734 ἢ
2597 4664 2900 4726 κανονικῶς
2935 4663 3182 4730 εὑθῦναι,
3235 4666 3310 4730 ώς
3342 4667 3641 4723 ἀθετοῦντα
3686 4672 3785 4742 τήν

2202 4751 2537 4821 Ἐκκλησίαν
2587 4755 2891 4825 προδήλως,
2935 4755 2994 4820 ἐξ
3024 4753 3112 4828 ἦς,
3145 4756 3221 4821 ώς
3254 4759 3513 4823 πολλάκις
3540 4764 3783 4834 εῐρηται,

2201 4845 2261 4897 τὸ
2285 4841 2424 4898 εἶναι
2484 4848 2835 4917 πατριάρχης
2864 4850 3233 4919 κεκλήρωται,
3284 4852 3316 4922 ἢ
3352 4854 3410 4906 τό
3443 4872 3505 4921 γε
3528 4855 3786 4925 δεύτερον

2205 4938 2585 5010 ἀποστερῆσαι
2615 4939 2805 4993 τοῦτον
2827 4939 2923 4992 τοῦ
2942 4943 3186 4995 τοιούτου
3219 4944 3485 5014 ὀνόματος
3504 4948 3571 5017 ’ἡ
3606 4948 3663 5000 δὲ
3691 4949 3784 5002 τοῦ

2205 5031 2450 5083 τοιούτου
2513 5032 2780 5101 βασιλέως
2831 5032 3017 5103 ἀγάπη
3053 5037 3146 5088 καὶ
3196 5035 3439 5101 διάθεσις
3484 5040 3662 5093 πείθει
3690 5043 3788 5113 ἐᾷν

2206 5122 2755 5192 ἀπολυπραγμόνητα
2786 5124 2975 5190 ταῦτα,
3031 5129 3228 5197 μέχρις
3275 5130 3341 5183 ἂν
3366 5131 3657 5201 διόρθωσιν
3693 5133 3788 5188 λά·

2209 5215 2355 5268 ϐοιεν
2410 5216 2562 5287 παρά
2596 5216 2691 5269 τοῦ
2746 5217 2912 5271 αὑτοῦ
2956 5222 3303 5290 πατριάρχου
3341 5223 3637 5292 Τρινόϐου·
3692 5229 3789 5279 καὶ

2210 5307 2386 5361 ταῦτα
2416 5310 2515 5377 μὲν
2544 5308 2672 5379 περὶ
2699 5309 2793 5362 τοῦ
2815 5310 2933 5372 ἐνὸς
2958 5312 3280 5378 κεφαλαίου.
3308 5314 3382 5367 Τὸ
3408 5316 3463 5368 δὲ
3498 5318 3563 5386 δὴ
3597 5317 3791 5386 βαπτί-

2212 5400 2326 5465 ζειν
2359 5405 2486 5463 τοὺς
2510 5403 2679 5470 ἱερεῖς
2709 5402 2820 5455 τῶν
2849 5403 3182 5475 Βουλγάρων
3207 5407 3287 5468 είς
3325 5408 3456 5475 μίαν
3492 5412 3794 5465 κατάδυσιν

2212 5494 2306 5547 καὶ
2357 5494 2802 5564 περιρραντίζειν
2841 5496 3065 5561 αὑτοὺς,
3126 5498 3201 5560 ώς
3239 5498 3454 5570 ἔτυχεν,
3486 5500 3641 5555 ὕδατί
3674 5505 3792 5556 ἐστι

2216 5589 2455 5656 πρᾶγμα
2481 5573 2833 5639 ἀτοπώτατον
2863 5588 2959 5640 καὶ
2993 5589 3317 5653 δυσσεϐείας
3372 5592 3687 5661 ἀνάμεστον
3715 5609 3731 5623 ’
3763 5597 3794 5665 ή

2216 5684 2323 5750 γάρ
2357 5680 2599 5745 διάταξις
2650 5681 2759 5735 τῶν
2798 5680 2969 5748 ἁγίων
3014 5681 3245 5746 ἐνδόξων
3277 5684 3371 5735 καὶ
3412 5687 3797 5756 πανευςρήμων

2215 5772 2532 5828 ἀποστόλων
2566 5776 2660 5827 καὶ
2687 5775 2736 5827 οί
2765 5774 2902 5841 ἱεροὶ
2928 5772 3130 5827 τούτων
3164 5778 3389 5841 κανόνες
3421 5778 3638 5843 πάντας
3663 5779 3797 5843 τοὺς
