4078 6202
303 369 312 378 ,
357 275 522 368 ’μω

1439 295 1831 357 εΥΝοοιρΑι
1869 259 2551 355 CONSTXTUTIONES.

3506 291 3644 356 ιιιι

380 418 472 470 καὶ
503 411 766 475 παθόντα,
793 409 866 472 ὡς
895 408 1093 475 ἔδειξεν
1123 407 1304 477 ἡήμῖν
1329 407 1466 478 ὑπὲρ
1499 408 1664 462 αὑτοῦ
1692 407 1959 478 πεμφθεῖ-
1987 407 2036 468 Α
2074 403 2308 473 Ἐφέσου
2329 444 2345 469 ,
2389 403 2484 456 τοῦ
2519 403 2783 467 Κυζίκου,
2831 371 2926 456 τοῦ
2971 372 3338 475 Χαλκηδόνος,
3357 473 3360 476 γ
3380 405 3473 458 τοῦ
3500 409 3637 478 Βρύ-

383 525 450 563 σα
477 506 630 574 κοινῇ
661 499 811 571 παρὰ
842 500 951 552 τῶν
981 501 1158 552 ἐκεῖσε
1192 500 1507 574 τοπαρχῶν,
1539 499 1620 552 ἔτι
1649 499 1706 551 δὲ
1724 500 1819 552 καὶ
1845 497 1954 552 τῶν

381 599 555 654 ἄλλων
593 595 812 649 πάντων
835 591 1103 661 ἐκκρίτων
1129 575 1312 643 τεκαὶ
1336 590 1577 659 λογάδων
1605 589 1831 643 καὶτῶν
1859 587 1954 641 τοῦ

381 693 582 762 κλήρου
613 687 890 756 ἔγγραφος
923 683 1218 756 μαρτυρία,
1267 683 1328 735 οὑ
1388 682 1494 752 μὴν
1527 681 1666 736 ἀλλὰ
1715 683 1810 736 καλ¹
1856 679 1956 751 τὴν

381 776 714 851 χειροτονίαν
748 768 1012 842 πρότερον
1044 772 1142 841 τῆς
1175 771 1488 841 ἁγιωτάτης
1514 769 1956 839 ἀρχιεπισκοπῆς

380 863 652 927 Λευκάδος
679 861 1048 933 ἀνῃρημένον,
1080 861 1481 929 ἀποδιωχθέντα
1509 859 1553 912 δ’
1569 859 1780 913 ἐκεῖθεν
1801 859 1954 931 παρὰ

378 959 488 1010 τῶν
521 957 774 1018 Ἰταλῶν,
810 951 868 1016 ὃς
899 953 963 1022 δὴ
1009 955 1161 1018 παρὰ
1206 951 1306 1019 τῆς
1364 951 1550 1021 ἡμῶν
1579 952 1951 1022 μετριότητος,

376 1049 540 1118 ψήφῳ
572 1046 844 1114 συνοδικῇ»
881 1045 958 1108 ὡς
987 1045 1302 1112 δεδήλωται,
1325 1043 1425 1113 τῆς
1460 1045 1590 1114 περὶ
1623 1044 1791 1112 αὑτὴν
1816 1045 1955 1114 ὁμη-

352 1131 588 1208 γύρεως
619 1131 728 1190 τῶν
779 1136 1086 1205 ίερωτάτων
1131 1134 1567 1205 μητροπολιτῶν,
1613 1135 1706 1189 τοῦ
1741 1136 1954 1188 Καισα·

380 1229 554 1299 ρείας,
600 1224 695 1279 τοῦ
745 1225 996 1294 Ἐφέσου,
1027 1223 1122 1277 τοῦ
1170 1223 1519 1294 Ἡρακλείας,
1555 1223 1652 1276 τοῦ
1688 1223 1950 1288 Κυζίκου,

377 1319 471 1373 τοῦ
497 1317 859 1385 Χαλκηδόνος,
910 1314 1004 1368 τοῦ
1071 1313 1569 1384 Δδριανουπόλεως,
1589 1313 1686 1367 τοῦ
1720 1315 1954 1382 Ποντοη-

383 1395 658 1478 ρακλείας,
683 1405 778 1460 τοῦ
815 1405 1085 1476 Βρύσεως,
1113 1403 1209 1458 τοῦ
1239 1404 1420 1468 Λίνου,
1452 1404 1546 1457 τοῦ
1582 1404 1806 1474 Βιζύης,
1853 1403 1950 1457 τοῦ

382 1499 682 1568 Σηλυϐρίας
709 1500 804 1550 καὶ
832 1495 924 1550 τοῦ
969 1496 1166 1559 Γάνου,
1198 1495 1382 1567 σεπτῷ
1413 1513 1471 1549 τε
1503 1494 1834 1565 κελεύσματι
1860 1496 1952 1547 καὶ

381 1592 593 1660 εὐδοκία
621 1588 714 1642 τοῦ
741 1589 1162 1661 κρατίστουκαὶ
1201 1589 1358 1657 ἁγίου
1391 1606 1492 1658 μου
1525 1587 1948 1657 αὐτοκράτορος,

382 1682 466 1749 ἐφ’
496 1675 538 1748 ᾧ
563 1683 628 1733 τὰ
663 1679 761 1748 τῆς
806 1679 1133 1746 Ἐκκλησίας
1162 1679 1342 1742 καλῶς
1373 1681 1586 1750 ἵδρυται
1614 1680 1707 1732 καὶ
1736 1679 1953 1748 ἐστήρι-

2061 510 2222 560 σεωςν
2271 493 2366 547 τοῦ
2390 494 2609 563 Βιζύης,
2639 494 2792 556 ὄντος
2815 494 2905 547 διὰ
2950 495 3174 566 γνώμης
3204 497 3298 550 καὶ
3327 497 3420 550 τοῦ
3454 498 3640 558 Αἴνου,

2059 586 2294 655 ἐλαλήθη
2327 585 2458 654 περὶ
2482 584 2575 638 τοῦ
2608 585 3174 656 Χριστιανουπόλεως,
3203 588 3284 640 ὅτι
3327 605 3385 640 τε
3425 589 3515 641 τὸν
3543 609 3636 655 μο-

2057 676 2220 746 ναχὸν
2261 677 2487 728 Ἦσαῖαν
2527 677 2622 728 τὸν
2663 677 2772 729 ἀπὸ
2795 676 2896 745 τῆς
2945 675 3117 745 μονῆς
3151 676 3245 728 τοῦ
3293 679 3476 743 τιμίου
3504 681 3640 748 Προ-

2055 766 2262 837 δρόμου
2301 767 2597 826 συνοδικῶς
2647 767 3022 835 ἐπισχεθέντα,
3082 766 3158 838 μὴ
3197 765 3638 836 προϐιϐασθῆναι

2055 859 2137 920 είς
2168 858 2464 926 ἱερωσύνην
2481 857 2567 910 διὰ
2591 857 2651 908 τὸ
2679 855 2864 910 δοῦναι
2894 856 2988 909 καὶ
3023 857 3184 909 αὑτὸν
3214 857 3294 924 τῷ
3328 856 3486 925 γόητι
3520 858 3633 912 ἐνέ-

2057 965 2222 1018 χυρον
2245 949 2338 1000 ἐπὶ
2367 949 2429 1000 τὸ
2457 948 2638 1017 εὑρεῖν
2659 949 2728 1002 τὰ
2768 949 3084 1018 ὑπέρπυρα,
3113 947 3258 1017 ἅπερ
3291 949 3574 1001 ἀπώλεσεν
3602 950 3631 998 ὀ

2058 1042 2298 1112 μοναχδς
2337 1041 2608 1109 Ὶλαρίων,
2653 1039 2830 1093 λαϐὼν
2863 1043 3069 1094 ἐκεῖνον
3096 1041 3204 1093 άπδ
3239 1041 3339 1110 τῆς
3371 1040 3633 1108 τοιαύτης

2058 1134 2246 1204 μονῆς,
2273 1135 2367 1186 καὶ
2398 1131 2571 1187 ταῦτα
2618 1132 2716 1203 τὴν
2754 1133 3012 1195 ὑπόθεσιν
3039 1133 3193 1196 εἰδὼς
3223 1133 3318 1186 καὶ
3365 1133 3632 1204 διαμηνυ-

2054 1225 2171 1286 θεὶς
2215 1223 2367 1293 παρά
2411 1223 2506 1277 τοῦ
2557 1225 2974 1291 παναγιωτάτου
3013 1205 3168 1294 ἡμῶν
3217 1224 3499 1290 δεσπότου,
3536 1224 3636 1276 τοῦ

2052 1315 2432 1384 οίκουμενικοῦ
2453 1318 2816 1386 πατριάρχου,
2843 1316 2930 1368 διά
2960 1334 3018 1369 τε
3050 1316 3158 1368 τῶν
3191 1317 3500 1386 ἱερωτάτων
3523 1316 3626 1384 ἀρ·-

2053 1409 2302 1480 χιερέων,
2330 1407 2426 1465 τοῦ
2460 1426 2519 1462 τε
2583 1408 2807 1477 Ἐφέσου
2851 1412 2945 1480 καὶ
2971 1407 3065 1460 τοῦ
3113 1407 3632 1478 Ἀδριανουπόλεως,

2057 1501 2132 1569 μὴ
2179 1499 2363 1551 λαϐεῖν
2411 1499 2573 1552 αὑτόν
2597 1515 2611 1532 ο
2665 1500 2693 1550 ὀ
2728 1499 2783 1551 δέ
2830 1498 3009 1551 λαϐὼν
3065 1500 3159 1551 καὶ
3192 1501 3270 1562 εἰς
3305 1498 3404 1568 τὴν
3435 1497 3633 1548 ἑαυτοῦ

2052 1590 2348 1660 ἐκκλησίαν
2372 1589 2620 1643 ἀπελθὼν
2645 1590 3017 1662 ἐχειροτόνησε
3045 1591 3231 1644 τοῦτον
3257 1589 3630 1654 διάκονον,καὶ

2054 1682 2136 1735 ὅτι
2164 1682 2356 1734 τούτου
2386 1684 2679 1752 γενομένου
2727 1685 2820 1738 καὶ
2851 1682 2943 1737 τοῦ
2976 1684 3232 1754 ῥηθέντος
3285 1681 3511 1735 Ἠσαίου
3543 1682 3626 1733 ἐλ-

381 1789 526 1834 κται,
571 1769 918 1840 ἀποκατέστη
965 1773 1032 1841 τῇ
1088 1770 1182 1824 τοῦ
1219 1769 1457 1840 Χριστοῦ
1495 1772 1676 1841 χάριτι
1729 1770 1821 1822 ἐπὶ
1852 1768 1950 1838 τὴν
1983 1753 2022 1808 Β
2055 1770 2240 1834 θόντος
2265 1770 2500 1823 ἐνταῦθα
2553 1773 2650 1824 καὶ
2677 1753 3096 1842 καθαιρεθέντος
3153 1773 3320 1843 ψήφῳ
3352 1771 3627 1841 συνοδικῇ,

381 1863 688 1929 ἁγιωτάτην
735 1859 1064 1930 μητρόπολιν
1106 1859 1463 1915 Ναυπάκτου.
1518 1861 1710 1913 Ἔνθεν
1746 1876 1828 1913 τοι
1859 1859 1952 1911 καὶ

383 1951 692 2004 ἀπολύουσα
723 1953 756 2020 η
789 1954 1078 2021 μετριότης
1122 1949 1280 2022 ἡμῶν
1309 1953 1409 2022 τὴν
1433 1952 1714 2022 παροῦσαν
1745 1950 1953 2004 συνοδι-

383 2043 486 2110 κὴν
515 2039 712 2116 πρᾶξιν
758 2042 894 2112 πρὸς
927 2041 1078 2096 τόνδε
1105 2043 1196 2098 τὸν
1231 2043 1524 2114 ἱερώτατον
1551 2042 1954 2114 μητροπολίτην

385 2130 1059 2203 Ναυπάκτουῖὺπέρτιμον
1087 2135 1181 2187 καὶ
1205 2134 1431 2204 ἔξαρχον
1461 2134 1638 2204 πάσης
1661 2133 1950 2199 Αἰτωλίας,

384 2227 440 2276 ἐν
466 2224 606 2293 ἁγίῳ
638 2224 915 2293 Πνεύματι
945 2225 1229 2294 ἀγαπητὸν
1279 2225 1508 2294 ἀδελφὸν
1539 2226 1637 2294 τῆς
1663 2226 1820 2296 ἡμῶν
1854 2243 1952 2295 με-

383 2315 657 2386 τριότητος
692 2319 781 2368 καὶ
819 2315 1250 2385 συλλειτουργὲρν,
1278 2315 1383 2386 κῦρ
1413 2316 1704 2381 Ματοαῖον,
1739 2316 1951 2371 δίδωσιν

384 2408 533 2473 αὑτῷ
577 2408 677 2477 τὴν
723 2408 1027 2477 ἀνήκουσαν
1055 2409 1182 2476 τῇδε
1231 2410 1298 2479 τῇ
1346 2407 1463 2461 κατ’
1496 2407 1656 2462 αὑτὸν
1687 2409 1951 2480 ἐκκλησίᾳ

382 2501 565 2558 πᾶσαν
616 2502 714 2573 τὴν
757 2502 1152 2572 ἀρχιερατικὴν
1210 2502 1568 2572 διεξαγωγὴν,
1627 2503 1700 2566 ὡς
1740 2505 1950 2574 γνησίῳ

380 2594 583 2665 ταύτης
627 2597 896 2664 ἀρχιερεῖ,
925 2595 983 2657 ὃς
1017 2595 1080 2666 δὴ
1114 2594 1252 2663 πρὸς
1282 2595 1357 2664 τῷ
1388 2594 1572 2664 λαχεῖν
1616 2595 1712 2663 τὴν
1743 2597 1950 2647 ἐπωνυ-

384 2686 512 2756 μίαν
538 2686 635 2755 τῆς
664 2686 920 2754 τοιαύτης
963 2687 1273 2756 ἁγιωτάτης
1317 2685 1694 2755 μητροπόλεως
1725 2687 1947 2740 Ναυπά-

381 2792 514 2828 κτου
541 2775 654 2841 ἐξει
701 2777 795 2828 καὶ
824 2775 922 2844 τὴν
959 2775 1050 2827 ἐπὶ
1095 2775 1190 2826 τοῦ
1233 2773 1377 2843 ἱεροῦ
1427 2773 1714 2844 συνθρόνου
1748 2773 1947 2843 ταύτης

381 2865 783 2935 ἐγκαθίδρυσιν.
817 2865 932 2918 Νῦν
960 2864 1143 2934 μέντοι
1187 2881 1251 2930 γε
1281 2852 1482 2931 ὀφείλεὶ
1509 2863 1652 2933 ἔχειν
1693 2865 1788 2935 τὴν
1819 2865 1946 2916 ἐαυ-

381 2956 475 3008 τοῦ
497 2956 765 3026 καθέδραν
795 2957 887 3008 ἐπὶ
918 2955 1016 3024 τῆς
1050 2954 1145 3007 ὑπ’
1172 2953 1336 3007 αὑτὸν
1386 2954 1700 3024 ἁγιωτάτης
1732 2955 1948 3007 ἐπισκο-

381 3048 489 3116 πῆς
518 3049 615 3117 τῆς
645 3050 704 3101 ἐν
723 3050 790 3117 τῇ
832 3046 1158 3117 Ἀκαρνανία
1193 3047 1422 3117 Ἀρτης,
1453 3046 1599 3115 ἐχειν
1627 3063 1686 3098 τε
1727 3048 1820 3100 καὶ
1850 3045 1945 3108 τὰς
1971 3026 2025 3140 cl

379 3138 472 3189 ὑπ’
502 3137 662 3191 αὑτὸν
690 3137 882 3208 ἐτέρας
925 3137 1247 3200 ἐπισκοπὰς,
1300 3137 1428 3190 ἄνευ
1459 3137 1570 3189 τῶν
1601 3137 1693 3190 δύο
1720 3139 1944 3190 ἐπισκο-

379 3231 500 3283 πῶν
523 3229 708 3293 αὑτοῦ,
734 3231 830 3298 τῆς
854 3245 912 3281 τε
942 3229 1358 3299 Δρυνουπόλεως
1380 3232 1474 3280 καὶ
1508 3228 1607 3296 τῆς
1631 3228 1823 3293 Βελᾶς,
1852 3230 1945 3281 καὶ

382 3325 528 3377 κατὰ
555 3324 656 3396 τὴν
677 3321 1132 3393 ἐκκλησιαστικην
1155 3322 1307 3386 τάξιν
1337 3324 1430 3375 καὶ
1466 3322 1814 3375 ὑποτύπωσιν
1847 3322 1943 3392 τῆς

380 3416 687 3486 ἀνηκούσης
715 3415 862 3484 αὑτῷ
890 3417 1055 3486 τιμῆς
1083 3415 1140 3467 ἐν
1173 3431 1233 3467 τε
1285 3413 1594 3483 καθέδραις,
1625 3413 1844 3466 στάσεσί
1884 3431 1945 3464 τε

285 3518 296 3524 ’
380 3509 475 3561 καὶ
533 3506 946 3567 συνελεύσεσιν.
1005 3505 1364 3574 ἀναγνωστῶν
1415 3507 1716 3574 σφραγῖδας
1749 3513 1941 3575 ποιεῖν,

380 3597 765 3660 ὑποδιακόνους
786 3613 846 3650 τε
876 3597 971 3649 καὶ
990 3597 1269 3657 διακόνους
1301 3595 1655 3663 προϐιϐαζειν
1685 3599 1779 3651 καὶ
1814 3617 1944 3668 πρε-

378 3690 670 3760 σϐυτέρους
722 3692 1047 3761 χειροτονεῖν
1100 3690 1196 3742 καὶ
1234 3689 1565 3753 ἐπισκόπους
1606 3691 1685 3754 εἰς
1723 3690 1819 3755 τὰς
1851 3691 1944 3748 ὑπ’

311 3817 320 3820 -
377 3781 538 3834 αὑτὸν
588 3780 880 3851 ἐκκλησίας
926 3778 1274 3849 ἐγκαθιστᾷν,
1329 3780 1616 3849 ἐφειμένον
1664 3779 1946 3834 καὶτοῦτο

377 3855 733 3940 πράττεσθαι,
783 3869 1136 3925 ἐπιλαϐέσθαι
1187 3869 1244 3922 δὲ
1277 3872 1370 3923 καὶ
1402 3871 1619 3922 πάντων
1649 3869 1756 3923 τῶν
1791 3869 1946 3922 ὀθεν-

373 3961 572 4031 δήποτε
597 3961 962 4031 διαφερόντων
987 3960 1208 4014 δικαίων
1239 3962 1302 4032 τῇ
1334 3960 1454 4014 κατ’
1481 3960 1645 4014 αὑτὸν
1666 3960 1947 4032 ἁγιωτάτῃ

378 4054 731 4122 μητροπόλει,
756 4055 877 4107 ὅθεν
901 4053 1210 4122 ὀφείλουσιν
1231 4053 1284 4106 οἶ
1320 4069 1378 4105 τε
1408 4055 1466 4106 ἐν
1509 4054 1648 4125 αὐτῇ
1697 4045 1944 4123 κληρικοὶ

374 4148 468 4198 καὶ
493 4145 781 4216 ίερωμένοι
804 4187 818 4210 ,
876 4145 1200 4216 μονάζοντές
1237 4162 1298 4198 τε
1335 4147 1429 4200 καὶ
1457 4144 1658 4212 λαῖκυὶ,
1721 4147 1944 4200 ὑποκεῖ-

373 4237 497 4290 σθαι
524 4237 698 4307 τούτῳ
728 4238 822 4291 καὶ
853 4237 1199 4307 πειθαρχεῖν,
1255 4238 1354 4289 ὅσα
1381 4238 1592 4308 γνησίῳ
1640 4238 1818 4291 αὑτῶν
1847 4238 1945 4306 ἀρα

370 4330 546 4398 χιερεῖ
599 4332 694 4381 καὶ
732 4329 976 4398 ποιμένι,
1039 4331 1236 4401 μεσίτῃ
1280 4345 1341 4381 τε
1397 4333 1489 4382 καὶ
1521 4328 1814 4398 διαλλακτῇ
1875 4330 1942 4381 τὰ

370 4385 507 4489 ’Ϊτρές
533 4420 687 4484 Θεὸν.
709 4437 760 4473 κ.
785 4385 845 4476 τί
873 4420 925 4474 λ.
962 4385 1306 4474 ⁷Ἑπιδέδόται
1339 4423 1372 4491 η
1419 4419 1669 4490 παροῦσα
1695 4385 1945 4488 συνόδικὴ

2087 4445 2245 4503 LXII.
2280 4445 2632 4515 Metropolin
2683 4447 2906 4502 Gott/tia:

369 4507 572 4579 πρᾶξις
596 4509 735 4578 τῷδε
757 4508 835 4579 τῷ
865 4509 1213 4579 διαληφθέντι
1243 4509 1518 4579 ίερωτάτῳ
1569 4506 1944 4578 μητροπολίτῃ

370 4598 725 4664 Ναυπάκτου,
783 4600 1070 4670 ὑπερτίμῳ
1112 4603 1206 4653 καὶ
1259 4599 1527 4669 ἀγαπητῷ
1581 4598 1796 4667 ἀδελφῷ
1846 4598 1946 4667 τῆς

367 4691 526 4760 ἡμῶν
551 4692 902 4762 μετριότητος
945 4694 1040 4745 καὶ
1066 4691 1485 4761 συλλειτουργῴ,
1513 4690 1582 4743 δι’
1617 4691 1942 4758 ἀσφάλειαν,

369 4783 708 4836 ἀπολυθεῖσα
741 4784 882 4835 κατὰ
913 4769 1058 4851 μῆνα
1120 4782 1338 4835 Ἰούλιον
1367 4783 1464 4852 τῆς
1493 4783 1855 4851 ἐνισταμένης
1904 4779 1944 4831 ε’

375 4873 477 4927 ίνδ.
506 4871 601 4924 τοῦ
638 4872 818 4937 ,ςωοε’
836 4871 1006 4937 ἔτους,
1032 4872 1157 4942 ἦτις
1193 4873 1287 4925 καὶ
1320 4871 1677 4942 ὑπεσημάνθη
1697 4875 1762 4942 τῇ
1788 4872 1946 4924 αὐτο·

369 4964 536 5035 χείρῳ
576 4966 869 5035 ὑπογραφῇ
900 4963 999 5033 τῆς
1021 4964 1178 5033 ἡμῶν
1221 4963 1591 5034 μετριότητος.

471 5100 610 5161 LXI.
645 5098 1132 5170 Christianupoleos
1171 5097 1366 5169 ρνιεειιι
1400 5099 1456 5152 in
1474 5100 1835 5166 jut’vocatur.

436 5235 475 5304 -ξ-
518 5235 670 5303 Μηνὶ
691 5232 1007 5303 Νοεμϐρίῳ,
1041 5233 1106 5299 θ’,
1138 5234 1320 5302 ἡμέρα
1344 5233 1523 5303 τρίτῃ,
1563 5232 1661 5287 ἰνδ.
1695 5231 1773 5298 ς’,
1814 5251 1946 5302 προ-

365 5326 682 5394 καθημένου
714 5323 809 5380 τοῦ
865 5316 1283 5390 παναγιωτάτου
1327 5323 1481 5394 ἡμῶν
1515 5326 1800 5388 δεσπότου,
1850 5327 1941 5378 τοῦ

358 5415 746 5484 οἰκουμενικοῦ
777 5415 1137 5485 πατριάρχου,
1177 5417 1233 5466 ἐν
1259 5417 1368 5472 τοῖς
1395 5415 1623 5477 κελλίοις
1650 5420 1746 5485 τῆς
1775 5417 1940 5484 μεγά-

358 5511 462 5577 λης
499 5509 810 5576 ἁγιωσύνης
845 5508 1011 5561 αὑτοῦ
1047 5509 1159 5570 τοῖς
1201 5509 1259 5558 ἐν
1293 5509 1404 5569 τοῖς
1434 5495 1629 5573 δεξιοῖς
1661 5526 1936 5578 κατηχου-

363 5602 620 5668 μενείοις,
677 5601 1133 5669 συνεδριαζόντων
1161 5599 1309 5668 αὑτῷ
1359 5601 1452 5652 καὶ
1482 5600 1590 5652 τῶν
1622 5603 1934 5672 ίερωτάτων

359 5692 662 5762 αρχιερέων
724 5694 816 5743 καὶ
871 5693 1214 5762 ὑπερτίμων,
1277 5690 1370 5744 τοῦ
1415 5694 1772 5762 Καισαρείας,
1839 5693 1930 5746 τοῦ

2055 1864 2360 1932 ἐπισχεθεὶς
2383 1864 2477 1915 καὶ
2511 1865 2539 1916 ὀ
2568 1863 3112 1934 Χριστιανουπόλεως
3138 1867 3232 1917 καὶ
3249 1865 3626 1933 διαμηνυθεὶς,

2055 1953 2230 2006 ἐλθεῖν
2260 1952 2491 2007 ἐνταῦθα
2523 1955 2996 2024 ἀπολογησόμενος
3023 1955 3336 2021 συνοδικῶς,
3373 1957 3497 2009 ὅτου
3529 1959 3628 2027 χά-

2058 2063 2142 2113 ριν
2176 2045 2440 2117 πεποίηκε
2462 2045 2633 2100 ταῦτα
2655 2063 2669 2078 ·
2708 2049 2735 2100 ὀ
2783 2048 2840 2101 δὲ
2873 2049 2972 2100 οὑκ
3003 2044 3156 2120 ἦλθε,
3185 2048 3629 2118 προϐαλλόμενος
3717 2051 3721 2053 ’

2054 2136 2259 2189 ἔνδειαν
2277 2137 2373 2190 καὶ
2394 2139 2450 2190 τὺ
2487 2137 2562 2209 μὴ
2587 2138 2849 2192 δύνασθαι
2895 2140 2964 2193 δι’
2989 2140 3162 2211 αὐτην
3191 2141 3426 2195 ἐνταῦθα
3451 2158 3626 2212 παρα-

2053 2228 2325 2296 γενέσθαι,
2382 2232 2477 2283 καὶ
2507 2233 2554 2283 εί
2585 2231 2667 2284 δεῖ
2713 2232 3140 2302 συγχωρηθῆναι
3187 2233 3350 2287 αὑτὸν
3383 2224 3628 2304 ἐνεργεῖν

2051 2320 2244 2393 τὰ-τῆς
2262 2319 2702 2393 ἀρχιερωσύνης,
2742 2323 2932 2395 μέχρις
2957 2315 3023 2378 ἂν
3042 2325 3277 2380 ἐνταῦθα
3309 2326 3628 2396 παραγένη-

2050 2430 2160 2468 ται.
2187 2414 2328 2483 Πρὸς
2355 2414 2528 2467 ταῦτα
2560 2416 2909 2485 ἀπεφήναντο
2940 2417 2990 2470 οί
3023 2415 3624 2487 ίερώτατοιάρχιερεῖς,

2051 2504 2544 2570 ἐπιϐεϐαιώσαντος
2573 2505 2746 2560 ταῦτα
2779 2505 3012 2578 ὕστερον
3055 2512 3150 2561 καὶ
3198 2507 3292 2560 τοῦ
3344 2524 3628 2573 παναγιω-

2048 2598 2208 2648 τάτου
2237 2597 2392 2666 ἡμῶν
2411 2597 2695 2662 δεσπότου,
2718 2596 2811 2649 τοῦ
2845 2597 3221 2667 οἰκουμενικοῦ
3264 2600 3624 2668 πατριάρχου,

2048 2688 2128 2738 ὅτι
2149 2687 2216 2739 τὰ
2245 2689 2343 2756 μὲν
2373 2688 2692 2757 ἐγκλήματα
2719 2691 2891 2741 ταῦτα
2931 2687 3253 2758 καθαίρεσιν
3284 2689 3508 2742 ἀπαιτεῖ
3531 2690 3625 2742 τοῦ

2049 2777 2632 2848 Χριστιανουπόλεως,
2679 2781 2906 2832 τοιαῦτα
2967 2782 3369 2852 πεποιηκότος·
3428 2781 3517 2834 διὰ
3567 2780 3626 2834 δὲ

2050 2871 2463 2937 συγκατάϐασιν
2498 2872 2589 2926 καὶ
2631 2872 2712 2924 ὅτι
2767 2872 2922 2926 ἀπὼν
2964 2873 3139 2936 οὐδεὶς
3175 2873 3624 2938 καταδικάζεται,

2031 2958 2186 3015 Ἔστω
2209 2963 2700 3033 συγκεχωρημένος
2734 2961 3038 3031 διενεργεῖν
3089 2965 3386 3026 ἀκωλύτως
3422 2963 3493 3017 τὰ
3527 2965 3629 3032 τῆς

2049 3055 2482 3124 ἀρχιερωσύνης,
2513 3054 2615 3116 ἕως
2645 3054 2712 3107 ἂν
2763 3056 2994 3108 ἐνταῦθα
3041 3057 3437 3124 παραγένητινι.
3467 3055 3625 3108 Ἐτά-

2046 3142 2150 3212 χθη
2173 3143 2229 3194 δὲ
2252 3145 2347 3195 καὶ
2379 3141 2560 3204 τοῦτο,
2585 3145 2688 3208 ὅτι,
2735 3144 2784 3194 εἰ
2827 3143 2925 3210 μιν
2955 3142 3107 3204 ἐντὸς
3140 3145 3232 3195 τοῦ
3266 3144 3624 3210 ἐλευσομένου

2047 3230 2217 3284 Μαΐου
2243 3233 2411 3302 μηνὸς
2440 3232 2604 3298 ἔλθοι,
2627 3233 2922 3300 γεγονότων
2947 3231 3079 3301 πρὸς
3103 3235 3308 3286 ἐκεῖνον
3333 3233 3498 3302 τριῶν
3522 3249 3624 3302 μη-

2047 3325 2326 3392 νυμάτων,
2379 3323 2594 3393 πρώτου
2647 3324 2746 3392 μὲν
2774 3325 2882 3377 ἀπὸ
2921 3325 3027 3378 τῶν
3054 3325 3286 3378 ἐνταῦθα
3317 3324 3404 3377 διὰ
3435 3325 3622 3394 τιμίας

2046 3412 2264 3482 γραφῆς
2297 3413 2392 3466 τοῦ
2447 3415 2862 3481 παναγιωτάτου
2905 3413 3169 3465 δεσπότου
3203 3412 3381 3483 ἡμῶν,
3415 3413 3507 3466 τοῦ
3542 3415 3622 3467 οί-

2048 3507 2376 3573 κουμενικοῦ
2414 3506 2776 3576 πατριάρχου,
2813 3507 3067 3575 δευτέρου
3101 3506 3155 3558 δὲ
3189 3509 3280 3558 καὶ
3309 3507 3496 3574 τρίτου
3529 3507 3620 3566 διὰ

2047 3597 2154 3648 τῶν
2191 3595 2500 3667 ἱερωτάτων
2530 3596 2856 3666 ἀρχιερέων,
2889 3595 2985 3648 τοῦ
3017 3611 3076 3647 τε
3103 3596 3496 3666 Μονεμϐᾳσίας
3518 3606 3619 3650 καὶ

2047 3685 2142 3741 τοῦ
2173 3686 2618 3756 Λακεδαιμονίας,
2665 3685 3076 3755 εὑρισκομένων
3107 3686 3307 3750 ἐκεῖσε,
3339 3687 3460 3739 τότε
3489 3688 3622 3741 άπο-

2048 3780 2338 3850 λογήσεται
2372 3778 2686 3845 συνοδικῶς,
2725 3780 2816 3831 καὶ
2848 3780 3138 3848 γενήσεται
3171 3779 3232 3831 τὸ
3259 3780 3323 3849 τῇ
3377 3778 3499 3850 θείᾳ
3524 3781 3621 3832 καὶ

2050 3875 2171 3945 ἱερᾷ
2194 3872 2394 3941 συνόδῳ
2427 3871 2584 3937 δόξαν
2615 3871 2946 3934 κανονικῶςο
2983 3874 3032 3924 εί
3069 3871 3126 3925 δὲ
3143 3873 3251 3925 τῶν
3283 3875 3622 3942 μηνυμάτων

2048 3966 2369 4033 γεγονότων,
2400 3965 2474 4025 ὡς
2519 3961 2754 4032 εἴρηται,
2784 3964 2876 4016 καὶ
2910 3963 3003 4033 τῆς
3029 3966 3370 4035 τεταγμένης
3395 3966 3623 4034 διωρίας

2051 4054 2430 4126 παρελθούσης
2461 4053 2562 4106 οὑκ
2591 4053 2757 4118 ἔλθοι,
2780 4055 2900 4107 τότε
2933 4054 3020 4108 ίνα
3050 4057 3143 4106 καὶ
3167 4054 3322 4108 ἀπὼν
3353 4055 3624 4125 καθαιρῆ-

2045 4163 2158 4201 ται.
2186 4146 2285 4200 Διὰ
2305 4145 2475 4198 ταῦτα
2505 4144 2874 4213 ἐγγέγραπται
2906 4146 3075 4199 ταῦτα
3107 4147 3183 4216 τῷ
3215 4148 3443 4216 παρόντι
3462 4149 3621 4201 κωδι-

2047 4237 2148 4308 κίῳ
2181 4237 2532 4309 σημειώσεως
2571 4238 2750 4308 χάριν,
2778 4239 2922 4308 μηνὶ
2954 4240 3256 4310 Νοεμϐρίῳ
3280 4240 3396 4295 ίνὸ.
3431 4240 3507 4304 ς’.

2954 4450 3298 4504 committitur
3344 4449 3578 4504 Ecclesia

2593 4553 2600 4557 ς
2685 4518 2983 4572 Cltersonis.

2047 4648 2088 4720 -ί-
2115 4649 2395 4720 Ἕνταλμα
2420 4651 2709 4721 ἐξαρχικὸν
2759 4652 2839 4724 τῷ
2871 4653 2911 4705 Γ
2913 4652 3116 4720 οτῡίας.
3172 4654 3395 4724 γεγονὸς
3421 4656 3518 4709 ἐπὶ
3546 4659 3620 4730 τῇ

2471 4745 2569 4812 τῆς
2592 4746 2878 4815 Χερσῶνος
2906 4746 3194 4819 ἐκκλησίᾳ.

2099 4880 2140 4952 1'
2165 4882 2230 4934 Ἥ
2249 4883 2542 4954 μετριότης
2565 4883 2720 4952 ἡμῶν
2739 4885 2822 4938 διὰ
2843 4885 2936 4939 τοῦ
2960 4887 3224 4956 παρόντος
3251 4889 3420 4958 αὐτῆς
3438 4890 3625 4958 γράμ-.

2051 4989 2218 5043 ματος
2245 4973 2528 5046 ἀνατίθησι
2552 4974 2630 5044 τῷ
2665 4975 2940 5047 ίερωτάτῳ
2986 4979 3354 5052 μητροπολίτη
3387 4964 3616 5044 Γοτθίας

2050 5064 2143 5116 καὶ
2178 5063 2486 5134 ὑπερτίμῳ,
2519 5066 2577 5117 ἐν
2619 5064 2760 5134 ἁγίῳ
2804 5065 3081 5136 Πνεύματι
3103 5069 3370 5140 ἀγαπητῷ
3401 5071 3620 5142 ἀδελφῷ

2049 5154 2144 5225 τῆς
2172 5154 2330 5225 ἡμῶν
2361 5155 2714 5228 μετριότητος
2755 5158 2849 5211 καὶ
2882 5158 3296 5232 συλλειτουργῷ,
3327 5161 3427 5231 τὴν
3453 5163 3616 5234 ἐξαρ-

2048 5245 2172 5314 χίαν
2216 5247 2307 5299 καὶ
2340 5248 2604 5318 διοίκησιν
2670 5253 2766 5320 τῆς
2838 5252 2896 5302 ἐν
2963 5252 3213 5322 Χερσώνι
3285 5255 3447 5322 ἁγίας
3516 5255 3619 5308 τοῦ,

2046 5336 2180 5388 Θεοῦ
2229 5337 2544 5408 ἐκκλησίας,
2590 5339 2739 5401 ὅστις
2794 5343 2885 5392 καὶ
2919 5341 3124 5410 ὀφείλει
3170 5346 3482 5400 ἐπιϐλέπειν
3514 5349 3609 5401 καὶ
3702 5387 3704 5389 ›

2044 5427 2323 5497 ἐπιτηρεῖν
2357 5428 2563 5498 ταύτην
2617 5433 2708 5482 καὶ
2742 5433 2869 5494 τοὺς
2921 5435 2978 5486 ἐν
3008 5433 3144 5506 αὐτῇ
3185 5435 3607 5508 εὑρισκομένους

2047 5517 2378 5586 ίερωμένους
2432 5524 2524 5573 καὶ
2558 5523 2886 5590 μονάζοντας
2927 5526 3132 5579 καὶτὸν
3162 5529 3344 5583 λοιπον
3375 5529 3469 5582 τοῦ
3498 5533 3610 5585 Κυι

2046 5609 2159 5676 ρίου
2195 5608 2584 5678 Χριστώνυμον
2639 5613 2765 5665 λαὸν
2797 5616 2890 5667 καὶ
2927 5620 3214 5688 παραινεῖν
3245 5621 3336 5674 καὶ
3371 5622 3614 5691 εἰσηγεῖ-

2044 5696 2190 5762 σθαι,
2225 5717 2275 5753 κ.
2308 5715 2358 5750 τ.
2383 5700 2434 5754 λ.
2469 5700 2732 5773 Ἀπελύθη
2764 5708 2829 5773 τῇ
2855 5707 2918 5762 δ’.
2975 5705 2983 5710 ’
