4462 6440
495 412 561 475 ιθ
1596 405 1940 466 .-\D".'Ell.313
1951 404 1989 462 S
2029 404 2071 462 G
2087 403 2257 462 1ὶᾶΞο

1951 402 2593 478 SinLnCQSIJn.1.
3644 406 3705 463 it

494 523 859 587 subtiliterque
931 535 1024 586 pro
1071 521 1303 570 materiiv
1338 520 1593 585 dignitate
1638 516 1869 584 procedit
1893 554 1906 575 ,
1941 530 2123 580 eosque
2162 515 2408 578 prcrclari
2445 512 2712 564 bellatoris
2751 511 2940 570 instar,
2975 514 3080 563 suis
3123 513 3462 578 potissimum.
3492 520 3703 564 rei-imit

495 608 700 666 crinis;
731 616 886 671 atque
922 605 1165 654 inolitum
1196 618 1448 659 errorem,
1486 604 1589 652 imo
1630 602 1921 665 ingenitum
1954 599 2297 649 contentionis
2327 599 2583 659 studium,
2616 597 2678 648 ab
2712 597 2859 661 ipsis,
2901 608 2954 646 ut
2998 598 3073 649 ita
3111 600 3310 662 diram,
3348 598 3705 665 [mdium-otis-

494 694 687 758 aperit.
724 691 944 757 detegit,
980 689 1179 746 nudat,
1217 688 1486 754 ipsumque
1524 687 1779 737 radicitus
1810 684 2006 735 evellit.

570 777 634 827 ld
667 777 904 838 equidem
942 791 999 825 co
1033 774 1282 824 libentius
1319 772 1589 830 transtuli,
1618 786 1717 836 quo
1745 779 1791 821 et
1822 788 1850 817 a
1887 777 1955 825 te,
1987 767 2070 817 cui
2098 764 2273 814 omnia
2304 762 2445 829 ﬁdtli
2471 765 2712 830 obsequio
2742 761 2921 822 debeo,
2950 762 3324 830 injungebatur
3355 778 3371 813 :
3402 772 3448 813 'et
3474 765 3534 814 ob
3566 765 3708 813 anti-

494 878 651 929 quam
694 871 917 928 gentem,
967 876 1030 911 ac
1070 860 1268 910 dudum
1313 859 1586 925 inclytam,
1617 866 1663 909 et
1698 856 1837 906 omni
1875 858 2056 921 genere
2094 850 2265 901 laudis
2302 848 2581 899 illustrem.
2655 847 2782 909 Quis
2811 848 2946 898 enim
2978 848 3174 899 neseiat
3204 846 3410 899 Grtvcos
3436 850 3556 897 alia:
3595 868 3711 899 eum

494 968 518 1001 s
542 948 759 1008 :pientia
792 956 836 996 et
896 944 1216 1011 eloquentia,
1259 954 1363 995 tum
1415 944 1518 1009 [ide
1557 958 1617 993 ac
1652 942 1921 1006 religione,
1953 939 2253 1001 (tuterisque
2288 937 2536 987 virtutum
2576 936 2796 994 meritis,
2832 936 3029 984 cunc'is
3066 935 3169 997 fere
3205 936 3512 985 mortaliius
3543 938 3712 985 «Iul-

497 1035 701 1086 luisse?
736 1031 916 1098 digre,
948 1042 1121 1097 utpar
1150 1042 1286 1092 erat,
1320 1047 1381 1081 ac
1414 1030 1623 1082 moleste
1654 1030 1914 1094 ferebam,
1950 1023 2250 1091 hujusmodi
2286 1022 2484 1071 diutius
2519 1020 2821 1085 impeditum
2879 1020 3077 1085 laqueis
3110 1020 3379 1085 plagisque
3412 1021 3668 1070 irretitum
3696 1038 3712 1072 :

498 1121 661 1184 obquc
694 1118 767 1174 id,
797 1116 919 1180 jam
951 1117 1152 1182 pridem
1191 1116 1412 1165 summis
1441 1112 1835 1164 calamitatibus
1864 1113 1939 1162 ita
1985 1110 2229 1161 obtritam
2268 1114 2315 1155 et
2357 1116 2740 1169 consumptam,
2774 1116 2826 1154 ut
2857 1106 2942 1155 ri.r
2975 1104 3137 1154 ullum
3174 1102 3439 1170 vestgium
3479 1109 3717 1170 [iisin-tv

497 1204 680 1270 glorice
735 1217 797 1251 ac
835 1201 1111 1267 dignitatis
1164 1208 1368 1251 servet:
1398 1199 1795 1264 cupiebamquc,

1877 1205 1923 1246 le
1959 1194 2289 1257 potissimum
2336 1203 2548 1240 auctore
2597 1206 2657 1240 ac
2705 1192 2851 1245 (luce,
2891 1205 3027 1251 eam,
3076 1190 3172 1239 etsi
3220 1206 3318 1239 non
3354 1192 3403 1238 in
3435 1192 3717 1252 pristinam

502 1291 835 1353 dignitatem,
875 1287 1108 1351 priscam
1145 1286 1511 1346 sanctitatem,
1542 1284 1830 1349 faciemque
1862 1279 2086 1341 restitui,
2114 1278 2165 1329 id
2197 1277 2385 1343 quippe
2418 1276 2587 1341 majus
2622 1283 2718 1335 est,
2756 1290 2913 1340 quam
2946 1285 2997 1323 ut
3025 1273 3311 1337 optandum
3348 1277 3493 1325 licus
3521 1277 3585 1324 si:
3617 1317 3628 1335 ,
3664 1288 3716 1324 ct

500 1374 690 1423 saltem
727 1370 789 1421 ab
820 1371 1171 1421 internecione
1206 1369 1441 1442 liberari.

574 1455 742 1506 Tuum
784 1456 970 1520 quippe
1009 1462 1121 1513 est,
1158 1463 1207 1505 et
1240 1468 1349 1504 esse
1378 1451 1660 1518 intelligis,
1707 1448 1856 1517 Papa
1904 1448 2226 1509 betttvissime,
2260 1456 2502 1497 errantes
2536 1446 2768 1496 homines
2804 1446 2871 1501 ad
2902 1454 3098 1497 rectum
3141 1462 3381 1497 rei-orare
3421 1448 3536 1505 iter,
3571 1457 3722 1511 atque

508 1541 578 1591 ad
617 1541 964 1590 imitationem
995 1537 1097 1589 veri
1127 1540 1408 1605 aeternique
1438 1538 1685 1604 pastoris,
1708 1536 1857 1601 cujus
1885 1536 2015 1586 vices
2050 1533 2103 1582 in
2136 1531 2285 1582 terris
2318 1530 2450 1597 agis,
2473 1545 2609 1580 orem
2636 1531 2921 1595 perditam,
2949 1546 3010 1579 ac
3044 1546 3131 1594 per
3166 1532 3511 1581 det'tlc't‘t‘t-t‘is
3542 1549 3723 1592 mimi-

504 1638 617 1676 etus
659 1626 797 1675 male
854 1625 1095 1682 liberam,
1128 1633 1284 1690 atque
1317 1625 1367 1673 in
1394 1623 1671 1685 perniciem
1703 1635 1854 1671 suam
1894 1618 2216 1686 gradientem
2245 1616 2476 1665 studiose
2513 1618 2791 1681 requirere,
2818 1617 3175 1681 inventumque
3203 1632 3263 1665 ac
3290 1619 3453 1666 sacris
3496 1618 3723 1666 lin-neris

503 1712 805 1776 impositam
826 1712 893 1759 ad
918 1710 1046 1761 ουλε
1080 1710 1335 1761 revehere.
1382 1707 1536 1770 Tuae,
1578 1709 1816 1773 inquam,
1849 1704 2029 1772 gloria:
2060 1704 2113 1753 in
2143 1702 2328 1767 primis
2362 1714 2459 1759 at,
2502 1707 2629 1751 adeo
2652 1700 2885 1751 divinum
2923 1716 3073 1765 opus,
3108 1710 3213 1750 tam
3241 1701 3555 1766 pra-clarum
3592 1702 3725 1763 [ain-

505 1813 626 1855 nas,
656 1806 765 1847 tota
793 1797 958 1847 animi
988 1796 1280 1847 intentione
1305 1796 1587 1860 suscipere,
1625 1791 1855 1857 nihilque
1886 1789 2173 1856 diligentia:
2200 1787 2459 1842 omittere,
2482 1786 2607 1836 dum
2638 1786 2690 1836 id
2721 1787 2971 1853 conﬁcias
3003 1803 3020 1837 :
3051 1795 3102 1835 ut
3125 1803 3224 1853 quo
3255 1796 3462 1850 pastore
3494 1788 3724 1847 (δίδωμι

508 1880 748 1932 Ecclesia
779 1882 952 1946 plures
979 1892 1099 1931 ante
1130 1897 1294 1931 annos
1344 1883 1513 1931 divisa
1546 1879 1798 1946 [atderata
1832 1885 1934 1938 est,
1969 1891 2026 1926 eo
2064 1882 2296 1932 auctore,
2338 1870 2572 1923 Orientis
2614 1875 2773 1924 etiam
2815 1874 3074 1933 Ecclesia,
3126 1876 3323 1939 majore
3353 1878 3498 1941 longe
3552 1892 3612 1924 ac
3638 1894 3726 1926 ne.

508 1969 698 2018 teriore
731 1970 966 2019 scissura
993 1975 1287 2034 segregata,
1318 1967 1414 2017 sub
1443 1982 1545 2017 uno
1573 1967 1766 2031 capite,
1797 1964 1998 2030 reliquo
2026 1958 2275 2012 Ecclesia:
2307 1960 2515 2023 corpori
2540 1959 2804 2025 jungatur
2835 1975 2852 2011 :
2884 1976 2942 2011 ne
2966 1961 3163 2012 diutius
3198 1978 3227 2010 a
3260 1976 3448 2012 tta-tera
3481 1980 3626 2027 conp
3649 1982 3727 2027 ne

506 2058 729 2123 dtsjecla
759 2059 954 2125 praeda:
1012 2074 1073 2109 ac
1102 2057 1293 2121 pabulo
1326 2056 1577 2107 Barbaris
1615 2057 1682 2106 sit
1715 2069 1731 2105 :
1765 2069 1862 2105 neu
1923 2050 2046 2103 inde
2074 2046 2434 2101 Christianum
2464 2062 2648 2098 nomen
2679 2048 2917 2113 funditus
2952 2048 3196 2113 tollatur,
3234 2051 3321 2100 ubi
3350 2053 3522 2116 primo
3574 2068 3729 2104 επαν-

509 2153 617 2193 tum
640 2152 738 2205 est,
765 2158 865 2204 quo
890 2144 1016 2209 quid
1053 2142 1158 2192 dici
1191 2141 1429 2208 gravius,
1455 2140 1578 2206 quid
1607 2139 1833 2205 cogitari
1866 2135 2131 2202 indignius
2157 2133 2369 2198 potest?

581 2228 836 2282 Gratulor
867 2239 1065 2281 sancta:
1093 2229 1249 2279 menti
1282 2238 1406 2282 tuae.
1469 2226 1668 2276 Domne
1707 2223 2027 2282 beatissime.
2069 2223 2309 2290 gratulor
2333 2222 2598 2288 felicitati,
2655 2232 2799 2289 teque
2824 2224 2891 2275 ad
2917 2226 2968 2276 id
2991 2240 3117 2290 opus
3146 2227 3397 2278 divinitus
3423 2229 3732 2280 instinctum

509 2316 731 2381 miri/tce
751 2316 993 2377 exsulto;
1047 2330 1148 2381 quo
1178 2314 1308 2364 nihil
1337 2312 1640 2379 gloriosius,
1682 2310 1811 2360 nihil
1851 2324 1960 2360 esse
2014 2311 2177 2374 possit
2215 2307 2498 2361 illustrius.
2542 2308 2651 2360 lloc
2697 2311 2741 2360 si
2772 2310 2966 2376 cﬁicere
3001 2315 3252 2377 potueris,
3306 2317 3500 2378 poteris
3538 2331 3732 2381 autem,

509 2402 723 2454 Christo
754 2404 1055 2464 miserante,
1088 2404 1177 2468 qui
1211 2412 1259 2453 te
1294 2404 1360 2451 ad
1390 2401 1483 2451 hoc
1516 2414 1706 2450 manus
1743 2396 1932 2464 elegit;
1965 2394 2253 2459 plurimum
2285 2395 2351 2445 ad
2381 2405 2589 2445 tuorum
2627 2398 2931 2448 meritorum
2964 2400 3234 2450 cumulum
3258 2404 3561 2461 accessisse,
3587 2421 3735 2454 nemo

512 2490 612 2541 nisi
645 2490 836 2555 judicii
892 2506 953 2541 ac
979 2490 1201 2539 rationis
1238 2489 1452 2555 ignarus
1481 2486 1776 2552 denegabit,
1807 2482 2013 2551 quando
2046 2498 2145 2533 non
2171 2482 2341 2533 solum
2380 2483 2673 2547 reﬁciendis
2702 2484 2792 2534 diu
2822 2484 3073 2550 collapsis
3098 2489 3265 2539 sacris
3290 2489 3509 2551 tt’tlllttts,
3538 2508 3578 2541 rt
3598 2508 3736 2554 rum,

512 2577 680 2627 multo
710 2576 921 2640 dignius
953 2574 1318 2626 instauranda:
1356 2573 1637 2625 universali
1683 2568 1949 2630 Ecclesiw,
1989 2568 2130 2645 omni
2168 2569 2343 2619 studio
2380 2570 2654 2621 incumbis.
2688 2568 2790 2622 Sed
2815 2574 2949 2621 enim
2979 2573 3161 2625 laudes
3192 2586 3309 2626 tuas
3338 2580 3577 2643 prosequi
3614 2594 3738 2644 pro-

513 2664 742 2729 positum
775 2679 875 2714 non
906 2672 1003 2713 est.
1035 2661 1160 2714 Sum
1198 2678 1392 2712 memor
1427 2663 1533 2725 ipse
1571 2661 1705 2723 mei,
1752 2659 1945 2727 facient
1976 2659 2069 2710 hoc
2096 2655 2469 2708 excellentiam
2507 2657 2713 2724 ingenia
2743 2672 2759 2710 :
2790 2657 2921 2708 mihi
2957 2667 3037 2709 sat
3065 2659 3253 2726 fuerit,
3295 2677 3389 2727 pro
3423 2664 3617 2730 ingenii
3667 2674 3741 2718 tc-

514 2753 713 2801 nuitate
743 2748 1061 2804 satisfecisse
1085 2748 1314 2815 jussioni
1348 2757 1472 2799 tum.

587 2835 747 2897 Sane,
782 2836 833 2887 id
863 2852 1014 2899 opus,
1045 2835 1185 2901 quod
1210 2843 1394 2885 auctor
1420 2834 1525 2899 ipse
1563 2833 1872 2883 continuata
1899 2832 2125 2883 dictione
2161 2844 2263 2881 uno
2298 2827 2560 2881 volumine
2586 2830 2822 2891 inclusit,
2857 2847 2948 2881 nos
2978 2832 3206 2884 utilitati
3239 2834 3547 2901 legentium,
3581 2838 3743 2901 fasti-

514 2925 702 2990 dioque
741 2921 1091 2981 consulentes,
1133 2920 1259 2988 quia
1300 2919 1565 2987 prolixum
1594 2918 1741 2970 valde
1767 2919 2061 2982 videbatur,
2093 2918 2144 2969 in
2179 2915 2336 2967 libros
2366 2924 2617 2980 quatuor,
2645 2920 2919 2968 commoda
2950 2919 3291 2972 distinctione
3320 2923 3627 2986 divisimus,
3689 2938 3745 2977 ut

515 3024 607 3073 per
634 3008 943 3073 hujusmodi
983 3006 1139 3058 veluti
1172 3016 1359 3064 metas,
1400 3005 1609 3056 lectoris
1655 3004 1866 3055 animus
1900 3019 1931 3054 a
1958 3003 2074 3072 jugi
2120 3006 2428 3055 certaminis
2474 3006 2846 3056 exercitatione
2893 3008 3265 3073 requiesceret,
3307 3024 3354 3063 et
3400 3013 3633 3064 alacrior
3678 3021 3745 3064 ad

518 3094 724 3161 reliqua
752 3092 1084 3161 perlegenda,
1118 3091 1472 3158 intentiorque
1499 3107 1700 3153 semper
1726 3099 2044 3158 assurgeret.
2082 3089 2138 3142 Si
2164 3090 2288 3157 quid
2325 3100 2497 3142 autem
2532 3092 2581 3141 in
2619 3093 2717 3143 hac
2753 3092 3186 3157 interpretatione
3217 3098 3290 3147 vel
3328 3098 3600 3150 obscurius
3636 3100 3747 3165 {or-

519 3190 678 3240 tasse,
732 3181 810 3231 vel
852 3179 1221 3231 inconcinnius
1263 3179 1491 3244 positum
1538 3176 1766 3243 prudens
1813 3179 1974 3228 lector
2014 3176 2310 3242 oﬂ'enderit,
2346 3179 2537 3242 partim
2574 3180 2624 3228 id
2690 3180 3147 3246 interpretationis
3197 3188 3517 3249 necessitati,
3555 3192 3751 3254 partim

515 3273 672 3319 etiam
706 3266 1000 3317 immodica:
1026 3266 1288 3318 celeritati
1323 3277 1591 3339 acceptum
1632 3265 1847 3329 referat.
1894 3261 2032 3314 Nam
2061 3272 2106 3314 et
2135 3263 2353 3313 materia
2398 3279 2455 3315 ea
2500 3275 2599 3326 est,
2635 3264 2864 3339 adeoque
2923 3270 3158 3334 angustis
3198 3272 3434 3323 terminis
3464 3277 3752 3327 constricta

519 3366 575 3405 ut
608 3354 879 3417 interpreti
911 3363 1078 3404 tutum
1114 3368 1215 3404 non
1242 3352 1424 3417 fuerit,
1475 3353 1712 3402 auctoris
1747 3351 1959 3416 vestigia
1997 3350 2200 3417 longius
2241 3351 2481 3402 deserere
2510 3365 2526 3399 .'
2555 3368 2634 3412 ne,
2671 3333 2776 3403 sua.
2803 3355 2976 3422 potius
3021 3358 3354 3421 eontpi'asse,
3386 3376 3539 3425 quam
3577 3366 3753 3414 aliena

521 3439 862 3491 transtulisse
910 3441 1213 3501 videretur;
1245 3451 1293 3492 et
1326 3439 1566 3490 celeritas
1597 3446 1745 3487 tanta
1772 3437 1871 3502 fuit
1896 3477 1909 3499 ,
1938 3446 1992 3485 ut
2028 3450 2153 3500 opus
2188 3437 2467 3496 mensium,
2504 3453 2604 3487 uno
2649 3438 2754 3504 fere
2788 3457 2963 3499 mense
2994 3444 3350 3496 traduxerim.
3392 3444 3573 3513 Neque
3612 3454 3751 3500 enim

522 3528 730 3590 ignorat
760 3538 943 3576 sancta
978 3527 1208 3577 eruditio
1251 3535 1363 3585 tua,
1405 3540 1519 3591 qua:
1558 3523 1818 3580 celeriter,
1861 3523 1967 3572 imo
1996 3523 2170 3571 verius
2208 3524 2602 3587 prati-ipitanttr
2641 3525 3007 3590 e/j'nntfantur,
3044 3528 3107 3579 de
3143 3546 3195 3579 re
3242 3543 3535 3595 pra'scrtmi
3588 3540 3756 3587 manu

518 3625 564 3664 et
605 3614 1007 3679 augustissima,
1043 3623 1091 3663 et
1118 3629 1219 3678 qua
1252 3611 1398 3662 nulla
1443 3611 1662 3661 tractari
1713 3610 1923 3660 cautius
1964 3608 2008 3656 d.
2031 3607 2111 3658 bet
2159 3608 2240 3672 (de
2269 3608 2525 3661 Trinitate
2554 3612 2691 3662 enim
2724 3614 2892 3663 otnnis
2926 3614 3033 3679 fere
3065 3632 3233 3666 sermo
3258 3618 3384 3682 est),
3420 3636 3480 3670 ea
3512 3638 3758 3676 ααηιιιευ

519 3700 624 3749 diti
672 3710 953 3765 ornateque
981 3715 1082 3748 non
1107 3712 1275 3763 posse.
1304 3695 1555 3748 Fideliter
1580 3705 1753 3747 tamen
1782 3711 1860 3746 me
1891 3694 2247 3753 transtulisse,
2276 3708 2578 3748 constanter
2609 3703 3038 3751 asseveraverim.
3066 3700 3387 3755 Incolumem
3424 3710 3760 3761 sanctitatem

524 3804 706 3852 tuam,
744 3807 805 3842 ac
841 3788 1051 3856 prolixa
1113 3799 1265 3839 a'tafe
1312 3786 1693 3853 tranquillam,
1741 3794 1789 3837 et
1830 3785 2131 3851 ﬂorentem,
2177 3780 2437 3835 Christus.
2465 3783 2604 3837 Deus
2652 3796 2827 3838 noster
2877 3790 3205 3856 omnipotens
3258 3811 3466 3846 seri-are
3494 3796 3761 3863 dignum,

531 3876 732 3928 Donate
762 3885 961 3940 sancte,
999 3891 1061 3928 ac
1088 3873 1385 3927 beatissime
1418 3871 1601 3924 Pater.

1483 4125 1753 4187 INCII’I
1769 4125 1819 4183 Τ
1872 4126 1917 4184 Α
1938 4126 2038 4187 ιέ
2051 4125 2299 4187 ΤΟΙῖΙΞ
2352 4122 2808 4185 PROLOGUS.

595 4278 861 4344 Quoniam
914 4275 1134 4343 quidem
1187 4274 1439 4327 fraterna
1477 4273 1789 4327 dilectionis
1816 4289 1945 4326 cura
1978 4289 2093 4325 ηια-
2125 4281 2167 4336 Α
2201 4273 2458 4329 Ecclesiae
2491 4273 2707 4337 divisio,
2738 4275 3048 4327 necessario
3080 4284 3263 4330 secuta
3298 4288 3397 4330 est.
3442 4277 3592 4332 Scire
3621 4282 3766 4334 cn'm

520 4374 670 4424 sima
720 4368 968 4422 habenda
1022 4376 1145 4427 est,
1205 4377 1506 4433 cunctaque
1567 4381 1666 4434 pro
1728 4366 1818 4417 illa
1889 4366 2093 4433 ageuda

525 4473 689 4530 atque.
737 4461 1009 4513 molienda
1050 4467 1199 4520 sunt,
1250 4462 1318 4510 ita
1364 4458 1592 4526 jnln-nlc
1634 4458 1903 4521 Omnino;
1962 4457 2096 4509 nihil

526 4570 653 4604 mro
684 4552 917 4620 gratius,
947 4551 1198 4619 nihilque
1235 4549 1422 4601 utilius
1470 4557 1574 4614 est,
1614 4565 1773 4616 quam
1809 4550 1873 4601 dc
1911 4548 2017 4601 Deo
2047 4558 2098 4601 ct

523 4646 713 4697 audire
744 4654 796 4696 et
850 4643 1036 4710 loqui;
1068 4657 1131 4696 es
1165 4656 1271 4709 quo
1306 4643 1380 4703 lit,
1420 4648 1477 4691 ut
1513 4653 1573 4693 ct
1608 4640 1700 4709 qui
1736 4641 1881 4699 dant.
1917 4649 1974 4692 et
2006 4639 2097 4706 qui

523 4736 820 4803 accipiunt,
875 4748 1070 4800 inagna
1128 4741 1535 4800 consequuntur
1568 4731 1970 4789 emolumenta;
2024 4731 2099 4782 τί-

527 4839 748 4893 tamque
784 4825 909 4878 inde
939 4823 1325 4891 sempiternam
1353 4823 1706 4891 adipiscimur
1733 4839 1747 4875 :
1785 4819 1911 4875 lltvc
1938 4821 2097 4886 enim,

527 4917 728 4984 inquit,
765 4926 837 4967 est
873 4915 979 4967 vita
1018 4924 1236 4975 (eterna,
1285 4926 1342 4966 ut
1391 4923 1709 4982 cognoscant
1742 4921 1789 4964 te
1819 4910 1985 4963 solum
2014 4928 2100 4963 ve-

525 5026 641 5061 rum
700 5007 882 5068 Deum,
934 5017 982 5058 et
1033 5024 1182 5075 quem
1238 5009 1429 5060 misisti
1483 5008 1664 5063 Iesum
1716 5012 1984 5065 Christum
2041 5014 2095 5075 ';

526 5115 755 5168 qua!th
789 5099 1004 5151 scilicet
1052 5098 1378 5164 divinitatis,
1427 5110 1480 5153 ct
1529 5119 1649 5168 qua:
1704 5103 1952 5156 humanm
1986 5105 2100 5158 dis-

528 5189 865 5259 pensationis
927 5199 1117 5253 sunt;
1182 5201 1348 5259 tuque
1405 5206 1433 5244 a
1491 5194 1649 5247 nobis
1710 5196 1938 5263 cxvgisti
2003 5212 2102 5265 pro

529 5283 751 5335 modulo
790 5282 986 5333 virium
1028 5291 1337 5336 nostrarum
1377 5284 1593 5336 edoceri
1624 5327 1634 5347 ,
1672 5296 1728 5338 ut
1763 5302 1880 5339 sese
1909 5288 2105 5340 haheat

529 5384 844 5426 sanctorum
896 5369 1119 5425 Petrum
1154 5372 1222 5427 de
1256 5376 1605 5441 prOt'eSSionc
1649 5374 1888 5457 §puitus
1920 5379 2107 5431 rectis-

529 5467 665 5519 simu
697 5464 883 5529 Opinio
908 5480 922 5517 :
952 5464 1019 5516 de
1048 5478 1156 5531 qua
1184 5464 1412 5525 scilicet,
1444 5481 1566 5517 cum
1599 5463 1767 5518 ϐων(νί
1822 5465 2106 5533 Latinique

528 5554 899 5621 dissentiant,
967 5552 1245 5607 dissensio
1306 5552 1515 5616 etiam,
1596 5565 1759 5622 atque
1822 5558 2105 5625 utriusque

604 5758 618 5786 ¹
654 5755 817 5810 Joan.
855 5770 988 5820 svn,
1023 5754 1075 5809 3.
1156 5755 1174 5786 ¹
1208 5754 1401 5812 Matth.
1437 5772 1488 5821 ι,
1521 5757 1610 5809 ‘27.

1693 5757 1710 5787 ³
1747 5760 1866 5809 Αρμ
1903 5754 2214 5821 xx,26.27

2199 4368 2377 4435 cupis,
2409 4366 2609 4434 quibus
2648 4376 2875 4434 uitaque
2925 4365 3164 4420 Ecclesia
3213 4369 3517 4423 rationibus
3556 4372 3767 4434 niti:ur,

2200 4472 2360 4525 atque
2396 4471 2515 4509 utra
2552 4471 2616 4508 ex
2651 4456 2733 4509 his
2796 4457 3178 4510 rationabili-ts
3211 4461 3430 4521 sentiat,
3481 4470 3770 4528 pra-torra-

2200 4564 2327 4616 quc,
2367 4548 2584 4601 dicente
2614 4546 2841 4599 Domino
2874 4566 2885 4599 :
2920 4550 3049 4611 Qua:
3100 4549 3215 4601 diro
3244 4550 3383 4602 vobis
3430 4554 3482 4603 in
3524 4555 3770 4616 tenebris,

2200 4644 2359 4695 dicite
2390 4644 2444 4694 in
2478 4641 2674 4695 lumine
2698 4682 2713 4706 ,
2746 4654 2793 4696 et
2844 4660 2959 4712 qua:
2983 4645 3033 4695 in
3059 4661 3188 4696 aure
3216 4646 3460 4705 audistis,
3494 4648 3777 4713 prcedicate

2202 4751 2355 4801 super
2392 4745 2527 4786 tecta
2558 4736 2599 4787 ³.
2634 4714 3057 4803 Apostoloitem
3103 4738 3349 4791 terribile
3399 4740 3597 4791 silentii
3633 4740 3779 4803 judi-

2205 4827 2347 4881 cium
2379 4826 2715 4890 insinuante,
2752 4845 2813 4881 nc
2843 4829 3088 4880 dicente:
3122 4827 3390 4896 Testiﬁcor
3426 4830 3566 4882 vobis
3601 4832 3779 4892 hodie,

2204 4922 2328 4988 quia
2363 4920 2584 4970 armalas
2615 4936 2726 4971 sum
2761 4936 2791 4970 a
2835 4921 3086 4985 sanguine
3130 4922 3361 4971 omnium
3390 4939 3402 4981 ;
3452 4938 3613 4983 neque
3643 4923 3781 4973 enim

2206 5010 2530 5062 dissimulavi
2583 5012 2825 5061 nuntiare
2858 5012 2998 5063 vobis
3048 5027 3252 5062 omnem
3298 5014 3569 5063 veritatem
3623 5026 3776 5080 atqu:

2207 5102 2486 5153 consilium
2538 5100 2633 5153 Dei
2669 5102 2729 5166 ³;
2770 5112 2934 5169 atque
2984 5102 3085 5155 hoc
3134 5101 3314 5171 ipsum
3345 5103 3653 5157 lacn-udum
3684 5109 3782 5162 ni-

2211 5202 2503 5247 monentc:
2542 5190 2668 5245 Iltec
2698 5194 2856 5257 enim,
2889 5194 3086 5261 inquit,
3131 5196 3374 5253 admone.
3410 5206 3456 5247 et
3492 5208 3788 5253 contestari;

2210 5302 2385 5337 coram
2424 5284 2531 5337 Deo
2563 5284 2603 5338 ⁵.
2666 5283 2775 5338 Etsi
2811 5286 2877 5337 do
2912 5284 3019 5337 υυυ
3074 5301 3137 5339 ac
3185 5287 3382 5339 divinis
3416 5289 3578 5341 rebus
3638 5290 3783 5356 loqui

2213 5377 2317 5430 illis
2359 5377 2539 5444 potius
2592 5377 2903 5438 conveniat,
2938 5378 3029 5445 qui
3075 5395 3291 5448 semper
3337 5380 3387 5431 in
3427 5381 3539 5448 lege
3574 5381 3786 5435 Dmnini

2214 5469 2562 5532 meditantes,
2604 5469 2905 5535 purgatiori
2970 5470 3072 5521 vita
3136 5480 3189 5523 et
3234 5472 3589 5540 intelligentia
3638 5486 3788 5535 sum,

2217 5571 2245 5608 a
2293 5558 2495 5611 auibus
2538 5572 2638 5611 nos
2686 5558 3006 5626 longissime
3044 5563 3238 5615 remoti
3273 5578 3486 5623 sumus.
3545 5566 3791 5633 piill'llllt:

2314 5756 2333 5785 δ
2377 5753 2485 5808 Tit.
2525 5772 2584 5819 tl,
2643 5759 2721 5811 15.
